2483 3882
884 227 976 259 DIST.
1002 227 1100 260 XXIV.
1127 227 1155 258 Ρ.
1180 226 1213 258 ΙΙ.

69 318 134 349 aliis
157 314 393 349 transfundatur,
414 322 451 343 ne
484 314 627 344 caelestes
659 313 844 353 maryarz'tas
876 314 1015 352 spiritua-

68 368 139 397 lium
161 364 320 394 verborum
343 362 758 400 officiorumquedivinorum
774 362 914 392 sordidae
936 363 1014 392 vitae

3 414 193 454 m2,1)edibtls
215 411 400 441 conculcent.
424 410 454 439 In
486 410 680 440 Sacramento
715 410 804 448 igitur
832 411 1015 448 septiformis

70 461 195 501 Spiritus
210 462 322 497 septen]
346 461 414 487 sunt
435 458 546 495 gradus
563 458 777 493 ecelesiastici,
793 458 908 487 scilieet
929 459 1013 488 ostia-

69 511 120 545 rii,
142 510 283 544 lectores,
305 507 487 540 exorcistae,
510 506 652 544 acolythi,
668 506 862 542 subdiaconi,
885 506 1015 542 diaconi,

69 557 255 592 saeerdotes;
295 563 398 584 omnes
440 558 536 584 tamen
575 554 677 583 clerici
711 558 876 591 vocantur,
909 554 938 583 id
971 558 1015 583 est

67 603 172 635 sortiti.

469 698 536 728 Car.
560 698 607 728 IV.

347 796 389 825 De
411 804 521 825 corona
545 799 570 824 ec
593 799 726 824 tonsura.

148 893 287 923 «Corona
310 893 387 922 enim
420 892 607 929 signaculum
640 894 700 927 est,
723 899 783 929 quo
806 891 961 929 signantur
984 891 1012 920 in

0 955 50 977 m3.
64 945 177 982 partem
198 941 287 971 sortis
319 941 475 970 ministerii
510 940 612 969 divini.
647 940 762 970 Corona
789 940 888 975 regale
919 939 1013 969 decus

0 989 225 1027 1ug0.significat,
248 992 276 1018 et
307 989 421 1018 servire
453 990 513 1018 Deo
547 997 671 1027 regnare
701 992 753 1018 est.
776 988 861 1017 Unde
884 987 1011 1017 ministri

64 1037 214 1068 Ecclesiae
236 1044 322 1074 reges
344 1045 409 1066 esse
431 1036 555 1071 debent,
571 1040 601 1065 ut
625 1044 656 1065 se
679 1040 707 1065 et
723 1036 798 1065 alios
813 1038 933 1072 regant,
950 1036 1014 1073 qui-

63 1086 118 1116 bus
138 1085 243 1114 Petrus
265 1084 319 1114 ait:
347 1084 401 1114 Vos
423 1083 491 1113 estis
512 1093 606 1122 {Jonas
635 1083 776 1117 electam,
798 1083 898 1123 regyale
919 1091 1013 1112 sacer-

63 1133 176 1164 dotium
200 1136 254 1162 ete.
278 1132 441 1162 Summitas
463 1133 571 1170 capitis
597 1133 727 1170 desuper
750 1132 891 1168 nudatur,
913 1135 944 1160 ut
967 1139 1014 1160 eo-

63 1189 126 1211 rum
148 1188 231 1210 mens
253 1180 291 1210 ad
314 1181 408 1210 Deum
431 1180 525 1210 libera
553 1184 743 1215 monstretur,
766 1188 858 1218 quae,
881 1179 1013 1209 revelata

61 1229 146 1270 facie,
167 1228 300 1269 ylorz'am
316 1228 372 1258 Dei
386 1229 614 1267 contempletur.
632 1229 793 1259 Summitas
810 1229 888 1258 enim
905 1228 1013 1267 capitis

64 1281 106 1308 cst
127 1277 287 1307 eminentia
317 1277 440 1313 mentis,
471 1277 633 1307 denudatio
665 1277 773 1315 eapitis
796 1279 840 1306 est
867 1277 1012 1306 revelatio

63 1325 227 1355 mentis¹».
256 1325 412 1355 «ClerIcus
436 1325 514 1354 enim
537 1328 722 1355 secretorum
746 1325 799 1355 Dei
816 1333 874 1354 non
891 1325 1013 1362 ignarus

64 1382 126 1404 esse
147 1373 244 1403 debet.
268 1373 440 1403 Tondentur
462 1374 551 1403 etiam
578 1373 679 1411 capilli
710 1382 805 1412 usque
835 1373 870 1403 ad
901 1372 1014 1403 revela·

64 1423 170 1452 tionem
199 1430 357 1458 sensuum,
389 1422 505 1452 scilicet
537 1422 692 1452 oculorum
723 1425 752 1451 et
784 1422 948 1457 aurium»,
982 1425 1014 1451 ut

979 1578 1059 1609 PARS

475 1715 543 1745 Car.
567 1716 601 1745 V.

429 1813 472 1842 De
494 1811 638 1842 ostiariis.

141 1908 270 1939 Ostz'arz‘t'
288 1909 378 1939 iidem
402 1912 431 1939 et
456 1909 599 1939 ianitores
624 1912 708 1944 sunt,
732 1909 783 1947 qui
805 1909 835 1938 in
857 1909 951 1938 veteri
976 1912 1014 1938 te-

63 1957 229 1987 stamento⁴
261 1957 347 1987 electi
380 1960 449 1987 sunt
481 1957 519 1987 ad
546 1957 715 1987 custodiam
747 1957 866 1995 templi,
893 1960 925 1986 ut
954 1965 1012 1986 non

64 2006 267 2044 ingrederetur
289 2006 317 2035 in
340 2005 414 2035 illud
438 2006 631 2041 immundus3
661 2006 733 2035 dicti
756 2010 857 2035 autem
880 2004 1012 2040 ostiarii,

64 2063 97 2085 eo
118 2054 198 2093 qnod
220 2055 354 2093 praesint
376 2054 460 2084 ostiis
483 2054 595 2092 templi.
618 2054 676 2092 Ipsi
693 2054 790 2091 enim,
808 2057 941 2083 tenentes
957 2054 1014 2084 cla-

64 2110 144 2138 vem,
166 2103 266 2132 omnia
289 2103 367 2132 intus
389 2106 418 2132 et
440 2105 524 2132 extra
548 2102 738 2137 custodiunt,
761 2105 851 2140 atque
868 2102 944 2131 inter
960 2101 1013 2130 ho-

62 2159 113 2181 nos
135 2155 163 2181 et
184 2151 279 2181 malos
300 2151 447 2180 habentes
470 2151 633 2185 iudicium,
656 2150 762 2189 dignos
785 2150 950 2188 recipiunt,
970 2150 1014 2179 in-

62 2199 164 2237 dignos
186 2202 339 2238 respuunt.
362 2199 448 2228 Unde
470 2203 499 2228 et
522 2199 579 2236 eis,
602 2207 671 2228 cum
696 2199 889 2234 ordinantur,
912 2198 1013 2228 claves

0 2265 48 2281 mou.
61 2249 211 2278 Ecclesiae
243 2248 353 2278 dantur
385 2248 422 2277 ab
454 2248 613 2286 episcopo,
646 2251 674 2277 et
707 2248 819 2277 dicitur
848 2248 906 2277 eis:
934 2247 1012 2277 «Sic

62 2296 153 2334 agite,
185 2299 326 2335 tanquam
358 2297 504 2326 rationem
541 2297 600 2326 Deo
635 2296 783 2326 reddituri
818 2304 873 2334 pro
907 2296 1011 2332 rebus,

0 2356 50 2381 plum
63 2352 137 2383 quae
158 2345 295 2374 clavibus
318 2345 381 2374 istis
396 2344 595 2374 recluduntur
607 2344 617 2359 ⁵
634 2357 661 2374 ».
676 2361 716 2366 —
730 2345 793 2374 Hoc
809 2344 942 2374 officium
958 2345 1013 2374 Do-

0 2382 29 2403 sti.

62 2393 157 2423 minus
179 2393 207 2423 in
230 2401 283 2423 sua
305 2401 435 2431 persona
458 2393 607 2432 suscepit,
630 2393 751 2432 quando
776 2392 892 2430 flagello
916 2392 953 2422 de
970 2393 1013 2422 su-

63 2441 167 2471 nieulis
188 2442 265 2472 facto
295 2442 458 2471 vendentes
487 2445 516 2471 et
546 2445 679 2471 ementes
708 2442 745 2471 de
772 2441 884 2480 templo
915 2441 1012 2471 eiecit.

62 2488 125 2526 Ipse
151 2490 246 2526 enim,
275 2498 307 2519 se
334 2488 496 2519 ostiariam
525 2489 714 2527 significans,
736 2489 829 2519 dicit:
852 2490 914 2528 Eyo
943 2498 1010 2519 sam

63 2536 184 2572 ostiam,
206 2546 261 2576 per
281 2546 328 2567 me
349 2536 378 2566 si
398 2536 465 2577 qais
482 2537 655 2571 introierit,
674 2536 846 2567 salvabitur
868 2541 894 2566 ec
915 2536 1013 2576 myre-

63 2584 160 2615 diemo*
181 2590 207 2615 et
228 2585 397 2625 eyredz'ecar
419 2590 445 2615 ec
463 2594 580 2624 pascua
601 2584 743 2615 inveniet.

1965 227 2027 259 603

1081 314 1150 344 vitia
1174 314 1202 343 in
1225 313 1318 344 corde
1340 317 1368 343 et
1390 321 1482 352 opere
1510 313 1688 352 pullulantia
1721 313 1886 343 doceantur
1918 313 2031 351 praeci-

1080 362 1193 398 denda,
1217 370 1253 391 ne
1275 362 1312 392 ad
1336 362 1518 392 audiendum
1540 364 1569 391 et
1591 361 1815 400 intelligendum
1838 361 1963 391 verbum
1978 361 2031 390 Dei

1080 409 1296 449 praepediatur
1317 418 1414 446 mens,
1436 418 1491 448 pro
1524 418 1584 448 quo
1617 413 1736 439 servato
1759 409 1901 439 reddetur
1925 409 1953 438 in
1983 417 2031 439 ex-

1079 458 1168 487 celsis
1189 467 1310 488 corona.
1339 459 1514 488 «Tonsurae
1536 461 1634 488 autem
1669 457 1893 487 ecclesiasticae
1919 465 1992 486 usus
2015 464 2031 486 a
2047 468 2139 490 nubium
2157 469 2177 490 a.

1080 506 1239 535 Nazaraeis
1272 509 1395 536 exortus
1427 506 1560 542 videtur,
1583 506 1650 544 qui,
1677 506 1760 544 prius
1789 505 1872 534 crine
1894 508 2028 541 servato,
2044 517 2110 544 nugo.

1080 553 1210 592 denique
1233 554 1270 583 ob
1293 554 1371 584 vitae
1404 554 1617 584 continentiam
1651 557 1743 592 caput
1766 553 1913 583 radebant
1935 557 1963 583 et
1985 561 2031 583 ca-

1082 601 1169 639 pillos
1191 602 1220 630 in
1244 602 1311 638 igne
1342 602 1483 631 sacrificii
1517 602 1676 640 ponebant.
1700 602 1775 631 Hinc
1798 610 1869 631 usus
1891 601 2031 636 inolevit,

1081 650 1185 687 utqui
1218 650 1327 679 divinis
1360 650 1491 679 cultibus
1524 650 1735 687 mancipantur
1763 650 1848 688 quasi
1872 649 2031 686 Nazaraei,

1081 697 1109 726 id
1133 701 1176 727 est
1197 698 1309 732 saneti,
1332 698 1415 727 crine
1444 698 1552 736 posito,
1576 698 1781 733 inveniantur,
1803 698 1882 727 sicut
1903 697 1940 727 ad
1963 699 2032 727 Eze-

1080 746 1207 775 chielem
1230 746 1357 775 dicitur:
1380 745 1446 775 Fili
1465 746 1615 780 hominis,
1631 756 1714 776 same
1735 745 1874 785 yladz'am
1897 750 2032 781 acutam,

1079 798 1105 822 ec
1126 792 1185 823 duc
1205 803 1297 832 super
1318 799 1407 832 caput
1429 798 1514 823 taam
1536 798 1562 823 et
1585 793 1720 824 barbam.
1744 795 1773 823 In
1797 794 1921 824 Actibus
1941 795 2031 824 etiam

1078 841 1300 879 Apostolorum,
1312 841 1476 871 Priscillam
1491 846 1519 871 et
1531 843 1669 880 Aquilam
1687 843 1744 872 hoc
1761 843 1874 878 secisse,
1891 843 2030 881 legimus;

1078 890 1188 919 Paulus
1209 898 1332 928 quoque
1354 893 1382 919 et
1404 890 1453 919 alii
1476 890 1599 928 quidam
1622 891 1763 929 discipuli
1785 891 1893 921 Christi
1918 892 1974 921 hoc
1997 892 2033 921 se-

1078 937 1245 967 cerunt2».
1268 938 1359 967 Recte
1381 945 1451 975 ergo
1485 938 1513 967 in
1545 939 1731 976 quibuslibet
1752 939 1896 977 gradibus
1923 939 2032 969 consti-

1079 986 1131 1015 tuti
1155 985 1259 1015 elerici
1281 989 1441 1022 vocantur;
1465 994 1593 1024 quorum
1626 987 1743 1015 nomina
1768 991 1797 1016 et
1819 987 1949 1016 rationes
1983 996 2031 1017 no-

1079 1035 1191 1064 minum
1224 1034 1357 1064 Isidorus
1386 1034 1561 1072 exponens³
1592 1034 1648 1064 ait:
1687 1047 1698 1060 t<
1711 1035 1812 1064 Cieros
1844 1039 1872 1065 et
1902 1036 2145 1065 clericoslsidorus-

1077 1083 1147 1112 hinc
1177 1082 1344 1120 appellatos
1377 1090 1442 1112 esse
1474 1082 1735 1121 ci·e(limuS,(1uia
1758 1083 1884 1113 Mathias
1918 1084 2030 1114 electus

1078 1135 1121 1160 est
1142 1135 1238 1166 sorte,
1261 1139 1350 1169 quem
1374 1131 1505 1169 primum
1539 1140 1593 1169 per
1625 1131 1784 1170 Apostolos
1807 1132 1933 1169 legimus
1955 1133 2033 1162 ordi-

1078 1183 1190 1209 natum.
1214 1179 1315 1208 Cleros
1338 1180 1416 1209 enim
1439 1179 1568 1211 Graece.
1591 1180 1694 1209 Latine
1716 1189 1782 1209 sors
1804 1180 1849 1209 vel
1878 1181 2030 1211 hereditas

1077 1227 1195 1256 (licitur,
1220 1227 1289 1256 Ideo
1311 1235 1381 1264 ergo
1404 1227 1475 1256 dicti
1498 1231 1567 1257 sunt
1589 1226 1710 1261 elerici,
1727 1227 1851 1265 quiade
1867 1231 1947 1257 sorte
1963 1232 2032 1258 sunt

1080 1275 1209 1311 Domini,
1233 1275 1278 1304 vel
1311 1276 1383 1313 quia
1416 1276 1509 1305 Deum
1543 1280 1656 1314 partem
1691 1276 1812 1305 habent.
1846 1276 2031 1307 Generaliter

1078 1332 1149 1354 vero
1172 1323 1276 1354 cleriei
1297 1324 1461 1362 nuncupati
1483 1328 1551 1354 sunt
1567 1333 1671 1354 omnes
1686 1325 1737 1363 qui
1755 1325 1783 1354 in
1800 1325 1935 1355 Ecclesia
1952 1325 2033 1357 Chri-

1077 1373 1113 1402 sti
1147 1373 1298 1408 serviunt,
1330 1381 1460 1410 quorum
1493 1373 1604 1410 gradus
1631 1376 1659 1402 et
1690 1373 1811 1404 nomina
1843 1377 1912 1402 sunt
1941 1374 2032 1403 haec:

1078 1421 1235 1456 ostiarius,
1257 1421 1375 1450 lector»
1404 1424 1459 1450 etc.

1083 1577 1116 1608 Il.

1488 1713 1557 1743 CAP’.
1578 1714 1626 1743 vl.

1439 1811 1482 1840 De
1505 1809 1672 1840 lectoribus.

1159 1907 1317 1938 Secundus
1329 1911 1374 1937 est
1384 1907 1496 1946 gradus
1513 1907 1667 1938 lectorum.
1686 1908 1851 1938 «Lectores
1863 1916 1881 1938 a
1898 1908 2033 1947 leyendo,
2048 1918 2148 1940 1sid0rus.

1079 1956 1157 1986 sicut
1178 1956 1353 1995 psalmistae
1376 1964 1393 1986 a
1415 1955 1548 1985 Psalmis
1577 1955 1721 1985 amandis
1752 1957 1850 1986 vocati
1880 1961 1957 1987 sunt.
1988 1957 2032 1987 Illi

1079 2005 1158 2035 enim
1181 2004 1359 2043 praedicant
1380 2004 1518 2042 populis,
1541 2004 1614 2042 quid
1637 2008 1820 2043 sequantur3
1836 2006 1885 2034 isti
1902 2009 2033 2042 cantant,

1079 2057 1111 2083 ut
1134 2054 1265 2083 excitent
1287 2053 1325 2083 ad
1348 2053 1612 2090 compunctionem
1636 2054 1753 2083 animos
1775 2054 1981 2091 audientium3
2002 2055 2035 2084 li-

1078 2106 1125 2132 eet
1148 2102 1270 2140 quidam
1293 2101 1422 2131 lectores
1452 2101 1492 2130 ita
1519 2101 1732 2131 miserabiliter
1760 2103 1972 2140 pronuntient,
2002 2107 2034 2133 ut

1078 2150 1224 2188 quosdam
1241 2150 1279 2179 ad
1294 2149 1410 2179 luctum
1426 2153 1455 2179 et
1470 2149 1713 2179 lamentationem
1731 2151 1922 2189 compellant.
1938 2151 2030 2181 Iidem

1077 2198 1167 2228 etiam
1185 2197 1435 2237 pronuntiatores
1458 2202 1613 2234 vocantur,
1630 2198 1711 2236 quod
1728 2207 1819 2237 porro
1843 2200 2034 2235 annuntiant,

1078 2247 1148 2285 quia
1173 2250 1232 2276 tam
1255 2247 1311 2276 erit
1339 2246 1422 2276 clara
1451 2254 1555 2276 eorum
1579 2254 1653 2281 vox,
1677 2250 1709 2276 ut
1732 2247 1821 2276 etiam
1843 2247 1931 2283 longe
1953 2247 2033 2285 posi—

1079 2298 1176 2325 torum
1200 2303 1288 2325 aures
1310 2294 1497 2332 adimpleat⁶
1512 2307 1539 2323 ».
1561 2294 1632 2324 «Ad
1655 2294 1798 2324 lectorem
1821 2298 1920 2324 autem
1945 2295 2033 2333 perti·
2048 2304 2127 2325 Canon.

1076 2347 1126 2373 net
1149 2343 1291 2373 lectiones
1312 2343 1507 2381 pronuntiare
1531 2346 1559 2372 et
1581 2351 1616 2372 ea
1638 2351 1717 2381 quae
1740 2343 1908 2381 Prophetae
1933 2344 2032 2373 vatici-

1076 2395 1240 2427 naverunt,
1263 2392 1385 2430 populis
1406 2391 1585 2430 praedicare
1599 2391 1651 2427 ⁷»,
1674 2395 1705 2420 ut
1728 2392 1787 2421 iam
1810 2400 1846 2421 ex
1870 2391 1968 2421 officio
1992 2392 2030 2421 le-

1077 2444 1127 2477 gat
1150 2441 1177 2469 in
1200 2440 1337 2470 Ecclesia
1366 2440 1543 2478 prophetias
1573 2443 1601 2469 et
1622 2439 1774 2469 lectiones.
1805 2452 1817 2465 «
1832 2439 1917 2469 Unde
1939 2443 1968 2469 et
1990 2440 2114 2476 ei,11ug0.

1077 2488 1197 2518 vidente
1220 2488 1350 2527 populo,
1374 2488 1501 2518 traditur
1517 2488 1553 2517 ab
1571 2488 1715 2526 episeopo
1739 2487 1834 2517 codex
1858 2488 2030 2518 divinarum

1076 2536 1239 2566 lectionum
1264 2540 1292 2566 et
1313 2536 1425 2566 dicitur
1446 2536 1489 2565 ei:
1512 2536 1642 2574 Accipe,
1669 2540 1697 2565 et
1720 2539 1782 2565 esto
1807 2536 1890 2566 verbi
1914 2537 1966 2566 Dei
1988 2545 2031 2567 re-

1076 2585 1169 2620 lator,
1192 2585 1368 2621 habiturus,
1390 2585 1414 2614 si
1438 2584 1566 2614 fideliter
1588 2584 1762 2622 impleveris
1784 2584 1934 2621 officium,
1964 2593 2031 2623 par·
2046 2598 2137 2620 numum
2155 2599 2174 2620 ι,

65 2776 90 2801 11.
110 2777 142 2802 de
161 2778 272 2803 Sacram.
293 2786 317 2810 p.
338 2779 374 2803 111.
395 2785 416 2803 c.
436 2778 460 2803 5.
476 2793 509 2795 —
524 2777 620 2802 Deinde
644 2777 703 2802 edd.
724 2781 748 2802 et
769 2777 844 2802 codd.
865 2778 913 2801 ΛΕ
937 2776 1014 2809 septi-

63 2819 156 2852 formis
176 2830 222 2853 pro
240 2822 402 2855 septiformi,
422 2829 451 2855 ae
471 2830 518 2853 pro
538 2823 562 2847 el
580 2828 697 2855 qaorum
717 2821 793 2847 codd.
813 2823 832 2845 A
845 2822 861 2845 E
881 2824 906 2846 et
925 2822 1013 2852 plures

65 2865 122 2890 edd.
142 2872 176 2891 επ
194 2873 317 2899 quoram.
339 2867 363 2891 ln
384 2866 433 2891 fine
454 2867 637 2898 propositionis
657 2867 792 2897 respicitur
811 2866 897 2891 Mattb.
916 2865 941 2897 7,
962 2866 984 2890 G.

134 2909 142 2925 ¹
162 2911 236 2942 Hug.,
258 2911 305 2936 loc.
327 2912 366 2936 cit.
387 2918 408 2936 e.
430 2911 460 2942 il,
481 2910 525 2936 ubi
546 2911 719 2942 respiciuntur
746 2910 763 2935 l.
791 2911 855 2935 Petr.
876 2911 905 2941 2,
929 2911 961 2941 9;
988 2910 1012 2934 11.

66 2950 122 2977 Cor.
142 2953 170 2984 3,
189 2954 225 2978 18.
241 2968 274 2971 -
288 2955 335 2979 Pro
354 2955 378 2979 et
396 2953 497 2980 servire
517 2954 605 2985 plures
624 2954 685 2979 edd.
707 2953 771 2987 qaia·
784 2952 891 2979 servire.
905 2967 941 2971 —
954 2954 1012 2985 Seq.

66 2995 135 3021 locus
153 3001 190 3022 est
209 2997 270 3023 ibid.
291 3005 312 3023 c.
333 2999 357 3023 2.

133 3040 144 3056 2
162 3041 224 3066 lbid.
239 3048 261 3067 e.
277 3042 291 3066 3
307 3041 364 3074 (esr.
378 3042 475 3073 isidor„
490 3042 515 3066 ll.
530 3042 562 3067 de
577 3042 718 3067 Eeclesiast.
733 3041 805 3066 Offic.
819 3048 840 3066 c.
852 3041 899 3073 4.),
916 3041 960 3066 ubi
975 3048 1014 3066 re-

66 3085 206 3115 spiciuntur
218 3086 293 3111 Num.
308 3087 331 3118 6,
348 3087 392 3118 18,
409 3087 498 3111 Ezeeh.
513 3086 536 3117 5,
556 3087 561 3110 1
578 3095 583 3117 ;
599 3087 651 3111 Act.
669 3087 704 3117 18,
721 3087 757 3110 18.
772 3088 796 3111 et
810 3087 850 3115 2l,
866 3086 907 3111 24.
919 3100 953 3103 —
965 3086 1013 3110 Pro

67 3126 174 3162 denique
187 3130 255 3155 solae
269 3130 337 3161 edd,
351 3134 456 3162 excepta
478 3131 497 3161 l,
513 3129 613 3161 deinde,
631 3130 776 3161 refragante
792 3130 869 3154 etiam
885 3130 1012 3161 originali.

134 3172 145 3189 ³
163 3173 230 3198 Libr.
259 3174 309 3199 Vll.
336 3175 479 3206 Etymolog.
509 3181 530 3199 c.
553 3174 592 3198 i‘2.
613 3181 636 3198 n.
659 3174 680 3198 1.
702 3180 773 3205 seq.;
794 3172 821 3198 C.
842 3172 931 3198 Cleros
952 3173 1012 3205 (l.),

67 3215 91 3241 d.
111 3217 159 3249 2=t;
180 3218 224 3243 esr.
244 3219 366 3250 August.‚
389 3219 502 3243 Enarrat.
522 3219 546 3242 in
569 3218 609 3242 Ps.
632 3217 674 3242 67.
692 3224 714 3241 n.
734 3217 771 3242 19.
786 3217 877 3242 Multae
890 3217 949 3242 edd.
966 3224 1013 3248 pro

65 3258 148 3286 Deum
165 3262 268 3294 partem
287 3263 353 3287 maie
373 3262 462 3293 legunt
482 3262 566 3287 Deum
590 3262 712 3293 patrem,
735 3260 828 3285 deinde
848 3267 896 3292 pro
917 3259 1015 3286 Christi

66 3303 159 3329 habent
177 3304 231 3330 Dei.

136 3347 146 3364 ⁴
164 3348 231 3374 Libr.
252 3350 268 3374 1.
288 3350 395 3381 Paralip.
417 3350 464 3381 23,
485 3349 508 3374 5.
530 3362 563 3366 —
583 3349 654 3380 Quae
674 3350 818 3380 sequuntur
838 3348 877 3373 vel
897 3347 1014 3373 verbote-

1079 2784 1135 2808 nus,
1147 2777 1187 2801 vel
1198 2777 1379 2802 sententialiter
1393 2779 1477 2801 sumta
1490 2779 1550 2801 sunt
1563 2783 1593 2800 ex
1608 2775 1707 2807 lsidor.,
1722 2776 1774 2801 Vll.
1790 2777 1936 2808 Etymolog.
1951 2784 1972 2802 e.
1990 2778 2030 2802 12.

1078 2828 1102 2845 n.
1123 2821 1170 2851 32,
1192 2824 1217 2845 et
1236 2821 1261 2844 11.
1282 2820 1314 2845 de
1334 2820 1475 2845 Ecclesiast.
1506 2819 1577 2844 Offic.
1607 2826 1628 2844 e.
1656 2820 1700 2851 15,
1730 2820 1799 2845 unde
1826 2821 1980 2846 transierunt
2006 2823 2029 2846 in

1078 2865 1118 2888 cit.
1139 2864 1165 2889 C.
1181 2863 1279 2895 Cieros,
1295 2863 1310 2895 S
1329 2864 1365 2888 19.
1381 2864 1452 2895 Quae
1466 2864 1612 2888 referuntur
1626 2863 1658 2888 de
1671 2862 1763 2896 officiis
1778 2864 1931 2889 clericorum
1945 2867 2029 2889 sumta

1078 2911 1136 2933 sunt
1164 2908 1205 2933 vel
1231 2915 1261 2932 ex
1287 2908 1389 2939 isidor„
1420 2908 1497 2939 Epist.
1527 2907 1559 2931 ad
1585 2907 1770 2939 Ludisredum,
1800 2909 1841 2933 vel
1866 2916 1897 2933 ex
1923 2909 1988 2940 Hug.
2015 2917 2028 2933 a

1079 2954 1103 2977 S.
1125 2954 1189 2978 Vict.
1219 2953 1266 2978 loe.
1287 2953 1327 2978 cit.
1348 2959 1369 2977 c.
1389 2953 1413 2977 6.
1434 2959 1523 2984 seqq.;
1544 2951 1587 2976 cfr.
1609 2952 1684 2976 etiam
1710 2951 1817 2983 Rabzm„
1843 2952 1883 2976 IV.
1909 2952 1941 2977 de
1969 2953 2029 2977 Uni-

1078 3002 1155 3021 verso
1175 3003 1196 3020 e.
1217 2996 1240 3020 5.

1149 3040 1160 3056 5
1179 3040 1239 3065 Can.
1262 3039 1395 3066 Ostiarius
1424 3039 1501 3072 (19.),
1522 3039 1546 3064 d.
1567 3040 1608 3063 23.
1629 3053 1662 3057 ——
1681 3039 1764 3064 Locus
1789 3040 1936 3071 Scripturac
1962 3040 2027 3065 infra

1078 3087 1116 3110 est
1135 3085 1201 3110 ioan.
1227 3085 1269 3116 10,
1290 3085 1319 3115 9,
1339 3089 1364 3109 et
1382 3088 1455 3109 antea
1474 3084 1610 3115 respicitur
1630 3084 1697 3108 ioan.
1720 3084 1747 3114 2,
1769 3083 1811 3108 15.

1148 3128 1159 3144 ⁶
1180 3128 1276 3160 isidor„
1289 3129 1338 3153 Vll.
1358 3128 1502 3160 Etymolog.
1522 3134 1543 3152 c.
1569 3128 1605 3152 12.
1626 3134 1650 3152 n.
1671 3127 1720 3159 24,
1741 3127 1767 3153 C.
1782 3129 1822 3153 cit.
1838 3127 1934 3158 Oleros,
1952 3128 1967 3160 S
1983 3128 2028 3159 15;

1078 3172 1158 3203 liugn,
1174 3173 1220 3197 loc.
1235 3173 1275 3197 cit.
1290 3179 1310 3196 c.
1325 3172 1349 3196 7.
1363 3185 1397 3189 —-
1411 3172 1458 3196 Pro
1472 3170 1543 3204 quod
1552 3177 1636 3204 porro
1651 3171 1687 3203 [id
1707 3174 1745 3196 est
1765 3172 1865 3203 procul]
1887 3172 1943 3197 Vat.
1967 3179 2027 3197 cum

1079 3215 1196 3247 pluribus
1215 3215 1274 3239 edd.
1295 3214 1341 3247 qai
1355 3214 1462 3247 populo.
1691 3209 1699 3213 χ

1147 3258 1158 3275 7
1177 3258 1237 3283 Can.
1266 3257 1390 3284 Perlecli3
1419 3258 1480 3290 (l.),
1507 3258 1531 3283 d.
1562 3258 1602 3283 25.
1623 3258 1638 3291 (5
1658 3259 1681 3283 5.
1701 3273 1734 3276 —
1754 3259 1815 3291 Seq.
1842 3259 1914 3284 loeus
1933 3262 1971 3284 est
1997 3266 2027 3284 ex

1078 3304 1160 3334 nug„
1187 3303 1233 3327 loe.
1262 3303 1319 3333 cit.;
1348 3301 1374 3327 C.
1403 3302 1495 3328 Lector
1523 3302 1601 3335 (iS.),
1632 3303 1656 3328 d.
1686 3303 1728 3328 23.
1749 3303 1828 3328 —ln
1849 3303 1899 3328 fine
1918 3304 2028 3329 citantur

1078 3347 1138 3371 Luc.
1160 3345 1189 3377 4,
1214 3346 1259 3377 l8;
1280 3346 1334 3370 lsai.
1356 3345 1401 3377 58,
1427 3346 1447 3371 l.
