2483 3882
657 243 750 274 DIST.
776 243 875 276 XXIV.
900 243 930 275 P.
954 243 986 275 ll.
1012 243 1093 275 ΛΒΤ.
1118 244 1137 275 Ι.
1163 244 1315 285 QUAEST.
1340 245 1384 276 111.

39 336 100 371 est,
117 331 209 364 debet
231 330 379 371 baptizari
404 333 435 362 et
458 333 528 371 post
552 330 666 362 iterum
692 339 747 371 per
772 331 914 362 ordinem
939 340 986 362 or-

39 384 135 418 dinari
162 402 201 405 —
227 391 301 424 ergo
335 383 498 414 character
533 382 652 414 ordinis
688 383 843 415 essentiali
874 383 984 416 ordine

37 435 259 480 praesupponit
282 434 514 475 baptismalem:
540 443 615 475 ergo
639 438 696 467 etc.
764 432 775 439 “

124 489 152 520 2.
176 488 266 526 Item,
291 487 371 518 ordo
397 487 495 528 magis
512 487 660 528 competit
683 487 784 519 ordini
811 496 905 528 quam
931 497 985 519 nu—

38 550 136 579 mero,
160 540 215 572 sed
239 540 282 571 sic
306 539 398 571 estin
424 539 580 577 numeris,
605 539 689 580 quod
708 548 861 571 numerus
885 543 984 581 poste-

37 595 99 626 rior
123 592 298 624 necessario
321 591 497 633 praeexigit
520 591 658 632 priorem
673 616 680 629 ‚
713 591 742 622 in
776 591 879 632 figura
903 592 985 624 simi-

37 647 104 679 liter
128 645 281 686 posterior
304 644 538 676 antecedentem
563 662 607 666 —
630 644 714 676 unde
743 653 905 685 nunquam
938 649 984 677 est

35 697 254 741 quaternarius
278 697 345 729 sine
368 697 524 735 ternario,
556 705 612 729 nec
638 700 818 738 tetragonus
843 697 908 729 sine
933 698 985 729 tri-

36 759 113 793 gono
128 749 136 763 ¹
161 768 204 772 ——
220 757 294 790 ergo
318 758 478 790 nunquam
505 752 551 781 est
576 749 694 789 gradus
726 749 886 781 secundus
917 750 983 782 sine

35 803 150 845 prim0,
175 810 231 833 nec
256 801 367 834 tertius
391 802 457 834 sine
481 802 634 840 secundo,
659 806 689 833 et
713 801 756 834 sic
782 802 821 834 de
844 802 923 834 aliis.

123 854 151 886 3.
176 854 267 892 ltem,
285 862 325 885 ex
350 853 483 886 diversis
507 853 681 885 formaliter
706 862 767 885 non
792 857 893 895 potest
915 854 982 886 fieri

34 915 148 945 unum,
174 907 231 938 nisi
256 907 296 938 ad
322 906 454 938 invicem
477 906 663 938 ordinentur
681 905 709 945 ²;
728 907 783 938 sed
804 915 912 939 omnes
937 916 984 938 or-

35 961 120 993 dines
144 968 242 991 unum
268 959 459 1001 completum
493 959 630 991 reddunt
656 959 881 992 ministerium:
907 968 983 1002 ergo

34 1021 158 1046 necesse
182 1016 245 1049 est,
270 1012 353 1054 quod
378 1012 418 1044 ad
444 1012 576 1044 invicem
601 1012 797 1044 ordinentur.

119 1065 148 1097 [ι.
174 1065 266 1103 Item,
290 1065 314 1096 si
339 1065 410 1107 quis
442 1065 575 1097 scienter
598 1068 841 1106 promoveretur
871 1065 911 1097 ad
936 1074 983 1097 or-

34 1118 135 1150 dinem
161 1117 384 1158 posteriorem,
409 1117 505 1158 priori
531 1117 661 1155 omisso‚
686 1117 745 1149 hoc
763 1117 829 1158 ipso
854 1126 983 1159 suspen-

33 1170 117 1202 ditur
140 1170 180 1201 ab
212 1170 432 1209 exsecutione,
465 1170 546 1202 sicut
577 1170 693 1203 dicitur
725 1170 755 1201 in
785 1170 933 1203 decretali
952 1170 982 1209 ³3

33 1222 84 1254 sed
109 1222 167 1254 hoc
192 1231 251 1253 non
280 1226 378 1260 esset,
402 1222 460 1254 nisi
485 1225 661 1264 oporteret,
686 1223 728 1254 ibi
753 1223 873 1255 servari
901 1223 982 1255 ordi-

33 1283 115 1307 nem:
141 1283 214 1316 ergo
238 1278 295 1307 etc.

118 1329 146 1360 5.
171 1327 263 1366 Item,
289 1327 482 1369 ubicumque
515 1331 588 1360 sunt
612 1327 747 1368 gradus,
779 1331 902 1369 oportet
931 1338 982 1370 po-

30 1388 102 1413 nere
133 1380 297 1419 ordinem,
326 1380 381 1412 sed
415 1380 445 1412 in
478 1380 680 1412 Sacramento
712 1381 832 1413 ordinis
864 1381 980 1414 diversi

30 1433 153 1466 ordines
182 1445 197 1462 «
214 1436 287 1465 sunt
311 1433 430 1474 gradus
458 1433 670 1475 spiritualium
696 1433 919 1473 officiorum»,
945 1435 981 1467 si-

31 1488 81 1519 cut
104 1486 219 1518 dicitur
243 1486 273 1517 in
306 1485 452 1518 littera4:
479 1486 503 1518 si
529 1495 604 1527 ergo
633 1495 689 1528 per
719 1487 917 1519 characteres
949 1487 980 1519 in

31 1539 90 1571 illis
114 1539 265 1580 gradibus
289 1538 457 1577 situantur,
480 1539 615 1578 videtur,
640 1539 725 1581 quod
750 1540 789 1572 sit
813 1540 854 1571 ibi
879 1549 982 1573 essen-

32 1591 111 1624 tialis
134 1591 221 1623 ordo.

115 1643 262 1675 CONTRA:
290 1645 317 1675 l.
342 1643 374 1675 In
398 1644 465 1682 his,
498 1643 528 1675 in
554 1644 671 1686 quibus
695 1647 741 1676 est
769 1645 847 1677 ordo
878 1653 980 1677 essen-

0 1695 130 1735 ta.tialis,
165 1696 326 1728 destructo
360 1696 476 1738 priori,
508 1696 684 1728 destruitur
716 1697 891 1738 posterius,
924 1697 979 1729 sed

30 1758 88 1781 non
112 1749 217 1781 habito
249 1749 345 1790 priori
371 1749 498 1788 ordine,
532 1749 736 1782 nihilominus
761 1750 896 1782 habetur
929 1760 980 1791 po-

30 1801 148 1839 sterior,
172 1801 252 1834 sicut
270 1805 354 1843 patet
377 1802 407 1833 in
430 1802 582 1835 ordinatis
606 1811 662 1843 per
687 1802 820 1841 saltum,
845 1803 899 1844 qui
916 1812 978 1834 non

30 1857 100 1886 sunt
129 1854 353 1886 reordinandi:
386 1863 461 1896 ergo
493 1858 549 1887 etc.
581 1855 691 1887 Maior
723 1858 808 1896 patet
838 1864 895 1897 per
927 1865 978 1895 se,

30 1906 135 1938 minor
158 1907 312 1948 probatur
335 1916 392 1948 per
416 1907 495 1940 illud
528 1908 610 1949 quod
641 1907 757 1940 dicitur
781 1908 978 1941 distinctione

31 1959 285 2001 quinquagesima
309 1960 447 1992 secunda
461 1959 482 1998 ⁵,
505 1959 696 1992 Sollicitudo
720 1963 788 1999 etc„
809 1964 840 1993 et
865 1961 978 2000 Extra,

30 2011 66 2044 de
88 2011 205 2044 Clerico
229 2021 285 2053 per
310 2012 424 2044 saltum
450 2013 608 2051 ordinato,
640 2013 729 2045 Tuae
753 2013 880 2045 litterae
903 2017 960 2046 etc.

115 2066 143 2096 2.
167 2064 257 2103 Item,
281 2065 479 2097 characteres
503 2065 767 2106 comparationem
802 2066 917 2098 habent
941 2066 978 2098 si-

30 2121 81 2150 cut
101 2121 269 2159 potestates
293 2122 323 2150 et
354 2122 443 2150 actus
467 2118 634 2157 ordinum,
666 2119 705 2150 ad
739 2128 818 2160 quos
850 2119 977 2152 ordines

31 2175 266 2211 comparantur,
284 2170 337 2203 sed
363 2171 393 2202 in
411 2171 472 2203 illis
496 2171 703 2212 potestatibus
725 2171 832 2204 nullus
848 2172 976 2204 omnino

30 2226 75 2255 est
96 2223 186 2262 ordo,
211 2223 292 2256 sicut
315 2223 346 2255 in
370 2227 523 2265 potestate
547 2224 726 2265 expellendi
752 2225 921 2257 daemones
945 2229 976 2257 et

29 2274 142 2308 ferendi
169 2285 291 2308 cereos:
317 2285 392 2318 ergo
415 2277 523 2309 nullus
547 2280 593 2309 est
617 2278 695 2309 ordo
720 2278 749 2309 in
775 2278 891 2310 talibus
907 2279 978 2311 cha-

30 2329 210 2361 racterihus.

115 2381 142 2413 3.
167 2382 256 2420 Item,
274 2382 304 2414 in
330 2382 378 2415 his
394 2392 475 2424 quae
498 2383 671 2425 respiciunt
688 2384 851 2425 corporale
872 2387 902 2416 et
919 2384 977 2425 spi-

29 2433 152 2472 rituale,
177 2434 266 2476 prius
298 2439 345 2467 est
376 2436 539 2476 corporale
563 2445 658 2477 quam
689 2436 852 2478 spirituale
867 2436 896 2475 ⁶3
921 2437 975 2469 sed

30 2487 212 2519 exorcizatio
237 2487 311 2519 dicit
328 2487 544 2520 liberationem
566 2498 584 2520 a
601 2488 767 2521 vexatione
788 2489 974 2530 spirituum,

30 2539 81 2571 sed
113 2540 306 2581 acolythatus
330 2540 457 2581 respicit
481 2540 617 2573 officium
649 2541 868 2573 illuminandi:
901 2550 976 2583 ergo

1939 254 2000 285 625

1049 331 1135 372 prior
1165 335 1211 364 est
1243 332 1321 365 ordo
1345 333 1497 374 acolythi,
1522 344 1616 376 quam
1647 335 1686 367 sit
1717 338 1910 370 exorcistae:
1941 349 2001 371 non

1048 392 1122 425 ergo
1146 388 1230 417 recte
1254 385 1454 425 ordinantur,
1480 395 1551 419 cum
1576 396 1660 420 unus
1685 389 1807 422 dicatur
1839 391 1917 424 ordo
1941 395 2000 424 ter-

1048 436 1127 474 tius,
1152 437 1230 469 alter
1254 441 1396 479 quartus.

1135 489 1166 521 [ι.
1192 489 1285 528 Item,
1309 491 1398 531 prius
1422 495 1468 523 est
1492 492 1577 533 quod
1603 492 1714 525 liberat
1738 503 1755 526 a
1781 495 1877 534 malo,
1903 506 1997 537 quam

1047 541 1131 580 quod
1157 541 1300 573 habilitat
1324 543 1363 574 ad
1389 543 1524 582 bonum;
1549 545 1603 576 sed
1630 545 1659 577 in
1685 548 1824 579 secundo
1847 552 1894 580 est
1916 549 2000 581 hahi-

1048 592 1145 624 litatio
1169 594 1208 625 ad
1242 594 1376 633 honum,
1402 596 1430 627 in
1464 597 1555 628 tertio
1584 602 1630 630 est
1662 598 1806 631 liberatio
1830 610 1847 632 a
1872 601 1954 633 malo
1970 602 1998 633 ⁷:

1048 653 1123 685 ergo
1149 646 1290 684 videtur,
1315 648 1398 688 quod
1424 649 1535 681 tertius
1559 651 1637 682 ordo
1662 651 1701 683 sit
1726 652 1811 693 prior
1835 663 1928 695 quani
1955 663 1999 687 se-

1048 697 1181 729 cundus.
1207 699 1265 730 Sed
1292 699 1331 731 ita
1356 700 1491 740 videtur,
1516 703 1599 744 quod
1629 704 1735 737 nullus
1765 705 1803 737 sit
1834 706 1912 738 ordo
1936 716 2001 739 cer-

1050 753 1099 782 tus
1124 751 1204 783 inter
1230 752 1304 784 istos
1328 754 1455 794 gradus.

1402 884 1639 909 CONCLUSIO.

1095 995 1185 1027 Inter
1210 996 1356 1029 (liversos
1380 999 1511 1035 ordines
1535 1004 1581 1031 est
1604 1002 1684 1033 orclo
1709 1004 1947 1045 affligi-uitatis,

1371 1060 1436 1082 iton
1460 1053 1672 1085 necessitatis.

1134 1171 1337 1205 REsroNnuo:
1364 1173 1555 1213 Dicendum,
1580 1177 1664 1217 quod
1690 1181 1735 1209 est
1760 1179 1837 1211 ordo
1865 1182 2157 1217 necessi-nuptexordo.

1046 1223 1143 1261 tatis,
1168 1228 1198 1256 et
1229 1228 1276 1256 est
1300 1226 1377 1258 ordo
1402 1228 1632 1269 congyrztt'tatc's.
1665 1230 1693 1261 Si
1719 1239 1794 1272 ergo
1828 1231 1996 1273 loquamur

1045 1276 1084 1308 de
1108 1277 1218 1309 ordine
1243 1278 1373 1310 istorum
1399 1280 1555 1320 graduum
1574 1282 1872 1323 ecclesiasticorum,
1897 1286 1998 1318 dicen-
2013 1296 2125 1317 Conclusio
2138 1296 2158 1317 1.

1045 1329 1140 1367 dum,
1165 1331 1249 1372 quod
1274 1341 1335 1363 non
1360 1335 1407 1364 est
1431 1333 1586 1366 ordinatio
1609 1336 1799 1369 necessaria
1815 1347 1872 1370 nec
1897 1347 1999 1371 essen-

1045 1382 1143 1421 tIalis,
1176 1392 1233 1424 pro
1261 1392 1298 1416 eo
1330 1385 1413 1426 quod
1451 1386 1528 1417 ordo
1563 1389 1717 1428 posterior
1754 1389 1861 1422 haberi
1895 1396 1997 1433 potest

1044 1438 1074 1467 et
1098 1436 1213 1477 suscipi
1239 1437 1305 1469 sine
1329 1437 1437 1479 priori.
1462 1439 1491 1470 Si
1516 1443 1622 1472 autem
1647 1441 1816 1482 loquamur
1840 1448 1995 1485 quantum

1044 1488 1082 1520 ad
1101 1488 1328 1522 ordinationem
1351 1492 1582 1533 conqruz‘latt's,
1601 1493 1644 1525 sic
1660 1498 1707 1525 est
1724 1494 1765 1527 ibi
1782 1496 1870 1535 ordo,
1887 1506 1945 1537 pro
1961 1506 1997 1530 eo
2014 1506 2124 1527 conclusio
2136 1506 2157 1527 2.

1044 1542 1128 1582 quod
1153 1542 1192 1574 ad
1218 1542 1291 1574 bene
1315 1553 1381 1575 esse
1406 1544 1569 1577 ministerii
1594 1548 1754 1587 sequentis
1782 1550 1998 1591 praeexigitur

1043 1594 1121 1625 ordo
1146 1595 1211 1626 sive
1236 1598 1372 1636 potestas
1397 1596 1559 1628 ministerii
1582 1599 1808 1639 praecedentis.
1826 1620 1870 1624 —-
1886 1603 1996 1643 Quem-
2011 1612 2097 1632 Simile.

1043 1646 1214 1679 admodum
1241 1647 1346 1688 igitur,
1371 1648 1396 1680 si
1425 1649 1496 1690 quis
1528 1650 1602 1681 velit
1633 1651 1775 1684 ordinate
1808 1655 1997 1694 procedere,

1043 1699 1133 1740 prius
1157 1699 1250 1731 debet
1277 1700 1452 1732 exordium
1484 1703 1704 1743 praemittere,
1729 1709 1799 1745 post
1830 1708 1998 1739 narratio-

1042 1760 1115 1782 nem
1140 1755 1169 1783 et
1193 1755 1263 1793 post
1279 1752 1567 1786 ratiocinationem
1584 1758 1614 1787 et
1638 1759 1798 1797 postremo
1819 1759 1997 1791 conclusio-

1042 1813 1114 1835 nem
1130 1804 1161 1842 Β;
1178 1808 1297 1844 tamen,
1314 1805 1340 1837 si
1364 1806 1475 1845 vellet,
1494 1807 1630 1849 incipere
1647 1813 1752 1850 posset
1776 1819 1793 1842 a
1814 1812 1996 1852 posteriori,

1042 1857 1114 1889 licet
1137 1866 1199 1889 non
1229 1857 1270 1889 ita
1294 1858 1452 1891 ordinate:
1479 1859 1522 1892 sic
1556 1860 1585 1892 in
1610 1861 1776 1895 ordinibus
1808 1867 1931 1905 oportet
1956 1865 1998 1896 in-

1042 1909 1147 1951 telligi.
1174 1909 1251 1942 Cum
1277 1910 1360 1942 enim
1385 1911 1512 1944 ordines
1536 1912 1713 1955 infertores
1742 1915 1920 1948 ministrent
1947 1927 1998 1949 sct-

1042 1962 1129 2000 erz's,
1155 1966 1185 1995 et
1208 1964 1303 1995 sacri
1325 1965 1452 1997 ordines
1478 1966 1655 1999 ministrent
1671 1969 1875 2007 sacerdotio,
1901 1973 1931 2002 et
1955 1970 1997 2002 in-

1041 2015 1136 2047 ferior
1161 2016 1279 2057 gradus
1308 2017 1396 2058 prior
1427 2018 1466 2050 sit
1499 2018 1528 2050 in
1553 2020 1765 2060 ascendendo,
1797 2026 1828 2054 et
1859 2026 1997 2063 potestas

1043 2068 1256 2101 ministerialis
1280 2070 1319 2102 sit
1345 2070 1487 2102 inferior:
1514 2075 1613 2113 patet,
1638 2073 1722 2114 quod
1755 2074 1796 2106 ibi
1831 2078 1877 2107 est
1901 2076 1996 2114 ord0,

1041 2130 1102 2153 non
1127 2125 1230 2154 tamen
1247 2123 1466 2162 necessitatis,
1491 2125 1639 2166 quoniam
1657 2130 1826 2167 potestates
1851 2127 2011 2170 diversae

1040 2179 1114 2206 sunt
1138 2178 1168 2206 et
1191 2183 1248 2216 per
1273 2184 1305 2207 se
1330 2175 1413 2217 ipsas
1437 2176 1571 2209 obtineri
1595 2181 1625 2209 et
1650 2178 1758 2211 haberi
1784 2184 1934 2221 possunt,
1965 2180 1997 2212 li-

1040 2231 1089 2259 cet
1113 2236 1173 2259 non
1198 2228 1240 2259 ita
1264 2228 1401 2269 perfecte
1425 2229 1491 2261 sine
1515 2230 1595 2262 aliis.

1130 2281 1181 2312 Est
1205 2281 1300 2322 igitur
1324 2281 1402 2313 ordo
1427 2282 1457 2314 in
1484 2283 1531 2315 his
1556 2284 1708 2324 gradibus
1729 2285 1904 2317 secundum
1934 2295 1995 2318 ma-
2007 2295 2155 2316 Corollarium.

1040 2332 1138 2364 iorem
1163 2342 1324 2366 accessum
1349 2334 1388 2366 ad
1413 2334 1561 2367 ultimum
1580 2337 1730 2377 gradum,
1755 2337 1872 2370 scilicet
1897 2348 1996 2371 sacer-

1041 2384 1173 2416 dotium.
1206 2386 1292 2418 Unde
1324 2386 1427 2427 primo
1459 2388 1553 2419 homo
1590 2388 1800 2421 introducitur
1833 2390 1863 2421 in
1899 2391 1994 2423 eccle-

1041 2438 1118 2469 siam
1144 2447 1200 2479 per
1224 2439 1419 2477 ostiarimm
1451 2441 1590 2472 secundo
1620 2442 1846 2474 manuducitur
1874 2452 1931 2483 per
1956 2443 1993 2475 le-

1041 2494 1160 2522 ctorem
1190 2491 1418 2532 Prophetarum
1428 2504 1436 2530 ;
1461 2493 1553 2524 tertio
1583 2493 1754 2525 adiuvatur
1785 2503 1840 2535 per
1872 2496 1997 2527 exoret*-

1040 2546 1142 2580 stam,
1167 2547 1202 2575 ut
1234 2544 1386 2576 liberetur
1421 2554 1440 2576 a
1475 2545 1574 2583 malo;
1600 2549 1712 2587 quarto
1748 2548 1905 2579 excitatur
1938 2558 1994 2589 per

98 2746 106 2761 ¹
126 2746 222 2772 Eodem
241 2748 360 2779 exemplo
388 2749 468 2773 utitur
486 2749 604 2780 Aristot.,
627 2749 652 2773 11.
674 2748 830 2781 de‘Anima,
851 2752 908 2775 text.
935 2751 976 2775 31.

31 2787 62 2820 (c.
81 2789 124 2822 3.),
146 2790 178 2815 ad
197 2791 401 2823 ostendendum,
422 2792 493 2824 quod
514 2793 666 2817 sensitivam
687 2796 883 2825 praesupponat
901 2802 978 2826 vege-

32 2833 153 2865 tativum,
181 2837 206 2859 et
238 2836 287 2860 hoc
315 2836 339 2860 in
369 2835 410 2860 illo
439 2837 607 2862 contineatur.
634 2836 683 2861 Csr.
711 2839 772 2862 tom.
796 2838 823 2862 11.
847 2845 906 2869 pag.
931 2838 975 2870 tt,

32 2879 88 2902 nota
101 2877 124 2902 6.
144 2880 168 2903 et
188 2882 247 2904 tom.
268 2880 303 2903 111.
325 2887 384 2911 pag.
405 2880 464 2911 881,
487 2883 545 2905 nota
566 2880 588 2904 lt.
609 2894 645 2898 --
664 2882 760 2906 Sensus
789 2881 901 2907 maioris
921 2886 975 2908 cst:

32 2919 94 2944 ordo
122 2923 284 2947 successivus
313 2924 396 2954 magis
426 2925 547 2955 competit
575 2924 710 2949 ordinibus
741 2925 868 2950 Ecclesiae
897 2933 976 2958 quam

33 2969 145 2989 numero.

99 3008 109 3023 ²
127 3008 273 3034 Secundum
294 3011 410 3042 Aristot.,
434 3011 474 3035 Vll
495 3011 603 3043 Metaph.
624 3014 681 3037 text.
703 3012 743 3037 49.
763 3012 850 3044 (V1.c.
867 3014 928 3045 l13.).
946 3027 978 3031 -—-

31 3048 135 3075 Inferius
153 3059 200 3083 pro
218 3052 396 3079 ministerium
417 3055 472 3079 Vat.
493 3062 553 3080 cum
574 3055 693 3086 pluribus
712 3056 787 3080 codd.
812 3056 976 3082 ministrum.

100 3093 111 3109 ³
128 3094 187 3120 Can.
207 3095 364 3123 Sollicitudo
385 3099 450 3130 (t.)‚
474 3098 497 3123 d.
518 3099 565 3129 52,
595 3099 638 3123 uhi
668 3099 835 3130 suspenditur
854 3100 887 3125 ab
907 3108 979 3125 exse-

33 3138 131 3163 cutione
150 3140 270 3165 ordinum
290 3143 348 3173 qui,
371 3142 572 3167 subdiaconatus
595 3143 685 3167 ordine
710 3145 866 3175 postposito,
892 3144 979 3169 diaco-

32 3187 80 3206 nus
107 3186 131 3207 et
158 3184 293 3215 presbyter
315 3189 354 3211 est
382 3186 523 3211 ordinatus.
542 3200 576 3204 —-
595 3187 650 3211 lllox
671 3193 718 3218 pro
739 3188 804 3212 esset
823 3187 880 3212 cod.
901 3188 921 3212 G
947 3189 979 3214 te-

32 3226 111 3251 neret.

100 3267 111 3285 ⁴
130 3270 174 3295 Hic
193 3278 215 3296 c.
242 3273 260 3296 1.
280 3272 330 3298 Ctr.
350 3280 372 3298 c.
393 3275 416 3298 2.
437 3274 461 3298 3.
480 3277 504 3298 et
528 3274 565 3298 13.

101 3312 111 3328 ⁵
130 3312 190 3345 Cap.
216 3316 234 3340 1.
254 3315 304 3341 Clr.
325 3320 382 3342 nota
403 3318 552 3348 penultima.
567 3332 601 3335 —
615 3318 672 3350 Seq.
693 3318 764 3343 locus
784 3319 892 3345 habetur
906 3320 979 3346 Extra

34 3353 76 3379 lib.
96 3355 126 3380 V.
147 3358 181 3382 tit.
201 3359 248 3390 29,
276 3360 300 3383 in
331 3367 382 3392 quo
403 3360 561 3392 decernitur,
592 3360 663 3392 quod
692 3361 735 3392 qui
759 3362 908 3393 ignoranter
933 3370 980 3394 per

173 3409 200 3435 S.
219 3411 320 3437 Bonae.
342 3426 376 3430 —
396 3413 470 3437 Tom.
491 3413 531 3437 lV.

1042 2751 1134 2776 saltum
1156 2751 1188 2776 de
1207 2751 1367 2777 subdiacono
1397 2752 1533 2783 presbyter
1552 2753 1593 2785 fit,
1616 2756 1676 2784 post
1697 2755 1879 2785 poenitentiam
1900 2756 1924 2779 in
1945 2755 1996 2780 dia-

1043 2802 1137 2820 conum
1158 2795 1305 2827 ordinetur,
1326 2799 1351 2821 et
1370 2796 1418 2821 hac
1437 2796 1597 2821 ordinatione
1618 2797 1696 2829 sacta,
1719 2798 1837 2823 ordinem
1856 2799 1992 2824 sacerdotii

1042 2846 1161 2864 exercere
1181 2841 1269 2870 possit.
1289 2853 1324 2858 -
1344 2840 1379 2865 De
1398 2839 1497 2865 maiori
1516 2840 1576 2865 vide
1595 2841 1712 2873 Aristot,
1735 2842 1777 2867 Xl.
1797 2842 1907 2873 Metaph.
1927 2850 1948 2868 c.
1974 2844 1992 2868 l.

1043 2882 1085 2913 (X.
1106 2889 1127 2907 c.
1144 2883 1187 2914 1.)‚
1203 2886 1228 2908 et
1248 2884 1386 2915 Porphyr.,
1408 2883 1440 2908 de
1459 2883 1607 2909 Praedicah.
1628 2891 1649 2909 c.
1669 2884 1700 2909 de
1720 2884 1995 2920 commmittetdiffe-

1041 2927 1108 2951 rent.
1128 2926 1241 2959 pencris,
1263 2934 1337 2959 seqq.

1112 2970 1122 2986 ⁶
1142 2971 1218 3001 Epist.
1239 2971 1254 2995 1.
1275 2970 1333 2995 Cor.
1359 2970 1394 3001 15,
1418 2970 1465 2995 46:
1486 2971 1535 2995 Sed
1557 2978 1606 2995 non
1628 2973 1699 3002 prius
1718 2973 1789 3004 quod
1809 2974 1922 3003 spiritale
1942 2976 1993 3005 est,

1042 3013 1087 3038 sed
1110 3014 1181 3046 quod
1200 3015 1323 3045 animale,
1345 3014 1436 3039 deinde
1463 3014 1533 3046 quod
1558 3016 1678 3046 spii-itale.
1699 3030 1733 3033 —
1753 3016 1787 3040 De
1814 3017 1898 3041 officio
1924 3024 1995 3041 exor-

1042 3058 1119 3082 cistae
1138 3061 1163 3083 et
1181 3058 1291 3089 acolythi
1311 3059 1355 3083 cfr.
1377 3059 1416 3083 hic
1436 3059 1470 3083 lit.
1491 3060 1616 3090 Magistri,
1638 3066 1659 3084 c.
1675 3060 1698 3084 7.
1713 3064 1737 3084 et
1751 3060 1774 3084 8.

1113 3101 1123 3117 ⁷
1142 3101 1192 3126 Csr.
1212 3103 1253 3126 hic
1275 3103 1309 3127 lit.
1330 3102 1454 3133 Magistri,
1484 3110 1505 3127 c.
1535 3104 1558 3127 6.
1588 3107 1611 3128 ct
1637 3104 1666 3134 7,
1688 3104 1731 3128 ubi
1754 3104 1784 3128 de
1805 3104 1944 3129 lectoribus
1970 3108 1995 3129 ct

1042 3146 1180 3170 exorcistis.
1204 3159 1239 3163 —
1258 3146 1364 3171 Inferius
1390 3153 1437 3177 pro
1456 3146 1509 3172 Secl
1527 3146 1563 3172 ita
1582 3147 1639 3172 cod.
1660 3148 1677 3171 E
1698 3149 1722 3172 et
1740 3147 1791 3179 itu,
1814 3148 1870 3173 cod.
1892 3149 1913 3173 Κ
1935 3149 1953 3180 U
1980 3156 1993 3173 a

1043 3189 1154 3214 secunda
1176 3192 1265 3220 manu)
1285 3189 1356 3222 quod
1374 3189 1397 3214 se?
1415 3191 1452 3215 est
1471 3189 1514 3215 ita.

1112 3232 1123 3248 8
1144 3233 1207 3257 Vide
1229 3234 1343 3264 Aristot.‚
1364 3233 1395 3258 de
1417 3234 1654 3260 1³1·aedieam.c.de
1672 3235 1772 3267 Priori,
1795 3240 1819 3261 et
1840 3236 1875 3260 111.
1891 3237 1994 3262 Rhotor.

1043 3282 1064 3301 c.
1086 3276 1126 3300 15.
1147 3283 1219 3308 seqq.
1240 3276 1273 3307 (c.
1299 3277 1336 3301 13.
1363 3277 1455 3309 seqq).
1476 3291 1510 3295 -
1529 3278 1654 3309 Superius
1682 3285 1730 3309 pro
1759 3278 1783 3303 si
1810 3279 1868 3312 quis
1895 3280 1951 3305 cod.
1973 3281 1993 3304 l<

1043 3319 1173 3345 substituit
1193 3319 1218 3344 ιή
1239 3319 1370 3352 epistolis,
1392 3322 1416 3345 in
1437 3321 1493 3346 cod.
1514 3322 1535 3353 Q
1555 3325 1641 3347 autem
1661 3323 1775 3347 secunda
1790 3330 1882 3348 manus
1896 3323 1996 3349 addidit

1044 3364 1138 3388 orator
1157 3367 1214 3394 post
1233 3363 1256 3388 sl
1274 3363 1340 3396 quis.

1817 3419 1850 3443 79
