2483 3882
266 762 383 783 Conclusio.

255 1022 334 1052 Salutio
348 1027 384 1049 op-

240 1051 363 1076 positorum.

254 1074 382 1096 Notandum.

240 1602 371 1628 Exemplum.

272 2748 335 2773 Argg.
352 2754 389 2775 pto

253 2776 314 2820 aa?

401 252 484 283 1040

398 337 469 369 suis
496 336 636 378 frement
659 340 689 367 ec
716 335 874 367 tabescent
887 335 905 365 ¹.
932 335 966 366 Et
989 333 1136 374 quoniam
1169 333 1286 374 vigebit
1317 332 1348 364 in

398 390 442 423 eis
466 390 573 422 odium
598 393 629 421 et
653 388 786 426 invidia,
811 390 840 419 et
861 387 1064 418 vehementer
1087 385 1299 418 tristabantur
1319 388 1350 417 et

398 442 556 474 tabescent
581 441 611 472 in
635 440 734 481 gloria
755 439 926 471 electorum
944 438 1017 475 Dei;
1042 441 1073 470 et
1088 437 1158 470 ideo
1182 437 1221 469 ad
1240 437 1351 470 satian-

399 494 474 526 dum
510 501 600 525 suam
640 491 856 533 impiissimam
893 490 1135 522 aemulationem
1171 493 1201 522 et
1240 489 1349 521 odium

398 545 527 583 vellent,
545 544 648 576 nullos
672 552 740 576 esse
758 544 881 580 beatos,
906 543 1002 574 immo
1019 550 1128 574 omnes
1154 542 1293 574 miseros.
1317 541 1350 573 Et

398 597 471 639 quia
487 605 544 629 nec
564 596 622 638 ipsi
644 596 684 628 ad
701 596 927 628 beatitudinem
945 598 1076 636 possunt
1097 595 1275 636 pertingere
1293 603 1349 626 nec

399 649 475 681 alios
500 651 631 690 possunt
653 657 672 680 a
695 651 778 679 statu
803 647 1004 679 beatitudinis
1020 655 1196 695 amovere:
1221 646 1290 678 ideo
1318 646 1348 677 in

399 700 575 741 semetipsis
597 700 800 733 vehementer
816 699 980 732 tabescunt
1001 703 1030 731 et
1047 699 1293 731 confunduntur.
1308 717 1350 721 —

399 752 638 784 Concedenduni
664 756 710 784 est
733 761 824 793 ergo,
850 752 932 793 quod
963 751 1150 793 generaliter
1176 751 1349 792 loquendo,

399 804 544 841 mallent,
569 813 676 836 omnes
701 813 768 836 esse
794 804 941 842 miseros,
967 813 1077 845 quam,
1094 804 1169 844 ipsis
1193 803 1351 835 existenti-

398 858 459 890 bus
483 857 620 895 miseris,
645 857 767 898 aliquos
784 866 851 889 esse
870 857 985 889 beatos.
1010 875 1054 879 --
1076 857 1109 888 Et
1133 856 1350 888 concedendae

400 913 473 941 sunt
497 909 632 941 rationes
656 909 696 941 ad
722 909 788 941 lioc.

491 962 517 992 l.
543 961 586 993 Ad
602 961 681 993 illud
699 961 782 1002 quod
808 961 953 992 obiicitur
970 961 1009 992 de
1034 960 1086 992 illo
1104 960 1213 998 divite,
1231 960 1283 1001 qui
1301 969 1352 991 no-

399 1013 499 1052 lebat,
524 1014 638 1046 fratres
662 1013 821 1051 damnari3
838 1013 1024 1049 dicendum,
1050 1013 1133 1054 quod
1159 1013 1303 1054 quamvis
1321 1012 1351 1043 in

400 1066 536 1107 generali
562 1066 698 1098 damnati
733 1066 830 1097 nolint
855 1066 962 1098 videre
993 1066 1100 1097 beatos
1131 1065 1271 1106 aliquos,
1296 1065 1351 1097 sed

400 1127 509 1151 omnes
532 1119 681 1157 miseros,
714 1123 834 1156 tamen,
860 1119 934 1160 quia
958 1118 1125 1159 specialius
1152 1118 1269 1150 habent
1300 1117 1352 1149 ali-

401 1180 535 1212 quorum
569 1179 709 1203 amorem
744 1170 920 1202 naturalem
953 1174 983 1202 et
1014 1170 1191 1211 privatum,
1217 1170 1351 1207 nollent,

400 1223 485 1264 ipsos
510 1223 670 1261 damnari,
695 1223 764 1255 aliis
789 1222 997 1255 existentibus
1022 1224 1052 1254 in
1082 1226 1165 1255 statu
1189 1222 1307 1264 gloriae
1324 1222 1352 1260 23

400 1277 491 1317 quia,
516 1276 571 1307 etsi
598 1276 641 1307 illi
674 1276 880 1314 damnentur,
905 1276 1010 1307 adbuc
1042 1280 1146 1308 tamen
1171 1279 1275 1308 manet
1306 1284 1353 1307 ae-

401 1328 531 1360 mulatio
567 1331 596 1360 et
631 1328 751 1360 occasio
789 1328 976 1360 tabescendi.
1013 1328 1078 1359 Non
1115 1328 1158 1360 sic
1193 1332 1275 1360 esset
1314 1329 1353 1360 de

400 1381 555 1412 omnibus.

490 1434 518 1464 Ξ).
545 1433 579 1464 Et
602 1441 659 1474 per
684 1433 742 1465 hoc
768 1436 851 1474 patet
867 1442 1002 1473 sequens
1027 1433 1065 1465 de
1081 1433 1243 1465 affectione
1267 1436 1354 1465 natu-

402 1485 477 1523 raii3
502 1489 606 1518 tamen
631 1486 735 1518 nullos
759 1486 801 1517 ita
819 1486 953 1527 diligunt
974 1486 1174 1523 naturaliter,
1199 1485 1273 1527 quin
1293 1485 1354 1518 vel-

400 1538 480 1577 lent,
505 1547 558 1570 eos
583 1547 650 1570 esse
675 1538 856 1577 damnatos,
881 1539 939 1571 hoc
964 1543 1070 1580 pacto,
1099 1539 1183 1580 quod
1207 1538 1284 1570 nulli
1310 1547 1354 1570 es-

401 1595 469 1623 sent
493 1591 585 1623 beati.
611 1592 645 1623 Et
677 1592 860 1633 exemplum
886 1595 970 1633 patet
1001 1592 1032 1623 in
1057 1591 1119 1623 illis
1151 1591 1202 1633 qui
1236 1591 1353 1624 habent

400 1644 507 1676 odium
533 1644 682 1686 capitale,
707 1645 760 1686 qui
786 1645 966 1677 desiderant
991 1645 1087 1676 vitam
1111 1644 1353 1685 consanguineo-

1157 246 1440 278 SENTENTIARUM
1464 245 1531 277 LIB.
1555 246 1603 277 lV.

1412 340 1503 369 rum;
1527 335 1663 363 attamen
1687 331 1816 370 vellent,
1834 332 1918 372 quod
1943 332 2033 364 multi
2057 341 2098 364 ex
2123 332 2360 374 consanguineis

1412 387 1515 416 essent
1538 383 1672 422 mortui,
1690 386 1725 415 ut
1743 387 1866 424 possent
1882 384 2029 416 affectum
2041 384 2052 401 ³
2068 385 2222 417 vindictae
2246 385 2285 417 de
2307 385 2362 416 ini-

1414 436 1502 468 micis
1526 436 1592 467 suis
1616 435 1758 477 implere.

1503 488 1532 520 3.
1556 488 1599 520 Ad
1624 488 1703 520 illud
1727 487 1812 529 quod
1836 487 1999 527 obiicitur,
2024 489 2108 530 quod
2133 489 2156 520 si
2182 489 2362 521 desiderant

1414 541 1645 573 damnationem
1670 544 1746 578 etc.;
1771 540 1957 579 dicendum,
1981 541 2065 582 quod
2089 550 2149 573 non
2183 541 2362 574 desiderant

1414 594 1645 626 damnationem
1681 601 1974 635 quorumcumque,
2003 593 2081 626 sed⁴
2108 602 2218 626 eorum
2248 594 2363 636 quibus

1414 646 1577 684 invident,
1603 650 1768 687 propterea
1792 645 1866 686 quia
1889 646 1996 678 vident
2023 655 2075 678 eos
2100 646 2253 685 elevatos,
2277 650 2307 678 et
2332 646 2364 677 il-

1415 699 1533 737 lorum,
1550 708 1590 731 ex
1608 708 1745 740 quorum
1769 699 2015 741 comparatione
2043 697 2306 740 confunduntur,
2332 702 2362 731 et

1415 752 1464 783 isti
1488 755 1562 783 sunt
1585 751 1686 790 Beati,
1711 756 1741 784 et
1765 753 1838 794 quia
1869 752 1928 784 hoc
1952 751 2092 783 obtinere
2124 760 2184 782 non
2214 754 2362 792 possunt,

1415 804 1485 836 ideo
1502 812 1562 835 non
1576 809 1807 845 consequentur
1824 804 1896 836 inde
1913 803 2072 841 solatium,
2090 803 2144 835 sed
2162 803 2278 835 habent
2294 803 2365 835 inde
2479 816 2483 859 ἱ

1417 865 1565 898 magnum
1591 856 1793 897 supplicium.

1504 909 1533 940 [ι.
1559 909 1601 940 Ad
1626 909 1742 947 iiiud⁵,
1760 909 1844 950 quod
1867 909 2025 950 refugiunt
2050 908 2292 946 desolationem3
2324 907 2366 939 dl-

1416 961 1566 997 cendum,
1590 961 1675 1002 quod
1700 961 1780 993 sicut
1804 961 1898 992 homo
1915 969 2024 998 sanus,
2050 960 2079 991 in
2104 968 2166 1001 quo
2183 962 2229 991 est
2254 963 2366 991 natura
2382 970 2477 993 Nolana

1416 1013 1494 1045 bene
1512 1013 1671 1053 disposita,
1688 1013 1806 1054 appetit
1823 1013 1939 1045 cibaria
1956 1013 2014 1045 sibi
2032 1012 2260 1053 competentia3
2274 1012 2366 1044 homo

1417 1074 1491 1097 vero
1509 1065 1654 1097 infirmus
1670 1066 1788 1107 appetit
1805 1075 1841 1098 ea
1859 1074 1940 1107 quae
1961 1068 2085 1102 nocent⁷
2103 1065 2177 1106 quia
2193 1064 2367 1103 existimat,
2482 1067 2483 1109 ξ

1417 1127 1453 1150 ea
1478 1118 1649 1159 prodesse:
1674 1118 1718 1150 sic
1744 1118 1844 1157 Beati,
1869 1122 2017 1159 tanquam
2045 1121 2146 1149 mente
2171 1117 2255 1155 sani,
2279 1126 2369 1158 appe·
2482 1112 2483 1151 l

1418 1174 1488 1202 tunt
1511 1170 1645 1202 aliorum
1664 1170 1938 1212 glorificationem,
1963 1179 2043 1212 quae
2069 1179 2142 1202 vere
2167 1175 2213 1204 est
2233 1170 2277 1202 eis
2302 1179 2369 1211 pro-

1419 1222 1515 1261 ficua,
1541 1223 1677 1254 damnati
1704 1232 1778 1255 vero
1802 1223 1969 1255 Beatorum
1995 1223 2244 1261 damnationem,
2273 1231 2367 1264 quarn
2416 1250 2420 1253 .

1417 1275 1600 1307 existimant
1623 1275 1681 1307 sibi
1699 1275 1807 1307 utilem
1834 1279 1864 1307 et
1881 1275 2115 1313 delectabilem,
2140 1276 2220 1308 sicut
2241 1275 2366 1307 invidus

1417 1328 1548 1360 alterius
1579 1328 1838 1367 subversionem;
1870 1333 2024 1367 attamen,
2057 1329 2082 1360 si
2114 1328 2270 1367 eveniret,
2307 1337 2367 1359 non

1418 1384 1546 1422 propter
1571 1381 1629 1413 hoc
1653 1381 1780 1413 miseria
1804 1390 1914 1413 eorum
1939 1381 2151 1419 decresceret,
2177 1382 2273 1413 immo
2301 1390 2367 1413 suc-

1418 1436 1581 1465 cresceret.
1614 1433 1709 1465 Multa
1740 1434 1822 1465 enim
1855 1433 1965 1465 volunt
1997 1433 2083 1474 impii
2117 1437 2146 1466 et
2170 1436 2481 1475 peccatores‚n0tanc1m

1418 1495 1498 1527 quae
1522 1486 1545 1518 si
1572 1486 1765 1525 obtinerent,
1789 1489 1892 1518 essent
1917 1486 2106 1518 miseriores.
2130 1486 2173 1517 Ad
2199 1486 2275 1518 haec
2300 1494 2368 1517 con-

1416 1539 1573 1571 firmanda
1606 1539 1739 1571 multum
1774 1539 1846 1571 facit
1869 1539 2038 1571 auctoritas
2071 1539 2232 1580 Augustini
2262 1539 2291 1570 in
2325 1548 2369 1570 se-

1417 1592 1520 1624 cundo
1544 1592 1680 1633 capitulo
1693 1592 1712 1631 ⁶,
1737 1592 1790 1624 ubi
1816 1592 1906 1630 dicit,
1932 1592 2015 1633 quod
2042 1592 2103 1631 ira,
2122 1592 2229 1624 odium
2254 1597 2284 1624 et
2305 1600 2369 1624 cae-

1417 1644 1493 1676 citas
1517 1645 1547 1676 in
1573 1644 1728 1676 damnatis
1752 1648 1944 1677 excrescent.

1222 1803 1485 1841 ARTICULUS
1514 1804 1555 1840 ll.

1109 1905 1151 1936 De
1175 1905 1401 1937 excaecatione
1425 1904 1671 1937 damnatorum.

491 2029 724 2070 Consequenter
749 2033 901 2071 quantum
927 2029 965 2061 ad
992 2029 1166 2061 secundum
1183 2029 1353 2061 articulum

402 2081 564 2124 quaeritur
590 2082 628 2114 de
657 2081 875 2114 excaecatione
897 2082 962 2113 sive
988 2081 1208 2114 tenebrositate
1229 2081 1354 2113 damna-

404 2138 522 2172 torum3
548 2134 586 2166 de
611 2143 672 2175 qua
698 2134 757 2166 tria
781 2137 989 2175 quaeruntur.

492 2186 595 2218 Primo
619 2186 792 2228 quaeritur,
818 2190 926 2218 utrum
957 2187 1017 2218 sint
1048 2186 1090 2218 ibi
1121 2186 1267 2218 tenebrae
1292 2195 1356 2218 cor-

402 2238 536 2279 porales.

1507 2028 1667 2067 Secundo,
1685 2032 1793 2060 utrum
1812 2029 1872 2061 sint
1896 2029 1926 2060 in
1944 2029 1989 2061 eis
2018 2028 2164 2061 tenebrae
2188 2028 2367 2070 spirituales

1419 2085 1571 2122 quantum
1597 2081 1636 2113 ad
1661 2085 1765 2113 actum
1791 2080 2006 2122 cognoscendi.

1508 2133 1611 2166 Tertio
1627 2159 1634 2172 ,
1673 2137 1781 2165 utrum
1825 2137 1979 2175 quantum
2018 2133 2055 2165 ad
2106 2136 2210 2165 actum
2257 2142 2370 2166 memo-

1386 2188 1388 2278 !
1420 2186 1520 2218 randi.

1276 2358 1458 2400 Quansuo
1483 2358 1502 2390 1.

976 2456 1092 2488 Utrum
1118 2456 1153 2488 in
1177 2454 1308 2498 inferno
1331 2456 1399 2488 sint
1424 2455 1571 2488 tenebrae
1595 2455 1793 2497 corporales.

491 2582 649 2622 Quantum
682 2590 756 2622 ergo
792 2581 831 2613 ad
856 2581 994 2622 primuni
1025 2581 1069 2613 sic
1100 2580 1292 2622 proceditur,
1325 2584 1355 2612 et

402 2635 588 2673 ostenditur,
605 2634 688 2676 quod
715 2643 776 2666 non
800 2638 894 2666 erunt
917 2633 960 2665 ibi
985 2633 1133 2666 tenebrae
1157 2633 1353 2674 corporales:

494 2687 521 2717 l.
546 2686 625 2727 Quia
646 2689 782 2723 constat,
800 2685 885 2726 quod
903 2685 1028 2726 reprobi
1046 2685 1163 2717 liabent
1184 2685 1353 2726 potentiam

405 2739 546 2778 videndi,
565 2739 613 2770 vel
638 2739 731 2771 etiam
750 2738 888 2770 habituri
914 2742 986 2770 sunt
1002 2741 1072 2780 post
1097 2737 1262 2770 iudicium:
1280 2746 1355 2779 ergo

405 2800 477 2824 cum
503 2792 590 2823 visus
614 2794 706 2823 natus
730 2791 769 2822 sit
793 2790 881 2822 exire
905 2790 936 2822 in
960 2794 1080 2829 actum,
1106 2790 1245 2829 videtur,
1270 2790 1354 2832 quod

1420 2580 1527 2612 videre
1561 2580 1735 2618 debeant⁷;
1771 2580 1825 2613 sed
1860 2589 1922 2612 non
1954 2583 2001 2612 est
2036 2580 2143 2613 videre
2179 2580 2245 2612 sine
2280 2580 2367 2613 luce:

1419 2641 1493 2673 ergo
1517 2635 1576 2664 etc.

1509 2686 1537 2716 2.
1563 2685 1656 2723 item,
1682 2685 1752 2717 boni
1778 2685 1930 2717 videbunt
1957 2685 2034 2718 alios
2065 2685 2192 2717 Sanctos
2215 2685 2256 2717 ad
2279 2693 2368 2717 suan]

1419 2737 1566 2779 gloriam,
1591 2737 1730 2769 maxime
1747 2737 1816 2770 illos
1840 2746 1918 2779 quos
1935 2741 2170 2770 converterunt:
2189 2746 2264 2779 ergo
2287 2736 2371 2770 simi-

1419 2789 1506 2827 liter,
1531 2790 1555 2822 si
1581 2789 1654 2821 mali
1679 2789 1794 2821 debent
1819 2789 1951 2822 invicem
1973 2789 2135 2828 confundi,
2161 2789 2298 2821 maxime
2314 2789 2368 2830 qui

475 2975 482 2991 1
504 2975 594 3001 Psalm.
621 2976 675 3006 111,
701 2975 743 2999 1οε
765 2975 912 3000 Peccator...
933 2974 1053 3000 dentibus
1072 2975 1124 3000 suis
1145 2975 1234 3000 fremet
1247 2978 1271 3000 et
1285 2975 1355 3000 tabe-

404 3022 463 3045 scet.
485 3034 518 3037 —
534 3019 639 3044 Interius
656 3025 702 3050 pro
716 3018 858 3050 etodium,
875 3018 945 3051 quod
959 3018 1037 3043 codd.
1053 3019 1072 3042 A
1083 3018 1105 3042 K
1119 3019 1250 3049 omittunt,
1266 3018 1323 3043 cod.
1338 3019 1354 3043 Ρ

403 3063 557 3094 hominum,
579 3063 667 3094 plures
686 3063 726 3087 alii
752 3062 826 3088 codd.
853 3065 878 3088 et
902 3062 961 3087 edd.
988 3063 996 3086 i
1022 3063 1047 3087 et
1069 3061 1215 3087 Itomz‘mmz.
1240 3062 1355 3087 Subinde

405 3114 451 3139 pro
470 3106 620 3140 perlingere
639 3106 701 3136 cod„
716 3107 738 3131 Κ
759 3106 776 3137 (l
798 3113 811 3130 a
831 3105 943 3130 secunda
965 3105 1055 3138 manu)
1072 3105 1219 3138 pervenire.

474 3151 484 3167 ‘³
503 3150 553 3176 Cfr.
574 3151 661 3176 Glossa
682 3150 821 3176 ordinaria
841 3150 911 3182 apud
931 3150 1052 3175 Strabnm
1073 3151 1097 3174 in
1117 3150 1178 3175 Luc.
1200 3150 1246 3181 iss,
1267 3149 1309 3175 27.

474 3194 485 3210 3
506 3195 538 3219 lta
559 3194 634 3219 codd.
655 3194 675 3219 U
688 3194 709 3218 X
730 3197 754 3219 et
772 3193 813 3219 ed.
838 3194 857 3225 i,
878 3195 902 3218 in
922 3194 977 3218 aliis
997 3193 1126 3227 effectum.

475 3236 485 3253 ⁴
504 3236 568 3262 Cod.
589 3238 609 3262 G
628 3237 674 3263 secl
691 3237 828 3263 eoetraiieis
848 3237 972 3268 (nonnulli
992 3237 1068 3262 codd.
1082 3237 1184 3268 legunt:
1198 3236 1244 3262 sed
1255 3243 1290 3262 eoe
1303 3235 1356 3270 qai-

407 3280 455 3307 [ηις
474 3281 606 3312 incident).
627 3281 689 3307 Cod.
710 3282 732 3306 R
753 3281 910 3313 dicendum,
926 3280 998 3315 quod
1015 3288 1109 3307 verum
1129 3282 1181 3313 est,
1197 3281 1223 3307 et
1239 3280 1356 3306 maxime

407 3331 513 3356 eorum,
536 3324 631 3357 quibus
650 3324 772 3350 invident.
799 3325 904 3350 Inferius
929 3332 977 3357 pro
1003 3326 1026 3350 et
1051 3324 1176 3356 illorum,
1200 3325 1271 3357 quod
1297 3324 1356 3350 edd.

407 3367 539 3398 omittunt,
560 3367 616 3392 cod.
636 3367 656 3392 D
677 3369 700 3393 el
719 3367 786 3393 illos.

1489 2974 1500 2990 ⁵
1518 2974 1580 2999 Cod.
1600 2975 1621 2999 G
1640 2973 1711 2999 addit
1730 2973 1801 3007 quod
1819 2973 1959 3006 obiicitur,-
1979 2974 2065 3005 plures
2089 2973 2164 2998 codd.
2191 2977 2216 2999 ct
2234 2973 2275 2998 ed.
2301 2974 2305 2998 Ι
2330 2972 2372 2999 Ad

1419 3017 1506 3049 aliud,
1529 3019 1569 3042 cui
1590 3024 1727 3049 perperam
1747 3017 1846 3042 addunt
1864 3016 2014 3043 dicendum.

1488 3060 1499 3077 ⁶
1518 3061 1564 3086 Hic
1584 3062 1608 3085 in
1629 3061 1663 3085 lit.
1685 3061 1805 3092 Magistri.
1826 3074 1860 3078 —
1885 3061 1949 3085 infra
1975 3067 2022 3091 pro
2048 3060 2201 3085 eceerescent
2226 3058 2303 3084 codd.
2329 3058 2369 3083 vel

1419 3105 1672 3137 emm-escerent‚·vet
1691 3105 1863 3131 excresceret.
1880 3118 1913 3121 —
1929 3103 1992 3129 Vide
2012 3104 2126 3129 scholion
2147 3103 2179 3128 ad
2201 3103 2223 3128 l.
2238 3103 2314 3128 huius
2333 3109 2370 3127 ar-

1420 3148 1487 3173 ticuli
1509 3152 1608 3180 quaesi.

1490 3191 1501 3208 ⁷
1520 3192 1587 3217 Alias
1607 3193 1678 3217 visus
1698 3195 1764 3217 esset
1783 3192 1889 3223 f1·ustra;
1918 3191 2009 3216 «Deus
2034 3194 2119 3216 autem
2144 3193 2169 3215 et
2194 3192 2283 3215 natura
2309 3189 2369 3214 nihil

1420 3236 1514 3261 trustra
1533 3236 1666 3267 faciunt»,
1688 3238 1715 3260 ut
1733 3236 1767 3260 ait
1786 3236 1900 3267 Ariston,
1920 3235 1936 3259 l.
1958 3235 1989 3260 de
2002 3234 2077 3260 Caelo
2092 3236 2116 3259 et
2129 3233 2241 3265 mundo,
2256 3235 2313 3258 text.
2327 3233 2369 3258 32.

1421 3281 1453 3310 (c.
1475 3279 1519 3313 4.).
1537 3293 1573 3298 -
1592 3280 1628 3304 De
1647 3287 1700 3311 seq.
1722 3286 1826 3310 propos.
1847 3279 1892 3304 cfr.
1912 3279 2026 3310 A1·istot.,
2049 3279 2076 3303 ii.
2090 3277 2122 3302 de
2135 3278 2239 3308 Anima,
2254 3279 2310 3302 text.
2325 3276 2367 3302 67.

1421 3331 1492 3356 seqq.
1514 3323 1545 3355 (c.
1565 3323 1601 3355 7.)
1620 3326 1645 3348 et
1664 3325 1721 3348 text.
1744 3323 1801 3347 sl72.
1821 3322 1868 3354 (Ill.
1889 3328 1910 3347 c.
1926 3322 1970 3355 3.).
1985 3335 2019 3339 —
2032 3321 2156 3352 Superius
2171 3324 2229 3351 post
2241 3319 2368 3346 iudicium

1422 3367 1478 3393 cod.
1493 3375 1522 3392 aa
1537 3367 1622 3393 addit:
1635 3367 1682 3400 qai
1694 3366 1765 3393 caeci
1775 3365 1886 3399 fuerant
1902 3365 1931 3392 in
1948 3364 2089 3399 praesenti.
