2483 3882
0 1084 82 1105 Itsosto-

6 1112 47 1138 fuis.

3 1277 76 1301 111112.

773 269 865 300 Dts'r.
890 269 963 301 XlV.
989 270 1017 301 P.
1044 270 1062 301 1.
1089 270 1226 303 DIVISIO
1251 270 1405 303 TEXTUS.

103 355 239 390 tentiam,
262 358 329 393 post
361 354 463 384 altaris
493 355 767 385 reconciliationem
796 356 840 385 vel
867 357 976 387 similia
1006 357 1052 386 vel

101 403 239 441 graviora
256 403 452 433 committant.
476 404 511 433 Et
528 407 626 433 tamen
650 404 728 433 Deus
750 405 832 441 facit,
849 405 937 435 ctiam
961 414 1053 444 super

101 451 175 481 tales
198 450 279 480 oriri
298 451 391 480 solem
412 460 520 485 statam,
544 460 599 481 nec
615 452 712 481 minus
736 452 852 487 tribuit,
876 461 966 490 quam
984 457 1051 483 ante

101 500 262 536 tribuerat,
286 499 452 538 largissima
470 507 594 529 munera
612 500 690 529 vitae
713 504 742 529 et
761 500 875 529 salutis.
899 501 934 529 Et
950 510 1052 538 quam-

102 549 146 577 vis
169 548 211 577 eis
234 548 261 577 in
285 547 421 577 Ecclesia
444 547 528 577 locus
545 547 594 576 ille
615 548 817 585 poenitentiae
834 556 891 577 non
907 549 1052 579 conceda-

102 601 163 633 tur;
186 597 266 626 Dcus
288 599 384 626 tamen
417 605 509 634 super
531 604 583 626 eos
611 604 683 625 suae
705 596 868 634 patientiae
900 605 957 626 non
981 597 1052 626 obli-

100 646 232 675 viscitur.
248 646 293 675 Ex
309 653 437 683 quorum
455 653 579 674 numero
594 645 618 674 si
641 645 709 683 quis
732 645 818 674 nobis
838 644 933 674 dieat:
956 645 1051 674 Dicite

100 695 186 731 milii,
210 698 309 724 utrum
332 694 405 724 1111111
430 694 542 732 aliquid
566 694 662 732 prosit
684 693 720 723 ad
746 694 834 723 vitam
858 694 1002 729 suturam,
1025 694 1048 723 si

98 743 126 772 in
154 743 208 772 ista
239 743 297 772 vita
332 742 613 772 illecebrosissimae
649 742 810 780 voluptatis
845 741 1048 772 blandimenta

97 794 316 829 contempsero,
331 791 354 820 si
374 799 420 820 me
437 790 617 828 poenitendo
635 790 842 820 vehementius
858 798 947 828 quani
965 790 1049 828 prius

79 839 326 875 excruciavero,
350 839 373 868 si
397 839 521 868 uberius
551 838 675 875 flevero⁷
698 839 721 867 si
746 838 853 867 melius
884 839 1001 874 vixero,
1023 838 1047 867 si

96 895 246 926 pauperes
267 887 379 924 largius
402 891 624 922 sustentavero,
640 887 663 916 si
681 887 806 916 caritate
825 886 980 916 ardentius
1000 886 1049 916 tia-

95 943 234 973 gravero3
252 935 320 973 quis
336 939 469 964 nostrum
488 935 527 964 ita
543 934 668 973 desipit,
685 937 716 963 ut
733 933 804 963 huic
820 934 931 963 bomini
954 934 1048 963 dieat:

95 983 175 1012 Nihil
199 983 250 1012 tibi
274 984 329 1012 ista
363 983 391 1012 in
414 987 569 1022 posterum
599 983 790 1021 proderunt?
813 983 913 1019 Vade,
942 983 1047 1012 saltem

95 1031 174 1061 vitae
196 1032 286 1061 liuius
308 1032 457 1061 suavitate
479 1032 587 1062 fruere.
610 1034 733 1061 Avertat
756 1032 835 1061 Deus
858 1035 915 1060 tam
947 1032 1049 1061 imma-

94 1087 159 1109 nem
184 1080 424 1118 sacrilegamque
446 1080 627 1110 dementiam
647 1093 673 1110 ».
696 1081 784 1115 item,
812 1080 936 1109 Ioannes
957 1079 1048 1118 Chry-

94 1132 243 1157 sostomus
258 1128 266 1142 ¹
300 1128 337 1158 de
361 1129 550 1166 reparatione
573 1128 665 1167 lapsi:
694 1141 705 1154 «
726 1128 823 1164 Talis,
847 1128 918 1157 1111111
942 1128 1047 1163 crede,

95 1176 161 1206 talis
194 1180 238 1206 est
261 1184 329 1214 erga
366 1177 501 1205 liomincs
523 1176 620 1214 pietas
643 1177 715 1206 Dei:
749 1184 902 1215 nunquam
932 1177 1046 1214 spernit

94 1225 327 1263 poenitentiam,
357 1224 380 1254 si
416 1225 442 1254 ei
472 1225 589 1255 sineere
619 1229 648 1254 et
676 1225 855 1263 simpliciter
884 1226 1046 1260 oli'eratur;

93 1274 181 1303 etiam
203 1273 226 1302 si
251 1273 288 1303 ad
310 1281 461 1303 summum
476 1274 544 1312 quis
561 1274 717 1311 perveniat
739 1273 904 1309 malorum,
927 1277 955 1303 et.
978 1274 1047 1303 inde

94 1326 189 1352 tamen
214 1322 284 1352 velit
305 1322 415 1352 reverti
439 1322 476 1351 ad
499 1322 618 1351 virtutis
641 1322 734 1358 viam;
758 1322 886 1360 suscipit
907 1322 1046 1359 libenter,

94 1371 299 1409 amplectitur,
323 1371 393 1401 l'acit
415 1372 528 1407 omnia,
544 1375 693 1409 quatenus
715 1371 752 1400 ad
770 1371 902 1409 priorem
925 1375 1048 1401 revocet

92 1423 212 1450 statum.
228 1419 374 1458 Quodque
396 1424 438 1449 est
456 1420 556 1450 adhue
579 1420 781 1458 praestantius
800 1423 829 1449 et
851 1420 1046 1455 eminentius,

93 1468 180 1498 etiam
203 1468 226 1497 si
244 1477 301 1497 non
320 1469 450 1506 potuerit
472 1469 540 1507 quis
563 1468 685 1506 explere
701 1476 819 1498 omnem
843 1468 1046 1498 satisfaciendi

92 1517 244 1552 ordinem,
267 1517 576 1556 quantuiameunique
599 1521 697 1547 tamen
721 1521 748 1546 et
773 1517 939 1555 quamlibet
962 1517 1045 1546 brevi

93 1569 226 1604 tempore
239 1569 352 1602 gestam
370 1574 427 1595 non
442 1566 558 1604 respuit
569 1566 798 1603 poeiiitentiffln3
812 1566 939 1604 suscipit
955 1566 1045 1595 etiam

92 1613 186 1652 ipsam
211 1622 265 1643 nee
289 1614 410 1652 patitur,
433 1614 571 1652 quamvis
594 1614 736 1651 exiguae,
753 1614 959 1643 conversionis
982 1623 1046 1653 per·

2009 275 2071 307 317

1117 358 1188 387 dere
1211 358 1417 388 mercedem».
1436 359 1589 397 Exemplis
1606 359 1693 389 etiam
1720 360 1776 389 lioc
1801 360 1878 390 idem
1906 362 1999 391 astrui
2023 371 2072 401 po-

1118 409 1183 436 test.
1206 406 1322 435 David²
1346 407 1424 436 enim
1448 415 1501 445 per
1524 408 1737 445 poenitentiam
1768 408 1907 438 adulterii
1931 410 2019 440 simul
2043 415 2071 440 et

1118 454 1271 483 homicidii
1296 455 1413 484 veniam
1437 455 1622 493 impetravit,
1646 459 1675 486 et
1698 460 1794 486 tamen
1810 458 1941 494 graviter
1964 462 2069 497 postea
2086 466 2177 487 nubium
2197 468 2229 488 13.

1116 502 1243 540 deliquit
1266 503 1293 531 iu
1311 503 1414 541 populi
1432 505 1670 541 enumeratione,
1687 505 1767 542 quod
1788 506 1891 543 populi
1909 506 2069 537 multitudo

1116 554 1265 588 prostrata
1289 551 1427 581 ostendit.
1449 552 1547 582 «Illud
1571 556 1670 582 autem
1694 553 1831 583 mirabile
1848 558 1901 589 est,
1917 556 1997 593 quod
2015 556 2071 585 An-

1115 598 1181 635 gelo
1205 599 1318 628 ferienti
1345 600 1463 637 plebem
1485 609 1517 630 se
1540 601 1649 630 obtulit
1671 601 1790 631 diceus:
1816 603 1897 633 (ἔναι-
1919 602 1972 633 iste
1994 603 2070 643 quid

1114 645 1209 684 secie?
1225 646 1294 676 Fiat
1309 657 1420 677 manus
1443 653 1493 678 ιῑια
1512 649 1543 678 [n
1560 659 1606 679 me
1628 654 1653 679 et
1675 650 1708 680 in
1734 650 1858 680 domum
1879 651 1977 690 patris
2000 652 2069 682 met.

1115 692 1178 727 Quo
1208 694 1284 723 sacto
1317 695 1416 724 statim
1447 696 1555 733 dignus
1587 698 1736 727 sacrificio
1772 698 1922 728 iudicatus
1945 703 1989 729 est
2018 701 2068 738 qui

1115 742 1303 772 absolutione
1327 744 1543 774 aestimabatur
1566 746 1712 783 indignus.
1737 747 1798 776 Nec
1825 747 1949 785 mirum,
1971 749 1994 777 si
2020 749 2069 778 tali

1115 799 1167 820 sua
1191 791 1343 821 oblatione
1366 801 1420 830 pro
1450 794 1562 831 populo
1592 795 1707 832 peceati
1731 796 1776 825 sui
1800 796 1928 834 adeptus
1956 800 2000 826 est
2024 806 2069 827 ve-

1114 839 1208 873 niaui;
1232 848 1301 869 cuni
1328 840 1460 878 Moyses,
1492 842 1643 872 offerendo
1676 851 1707 872 se
1741 852 1795 881 pro
1819 844 1915 882 plebis
1948 853 2066 882 errore,

1113 890 1239 925 peccata
1261 887 1383 917 diluerit
1398 887 1408 902 ⁸
1421 902 1447 917 ».

1194 936 1244 965 His
1267 936 1394 974 aliisque
1418 937 1555 975 pluribus
1584 940 1759 970 testimoniis
1793 942 1947 972 evidenter
1971 946 2068 972 osten—
2083 945 2190 972 Epilogus-

1113 984 1204 1021 ditur,
1221 993 1275 1023 per
1290 987 1504 1023 poenitentiam
1529 996 1585 1016 non
1609 989 1701 1018 semel
1725 993 1853 1026 tantum,
1870 991 1921 1020 sed
1944 992 2066 1030 saepius

1113 1042 1167 1063 nos
1189 1042 1205 1063 a
1228 1035 1361 1072 peccatis
1377 1043 1513 1073 surgere,
1537 1040 1564 1065 et
1588 1045 1688 1066 veram
1705 1039 1918 1075 poenitendam
1942 1040 2065 1078 saepius

1113 1083 1170 1119 agi.
1199 1082 1376 1112 Vocatium-ie
1391 1083 1472 1112 enim
1487 1084 1679 1123 peccantibus
1701 1085 1804 1121 nobis,
1829 1091 1860 1116 ut
1880 1088 1921 1117 ait
1943 1089 2067 1126 Aposto-

1112 1130 1189 1167 11154,
1212 1139 1275 1160 non
1297 1131 1487 1170 relinquitur
1509 1132 1607 1162 hostia
1625 1143 1681 1171 pro
1703 1134 1841 1172 peccatis,
1858 1137 1989 1166 secunda
2013 1138 2067 1166 sci-

1112 1178 1196 1214 lieet,
1219 1179 1288 1217 quia
1312 1180 1403 1209 semel
1429 1183 1542 1210 tantum
1570 1181 1719 1211 Christum
1747 1184 1880 1220 oportuit
1911 1185 1987 1222 pati3
2011 1194 2066 1215 nee

1112 1227 1295 1266 relinquitur
1320 1229 1472 1258 sccundus
1500 1229 1666 1268 baptismus
1678 1243 1692 1266 ,-
1718 1231 1898 1270 relinquitur
1924 1241 1994 1262 vero
2023 1242 2065 1263 se-

1111 1275 1209 1304 cunda
1241 1275 1426 1314 poenitentia
1457 1281 1485 1306 et
1518 1278 1603 1307 tertia
1637 1281 1665 1307 et
1696 1278 1858 1317 deinceps,
1883 1283 1913 1309 ut
1940 1280 2064 1310 Ioannes
2079 1287 2203 1314 Chrysosto-

1111 1324 1343 1362 Clirysostoinus
1365 1334 1458 1363 super
1480 1326 1560 1355 bunc
1581 1326 1682 1356 locum
1708 1327 1761 1357 ait:
1793 1328 1998 1365 «Sciendum,
2023 1330 2064 1358 in-
2113 1320 2165 1334 ΠΜ

1111 1373 1189 1409 quit,
1206 1374 1285 1412 quod
1311 1374 1359 1403 iiie
1379 1374 1501 1412 quidam
1521 1379 1699 1413 exsurgunt,
1716 1376 1823 1406 horum
1842 1378 2001 1407 verborum
2019 1387 2064 1408 oc-

1110 1422 1232 1451 casione
1250 1422 1462 1460 poenitentiam
1480 1424 1662 1459 auferentes,
1678 1425 1763 1462 quasi
1781 1434 1834 1463 per
1849 1427 2064 1464 poenitentiam

1111 1478 1169 1499 uon
1193 1470 1290 1499 valeat
1312 1475 1454 1508 peccator
1475 1475 1542 1509 post
1564 1471 1682 1510 lapsum
1707 1481 1864 1511 resurgere
1887 1475 2019 1504 seeundo
2036 1479 2065 1505 et

1112 1518 1198 1547 tertio
1221 1522 1250 1548 et
1282 1518 1433 1557 deinceps.
1457 1520 1569 1549 Verum
1592 1521 1681 1550 etiam
1706 1521 1733 1550 in
1763 1521 1820 1551 hoc
1847 1522 2063 1561 poenitentiam

1110 1575 1168 1596 uon
1185 1567 1319 1606 excludit
1334 1576 1389 1598 nec
1405 1569 1660 1606 propitiationem,
1677 1578 1755 1608 qnae
1770 1578 1861 1608 saepe
1877 1571 1909 1600 lit
1926 1580 1980 1609 per
1996 1581 2064 1610 poe-

1112 1616 1280 1651 nitentiam,
1303 1616 1354 1646 sed
1378 1617 1544 1646 seeundum
1569 1616 1753 1656 baptismam
1777 1622 1805 1648 et
1828 1618 1957 1648 hostiam
1975 1633 1999 1648 u.

424 1823 919 1878 COMMENTARIUS
958 1825 1027 1878 IN
1065 1825 1562 1880 MSTINOTIONEM
1600 1828 1730 1881 XIV.

1017 1970 1098 2002 PAns
1123 1971 1141 2001 1.

806 2096 856 2133 De
884 2096 1091 2146 poenitentia
1120 2096 1153 2133 in
1182 2097 1342 2147 generali.

708 2230 788 2262 Post
811 2229 890 2262 ltctee
915 2230 952 2262 de
972 2231 1172 2272 poenitencia
1197 2232 1362 2273 ctyendtmn
1387 2237 1441 2263 est.

916 2383 1054 2415 DIVISIO
1080 2384 1234 2416 TEXTUS.

175 2507 362 2540 ‘l'erininatis
399 2507 500 2540 tribus
536 2508 680 2549 partibus
717 2508 968 2549 principalibus,
1010 2509 1039 2540 in

86 2561 201 2602 quibus
226 2561 370 2602 Magister
394 2561 457 2602 egit
481 2561 519 2592 de
546 2560 647 2593 tribus
672 2561 898 2599 Sacramentis,
924 2561 973 2593 liic
999 2561 1041 2592 in-

87 2615 160 2656 cipit
183 2618 296 2656 quarta
321 2623 412 2655 pars,
438 2614 467 2645 in
493 2623 556 2655 qua
587 2614 651 2654 agit
682 2614 722 2646 de
746 2614 947 2646 Sacramento
971 2623 1041 2655 poe-

87 2668 243 2700 nitentiae..
276 2668 434 2699 Dividitur
465 2672 571 2699 autem
607 2667 684 2699 baec
719 2676 793 2708 pars
829 2667 858 2698 in
893 2667 982 2698 duas.
1009 2667 1039 2698 [n

89 2720 191 2761 prima
215 2725 304 2762 parte
329 2720 392 2762 agit
416 2720 455 2752 de
488 2719 678 2762 poenitentia
710 2719 739 2751 in
766 2719 913 2761 generali.
941 2720 970 2751 ln
997 2728 1041 2751 se-

88 2773 189 2805 cunda
212 2774 275 2814 agit
300 2773 476 2815 specialiter
501 2773 540 2805 de
565 2773 633 2805 eius
658 2772 818 2814 partibus,
837 2772 917 2804 infra
934 2773 1040 2804 distin-

87 2826 187 2858 ctione
221 2826 343 2858 decima
368 2830 474 2858 sexta:
500 2826 540 2858 Iit
570 2824 768 2867 perfectione
799 2829 910 2856 autem
933 2825 1039 2866 poeni-

89 2879 204 2911 tentiae
229 2880 296 2911 ti‘z'ct
321 2879 528 2911 observanda
551 2884 637 2911 sanc.

175 2933 277 2965 Prima
301 2942 374 2975 pars
399 2933 493 2965 habet
517 2933 606 2965 duas.
632 2933 662 2964 ln
688 2933 791 2974 prima
816 2932 961 2973 Magister
990 2932 1039 2964 de-

87 2986 233 3018 terminat
258 2987 431 3018 veritatem.
457 2986 487 3018 ln
524 2986 662 3018 secunda
694 2986 781 3018 elidit
810 2985 890 3017 duos
914 2993 1039 3017 errores

1105 2509 1188 2541 circa
1206 2509 1442 2550 poenitentiam,
1461 2509 1540 2541 infra
1557 2509 1665 2541 eadem
1693 2509 1904 2548 distinctione,
1922 2509 1979 2541 ibi:
1999 2510 2060 2541 His

1105 2561 1213 2592 verbis
1237 2562 1374 2603 qualemn
1401 2561 1617 2593 vehementius
1640 2566 1697 2594 etc.

1195 2614 1293 2645 Prima
1322 2623 1396 2655 pars
1421 2614 1515 2646 habet
1546 2618 1610 2647 tres
1635 2618 1750 2656 partes.
1776 2615 1806 2646 ln
1833 2615 1934 2656 prima.
1959 2615 2059 2647 deter—

1106 2667 1204 2698 minat
1239 2667 1381 2699 ordinem
1416 2667 1514 2708 ipsius
1546 2667 1585 2699 ad
1624 2667 1826 2708 baptismum.
1852 2668 1881 2699 ln
1921 2668 2058 2700 secunda

1105 2724 1194 2761 parte
1230 2720 1417 2752 determinat
1448 2720 1516 2752 eius
1549 2720 1831 2761 multiplicitatem,
1857 2721 1920 2752 ibi:
1950 2721 2057 2762 Bapti-

1104 2782 1197 2803 smus
1214 2777 1343 2804 temtum
1360 2777 1406 2804 esc
1422 2772 1695 2811 Sacramentum,
1712 2773 1769 2804 secl
1781 2773 1981 2814 poenitentia
1998 2777 2054 2805 etc.

1105 2825 1135 2856 111
1161 2825 1253 2856 tertia
1278 2828 1347 2866 post
1371 2825 1601 2857 distinctionem
1632 2825 1871 2867 multiplicitatis
1896 2826 1982 2867 ponit
2007 2835 2056 2858 no-

1104 2877 1287 2910 tificationes
1313 2878 1672 2919 poenitentiae-virtutis,
1699 2878 1756 2909 ibi:
1783 2878 1988 2910 Poeizz'tentz'ct
2013 2879 2058 2910 (ἰέ-

1104 2931 1192 2963 θίίῑιν
1216 2941 1237 2963 ιι
1258 2931 1445 2972 puniendo,
1471 2941 1537 2973 qula
1561 2931 1635 2973 (μοῖς
1656 2931 1755 2972 punit
1776 2931 1892 2963 illiciat
1917 2935 1984 2970 etc„
2002 2932 2056 2963 nbi

1104 2985 1190 3026 ponit
1214 2985 1366 3016 rationem
1391 2993 1409 3015 a
1434 2989 1522 3026 parte
1547 2984 1682 3016 nominis
1706 2988 1737 3016 et
1761 2994 1778 3016 a
1804 2989 1892 3026 parte
1918 2985 1972 3017 rei.

89 3245 159 3275 stini,
173 3244 233 3270 Can.
248 3246 288 3270 cit.
308 3247 332 3270 et
352 3245 408 3270 Vat.
423 3244 590 3271 humillimae
607 3244 789 3277 poeniteniam.
810 3245 856 3269 Pro
876 3243 950 3270 nobis
970 3243 1040 3270 (licat

89 3292 112 3312 et
130 3288 194 3313 intra
214 3296 261 3320 pro
281 3290 404 3314 nostrum
422 3288 473 3320 ilci,
491 3289 561 3321 quod
581 3289 676 3314 habent
697 3290 784 3320 plures
803 3289 863 3313 edd.
884 3296 942 3313 cum
964 3289 1039 3320 origi-

89 3331 151 3363 nali,
172 3332 229 3357 Vat.
251 3340 310 3358 cum
330 3334 385 3358 aliis
403 3332 475 3359 'cobis
495 3332 711 3359 dicat...t=estrum
733 3332 779 3358 ita.

159 3375 163 3391 ¹
187 3376 255 3401 Libr.
276 3377 291 3401 l.
307 3377 344 3402 Ad
365 3377 533 3402 Theodorum
548 3377 649 3408 lapsum
670 3377 813 3402 adhortatio
835 3384 857 3401 11.
873 3377 902 3407 (3;
923 3376 949 3402 C.
967 3376 1038 3402 Talis

89 3418 154 3444 milti
171 3419 254 3451 (28),
275 3420 336 3445 ibid.

1175 3244 1185 3259 ‘-'
1206 3244 1271 3268 Libr.
1293 3243 1319 3267 ll.
1341 3243 1402 3274 [leg.
1427 3243 1469 3272 1-2,
1495 3243 1530 3266 13.

1174 3287 1184 3303 ³
1204 3286 1331 3317 Ambros.⁷
1344 3286 1375 3311 de
1386 3286 1511 3317 Apologia
1524 3286 1613 3317 David,
1629 3286 1681 3311 c.7.
1694 3294 1717 3311 11.
1733 3287 1778 3315 38;
1791 3286 1817 3311 C.
1828 3286 1899 3312 Illud
1911 3293 1971 3312 vero
1983 3287 2055 3319 (26),

1103 3331 1179 3362 ibid.7
1195 3332 1238 3362 qui
1253 3337 1311 3355 cum
1332 3330 1449 3361 originali
1465 3335 1522 3361 post
1532 3329 1617 3363 plebis
1630 3336 1722 3356 errore
1742 3330 1807 3355 bene
1821 3331 1892 3356 addit
1911 3330 1990 3357 elium
2003 3330 2057 3364 ple-

1103 3375 1149 3401 bis.
1171 3376 1227 3400 Loci
1247 3375 1394 3406 Scripturae
1414 3378 1472 3399 sunt
1492 3375 1519 3399 ll.
1539 3375 1601 3406 neg.
1623 3374 1670 3405 24,
1695 3374 1735 3406 i7;
1757 3375 1772 3399 l.
1795 3375 1901 3406 Paralip.
1923 3376 1965 3403 21,
1989 3375 2025 3400 17.

1173 3418 1183 3434 ¹¹
1204 3418 1279 3443 Ilebr.
1305 3419 1341 3449 to,
1367 3419 1403 3442 lt).
1419 3418 1548 3443 —Locus
1567 3418 1696 3450 chrysost.
1717 3423 1755 3444 est
1774 3419 1866 3444 uomit.
1888 3419 1928 3444 20.
1950 3426 1974 3444 n.
2002 3420 2019 3444 1.
