2483 3882
163 1408 281 1439 Quaestio
289 1408 312 1433 1.

184 1442 312 1470 lateralis.

190 1517 254 1543 Argg.
270 1522 307 1542 pro

163 1546 222 1573 parte
252 1543 308 1564 affir-

163 1572 247 1590 maura.

196 2517 236 2537 Pro
250 2518 310 2542 parte

165 2543 269 2569 negativa.

331 267 372 297 ΞΟ
1086 261 1368 293 SENTENTIARUM
1393 262 1459 293 LIB.
1485 262 1530 294 lV.

410 354 440 385 4.
465 353 557 390 Item,
583 360 679 392 super
703 351 782 382 illud
806 350 918 382 Psalmi
934 350 960 380 1:
992 349 1189 381 Benedicam
1213 349 1272 380 Do-

324 406 471 443 minum,
496 404 554 447 qui
577 404 692 435 tribuit
714 402 798 435 milti
821 402 1037 439 intellectuum
1054 401 1162 433 Glossa
1179 401 1269 434 dicit:

328 458 442 490 «Deus
467 466 522 498 per
547 456 750 497 semetipsum
777 455 906 487 irradiat
929 455 996 496 pias
1014 457 1133 486 mentes
1149 466 1179 485 »z
1197 462 1272 495 ergo

324 520 396 542 cum
422 510 474 541 illa
499 508 659 541 irradiatio
684 508 737 539 fiat
760 516 817 549 per
842 507 948 539 lumen
973 506 1109 548 gratiae,
1134 509 1271 545 constat,

321 563 404 604 quod
430 562 529 603 gratia
553 565 599 593 est
622 570 640 592 a.
664 561 727 592 Deo
756 560 955 592 immediate:
981 568 1040 591 non
1067 568 1141 600 ergo
1173 568 1191 591 a
1223 559 1272 591 Sa-

322 614 499 647 cramentis.

410 668 438 697 ὃ.
463 666 557 704 item,
588 665 721 697 «virtus
745 668 809 703 est,
834 673 929 706 quam
951 664 1035 696 Deus
1052 664 1083 695 in
1101 664 1190 696 001115
1207 664 1273 696 5100

321 719 411 752 nobis
435 723 585 761 operatur
597 719 608 735 ²
624 730 653 749 »z
680 719 705 750 si
722 727 797 759 ergo
813 726 875 749 non
893 721 1043 759 operatur
1060 717 1090 748 in
1108 717 1198 749 nohis
1215 717 1274 748 vir-

322 776 418 804 tutem
444 781 501 813 per
523 771 696 803 subiectam
714 773 911 809 creaturam,
927 779 984 811 per
1001 778 1196 811 consequens
1216 778 1273 801 nec

321 824 464 866 gratiam.

411 878 439 908 6.
464 876 557 914 Item,
582 876 660 907 ordo
685 875 778 907 debet
801 875 922 907 servari
946 875 977 906 in
994 874 1176 916 agentibus:
1199 883 1273 915 ergo

321 930 405 962 Deus
430 938 485 970 per
511 929 616 960 minus
639 928 743 960 nobile
767 937 828 959 non
853 927 946 960 debet
969 927 1102 959 influere
1127 927 1156 958 in
1174 927 1274 967 magis

321 982 446 1020 nobile3
479 982 532 1014 sed
566 981 670 1013 anima
703 981 836 1012 nobilior
868 984 914 1012 est
946 981 1166 1012 Sacramento:
1199 988 1274 1020 ergo

322 1036 406 1067 Deus
430 1044 490 1066 non
515 1034 617 1066 influit
641 1043 697 1075 per
729 1034 965 1066 Sacramentum
992 1033 1125 1073 gratiam
1150 1033 1179 1063 in
1212 1031 1274 1063 ani-

322 1097 426 1120 mam:
452 1096 526 1128 ergo
550 1087 650 1128 gratia
673 1096 691 1117 a
715 1086 781 1118 solo
805 1086 868 1117 Deo
893 1089 939 1117 est
963 1084 1110 1127 effective.
1132 1085 1160 1115 Si
1180 1084 1274 1125 igitur

323 1141 559 1172 Sacramentum
585 1142 631 1171 est
655 1138 773 1179 graIIae
797 1146 909 1175 causa,
935 1137 993 1168 hoc
1016 1139 1062 1168 est
1086 1136 1187 1167 solum
1213 1135 1275 1166 dis-

319 1192 466 1234 positive.

411 1347 579 1389 Quaeritur
603 1355 695 1388 ergo,
720 1349 828 1377 utrum
854 1345 1091 1376 Sacramentum
1116 1343 1155 1375 sit
1179 1352 1274 1375 causa

321 1401 495 1442 disponens
518 1400 557 1431 ad
582 1399 725 1441 gratiam.
750 1398 840 1439 Quod
864 1398 923 1436 sic,
950 1397 1096 1429 videtur:

412 1455 438 1485 1.
464 1453 542 1494 Quia
566 1452 591 1484 si
624 1452 824 1484 Sacramenta
855 1459 955 1482 novae
987 1450 1064 1491 legis
1095 1452 1199 1481 essent
1230 1458 1275 1480 so-

322 1507 387 1539 lum
413 1515 508 1539 causa
531 1506 601 1537 siite
625 1515 692 1547 qud
715 1514 799 1542 iton,
822 1507 896 1536 tunc
913 1513 988 1544 ergo
1013 1503 1043 1534 in
1068 1502 1189 1534 ratione
1205 1510 1275 1533 cau-

322 1560 410 1592 sandi
435 1568 495 1591 non
529 1558 692 1590 differrent
716 1566 734 1589 a
758 1557 967 1588 Sacramentis
997 1555 1074 1596 legis
1105 1554 1221 1587 veteris
1245 1557 1275 1585 et

321 1616 425 1645 essent
440 1612 471 1643 in
489 1620 568 1643 onus
582 1611 612 1649 3;
630 1610 684 1643 sed
708 1610 768 1642 hoc
792 1612 839 1641 est
862 1608 1101 1641 inconvenieus:
1124 1617 1198 1649 ergo
1216 1610 1272 1639 etc.

409 1666 438 1696 ζ).
464 1665 557 1702 Item,
584 1667 644 1695 tam
671 1662 781 1703 Hugo⁴
814 1670 909 1703 quam
938 1660 1084 1702 Magister
1108 1660 1137 1691 in
1172 1660 1275 1691 littera

322 1726 415 1759 quam
442 1717 536 1748 etiam
560 1716 611 1747 alii
637 1715 764 1752 dicunt,
782 1714 864 1756 quod
884 1714 969 1746 Deus
993 1722 1050 1755 per
1073 1713 1275 1745 Sacramenta

320 1774 486 1811 regenerat
509 1769 667 1800 animam:
701 1777 775 1808 ergo
800 1768 1035 1799 Sacramentum
1061 1769 1109 1798 est
1133 1765 1273 1797 medium

322 1823 452 1855 actionis
469 1822 593 1854 divinae
610 1821 640 1852 in
658 1821 810 1858 animam3
825 1820 880 1852 sed
895 1828 986 1851 omne
1004 1819 1144 1851 medium
1161 1818 1273 1859 agendi

320 1879 375 1907 aut
400 1879 447 1908 est
471 1873 619 1916 deferens
648 1873 821 1911 virtutem,
846 1876 901 1904 aut
925 1872 1122 1913 disponeiis;
1146 1871 1200 1903 sed
1225 1871 1274 1902 Sa-

322 1932 519 1961 cramentum
544 1936 606 1959 non
631 1925 756 1968 defert:
782 1935 856 1967 ergo
881 1925 1032 1966 disponit.

412 1980 441 2012 3.
466 1981 559 2019 Item,
589 1979 821 2011 «Sacramenta
842 1981 915 2010 sunt
933 1977 1106 2009 medicinae
1130 1976 1275 2018 spiritua-

322 2032 391 2065 les⁵
409 2045 440 2070 »3
465 2032 518 2065 sed
544 2032 699 2064 medicina
730 2030 902 2071 corporalis
932 2029 1068 2071 disponit
1091 2029 1132 2061 ad
1164 2029 1275 2060 sanita-

321 2089 383 2118 tem
409 2084 624 2126 corporalem:
658 2093 732 2125 ergo
761 2082 916 2115 medicina
940 2081 1114 2124 spiritualis
1138 2081 1275 2122 disponit

321 2138 361 2170 ad
386 2138 549 2169 sanitatem
575 2136 780 2177 spiritualem.

409 2191 439 2222 li.
465 2190 558 2227 Item,
584 2189 608 2221 si
633 2188 709 2220 nihil
736 2188 938 2229 disponerent
954 2196 1011 2219 nec
1028 2190 1275 2228 cooperarentur

321 2243 361 2275 ad
386 2242 550 2274 sanitatem
568 2242 690 2273 animae
701 2267 708 2279 ‚
725 2250 824 2282 aeque
841 2241 920 2272 liene
938 2240 1004 2272 sine
1021 2240 1069 2272 his
1086 2242 1192 2281 posset
1207 2239 1276 2271 fieri

322 2296 425 2333 salus,
459 2295 540 2327 sicut
569 2303 640 2326 cum
666 2294 730 2326 eis:
756 2302 831 2335 ergo
855 2293 1000 2334 imposita
1028 2292 1117 2324 nobis
1141 2292 1170 2323 10
1195 2300 1276 2323 nova

322 2348 390 2389 lege
414 2348 518 2389 potius
543 2347 676 2379 dicenda
700 2350 773 2378 sunt
797 2355 893 2378 onera
922 2354 1017 2387 quam
1049 2344 1276 2383 medicamina,

323 2405 353 2433 et
377 2401 429 2432 Iex
453 2409 534 2433 nova
559 2400 610 2431 lex
635 2399 757 2437 oneris,
783 2408 843 2430 non
869 2398 1032 2430 suavitatis
1047 2397 1067 2428 ὓ.

412 2454 470 2485 SED
495 2462 637 2485 con‘rnA:
667 2453 692 2483 I.
718 2451 886 2493 Dispositio
917 2450 1078 2492 praecedit
1107 2449 1205 2487 illud,
1237 2449 1276 2480 ad

325 2506 409 2548 quod
434 2505 588 2547 disponit,
620 2514 680 2536 non
714 2504 816 2536 solum
841 2507 972 2542 natura,
998 2503 1052 2535 sed
1077 2502 1171 2534 etiam
1204 2505 1277 2533 tem-

1337 358 1413 390 pore
1428 350 1437 364 ⁷
1451 362 1459 388 3
1484 350 1538 381 sed
1563 349 1658 381 simul
1691 352 1737 381 est
1767 348 1957 380 Sacramenti
1982 349 2140 390 perceptio
2164 353 2194 381 et
2218 358 2285 391 gra-

1336 402 1397 434 tiae
1421 402 1534 434 infusio
1558 405 1719 443 tempore:
1745 409 1819 441 ergo
1843 401 2078 433 Sacramentum
2103 411 2164 433 non
2185 402 2285 443 dispo-

1337 455 1381 486 nit
1406 455 1445 487 ad
1470 448 1610 495 gratiam.

1426 509 1455 539 2.
1479 507 1572 545 Item,
1605 506 1705 547 gratia
1736 514 1776 537 ex
1809 505 1907 537 nihilo
1935 509 1965 537 et
1989 505 2092 537 subito
2116 507 2284 545 creatur⁵,

1337 567 1411 600 ergo
1435 558 1522 590 nullo
1550 558 1667 599 indiget
1699 557 1882 598 disponente
1905 557 1945 589 ad
1970 557 2046 596 hoc,
2070 561 2105 589 ut
2128 558 2185 589 sit:
2211 567 2285 599 ergo

1337 611 1537 643 Sacramenta
1558 620 1619 642 non
1643 610 1814 651 disponunt
1837 610 1877 641 ad
1902 609 2044 650 gratiam.
2060 628 2105 632 ——
2121 610 2158 642 Si
2174 610 2285 648 dicas,

1337 664 1421 705 quod
1453 672 1513 695 non
1547 663 1717 704 disponunt
1745 662 1785 694 ad
1810 662 1885 702 hoc,
1911 662 1997 703 quod
2020 663 2119 703 gratia
2143 663 2199 702 sit,
2231 663 2286 695 sed

1336 716 1376 747 ad
1408 716 1484 754 hoc,
1516 715 1601 756 quod
1634 715 1705 746 insit
1737 714 1795 756 ipsi
1828 714 1968 752 animae,
2003 714 2088 746 unde
2123 714 2288 747 habilitant

1337 769 1437 810 ipsam
1461 768 1597 800 animam
1623 767 1817 809 disponendo
1841 767 1879 799 ad
1905 767 2023 808 gratiae
2039 767 2287 808 susceptionemg

1338 825 1476 852 contra:
1501 830 1567 852 esse
1591 820 1708 862 gratiae
1732 824 1778 852 est
1803 828 1896 852 suum
1922 819 2044 857 inesse,
2067 829 2137 852 cum
2156 820 2196 852 sit
2212 820 2288 852 acci-

1338 873 1456 905 dens0:
1489 882 1564 914 ergo
1595 873 1619 904 si
1653 881 1713 904 uon
1746 872 1841 904 habet
1873 868 2109 914 dispositionem
2141 872 2181 904 ad
2211 872 2287 912 hoc,

1337 926 1422 967 quod
1445 925 1506 963 sit,
1532 934 1588 957 nec
1612 925 1650 957 ad
1676 925 1753 963 hoc,
1777 925 1862 966 quod
1887 925 1974 956 insit.

1427 978 1456 1010 3.
1481 979 1573 1016 Item,
1598 978 1623 1010 si
1656 978 1856 1010 Sacramenta
1888 978 2059 1019 diSponunt
2089 977 2228 1009 animam
2259 981 2289 1010 et

1338 1031 1521 1069 habilitant,
1545 1040 1620 1072 ergo
1645 1030 1782 1062 influunt
1799 1031 1829 1061 10
1853 1030 1975 1071 ipsam3
1999 1031 2053 1063 sed
2078 1031 2202 1062 nullum
2224 1040 2290 1063 cor-

1337 1084 1445 1125 porale
1478 1083 1578 1115 influit
1610 1083 1640 1114 in
1672 1083 1799 1125 aliquod
1833 1083 1997 1124 spirituale
2010 1084 2050 1114 l⁰:
2077 1092 2151 1125 ergo
2184 1084 2288 1116 Sacra-

1339 1139 1461 1174 menta,
1475 1145 1547 1167 cum
1565 1136 1626 1167 sint
1643 1135 1835 1177 corporalia,
1853 1145 1912 1167 non
1931 1135 2067 1167 influunt
2082 1136 2112 1167 in
2130 1136 2267 1168 animam
2282 1148 2288 1168 :

1338 1197 1413 1228 ergo
1436 1197 1497 1219 non
1522 1188 1688 1219 habilitant
1712 1188 1811 1228 ipsam
1836 1196 1893 1219 nec
1918 1188 2102 1229 disponunt.

1426 1345 1464 1377 Si
1494 1345 1587 1376 dicas
1620 1345 1715 1383 forte,
1740 1345 1825 1386 quod
1850 1345 1880 1376 in
1909 1345 1984 1386 ipsis
2007 1346 2215 1378 Sacramentis
2243 1349 2289 1378 est

1338 1398 1444 1439 aliqua
1466 1397 1575 1429 virtus
1598 1397 1799 1439 spiritualis,
1824 1406 1881 1439 per
1905 1406 2001 1439 quam
2024 1397 2161 1430 influunt
2181 1398 2211 1429 in
2228 1398 2290 1429 ani-

1338 1460 1440 1487 mam;
1464 1451 1628 1492 quaeritur
1657 1459 1732 1491 ergo
1760 1450 1880 1482 ratione
1909 1450 2022 1489 huius,
2046 1454 2156 1482 utrum
2185 1451 2216 1481 in
2241 1451 2445 1491 Sa-Quaestioss·

1338 1503 1506 1535 oramentis
1535 1503 1574 1535 sit
1602 1502 1717 1545 cdiqita
1744 1502 1869 1540 virtus,
1893 1511 1949 1543 per
1975 1511 2070 1544 quam
2099 1502 2231 1534 influant
2258 1502 2290 1534 in
2317 1486 2446 1513 lateratus.

1337 1556 1438 1596 ipsam
1462 1555 1609 1586 animam.
1636 1556 1670 1586 Et
1694 1555 1777 1596 quod
1803 1564 1882 1593 non,
1907 1555 2052 1587 videtur:

1430 1609 1456 1639 I.
1482 1607 1561 1648 Quia.
1585 1607 1639 1639 illa
1663 1607 1765 1639 virtus
1789 1611 1843 1640 aut
1859 1611 1906 1639 est
1929 1598 2135 1645 substantia,
2160 1610 2215 1639 aut
2238 1617 2290 1639 cic·
2330 1616 2393 1642 Argg.
2409 1622 2447 1642 pm

1338 1661 1458 1692 cidens.
1483 1660 1511 1691 Si
1536 1660 1744 1697 substantia,
1776 1664 1832 1692 001
1855 1660 1956 1698 Deus,
1981 1664 2036 1692 aut
2059 1660 2211 1701 Angelus,
2235 1646 2363 1692 autffiss
2386 1648 2449 1668 nega*

1337 1713 1460 1750 anima;
1477 1713 1601 1745 nullum
1619 1713 1733 1745 horum
1751 1721 1820 1745 esse
1834 1713 1867 1751 ¹¹,
1884 1716 2005 1745 certum
2023 1716 2086 1751 est,
2103 1712 2177 1754 quia
2194 1713 2219 1744 si
2236 1712 2289 1744 illa

1337 1766 1440 1813 virtus
1464 1770 1511 1797 est
1535 1765 1574 1797 de
1597 1765 1817 1804 Sacramento,
1847 1768 1921 1797 tunc
1945 1765 2029 1797 Deus
2053 1768 2100 1797 est
2124 1765 2163 1797 de
2186 1765 2291 1797 Sacra-

1338 1821 1453 1849 mento.
1479 1818 1507 1848 Si
1532 1817 1685 1849 decidens
1698 1829 1708 1854 ;
1731 1817 1786 1849 sed
1811 1817 1935 1849 nullum
1953 1817 2098 1849 accidens
2114 1816 2290 1858 spirituale

1338 1873 1385 1902 est
1408 1870 1439 1901 in
1463 1870 1604 1902 subiecto
1628 1869 1815 1911 corporali:
1848 1878 1923 1910 ergo
1954 1873 2009 1901 aut
2032 1869 2086 1901 illa
2110 1870 2212 1901 virtus
2244 1873 2291 1901 est

1338 1922 1542 1964 corporalis,
1567 1926 1597 1954 et
1621 1922 1664 1954 sic
1688 1932 1748 1954 non
1774 1921 1906 1960 influet,
1930 1926 1985 1954 aut
2009 1922 2035 1954 si
2059 1925 2105 1954 est
2132 1921 2291 1963 spiritud—

1339 1975 1398 2013 lis,
1423 1985 1484 2007 non
1508 1978 1556 2008 est
1579 1975 1609 2006 in
1634 1976 1844 2007 Sacramento.

1428 2029 1456 2059 Ξ.
1482 2027 1576 2065 Item,
1600 2027 1654 2058 illa
1677 2027 1780 2059 virtus
1811 2030 1858 2059 est
1891 2026 2029 2064 bonum,
2062 2030 2203 2065 constat;
2236 2030 2308 2059 aut⁹

1340 2090 1414 2122 ergo
1438 2084 1485 2113 est
1508 2081 1626 2112 bonum
1651 2089 1831 2122 magnum,
1856 2084 1911 2112 aut
1934 2079 2113 2118 mediocre,
2138 2084 2193 2111 aut
2212 2089 2291 2120 par-

1339 2143 1436 2171 vum,
1455 2133 1535 2166 sicut
1559 2132 1670 2165 dividit
1695 2132 1887 2174 Augustinus
1901 2127 1930 2163 ¹2.
1948 2133 2013 2164 Non
2030 2132 2069 2165 de
2084 2132 2289 2170 maioribus,

1340 2186 1414 2227 quia
1437 2189 1512 2218 tunc
1537 2189 1618 2218 esset
1642 2185 1760 2226 gratia,
1784 2185 1834 2217 vel
1857 2184 1958 2217 virtus
1975 2184 2129 2226 gratuita,
2147 2193 2226 2226 quae
2244 2188 2291 2217 est

1340 2239 1370 2270 in
1396 2238 1462 2270 sola
1486 2238 1609 2276 anima,
1641 2247 1703 2269 non
1735 2237 1915 2275 mediocre,
1940 2238 2014 2279 quia
2038 2237 2112 2269 talia
2136 2240 2210 2269 sunt
2239 2246 2291 2278 po-

1340 2291 1455 2323 tentiae
1478 2291 1623 2323 animae:
1648 2299 1723 2331 ergo
1747 2293 1794 2322 est
1817 2290 1935 2322 honum
1961 2289 2122 2331 infinitam.
2148 2289 2206 2321 Sed
2231 2289 2290 2321 hoc

1341 2347 1388 2375 est
1410 2343 1529 2375 bonum
1553 2342 1746 2384 corporale:
1771 2351 1845 2384 ergo
1870 2342 1923 2373 illa
1947 2342 2049 2374 virtus
2072 2351 2135 2373 non
2159 2344 2206 2373 est
2228 2341 2291 2383 spi-

1341 2395 1477 2427 ritucdis
1501 2398 1532 2427 et
1554 2404 1615 2427 non
1640 2394 1742 2427 influit
1766 2395 1797 2427 in
1821 2395 1970 2426 animam.

1430 2448 1458 2481 3.
1484 2449 1578 2487 Item,
1602 2448 1726 2480 nullum
1751 2447 1924 2489 corporale
1957 2447 2109 2488 recipitur
2140 2447 2171 2478 in
2195 2446 2291 2488 spiri-

1342 2501 1428 2532 tuali
1450 2500 1687 2542 corporaliter,
1706 2500 1761 2532 sed
1785 2500 1887 2532 solum
1911 2499 2134 2541 spiritualiter
2144 2499 2186 2530 ¹³:
2216 2508 2290 2540 ergo

394 2638 401 2653 ¹
425 2638 516 2662 Psalm.
540 2637 584 2668 15,
605 2637 635 2667 Ἲς
656 2636 701 2661 sed
722 2636 810 2660 Glossa
831 2636 967 2666 Augustini
987 2635 1097 2660 refertur
1116 2641 1129 2659 a
1145 2633 1237 2659 Strabo
1251 2637 1276 2659 01

322 2682 424 2712 Lyrauo
438 2682 462 2706 in
478 2681 515 2705 Ps.
532 2681 539 2705 =I
552 2681 589 2711 Is,
603 2680 650 2705 73:
674 2680 712 2705 Da
731 2679 798 2705 milti
808 2678 977 2705 intellectitiii.
993 2678 1076 2703 Verba
1092 2680 1202 2709 August.
1215 2677 1276 2702 vide

324 2729 385 2750 tom.
406 2726 447 2756 III,
468 2732 527 2756 pag.
549 2724 613 2755 895,
634 2726 692 2749 nota
714 2725 736 2748 rrl.
757 2723 806 2748 Csr.
826 2724 902 2748 etiam
923 2723 955 2747 83
976 2722 1024 2754 Qq.
1045 2729 1069 2754 q.
1090 2721 1131 2746 53.
1152 2728 1177 2746 n.
1198 2722 1220 2746 2.

395 2769 405 2784 ²
425 2769 460 2793 De
479 2769 527 2793 hac
546 2775 577 2793 ex
595 2769 703 2798 August.
731 2766 842 2792 delibata
867 2766 1015 2791 definitione
1040 2766 1142 2790 virtutis
1168 2765 1228 2789 vide
1248 2764 1274 2789 ll.

326 2813 393 2837 Sent.
414 2812 447 2836 Iit.
468 2812 595 2842 MagiStri,
616 2811 641 2835 d.
656 2811 757 2835 XXVII.
778 2817 799 2835 c.
819 2810 842 2834 5.
857 2824 890 2827 —-
904 2809 985 2834 Codd.
1005 2809 1053 2833 FH
1074 2808 1107 2840 (V
1126 2815 1140 2833 a
1161 2808 1274 2833 secunda

327 2856 417 2888 mauu)
431 2859 490 2887 post
508 2855 594 2880 'uirtus
608 2856 646 2880 est
658 2854 757 2879 addunt
770 2853 900 2887 qualitas,
915 2853 972 2878 cod.
987 2853 1002 2877 l.
1016 2853 1042 2884 (a
1057 2852 1171 2877 secunda
1185 2854 1273 2883 manu)

325 2899 394 2925 bona
413 2898 529 2932 qualitas
548 2898 656 2930 mentis,
678 2899 708 2923 ut
726 2897 764 2923 ait
783 2897 958 2930 Auyustiiius.

394 2942 405 2958 3
425 2942 491 2967 Vide
510 2943 551 2967 liic
570 2942 604 2967 Iit.
624 2942 744 2973 Magistri,
765 2948 786 2966 0.
808 2941 838 2973 4,
858 2943 882 2966 et
902 2941 937 2965 III.
958 2941 1025 2965 Seni.
1046 2940 1071 2965 d.
1092 2939 1132 2964 40.
1153 2946 1177 2970 q.
1198 2939 1222 2963 3.

396 2985 406 3002 ⁴
425 2986 492 3011 Libr.
520 2986 536 3010 I.
562 2985 595 3011 de
620 2986 733 3010 Sacram.
760 2992 785 3016 p.
814 2985 856 3009 IX.
882 2991 903 3009 c.
933 2985 956 3015 2,
982 2987 1007 3009 et
1031 2983 1058 3008 II.
1084 2990 1110 3014 p.
1137 2983 1178 3007 VI.
1204 2988 1225 3007 e.
1250 2982 1273 3006 2.

326 3030 423 3054 ——Hic
448 3030 483 3054 111.
510 3030 629 3060 Magistri,
659 3035 679 3054 c.
710 3029 737 3060 4,
763 3031 787 3053 et
814 3028 879 3053 infra
908 3028 932 3053 d.
959 3028 995 3052 III.
1022 3034 1043 3052 c.
1063 3028 1087 3052 9.
1108 3026 1173 3051 Vide
1198 3026 1274 3050 etiam

325 3075 442 3105 August„
462 3074 479 3098 1.
499 3073 531 3098 de
551 3074 679 3098 Peccator.
699 3079 763 3097 mor.
783 3076 808 3097 01
826 3073 924 3097 remiss.
940 3075 987 3097 010.
1002 3078 1023 3096 c.
1039 3071 1080 3095 31.
1094 3078 1118 3095 u.
1137 3071 1178 3095 60.
1192 3076 1274 3101 seqq.⁷

326 3121 350 3142 et
369 3118 395 3142 Il.
415 3125 436 3142 c.
457 3118 498 3142 27.
519 3125 543 3142 0.
565 3117 606 3142 43.

396 3161 407 3177 ⁵
425 3162 500 3192 Hugo
520 3168 533 3185 a
554 3162 578 3185 S.
599 3161 678 3190 Vict,
699 3161 715 3184 I.
736 3160 768 3185 de
788 3160 902 3184 Sacram.
923 3167 947 3190 p.
969 3159 1010 3183 IX.
1031 3166 1053 3184 c.
1074 3158 1097 3182 5.

395 3204 406 3220 ⁶
426 3205 569 3235 1105010110]-
599 3205 683 3229 Matth.
713 3205 752 3234 II,
785 3204 832 3229 30:
862 3204 953 3234 Iugum
982 3203 1051 3227 enim
1078 3208 1164 3226 meum
1193 3207 1274 3225 suave

327 3250 364 3273 est
382 3250 429 3272 etc.
450 3262 483 3264 —
502 3247 565 3272 Cod.
586 3248 603 3271 A
625 3254 707 3280 quam
725 3247 881 3278 suavitatis,
903 3247 947 3279 qui
967 3246 1024 3271 cod.
1045 3246 1121 3270 etiam
1142 3251 1201 3269 cum
1221 3244 1274 3275 plu-

326 3290 398 3316 ribus
418 3291 473 3315 aliis
492 3294 549 3315 aute
569 3290 657 3316 oneris
676 3292 769 3315 omiuit
789 3290 839 3316 lex.

396 3334 407 3350 ⁷
428 3334 493 3358 Vide
512 3337 573 3358 tom.
594 3334 620 3358 ΙΙ.
641 3341 700 3365 pag.
721 3334 786 3365 682,
806 3337 864 3359 nota
885 3335 909 3359 3.

396 3378 407 3394 8
426 3378 583 3403 Cfr.Il.Sent.
592 3378 616 3402 d.
626 3378 666 3402 26.
676 3385 699 3410 q.
709 3378 731 3402 3.
740 3385 834 3410 seq.—
843 3377 1011 3404 Proetsitbito
1019 3377 1077 3404 cod.
1087 3378 1106 3402 N
1117 3377 1273 3404 lnsubz'ecto.

1410 2632 1421 2648 9
1440 2634 1551 2663 Aristot„
1573 2633 1624 2657 VII.
1653 2632 1763 2664 Metaph.
1792 2635 1849 2657 text.
1881 2633 1904 2656 2.
1932 2632 1984 2662 (Vl.
2014 2638 2035 2656 c.
2057 2631 2091 2663 Ἰ.)
2111 2631 2198 2662 docet,
2219 2630 2291 2663 quod

1340 2677 1461 2703 accidi-its
1481 2678 1596 2702 nominat
1616 2684 1666 2701 non
1686 2681 1737 2702 tam
1758 2683 1804 2702 ciis
1824 2683 1901 2708 quam
1922 2682 1968 2701 ciis
1987 2674 2067 2707 entis,
2090 2676 2212 2707 quoniam
2232 2674 2291 2699 sub-

1340 2723 1435 2747 iectum
1454 2722 1476 2746 ei
1496 2722 1645 2747 naturaliter
1672 2721 1872 2746 determinatum
1900 2722 1946 2744 est.
1971 2734 2004 2737 -—
2025 2720 2073 2744 Pro
2092 2718 2289 2751 dispositionem

1340 2766 1416 2791 codd.
1435 2766 1454 2790 A
1466 2766 1488 2790 K
1508 2772 1538 2790 aa
1557 2764 1703 2797 disponere.

1410 2809 1432 2826 1⁰
1450 2812 1568 2841 August.y
1589 2809 1629 2833 VI.
1651 2809 1683 2834 de
1702 2809 1813 2839 Musica,
1835 2815 1856 2833 c.
1878 2808 1901 2832 5.
1922 2815 1946 2832 0.
1967 2808 1996 2839 8,
2010 2810 2035 2832 01
2048 2807 2100 2832 XII.
2121 2807 2153 2832 de
2173 2808 2235 2832 Gen.
2255 2807 2289 2832 ad

1340 2853 1373 2878 Iit.
1394 2860 1415 2878 c.
1436 2854 1476 2877 20.
1499 2860 1522 2877 0.
1544 2853 1590 2877 42:
1610 2852 1699 2884 Neque
1718 2853 1786 2876 enim
1807 2850 1930 2884 [corpus]
1952 2851 2028 2876 Iiabet
2041 2858 2099 2876 eam
2112 2852 2180 2882 vim,
2200 2853 2228 2876 ut
2241 2851 2289 2876 sor-

1339 2901 1391 2923 met
1411 2897 1507 2929 aliquid
1526 2897 1647 2928 spIritale.

1410 2940 1430 2956 ¹1
1452 2941 1485 2965 Ex
1504 2940 1580 2965 codd.
1594 2941 1616 2965 M
1628 2939 1647 2964 O
1667 2940 1849 2971 supplevimus
1869 2946 1932 2971 esse,
1948 2946 1995 2970 pro
2010 2946 2062 2972 quo
2081 2946 2131 2964 nou
2152 2940 2228 2970 pauci
2247 2939 2289 2963 alii

1339 2983 1415 3009 codd.
1435 2984 1489 3013 θείς
1509 2983 1566 3008 cod.
1586 2983 1604 3008 L
1624 2984 1715 3009 omittit
1735 2989 1789 3008 esse
1808 2983 1918 3009 certum.
1937 2983 2073 3015 Aquuanto
2092 2983 2213 3014 superius
2231 2984 2289 3013 post

1339 3026 1429 3060 aliqua
1448 3026 1533 3052 virius
1552 3026 1629 3051 codd.
1648 3027 1699 3052 VZ
1719 3026 1817 3051 addunt
1835 3025 1991 3058 spiritualis.

1409 3070 1431 3087 ¹²
1450 3070 1517 3095 Libr.
1539 3071 1564 3095 II.
1584 3071 1617 3096 de
1637 3070 1692 3096 Lib.
1712 3070 1772 3095 Arb.
1792 3077 1814 3095 c.
1842 3070 1881 3094 119.
1902 3077 1926 3095 n.
1953 3070 1994 3095 50.
2025 3069 2090 3095 Vide
2114 3069 2139 3093 II.
2160 3070 2228 3094 Sent.
2254 3069 2288 3093 Iit.

1339 3116 1462 3147 Magistri,
1481 3115 1506 3140 d.
1533 3115 1635 3140 XXVII.
1659 3122 1680 3140 c.
1701 3115 1724 3139 3.
1747 3128 1782 3132 —
1804 3115 1852 3139 Pro
1879 3113 1971 3139 dividit
1996 3113 2072 3139 codd.
2091 3113 2110 3138 B
2125 3113 2143 3138 C
2158 3113 2179 3137 D
2194 3113 2202 3138 I
2218 3113 2239 3137 V
2265 3115 2290 3137 et

1338 3160 1379 3185 ed.
1400 3160 1409 3184 I
1432 3159 1501 3185 dicit.
1517 3159 1542 3184 In
1561 3159 1611 3184 fine
1630 3166 1684 3190 arg.
1709 3165 1757 3190 pro
1776 3159 1801 3184 et
1818 3164 1872 3183 iton
1891 3158 1948 3183 cod.
1968 3159 1987 3182 G
2007 3158 2032 3183 et
2049 3157 2087 3183 sic
2105 3163 2168 3188 non,
2190 3156 2247 3182 cod.
2268 3156 2288 3180 H

1338 3210 1401 3237 erqo
1420 3209 1482 3229 iton.

1409 3246 1430 3263 ¹³
1450 3246 1515 3271 Vide
1540 3247 1650 3277 AriStot.‚
1680 3246 1705 3271 II.
1732 3246 1763 3270 de
1787 3246 1892 3276 Anima,
1913 3247 1970 3270 text.
1998 3245 2056 3269 1121.
2077 3243 2110 3275 (c.
2137 3243 2188 3275 12.)
2209 3246 2232 3268 et
2251 3243 2287 3268 III.

1339 3292 1396 3315 text.
1417 3291 1458 3315 37.
1478 3297 1550 3322 seqq.
1571 3289 1603 3321 (c.
1626 3289 1670 3321 8.).
1683 3302 1718 3307 —-
1732 3288 1794 3314 Cod.
1814 3289 1831 3313 S
1850 3288 2017 3320 prosequitur
2035 3293 2050 3312 α
2064 3287 2217 3319 permutata
2228 3292 2288 3319 pro-

1335 3333 1457 3367 portione
1476 3333 1534 3367 [csr.
1555 3337 1616 3359 tom.
1637 3333 1672 3357 III.
1692 3340 1752 3364 pag.
1772 3332 1837 3364 684,
1856 3335 1915 3357 nota
1935 3330 1988 3364 3.]‚
2008 3337 2071 3364 erqo
2093 3329 2216 3356 similiter
2239 3334 2287 3355 etc.

1338 3378 1446 3403 Inferius
1465 3380 1523 3409 post
1541 3376 1587 3403 sed
1605 3377 1661 3402 cod.
1682 3376 1718 3402 bb
1737 3376 1809 3401 addit
1827 3375 1924 3402 solu-m.
