2483 3882
844 241 1054 275 DlsTtNCTtO
1078 240 1200 274 XLVlll.

38 337 142 379 aliquo
166 335 259 368 modo
284 336 357 366 sunt
379 332 451 365 facti
476 332 515 364 de
541 331 695 370 Ecclesia3
720 331 762 363 ita
787 339 921 372 sponsus
939 330 988 362 Ec-

38 389 148 422 clesiae
171 387 270 424 filios,
294 390 330 418 ut
352 384 513 422 ostendat,
537 391 590 415 eos
614 383 692 415 salso
716 386 853 424 gestasse
881 382 989 414 chara-

37 445 163 474 cterem.
196 439 282 471 Unde
314 437 388 479 qnia
420 437 459 469 de
490 436 559 468 aliis
592 435 667 467 satis
690 438 837 476 apparet,
862 434 945 476 quod
971 443 988 465 a

38 493 91 526 Dei
117 501 214 534 regno
238 491 299 523 sint
322 488 515 522 excludendi
540 491 667 530 propter
705 487 862 520 defectum
892 487 990 528 signa-

37 547 97 580 culi
123 544 255 583 Christi3
282 544 339 576 bos
372 550 499 574 necesse
522 544 569 573 est
593 540 700 582 argui,
724 544 760 572 ut
784 543 904 581 pateat,
936 548 989 571 eos

38 600 116 632 falso
140 596 337 640 signaculum
363 594 475 628 Christi
502 596 648 635 gestasse.

126 650 216 692 Quod
241 648 405 686 obiicitur,
430 647 515 689 quod
545 645 649 678 minus
681 648 862 683 merentum
891 644 990 676 dicen-

39 704 134 742 dum,
162 702 246 744 quod
272 699 473 733 credentibus
497 698 626 740 prodest
649 706 689 730 ex
714 701 803 739 parte
819 696 991 730 credidisse

40 765 97 799 pro
120 759 280 797 tempore,
313 762 375 795 quo
407 752 536 784 fuerunt
560 751 591 783 in
616 750 695 789 fide,
718 758 776 792 pro
800 749 861 782 alio
885 752 989 781 autem

0 840 2 842 .
42 814 182 851 tempore
206 811 316 845 nocet3
341 809 371 838 et
395 815 452 847 pro
476 805 580 846 primo
604 807 763 845 tempore,
787 802 861 844 quia
877 801 992 834 habue-

0 1661 32 1683 tio.

42 865 117 895 runt
144 869 308 894 assensum
332 862 363 892 et
387 857 591 891 crediderunt
615 855 712 889 verbo
735 855 808 894 Dei,
830 857 992 887 merentur

41 913 152 947 audire
177 912 309 945 verbum
335 911 411 949 Dei;
440 910 494 942 sed
527 908 676 951 quoniam
708 908 738 940 in
771 907 852 939 bono
883 909 993 947 coepto

41 976 102 1000 non
127 967 387 1008 permanserunt,
411 963 482 995 ideo
506 961 640 994 verbum
657 959 843 993 eruditionis
868 967 995 991 conver—

41 1020 118 1052 titur
142 1019 187 1051 eis
210 1018 241 1050 in
267 1017 400 1049 verbum
426 1014 657 1057 redargutionis
673 1013 692 1044 ¹.

449 1121 525 1153 Duss.
551 1120 583 1151 ll.

132 1230 206 1262 Item
232 1227 396 1270 quaeritur
422 1226 460 1258 de
484 1226 542 1258 hoc
567 1225 651 1267 quod
677 1224 769 1262 dicit,
794 1223 878 1265 quod
902 1222 997 1254 mini-

44 1283 143 1316 sterio
175 1281 378 1324 Anyclorum
403 1289 467 1311 non
499 1282 544 1310 est
577 1277 798 1309 clubitcmdum
831 1275 889 1308 illa
912 1274 996 1316 ficri.

45 1337 176 1369 Videtur
200 1334 283 1367 enim
310 1333 389 1365 male
414 1332 534 1364 dicere:
560 1330 634 1372 quia
659 1328 766 1371 Angeli
789 1333 861 1361 sunt
879 1328 997 1360 nobiles

46 1388 179 1422 ministri
204 1392 235 1420 et
258 1386 346 1428 quasi
372 1385 427 1417 filii
453 1385 483 1417 in
508 1383 597 1416 curia
621 1383 697 1421 Dei;
722 1382 781 1415 sed*
809 1391 869 1414 non
894 1381 997 1419 decet,

48 1445 203 1474 tortorum
234 1439 372 1472 officium
401 1437 552 1470 committi
577 1436 641 1468 filio
665 1436 731 1468 sive
766 1435 838 1467 siliis
870 1438 924 1466 aut
948 1442 1000 1465 ne-

47 1492 208 1526 bilissimis
239 1490 453 1533 principibus:
488 1498 563 1530 ergo
587 1488 730 1526 videtur,
755 1487 839 1528 quod
865 1495 921 1519 nec
945 1485 999 1517 nii-

47 1545 212 1578 nisterium
238 1543 378 1576 mittendi
405 1542 504 1575 malos
528 1542 559 1573 in
583 1542 696 1583 ignem.

137 1600 336 1630 RESPONnsso:
356 1596 530 1628 Dicendum
542 1621 549 1634 ,
567 1595 651 1636 quod
676 1594 762 1626 aliud
779 1597 826 1625 est
843 1592 1000 1624 deducere

48 1653 93 1685 ad
117 1655 296 1688 tormenta,
327 1649 413 1682 aliud
446 1652 493 1681 est
526 1648 557 1679 in
593 1647 699 1689 ipsis²
728 1645 895 1678 tormentis
928 1654 1000 1676 cru-

46 1706 146 1738 ciare.
172 1704 311 1736 Primum
333 1712 395 1735 non
419 1705 465 1734 est
490 1704 664 1739 tortorum,
689 1699 743 1732 sed
769 1698 921 1731 nobilium
946 1697 1001 1729 mi-

46 1759 237 1795 nistrorum,
266 1756 319 1798 qui
353 1754 503 1788 assistunt
534 1753 600 1795 regi
632 1753 671 1785 ad
704 1752 772 1784 eius
804 1751 890 1784 iussa
920 1759 1021 1783 com-1

47 1811 160 1854 plenda
175 1823 183 1849 3
207 1809 293 1842 unde
318 1818 377 1841 non
403 1808 536 1846 dicitur,
561 1806 646 1848 quod
674 1805 779 1847 Angeli
810 1804 907 1836 sancti
940 1807 1001 1835 tor-

47 1867 166 1908 queant
190 1863 220 1895 in
246 1862 333 1903 igne,
359 1861 414 1894 sed
435 1860 621 1902 producent
642 1863 671 1890 cc
695 1858 819 1890 mittem
843 1856 875 1888 z'sn
902 1855 1001 1888 canzi-

45 1927 126 1950 mtm
141 1916 162 1948 ³.
188 1916 223 1948 Et
247 1915 291 1947 sic
314 1917 399 1956 patet
422 1912 511 1945 illud.

446 2019 523 2051 Duss.
548 2018 593 2049 ΙΙΙ.

138 2129 213 2160 Item
241 2128 280 2160 de
304 2127 363 2159 boc
387 2125 472 2168 quod
497 2125 588 2163 dicit,
613 2123 698 2165 quod
722 2122 865 2155 veniente
888 2121 933 2153 acl
956 2121 1003 2153 iu-

52 2181 175 2214 dicium
208 2179 365 2217 Domino,
389 2178 553 2210 emittetur
576 2186 640 2208 vox
664 2175 743 2213 illam
768 2174 932 2217 quaeritur
964 2174 1003 2206 de

1942 235 2002 267 981

1053 329 1106 361 illa
1130 337 1222 360 voce:
1244 336 1343 369 quare
1361 326 1511 358 Dominus
1529 325 1659 358 istorum
1680 324 1775 356 trium
1794 322 2002 354 ministerium

1055 381 1242 423 praemittit,
1261 380 1378 413 scilicet
1401 378 1498 421 ignis,
1516 377 1635 420 Anyclz'
1650 380 1680 409 et
1697 376 1796 414 vocis,
1814 385 1886 408 cum
1904 378 2003 407 totum

1054 433 1119 465 solo
1143 436 1222 465 nutu
1246 432 1344 474 possit
1368 432 1493 464 facere?

1143 486 1343 517 Ruspounue:
1378 483 1570 522 Dicendum,
1603 481 1686 524 quod
1723 482 1804 513 Deus
1839 481 1868 512 in
1905 480 2007 523 prima

1054 538 1230 571 conditione
1263 537 1402 570 condidit
1429 535 1637 569 substantiam
1663 534 1877 577 spiritualem⁷
1903 541 2009 574 corpo-

1054 591 1152 623 ralem
1178 594 1208 622 et
1232 590 1382 628 mediam,
1401 593 1431 622 et
1447 589 1593 621 omnibus
1615 586 1858 620 communicavit
1874 589 1904 618 et
1921 585 2009 618 dedit

1055 644 1235 687 potentiam.
1261 643 1298 675 Ut
1321 651 1396 683 ergo
1421 641 1498 673 ordo
1523 644 1668 674 servetur
1686 640 1716 671 in
1734 639 1844 678 rebus,
1861 643 1891 671 et
1907 641 2006 671 osten-

1056 696 1150 729 datur
1167 695 1268 727 virtus
1285 699 1448 728 creaturae
1473 694 1583 727 collata
1595 719 1602 733 ,
1620 697 1650 726 et
1666 692 1816 735 amplius,
1835 691 1936 723 virtus
1955 690 2008 724 illa

1055 748 1239 780 ostendatur
1271 757 1289 779 a
1321 746 1431 784 De0⁴;
1465 746 1564 779 voluit
1595 745 1764 784 Dominus,
1797 743 2007 776 ministerium

1057 804 1275 833 creaturarum
1302 800 1359 832 sibi
1384 800 1560 837 deservire,
1578 803 1608 831 et
1625 798 1739 831 iterum
1762 800 1940 830 creaturam
1957 804 2010 829 an-

1058 853 1206 894 gelicam,
1232 852 1426 893 corporalem
1452 855 1482 883 et
1506 851 1652 883 mediam.
1679 850 1764 883 Unde
1782 849 1834 882 fiet
1858 848 1897 881 ad
1923 847 2011 880 mini-

1059 905 1189 938 sterium
1215 905 1338 946 Augen,
1363 905 1402 937 ad
1427 904 1578 937 actionem
1604 903 1701 945 ignis,
1724 906 1882 944 postremo
1899 901 1937 933 ad
1955 909 2010 933 nu-

1059 961 1126 990 tum
1151 962 1181 990 et
1205 966 1313 990 vocem
1337 957 1451 990 Christi
1476 956 1631 993 hominis3
1657 959 1687 987 et
1711 965 1773 987 vox
1802 953 1920 996 aliquid
1947 962 2011 986 cor-

1059 1010 1167 1052 porale
1192 1010 1303 1049 habet,
1327 1009 1533 1041 nihilominus
1557 1008 1675 1050 aliquid
1701 1007 1863 1049 spirituale
1878 1006 1899 1038 ⁵.

1458 1115 1534 1146 Duc.
1560 1114 1606 1146 lV.

1151 1222 1225 1254 ltem
1252 1221 1416 1263 quaeritur
1440 1221 1478 1252 de
1504 1220 1562 1252 hoc
1586 1219 1670 1262 quod
1693 1219 1786 1251 dicit:
1807 1217 2011 1259 Quibusdam

1061 1274 1210 1312 videtur,
1243 1274 1330 1316 quod
1360 1273 1426 1305 sint
1455 1277 1591 1305 tortores
1616 1272 1650 1304 in
1673 1281 1796 1313 poena,
1829 1271 1914 1303 sicut
1946 1269 2015 1312 site-

1062 1332 1142 1359 rzmt
1167 1327 1347 1359 incentores
1380 1326 1415 1358 z'n
1446 1325 1553 1368 culpa.
1586 1325 1718 1357 Videtur
1743 1324 1823 1356 enim
1858 1324 1939 1355 male
1971 1323 2014 1355 di-

1063 1390 1150 1419 cere,
1176 1380 1249 1422 quia
1273 1380 1346 1411 boni
1364 1378 1466 1420 Angeli
1486 1381 1711 1420 suggesserunt
1732 1380 1762 1409 et
1786 1376 2015 1409 cousuluerunt

1063 1434 1160 1472 bona,
1193 1436 1223 1465 et
1256 1437 1359 1464 tamen
1388 1441 1449 1464 non
1479 1434 1650 1473 praeerunt
1675 1430 1703 1461 in
1730 1430 1889 1471 praemio:
1914 1427 2014 1468 ergoG

1064 1486 1207 1518 similiter
1233 1485 1306 1517 mali
1332 1485 1363 1516 in
1388 1484 1591 1516 contrarium.
1617 1501 1660 1506 —
1683 1483 1777 1520 Item,
1802 1481 1845 1513 illi
1871 1481 1924 1523 qui
1954 1489 2015 1512 ma-

1064 1540 1110 1581 gis
1134 1542 1361 1581 peccaverunt,
1386 1537 1501 1569 debent
1525 1536 1625 1577 magis
1649 1535 1775 1577 puniri:
1802 1543 1876 1575 crgo
1893 1534 2016 1565 daemo-

1064 1601 1119 1625 nes
1145 1592 1259 1624 debent
1284 1591 1351 1623 fieri
1378 1589 1559 1622 hominibus
1584 1588 1746 1620 inferiores
1772 1591 1899 1629 propter
1926 1587 2018 1618 maio-

1064 1646 1189 1677 ritatem
1215 1643 1369 1685 supplicii.
1395 1661 1439 1666 —-
1462 1643 1555 1679 ltem,
1587 1641 1626 1673 ad
1656 1640 1869 1673 confusionem
1895 1639 2018 1671 daemo-

1064 1707 1142 1731 num
1173 1697 1368 1730 convertitur
1401 1695 1572 1728 multitudo
1608 1694 1829 1726 damnatorum
1863 1695 2016 1734 quantum

1065 1751 1104 1783 ad
1140 1750 1265 1792 culpam
1301 1753 1332 1781 et
1368 1757 1523 1790 poenam:
1557 1756 1631 1788 ergo
1663 1756 1723 1778 non
1757 1746 1900 1784 videtur,
1933 1744 2016 1787 quod

1064 1804 1095 1835 in
1127 1803 1236 1845 poenis
1269 1811 1380 1835 eorum
1417 1805 1491 1833 tunc
1519 1800 1738 1832 delectentur:
1768 1808 1842 1839 ergo
1869 1807 1928 1829 non
1959 1801 2018 1829 tor-

1065 1854 1233 1899 quebunt‘

1155 1909 1358 1940 RESPONnco:
1376 1906 1549 1938 Dicendum
1561 1932 1568 1944 ,
1585 1905 1669 1947 quod
1687 1904 1880 1946 probabilior
1897 1906 1942 1936 est
1959 1902 2019 1935 alia
2046 1913 2168 1944 praere-apr

1066 1961 1187 2004 opinio,
1212 1960 1296 2002 quod
1319 1959 1487 1992 daemones
1511 1967 1573 1990 neu
1597 1961 1691 1989 erunt
1714 1960 1848 1989 tortores
1872 1956 1902 1988 in
1921 1964 2020 1997 poena
2034 1940 2076 1961 ³¹¹³
2090 1945 2168 1966 ‘mmm'

1066 2018 1136 2056 post
1161 2014 1331 2050 iudicium,
1357 2012 1504 2054 qnoniam
1530 2010 1589 2053 ipsi
1612 2013 1705 2043 erunt
1721 2009 1857 2042 totaliter
1881 2009 2019 2050 absorpti

1067 2077 1085 2100 a
1110 2066 1228 2109 poenis.
1256 2066 1289 2097 Et
1314 2065 1392 2098 illud
1426 2064 1510 2107 quod
1542 2064 1675 2102 dicitnr,
1704 2063 1786 2104 quod
1813 2066 1906 2095 erunt
1930 2065 2021 2094 torto-

1066 2129 1135 2159 res,
1161 2119 1275 2151 solunm
1294 2118 1469 2151 secundum
1495 2120 1609 2149 statum
1636 2120 1707 2148 ante
1731 2116 1882 2147 iudicium
1913 2114 2022 2147 intelli-

1067 2173 1151 2215 gitur
1175 2181 1243 2204 esse
1267 2180 1379 2204 verum
1395 2171 1415 2201 ⁷.

760 2376 1084 2419 DISTINCTIO
1115 2373 1316 2415 XLVIII.

471 2569 539 2598 CAP.
564 2568 583 2597 I.

379 2667 422 2696 Dc
442 2666 545 2706 forma
568 2662 687 2694 indicis.

136 2764 217 2795 Solet
239 2764 330 2794 etiam
352 2763 478 2802 quaeri,
500 2762 529 2791 in
553 2769 612 2800 qua
628 2761 723 2790 forma
739 2760 875 2790 Christus
898 2758 1012 2788 iudica-

58 2814 110 2844 bit.
133 2830 173 2836 —
194 2813 225 2843 ln
249 2813 343 2842 forma
365 2812 470 2850 utique
491 2809 575 2840 servi
595 2808 758 2845 iudicabit,
779 2816 857 2847 quae
873 2806 1012 2837 omnibus

1072 2564 1100 2593 in
1124 2563 1236 2593 iudicio
1258 2562 1432 2600 apparebit.
1455 2565 1487 2591 ut
1510 2561 1630 2590 videant
1652 2559 1738 2595 mali,
1762 2559 1794 2589 in.
1817 2568 1903 2599 quem.
1924 2567 2024 2597 pupu—

1071 2615 1182 2651 9erum
1195 2611 1212 2639 ¹.
1230 2611 1420 2640 Divinitatem
1439 2618 1509 2639 vero
1528 2609 1593 2638 eius
1608 2608 1677 2638 mali
1696 2616 1752 2637 non
1770 2607 1928 2643 vidcbunt3
1945 2606 2024 2637 unde

1074 2660 1184 2689 isaias:
1212 2658 1350 2688 Tollotm·
1372 2656 1502 2697 impius,
1525 2665 1562 2686 ve
1581 2655 1682 2685 videat
1705 2654 1837 2695 ydor-iam
1860 2654 1923 2685 Dei.
1946 2655 2025 2684 «Hu-
2039 2665 2138 2686 isidorus.

1074 2708 1249 2738 manitatem
1272 2706 1432 2742 videbunt,
1455 2710 1487 2735 ut
1509 2705 1647 2740 timeant,
1664 2704 1853 2733 Divinitatcm
1871 2711 1941 2733 vero
1958 2711 2025 2738 non,

1076 2765 1112 2786 ne
1135 2755 1294 2794 gaudeant.
1316 2754 1462 2784 Divinitas
1495 2754 1572 2783 enim
1606 2753 1670 2782 siue
1702 2752 1812 2790 gaudio
1842 2752 1938 2781 videri
1968 2760 2026 2782 uon

1075 2808 1174 2843 potest
1190 2816 1215 2832 ».

131 2987 139 3002 ¹
161 2987 231 3012 ldem
253 2986 316 3011 dub.
337 2986 440 3011 solvunt
460 2986 483 3010 S.
505 2985 607 3015 Tbom.⁷
629 2984 692 3008 Petr.
714 2990 726 3007 a
749 2983 808 3007 Tar.
828 2986 852 3007 et
866 2980 984 3006 Rich-ard.
999 2987 1013 3005 a

62 3031 135 3061 Med,
156 3031 197 3055 hic
217 3031 283 3055 circa
303 3030 336 3054 lit.

131 3074 141 3090 ‘²
161 3074 223 3099 Edd.
245 3080 293 3105 pro
312 3072 340 3099 in
361 3072 424 3106 ipsis
445 3072 602 3097 substituunt
621 3070 723 3104 impios.
755 3068 871 3095 Subinde
890 3075 938 3100 pro
958 3066 1016 3100 reqt‘

62 3118 118 3144 cod.
130 3126 161 3144 aa
172 3117 260 3150 iudici,
277 3122 301 3144 et
315 3125 363 3149 pro
373 3116 525 3151 producent
539 3116 605 3147 (cod.
619 3115 655 3141 bb
669 3115 741 3141 addit
752 3114 781 3140 in
793 3113 891 3147 ionem)
906 3112 981 3138 codd.
996 3112 1013 3136 F

61 3163 82 3188 Η
94 3163 113 3187 L
125 3163 144 3188 O
158 3163 179 3187 R
190 3163 210 3187 U
230 3162 382 3196 perducent.

134 3205 145 3222 ³
164 3207 248 3231 Manu.
270 3206 315 3235 13,
337 3205 377 3230 42.
398 3208 422 3230 et
442 3205 488 3230 50:
509 3205 537 3229 Et
556 3205 656 3229 mittent
676 3209 721 3227 eos
740 3203 764 3227 in
790 3201 920 3226 caminum
940 3199 1015 3230 ignis.

64 3264 98 3268 —
117 3249 168 3276 Csr.
190 3250 221 3275 de
242 3250 291 3275 hoc
309 3249 389 3274 dnbio
410 3250 435 3274 S.
457 3249 550 3274 Tuom.
571 3250 595 3272 et
615 3248 679 3272 Petr.
699 3254 712 3271 a
734 3246 802 3276 Tar„
823 3245 864 3269 hic
883 3244 949 3268 circa
970 3243 1003 3268 lit.

134 3293 144 3309 ⁴
166 3294 213 3319 Pro
232 3300 249 3319 a
267 3293 321 3319 Deo
342 3293 399 3319 cod.
419 3293 438 3317 R
459 3292 532 3324 ideo,
548 3291 617 3324 quod
639 3290 715 3316 codd.
730 3289 779 3313 LM
793 3289 813 3313 T
825 3288 845 3312 U
859 3287 1017 3312 substituunt

65 3338 142 3368 paulo
163 3338 268 3363 inferius
289 3344 335 3369 pro
354 3336 460 3363 ilerum.

135 3381 145 3398 ⁵
165 3381 214 3407 Csr.
235 3388 316 3413 supra
335 3388 395 3412 pag.
417 3380 479 3412 234,
502 3382 560 3405 nota
581 3380 604 3404 8.
625 3381 649 3404 et
669 3377 694 3403 d.
715 3376 755 3402 43.
776 3375 839 3402 dub.
861 3376 883 3400 rl.
904 3381 957 3407 seq.

1147 2978 1158 2994 6
1178 2978 1241 3003 Edd.
1263 2984 1325 3010 erqo
1345 2984 1401 3008 nec,
1423 2980 1445 3001 ct
1467 2977 1490 3000 iu
1512 2976 1561 3000 tine
1582 2976 1645 2999 tertii
1666 2982 1720 3006 arg.

1079 3022 1180 3048 buntur
1199 3029 1246 3053 pro
1269 3020 1436 3054 corquebmzt.

1149 3065 1159 3081 7
1181 3065 1246 3090 Vide
1267 3065 1290 3089 S.
1313 3065 1414 3095 Tliom„
1443 3064 1483 3088 liic
1511 3070 1534 3095 (1.
1558 3064 1579 3088 ’1,
1600 3069 1623 3087 a.
1655 3063 1678 3087 Q.
1698 3062 1857 3094 quaestiunc.
1879 3060 1907 3092 -i;
1930 3061 1993 3085 Petr.
2016 3067 2028 3085 a

1080 3111 1151 3140 Tar„
1172 3110 1213 3134 liic
1233 3116 1257 3140 q.
1281 3109 1302 3132 -Ι.
1332 3116 1353 3133 a.
1379 3109 1403 3139 l;
1424 3107 1542 3132 Ricbard.
1571 3114 1584 3131 a
1612 3106 1685 3137 Med„
1705 3107 1745 3135 nic
1765 3107 1831 3130 circa
1852 3105 1886 3130 lit.
1908 3108 1931 3129 ct
1950 3111 2029 3135 supra

1081 3162 1139 3186 pag.
1161 3153 1226 3184 525,
1248 3157 1305 3178 nota
1327 3153 1350 3177 5.

1274 3194 1381 3221 NOTAE
1400 3194 1442 3220 AD
1460 3193 1545 3220 LIBR.
1567 3192 1837 3219 SENTENTIARUM.

1152 3240 1159 3256 ¹
1181 3241 1325 3271 Respiciiur
1344 3240 1422 3270 Apoc.
1443 3239 1447 3262 1
1463 3259 1468 3270 ,
1484 3238 1507 3262 7.
1528 3238 1584 3269 (cfr.
1599 3238 1673 3262 Zavli.
1693 3238 1736 3268 12,
1757 3237 1818 3267 lO.);
1836 3236 1928 3261 deinde
1941 3236 2032 3261 citatur

1080 3285 1132 3310 lsai.
1157 3285 1204 3316 26,
1226 3285 1264 3308 Ἰ10.
1286 3283 1440 3315 (secundum
1461 3282 1648 3313 Septuaginta).
1674 3281 1732 3313 Seq.
1753 3280 1824 3305 locus
1838 3282 1876 3305 est
1897 3279 1994 3310 isidor.⁷
2015 3279 2032 3303 l.

1082 3330 1149 3354 Seni.
1170 3335 1190 3353 c.
1212 3328 1253 3352 -27,
1274 3335 1298 3352 n.
1321 3328 1350 3359 8,
1371 3327 1461 3358 paucis
1481 3326 1597 3357 mutatis;
1618 3325 1793 3356 cs1·..tugust.‚
1808 3325 1832 3349 in
1848 3324 1944 3355 Evang.
1964 3323 2032 3348 toan-

1082 3374 1133 3404 nis,
1155 3375 1184 3397 tr.
1206 3372 1246 3396 :7.l.
1267 3379 1292 3396 n.
1318 3371 1354 3395 13.

1750 2974 1906 2999 substituunt
1927 2974 2030 3006 torque-
