2483 3882
843 263 936 295 DlST.
962 262 1008 294 [V.
1034 262 1063 293 Ρ.
1088 262 1108 293 1.
1133 260 1270 293 DtvtStO
1295 259 1449 291 TEXTUs.
1910 228 1921 238 Ἰ
2090 257 2133 289 {13

571 353 638 383 Car.
662 353 709 383 Vl.

335 440 416 478 intct
436 439 603 471 dimittitur
624 439 658 470 ia
681 439 829 479 baptismo
852 437 947 468 ias-tis.

243 539 297 575 Qui
321 547 391 577 ergo
414 538 545 568 mundus
567 537 685 567 accedit
705 537 745 566 ibi
771 537 802 566 lit
828 535 977 571 mundior,
993 537 1022 564 et
1037 533 1118 563 omni

165 588 290 619 habenti
309 587 355 617 ibi
374 586 509 626 amplias
540 585 641 616 datar.
664 585 747 621 Quod
773 593 844 615 vero
867 583 965 614 omnis
987 582 1119 612 exterior

167 637 331 668 satisfactio
355 636 395 666 ibi
417 636 586 671 relaxetur,
618 634 815 664 Ambrosins¹
852 632 998 669 ostendit,
1027 638 1119 669 super

166 687 249 717 illum
272 686 391 716 locum:
416 683 486 715 Sine
506 683 692 723 poenitentia
714 687 785 713 sant
811 682 892 712 (tona
914 680 971 711 Dei
991 684 1017 709 ct
1037 688 1121 709 voca-

19 737 153 761 Ambrosius.
168 735 226 769 tio,
249 735 372 764 dicens:
401 733 531 763 «Gratia
553 732 606 762 Dei
630 732 658 761 in
682 731 832 769 baptismo
855 738 912 760 non
930 728 1057 768 requirit
1071 735 1121 764 ge-

167 784 272 813 mitum
295 782 341 812 vel
363 782 517 820 planctum
541 781 586 810 vel
608 780 731 819 aliquod
747 788 840 818 opus,
863 782 891 808 et
913 777 1013 807 onmia
1029 776 1121 813 gratis

166 831 317 861 condonat
333 843 358 859 ».
381 829 465 865 Quod
488 829 611 868 quidem
633 828 671 858 de
690 826 838 858 exteriori
849 826 960 865 gemitu
979 825 1024 855 vel
1040 824 1122 863 plan-

165 884 216 910 ctu
238 878 451 917 accipiendum
478 881 540 914 est;
564 886 631 907 nam
655 878 719 907 sine
747 876 881 906 interiori
897 883 984 904 nemo
1001 873 1122 903 adultus

167 931 349 963 renovatur;
372 926 423 956 sed
449 926 616 956 exteriores
637 925 856 955 satisfactiones
878 926 906 953 et
927 922 1121 956 afflictiones,

166 976 284 1006 scilicet
315 975 420 1005 sordes
452 974 687 1013 poenitentium,
710 973 750 1003 ibi
774 973 973 1002 dimittuntur.
996 970 1121 1000 Multum

167 1032 238 1062 ergo
261 1024 376 1053 confert
398 1023 567 1061 baptismus
589 1023 679 1052 etiam
696 1022 754 1051 iam
772 1020 929 1060 perfidem
947 1019 1122 1053 iustificam,

166 1073 237 1111 quia
260 1071 409 1102 accedens
431 1071 468 1101 ad
493 1071 677 1109 baptismum
706 1070 793 1108 quasi
820 1077 922 1099 ramus
943 1076 959 1097 a
982 1066 1123 1096 columba

166 1124 305 1159 portatur
320 1116 349 1149 in
366 1128 483 1156 arcam;
501 1123 568 1149 ante
586 1119 665 1149 intus
680 1122 744 1148 erat
759 1118 871 1148 iudicio
887 1115 954 1151 Dei,
975 1115 1027 1146 secl
1044 1123 1124 1145 nunc

169 1170 257 1199 etiam
276 1169 388 1199 indicio
404 1167 553 1198 Ecclesiae
575 1168 654 1197 intus
678 1171 731 1197 est.
746 1184 786 1189 -
800 1166 874 1196 Cum
897 1174 968 1195 vcro
985 1165 1012 1194 in
1030 1164 1125 1203 bapti-

168 1226 232 1247 smo
246 1221 405 1256 peccatum
422 1216 568 1252 deleatur,
584 1220 612 1246 et
628 1216 791 1247 satisfactio
807 1215 939 1245 exterior
954 1222 1012 1243 non
1031 1213 1125 1251 impu-

170 1269 265 1301 tetur;
279 1265 446 1304 quaeritur,
462 1273 517 1295 eur
533 1264 715 1303 poenalitas,
731 1264 780 1294 cui
797 1272 852 1302 pro
869 1265 995 1301 peccato
1011 1260 1125 1291 addicti

56 1317 155 1338 isidorus.
171 1323 291 1351 sumus,
314 1322 371 1344 uon
406 1314 535 1344 tollatur.
569 1314 632 1343 Hoc
666 1313 733 1342 ideo
766 1312 830 1342 fieri
864 1311 986 1341 tradunt
1007 1309 1125 1343 Sancti,

31 1370 125 1391 Dubium
139 1369 159 1390 7.
177 1364 293 1402 «quia,
316 1363 339 1392 si
363 1371 379 1393 a
403 1370 500 1401 poena
523 1362 660 1392 homines
682 1369 737 1399 per
759 1361 942 1399 baptismum
964 1358 1126 1388 liberaren-

171 1416 235 1447 turs
258 1412 354 1450 ipsam
378 1415 520 1450 putarent
551 1410 692 1449 baptismi
716 1409 863 1448 pretium,
890 1417 947 1438 non
969 1411 1125 1437 aeternum

171 1469 306 1498 regnum.
330 1460 416 1497 ldeo,
438 1459 535 1490 soluto
558 1463 644 1489 reatu
667 1458 801 1497 peccati,
832 1456 1007 1495 temporalis
1028 1463 1125 1494 poena

171 1512 270 1539 tamen
293 1512 407 1542 manet,
431 1511 463 1537 ut
485 1507 534 1537 illa
563 1507 622 1537 vita
644 1506 809 1536 studiosius
841 1508 1020 1544 quaeratur,
1048 1511 1127 1542 quae

171 1558 228 1588 erit
250 1566 266 1588 a
289 1557 395 1595 poenis
417 1556 558 1587 omnibus
580 1555 700 1586 aliena²
714 1568 742 1585 ».
765 1554 834 1584 Ideo
857 1554 946 1584 ctiam
970 1556 1079 1588 manet,
1096 1555 1128 1582 ut

170 1607 209 1636 sit
231 1606 311 1637 fideli
333 1605 469 1635 certandi
491 1605 617 1635 materia
640 1608 668 1634 et
692 1603 831 1634 vincendi
854 1602 985 1639 occasio,
1000 1601 1127 1641 quinon

171 1656 322 1691 vinceret,
344 1655 368 1685 si
391 1663 449 1684 non
481 1657 645 1692 pugnaret;
669 1661 724 1683 nec
746 1655 911 1692 pugnaret,
933 1651 957 1681 si
981 1651 1010 1680 in
1034 1649 1127 1688 bapti-

170 1711 236 1733 smo
259 1703 438 1733 immortalis
461 1703 555 1732 fieret.

571 1799 640 1829 CAP.
664 1798 721 1828 Vll.

308 1896 400 1927 Gaias
421 1895 469 1926 rei
489 1896 529 1927 sit
549 1896 781 1927 Sacramentum
804 1894 993 1935 baptismus,

476 1954 565 1985 quem
585 1944 694 1984 recipit
715 1944 820 1975 iustas.

252 2045 282 2075 Si
305 2044 480 2084 quaeritur,
513 2043 613 2073 cuius·
631 2042 679 2073 rei
704 2042 874 2081 baptismus
897 2041 946 2071 ille
966 2042 1005 2071 sit
1027 2041 1131 2072 Sacra-

12 2097 156 2124 ‹Quidsignifi-
172 2097 320 2131 mentum,
342 2093 394 2132 qui
417 2092 507 2123 datur
528 2092 588 2122 iam
611 2092 708 2128 iusto,
730 2091 876 2127 dicimus,
900 2091 1129 2121 Sacramentum

41 2126 108 2145 cetur.
172 2151 238 2173 esse
260 2146 289 2172 et
310 2141 374 2176 rei,
396 2150 473 2181 quae
491 2139 678 2180 praecessit,
711 2140 741 2170 id
774 2144 818 2170 est
849 2140 1036 2170 remissionis
1062 2143 1130 2170 ante

172 2199 228 2230 per
249 2191 339 2220 fidem
362 2190 466 2225 datae,
483 2193 511 2219 et
525 2187 717 2219 remissionis
734 2187 911 2228 temporalis
924 2198 1050 2228 poenae,
1066 2189 1130 2218 sive

1180 346 1312 386 peccati,
1334 347 1357 376 si
1380 345 1531 376 habena-³
1554 345 1634 384 quod
1663 345 1782 374 interim
1805 344 2018 379 committitur,
2041 348 2069 373 et
2085 353 2136 373 r›eo-

1181 394 1284 425 vitatis
1306 403 1342 424 ac
1364 395 1461 424 omnis
1483 394 1597 432 gratiae
1627 393 1666 422 ibi
1700 393 1870 432 praestitae.
1901 393 2003 423 Omnis
2025 393 2134 422 etenim

1182 445 1224 474 rei
1249 444 1367 482 signum
1389 447 1450 480 est,
1472 443 1559 472 cuius
1581 450 1672 472 causa
1695 445 1747 472 est.
1770 441 1833 471 Ncc
1855 441 1981 477 mireris,
2005 450 2070 470 rem
2087 440 2138 470 ali-

1182 492 1304 531 quando
1320 491 1504 530 praecedere
1519 490 1762 529 Sacramentum,
1779 497 1848 519 cum
1866 488 2029 527 aliquando
2046 488 2136 518 ctiam

1182 539 1269 576 longe
1292 543 1360 577 post
1381 542 1542 577 sequatur,
1564 542 1597 567 ut
1620 538 1648 567 in
1670 537 1727 567 illis
1743 538 1793 576 qui
1810 537 1879 567 ficte
1895 537 2059 572 accedunt,
2075 536 2138 575 qui-

1183 588 1248 623 hus,
1265 596 1334 618 cum
1350 591 1418 626 post
1434 587 1645 625 poenituerint,
1662 586 1786 624 incipiet
1801 586 1969 625 baptismus
1984 585 2138 624 prodesse,

1185 636 1214 666 in
1230 636 1342 675 quibus
1358 635 1412 665 fuit
1427 635 1595 673 baptismus
1610 634 1838 664 Sacramentum
1861 634 1951 663 huius
1970 633 2139 663 sanctifica-

1186 685 1292 722 tionis,
1314 693 1405 723 quam
1436 683 1616 722 poenitendo
1647 683 1765 712 liabent.
1788 700 1828 704 —
1850 682 1908 712 Sed
1933 683 1956 712 si
1985 690 2138 720 nunquam

1185 733 1374 772 poeniterent
1396 740 1452 761 nec
1467 740 1483 761 a
1500 732 1639 769 figmento
1663 731 1848 766 recederent,
1863 730 1950 760 cuius
1971 731 2014 760 rei
2038 729 2140 759 Sacra-

1186 784 1318 811 mentum
1341 783 1420 810 esset
1441 780 1608 818 baptismus
1623 779 1661 808 ab
1678 779 1735 808 illis
1750 780 1932 817 susceptus?
1948 779 2048 808 Potest
2063 778 2139 807 dici:

1186 830 1243 866 rei,
1260 838 1338 868 quae
1361 829 1400 858 ibi
1426 828 1524 865 fieret,
1541 829 1564 858 si
1582 836 1639 858 non
1656 836 1760 857 eorum
1784 828 1947 857 enormitas
1970 826 2139 865 impediret.

1265 878 1346 908 Solet
1368 878 1457 907 ctiam
1480 877 1602 916 quaeri,
1625 877 1648 906 si
1672 876 1807 914 parvulis
1830 877 1858 905 in
1882 876 2031 914 baptismo
2052 874 2141 904 datur
2156 885 2301 914 Quidefficizt-

1186 928 1298 965 gratia,
1322 935 1398 966 qua,
1421 934 1490 956 cum
1514 929 1633 964 tempus
1656 924 1817 954 habuerint
1846 924 1947 954 utendi
1971 924 2066 953 libero
2097 931 2140 952 ar·
2171 912 2302 965 3101?erssss

1187 976 1294 1011 bitrio,
1317 975 1434 1014 possint
1458 973 1533 1004 velle
1556 977 1584 1003 et
1605 981 1729 1003 currere
1740 973 1759 1001 ⁴.
1786 973 1826 1002 De
1848 972 1958 1002 adultis
1978 972 2074 1007 enim,
2090 971 2141 1010 qui
2172 967 2247 987 iorum.

1186 1025 1276 1062 digne
1307 1023 1458 1062 recipiunt
1491 1023 1741 1055 Sacramentum,
1775 1029 1833 1050 non
1861 1020 2037 1057 ambigitur,
2067 1019 2138 1057 quin

1185 1074 1313 1113 gratiam
1340 1075 1515 1111 operantem
1545 1075 1574 1101 et
1595 1073 1811 1109 cooperantem
1833 1069 2040 1108 perceperint,
2063 1076 2140 1107 quae

1187 1121 1222 1152 in
1242 1130 1372 1151 vacuam
1406 1120 1448 1150 eis
1470 1119 1567 1156 cedit,
1589 1119 1613 1148 si
1637 1127 1691 1157 per
1722 1118 1850 1148 liberum
1884 1117 2041 1147 arbitrium
2074 1120 2141 1154 post

1188 1170 1356 1200 mortaliter
1377 1168 1579 1207 deliquerint3
1602 1168 1653 1206 qui
1676 1167 1782 1197 merito
1805 1165 1922 1205 peccati
1945 1165 2072 1203 gratiam
2093 1173 2143 1203 ap-

1188 1219 1318 1258 positam
1342 1217 1480 1256 perdunt.
1502 1216 1588 1247 Unde
1604 1220 1633 1246 et
1648 1216 1791 1245 dicuntur
1812 1212 2027 1244 contemeliam
2045 1213 2142 1252 facere

1190 1266 1324 1307 Spiritui
1353 1270 1455 1296 sancto
1478 1269 1506 1295 et
1530 1266 1627 1304 ipsum
1651 1272 1666 1294 a
1689 1272 1721 1293 se
1743 1264 1856 1301 fugare.
1877 1279 1917 1284 ——
1938 1263 1980 1292 De
2007 1261 2142 1300 parvulis

1190 1324 1277 1353 vero,
1300 1316 1351 1354 qui
1374 1314 1506 1345 nondum
1528 1314 1645 1344 ratione
1669 1316 1810 1348 utuntur,
1833 1311 1970 1351 quaestio
1993 1314 2046 1347 est,
2062 1318 2099 1340 an
2116 1310 2144 1339 in

1190 1365 1340 1403 baptismo
1363 1363 1534 1402 receperint
1556 1362 1701 1400 gratiam,
1716 1369 1777 1400 qua
1799 1360 1835 1391 ad
1859 1360 2003 1390 maiorem
2027 1359 2144 1389 venien-

1191 1416 1235 1443 tes
1267 1416 1394 1443 aetatem
1427 1411 1544 1450 possint
1567 1410 1643 1440 velle
1665 1413 1694 1439 et
1716 1409 1836 1448 operari
1858 1408 1979 1438 bonum.
2002 1406 2143 1441 Videtur,
2158 1415 2222 1442 nesp.
2238 1415 2257 1435 1.

1191 1461 1273 1500 quod
1306 1469 1363 1490 non
1397 1459 1584 1498 receperint,
1613 1459 1684 1498 quia
1706 1458 1802 1496 gratia
1833 1457 1883 1487 illa
1912 1456 2022 1487 caritas
2045 1459 2089 1486 est
2117 1459 2145 1484 et

1191 1510 1282 1546 fides,
1305 1518 1383 1548 quae
1406 1509 1589 1539 voluntatem
1610 1510 1773 1546 praeparat
1794 1510 1823 1536 et
1844 1506 1975 1536 adiuvat.
1999 1504 2057 1535 Sed
2080 1503 2147 1542 quis

1192 1558 1318 1593 dixerit,
1341 1565 1393 1587 eos
1415 1556 1571 1595 accepisse
1593 1556 1681 1585 fidem
1699 1558 1728 1585 et
1743 1554 1923 1584 caritatem?
1946 1553 1975 1583 Si
1993 1561 2064 1583 vero
2080 1560 2148 1590 gra-

1192 1607 1264 1636 tiam
1287 1614 1345 1635 non
1367 1607 1566 1644 receperunt,
1588 1612 1648 1642 qua
1672 1603 1747 1633 bene
1770 1602 1890 1641 operari
1912 1605 2054 1640 possunt,
2078 1608 2147 1630 cum

1192 1654 1303 1684 fuerint
1324 1653 1438 1690 adulti;
1462 1661 1520 1682 non
1544 1661 1615 1690 ergo
1636 1651 1747 1682 sufficit
1762 1651 1805 1681 eis
1821 1651 1850 1680 in
1872 1651 1930 1680 hoc
1952 1653 2030 1680 statu
2052 1649 2148 1687 gratia

1193 1703 1222 1732 in
1244 1702 1394 1740 baptismo
1425 1701 1510 1736 data,
1532 1709 1589 1730 nec
1611 1708 1665 1738 per
1688 1699 1769 1729 illam
1801 1701 1928 1737 possunt
1960 1697 2049 1727 modo
2078 1696 2148 1726 boni

1192 1759 1273 1785 esse,
1297 1750 1352 1779 nisi
1376 1749 1434 1779 alia
1456 1749 1604 1784 addatur3
1626 1756 1705 1786 quae
1721 1748 1745 1777 si
1763 1755 1821 1777 nou
1844 1746 1982 1783 additur,
2004 1754 2063 1775 non
2080 1748 2124 1775 est
2138 1745 2147 1759 ⁵

1192 1807 1296 1829 eorum
1330 1807 1367 1828 ex
1396 1798 1503 1836 culpa,
1536 1797 1608 1836 quia
1638 1796 1791 1827 iustificati
1820 1798 1889 1825 sunt
1911 1803 1929 1825 a
1951 1798 2087 1833 peccato.
2109 1810 2149 1815 —

1192 1847 1320 1883 Quidam
1336 1850 1456 1886 putant,
1472 1846 1599 1884 gratiam
1615 1848 1791 1884 operantem
1808 1847 1837 1874 et
1850 1846 2063 1882 cooperantem
2080 1851 2150 1872 cun·
2165 1850 2232 1877 nesp.
2247 1850 2267 1871 2.

1193 1897 1251 1927 etis
1273 1895 1410 1935 parvulis
1433 1896 1460 1925 in
1484 1895 1634 1933 baptismo
1656 1894 1721 1924 dari
1739 1894 1768 1923 in
1783 1902 1930 1927 manere,
1952 1893 2055 1922 nonin
2071 1900 2148 1925 usa,

1193 1950 1240 1981 ut,
1263 1953 1332 1975 cum
1355 1945 1394 1974 ad
1416 1944 1561 1974 maiorem
1579 1943 1715 1973 venerint
1731 1946 1876 1979 aetatem,
1893 1951 1929 1972 ex
1945 1949 2070 1972 munere
2086 1949 2149 1970 sor-

1195 1995 1307 2025 tiantur
1329 2002 1434 2031 usum,
1457 1993 1512 2022 nisi
1536 2001 1591 2031 per
1612 1992 1741 2022 liberum
1757 1991 1915 2021 arbitritlm
1940 1999 2026 2021 usum
2050 1998 2152 2020 mune-

1194 2043 1236 2073 ris
1258 2042 1451 2079 exstinguant
1471 2041 1647 2080 peccando;
1670 2043 1699 2070 et
1722 2041 1761 2070 ita
1784 2048 1821 2070 ex
1844 2039 1934 2078 culpa
1957 2047 2061 2069 eorum
2092 2043 2151 2076 est,

1195 2100 1253 2122 non
1276 2100 1313 2121 ex
1336 2091 1455 2121 defectu
1486 2090 1616 2129 gratiae,
1646 2089 1727 2128 quod
1750 2089 1819 2119 mali
1843 2089 1937 2124 fiunt;
1959 2088 2010 2126 qui
2034 2096 2070 2117 ex
2100 2088 2152 2118 Dei

1194 2148 1321 2170 munere
1344 2139 1477 2169 valentes
1500 2138 1612 2168 babere
1635 2146 1723 2167 usum
1747 2137 1876 2172 bonum,
1892 2144 1947 2175 per
1962 2135 2091 2165 liberum
2108 2143 2152 2165 ar-

1197 2189 1320 2219 bitrium
1344 2191 1508 2218 renuerunt
1530 2190 1559 2217 et
1582 2195 1669 2217 usum
1693 2194 1821 2225 pravum
1845 2183 2031 2224 elegerunt&

532 2308 1029 2399 COMMENTARIUS
1068 2345 1138 2398 IN
1174 2342 1673 2398 DISTINOTIONEM
1713 2342 1795 2395 IV.

1101 2462 1181 2493 PARS
1206 2461 1226 2493 L

711 2561 761 2598 De
790 2560 963 2611 baptismo
992 2560 1027 2596 in
1055 2559 1309 2610 comparatione
1338 2559 1382 2596 ad
1411 2558 1623 2608 recipientes.

564 2664 626 2695 Hic
651 2663 823 2695 dicendam
850 2667 914 2700 est,
939 2661 1068 2704 aliquos
1091 2662 1257 2703 suscipere
1281 2661 1535 2693 Sacramentum
1562 2664 1589 2691 ct
1614 2669 1683 2691 rcm
1707 2662 1765 2691 ete.

1006 2773 1143 2806 Dtvtsto
1168 2772 1323 2804 TEXTI‘S.

269 2877 370 2918 Supra
394 2877 457 2918 egit
481 2875 625 2917 Magister
650 2874 688 2906 de
713 2874 869 2915 baptismo
894 2872 1070 2905 secundum
1091 2881 1132 2904 se.

181 2930 260 2962 Haec
286 2933 332 2962 est
356 2929 495 2974 secunda
518 2937 609 2970 pars,
636 2928 665 2959 in
691 2937 753 2969 qua
777 2927 840 2968 agit
864 2926 902 2958 de
928 2926 1083 2967 baptismo
1105 2926 1135 2957 in

183 2983 416 3025 comparatione
440 2982 478 3014 ad
505 2981 700 3023 recipientes.
724 2981 758 3012 Et
782 2979 936 3012 dividitur
960 2979 1037 3011 baec
1062 2987 1136 3020 pars

182 3036 212 3067 in
238 3035 317 3068 duas
342 3039 457 3076 partes.
479 3035 510 3065 ln
528 3034 629 3075 prima
653 3033 717 3075 agit
740 3041 797 3074 per
814 3032 1078 3073 comparationem
1097 3031 1136 3063 ad

1199 2870 1410 2903 con‘nnuniter
1434 2869 1628 2910 recipientes.
1653 2868 1684 2900 ln
1703 2868 1840 2901 secunda
1866 2867 2043 2909 specialiter
2060 2876 2156 2909 quan-

1201 2928 1267 2956 tum
1293 2924 1332 2955 ad
1357 2922 1523 2964 parvulos,
1549 2922 1628 2953 infra
1645 2921 1783 2963 capitulo
1799 2921 1931 2953 ultimo:
1955 2920 2039 2953 Solet
2056 2920 2154 2952 ctiam

1201 2977 1337 3020 quctcri,
1361 2976 1392 3007 si
1408 2975 1564 3017 parcatis
1589 2975 1622 3006 in
1648 2974 1808 3016 baptismo
1831 2974 1933 3006 (latur
1955 2973 2072 3016 ytalia
2097 2977 2154 3005 etr.

1203 3030 1305 3062 Prima
1330 3038 1404 3071 pars
1428 3029 1522 3060 habet
1554 3028 1643 3060 duas.
1669 3028 1699 3059 [n
1726 3028 1828 3070 prima
1852 3027 1915 3069 agit
1947 3027 1985 3059 de
2009 3026 2158 3068 recipien-

256 3191 264 3207 1
285 3190 429 3215 t'Ionnnent.
449 3191 473 3214 in
495 3190 572 3221 Epist.
593 3189 625 3214 ad
643 3190 716 3214 Rom.
741 3189 784 3219 li,
801 3189 846 3213 29.
867 3189 944 3218 (inter
963 3195 1041 3220 opera
1062 3188 1138 3220 eius),

184 3239 209 3261 et
228 3235 254 3261 C.
274 3234 337 3262 Sine
355 3233 517 3267 poenitentia
537 3233 610 3265 (99.)‚
631 3233 663 3258 de
683 3233 828 3259 Consecrat.
850 3233 907 3258 (list.
929 3232 951 3257 4.

255 3279 265 3295 ‘2
285 3278 450 3304 Verbotenus
469 3277 540 3310 apud
560 3277 704 3308 isidorum,
726 3277 741 3302 Ι.
762 3278 829 3302 Sent.
851 3284 872 3301 (¹.
893 3278 933 3301 ⁶22.
957 3284 980 3301 n.
1001 3277 1030 3307 3;
1051 3283 1141 3301 secun-

186 3323 249 3349 dum
269 3329 375 3348 sensum
394 3322 465 3354 apud
486 3323 604 3353 August„
625 3321 687 3345 Xlll.
709 3321 740 3345 de
760 3320 814 3346 Civ.
835 3321 894 3352 Dei,
915 3328 935 3346 c.
958 3320 980 3345 4.

256 3367 266 3383 3
286 3366 368 3392 Codcl.
389 3368 406 3391 Α
419 3366 497 3391 BCD
517 3369 541 3391 et
560 3365 601 3390 ed.
621 3365 626 3389 1
646 3365 749 3396 legunt:
768 3364 792 3390 si
810 3364 881 3398 quod
900 3364 1006 3390 interim
1026 3363 1141 3390 commit-

187 3411 267 3444 titur,
288 3410 365 3437 babet
383 3411 452 3443 (cod.
473 3411 491 3434 B
510 3413 535 3435 et
553 3410 594 3435 ed.
620 3410 624 3434 1
650 3408 781 3441 habetur).

1271 3186 1281 3202 ⁴
1303 3187 1447 3217 [tespicitnr
1466 3185 1540 3209 Rom.
1571 3185 1599 3214 9,
1626 3184 1671 3214 163
1693 3183 1786 3208 deinde
1810 3183 1836 3207 ll.
1865 3182 1923 3208 Cor.
1950 3183 1973 3213 6,
2007 3183 2030 3213 l;
2052 3182 2158 3207 inferius

1203 3231 1280 3256 llebr.
1305 3231 1342 3261 10,
1363 3231 1404 3255 29.
1424 3228 1491 3261 Quid
1512 3229 1542 3253 sit
1560 3227 1657 3261 sufflare
1677 3227 1808 3260 Spiritum
1827 3226 1855 3253 S.
1877 3226 1970 3252 dicitur
1984 3228 2008 3251 in
2022 3227 2111 3252 Glossa
2126 3227 2158 3252 ad

1204 3276 1266 3307 Epll.
1288 3274 1310 3305 4,
1331 3275 1372 3299 30.

1275 3319 1286 3335 ⁵
1306 3319 1362 3343 Vat,
1382 3321 1406 3343 ct
1425 3317 1465 3342 ed.
1491 3318 1496 3341 l
1521 3317 1641 3341 omittunt
1660 3317 1705 3341 est.

1276 3362 1287 3379 6
1307 3363 1479 3388 Solutioncm,
1501 3367 1579 3393 qnam
1601 3361 1719 3391 Magister
1739 3360 1858 3392 relinquit
1872 3366 1922 3385 non
1936 3359 2083 3391 iudicatam,
2098 3358 2157 3384 vide

1207 3409 1230 3432 in
1251 3406 1394 3432 Comment.
1415 3413 1440 3436 p.
1461 3406 1485 3430 ll.
1507 3413 1528 3430 a.
1550 3406 1574 3430 2.
1594 3412 1618 3437 q.
1644 3405 1663 3430 1.
1684 3405 1707 3429 2,
