<?xml version="1.0" encoding="UTF-8"?>
<!DOCTYPE html PUBLIC "-//W3C//DTD XHTML 1.0 Transitional//EN"
    "http://www.w3.org/TR/xhtml1/DTD/xhtml1-transitional.dtd">
<html xmlns="http://www.w3.org/1999/xhtml" xml:lang="en" lang="en">
 <head>
  <title>
</title>
<meta http-equiv="Content-Type" content="text/html;charset=utf-8" />
  <meta name='ocr-system' content='tesseract 3.04.00' />
  <meta name='ocr-capabilities' content='ocr_page ocr_carea ocr_par ocr_line ocrx_word'/>
</head>
<body>
  <div class='ocr_page' id='page_1' title='image "./doctorisseraphic04bona_1050.png"; bbox 0 0 2483 3882; ppageno 0'>
   <div class='ocr_carea' id='block_1_1' title="bbox 245 1555 378 1603">
    <p class='ocr_par' dir='ltr' id='par_1_1' title="bbox 245 1555 378 1603">
     <span class='ocr_line' id='line_1_1' title="bbox 245 1555 378 1582; baseline -0.008 -5"><span class='ocrx_word' id='word_1_1' title='bbox 245 1555 280 1577; x_wconf 79' lang='lat' dir='ltr'>Ad</span> <span class='ocrx_word' id='word_1_2' title='bbox 294 1555 378 1582; x_wconf 84' lang='lat' dir='ltr'>opposi-</span> 
     </span>
     <span class='ocr_line' id='line_1_2' title="bbox 286 1584 337 1603; baseline 0 -1"><span class='ocrx_word' id='word_1_3' title='bbox 286 1584 337 1603; x_wconf 87' lang='lat' dir='ltr'>tum.</span> 
     </span>
    </p>
   </div>
   <div class='ocr_carea' id='block_1_2' title="bbox 404 246 485 279">
    <p class='ocr_par' dir='ltr' id='par_1_2' title="bbox 404 246 485 279">
     <span class='ocr_line' id='line_1_3' title="bbox 404 246 485 279; baseline 0.012 -1"><span class='ocrx_word' id='word_1_4' title='bbox 404 246 485 279; x_wconf 80' lang='lat'><strong>1030</strong></span> 
     </span>
    </p>
   </div>
   <div class='ocr_carea' id='block_1_3' title="bbox 1262 423 1500 464">
    <p class='ocr_par' dir='ltr' id='par_1_3' title="bbox 1262 423 1500 464">
     <span class='ocr_line' id='line_1_4' title="bbox 1262 423 1500 464; baseline -0.004 -9"><span class='ocrx_word' id='word_1_5' title='bbox 1262 423 1444 464; x_wconf 59' lang='lat' dir='ltr'>Quaesrlo</span> <span class='ocrx_word' id='word_1_6' title='bbox 1468 423 1500 454; x_wconf 92' lang='grc' dir='ltr'>ιι.</span> 
     </span>
    </p>
   </div>
   <div class='ocr_carea' id='block_1_4' title="bbox 766 519 1993 563">
    <p class='ocr_par' dir='ltr' id='par_1_4' title="bbox 766 519 1993 563">
     <span class='ocr_line' id='line_1_5' title="bbox 766 519 1993 563; baseline 0.002 -12"><span class='ocrx_word' id='word_1_7' title='bbox 766 521 883 552; x_wconf 71' lang='lat' dir='ltr'>Utrum</span> <span class='ocrx_word' id='word_1_8' title='bbox 907 529 1028 561; x_wconf 74' lang='lat' dir='ltr'>eorpus</span> <span class='ocrx_word' id='word_1_9' title='bbox 1049 519 1275 562; x_wconf 72' lang='lat' dir='ltr'>ylorilicatztm</span> <span class='ocrx_word' id='word_1_10' title='bbox 1298 520 1341 552; x_wconf 73' lang='lat' dir='ltr'>sit</span> <span class='ocrx_word' id='word_1_11' title='bbox 1362 520 1527 562; x_wconf 72' lang='lat' dir='ltr'><em>palpabile</em></span> <span class='ocrx_word' id='word_1_12' title='bbox 1551 530 1573 552; x_wconf 80' lang='lat' dir='ltr'>ct</span> <span class='ocrx_word' id='word_1_13' title='bbox 1598 525 1688 553; x_wconf 77' lang='lat' dir='ltr'>tactu</span> <span class='ocrx_word' id='word_1_14' title='bbox 1711 531 1776 553; x_wconf 73' lang='lat' dir='ltr'>non</span> <span class='ocrx_word' id='word_1_15' title='bbox 1797 521 1993 563; x_wconf 55' lang='lat' dir='ltr'>morificate.</span> 
     </span>
    </p>
   </div>
   <div class='ocr_carea' id='block_1_5' title="bbox 395 643 1348 896">
    <p class='ocr_par' dir='ltr' id='par_1_5' title="bbox 395 643 1348 845">
     <span class='ocr_line' id='line_1_6' title="bbox 485 643 1348 686; baseline -0.003 -8"><span class='ocrx_word' id='word_1_16' title='bbox 485 645 627 678; x_wconf 76' lang='lat' dir='ltr'>Sec-undo</span> <span class='ocrx_word' id='word_1_17' title='bbox 656 645 819 686; x_wconf 87' lang='lat' dir='ltr'>quaeritur</span> <span class='ocrx_word' id='word_1_18' title='bbox 843 644 882 676; x_wconf 91' lang='lat' dir='ltr'>de</span> <span class='ocrx_word' id='word_1_19' title='bbox 906 643 1077 676; x_wconf 82' lang='lat' dir='ltr'>subtilitate</span> <span class='ocrx_word' id='word_1_20' title='bbox 1105 652 1161 685; x_wconf 89' lang='lat' dir='ltr'>per</span> <span class='ocrx_word' id='word_1_21' title='bbox 1190 652 1348 685; x_wconf 87' lang='lat' dir='ltr'>compara-</span> 
     </span>
     <span class='ocr_line' id='line_1_7' title="bbox 396 697 1348 738; baseline -0.003 -7"><span class='ocrx_word' id='word_1_22' title='bbox 396 700 511 732; x_wconf 88' lang='lat' dir='ltr'>tionem</span> <span class='ocrx_word' id='word_1_23' title='bbox 539 699 578 730; x_wconf 88' lang='lat' dir='ltr'>ad</span> <span class='ocrx_word' id='word_1_24' title='bbox 603 702 707 730; x_wconf 83' lang='lat' dir='ltr'>actum</span> <span class='ocrx_word' id='word_1_25' title='bbox 726 701 884 735; x_wconf 86' lang='lat' dir='ltr'>nost.rum;</span> <span class='ocrx_word' id='word_1_26' title='bbox 908 701 938 729; x_wconf 89' lang='lat' dir='ltr'>et</span> <span class='ocrx_word' id='word_1_27' title='bbox 954 697 1129 738; x_wconf 84' lang='lat' dir='ltr'>quaeritur,</span> <span class='ocrx_word' id='word_1_28' title='bbox 1154 700 1264 728; x_wconf 90' lang='lat' dir='ltr'>utrum</span> <span class='ocrx_word' id='word_1_29' title='bbox 1283 706 1348 729; x_wconf 86' lang='lat' dir='ltr'>cor-</span> 
     </span>
     <span class='ocr_line' id='line_1_8' title="bbox 395 748 1345 792; baseline -0.003 -9"><span class='ocrx_word' id='word_1_30' title='bbox 395 760 454 792; x_wconf 89' lang='lat' dir='ltr'>pus</span> <span class='ocrx_word' id='word_1_31' title='bbox 472 750 679 792; x_wconf 83' lang='lat' dir='ltr'>glorificatum</span> <span class='ocrx_word' id='word_1_32' title='bbox 699 750 738 781; x_wconf 88' lang='lat' dir='ltr'>sit</span> <span class='ocrx_word' id='word_1_33' title='bbox 763 749 917 791; x_wconf 79' lang='lat' dir='ltr'>palpabile</span> <span class='ocrx_word' id='word_1_34' title='bbox 934 758 952 780; x_wconf 88' lang='lat' dir='ltr'>a</span> <span class='ocrx_word' id='word_1_35' title='bbox 976 753 1060 781; x_wconf 86' lang='lat' dir='ltr'>tactu</span> <span class='ocrx_word' id='word_1_36' title='bbox 1077 758 1137 780; x_wconf 92' lang='lat' dir='ltr'>non</span> <span class='ocrx_word' id='word_1_37' title='bbox 1162 748 1345 790; x_wconf 84' lang='lat' dir='ltr'>glorificato.</span> 
     </span>
     <span class='ocr_line' id='line_1_9' title="bbox 395 803 782 845; baseline -0.005 -10"><span class='ocrx_word' id='word_1_38' title='bbox 395 804 428 835; x_wconf 81' lang='lat' dir='ltr'>Et</span> <span class='ocrx_word' id='word_1_39' title='bbox 452 803 536 845; x_wconf 91' lang='lat' dir='ltr'>quod</span> <span class='ocrx_word' id='word_1_40' title='bbox 561 803 622 841; x_wconf 79' lang='lat' dir='ltr'>sie,</span> <span class='ocrx_word' id='word_1_41' title='bbox 647 803 782 835; x_wconf 87' lang='lat' dir='ltr'>videtur.</span> 
     </span>
    </p>

    <p class='ocr_par' dir='ltr' id='par_1_6' title="bbox 486 854 1346 896">
     <span class='ocr_line' id='line_1_10' title="bbox 486 854 1346 896; baseline -0.002 -9"><span class='ocrx_word' id='word_1_42' title='bbox 486 857 510 887; x_wconf 88' lang='lat'>1.</span> <span class='ocrx_word' id='word_1_43' title='bbox 536 856 636 888; x_wconf 84' lang='lat' dir='ltr'>Lucae</span> <span class='ocrx_word' id='word_1_44' title='bbox 661 855 771 887; x_wconf 89' lang='lat' dir='ltr'>ultimo</span> <span class='ocrx_word' id='word_1_45' title='bbox 787 854 813 886; x_wconf 83' lang='lat'>¹:</span> <span class='ocrx_word' id='word_1_46' title='bbox 839 854 979 896; x_wconf 76' lang='lat' dir='ltr'>Palpctte</span> <span class='ocrx_word' id='word_1_47' title='bbox 995 859 1023 886; x_wconf 79' lang='lat' dir='ltr'>et</span> <span class='ocrx_word' id='word_1_48' title='bbox 1042 854 1155 891; x_wconf 64' lang='lat' dir='ltr'>eistete,</span> <span class='ocrx_word' id='word_1_49' title='bbox 1176 854 1256 896; x_wconf 80' lang='lat' dir='ltr'>quia</span> <span class='ocrx_word' id='word_1_50' title='bbox 1283 854 1346 895; x_wconf 73' lang='lat' dir='ltr'>spi-</span> 
     </span>
    </p>
   </div>
   <div class='ocr_carea' id='block_1_6' title="bbox 234 906 987 942">
    <p class='ocr_par' dir='ltr' id='par_1_7' title="bbox 234 906 987 942">
     <span class='ocr_line' id='line_1_11' title="bbox 234 906 987 942; baseline -0.004 0"><span class='ocrx_word' id='word_1_51' title='bbox 234 909 480 942; x_wconf 64' lang='lat' dir='ltr'>Fundameniaa&#39;itzts</span> <span class='ocrx_word' id='word_1_52' title='bbox 504 917 639 940; x_wconf 65' lang='lat' dir='ltr'>curnem</span> <span class='ocrx_word' id='word_1_53' title='bbox 656 912 683 939; x_wconf 76' lang='lat' dir='ltr'>et</span> <span class='ocrx_word' id='word_1_54' title='bbox 700 917 776 940; x_wconf 72' lang='lat' dir='ltr'>ossa</span> <span class='ocrx_word' id='word_1_55' title='bbox 799 917 864 939; x_wconf 44' lang='lat' dir='ltr'>&#39;noti</span> <span class='ocrx_word' id='word_1_56' title='bbox 885 906 987 939; x_wconf 76' lang='lat' dir='ltr'>habet.</span> 
     </span>
    </p>
   </div>
   <div class='ocr_carea' id='block_1_7' title="bbox 388 959 1347 2321">
    <p class='ocr_par' dir='ltr' id='par_1_8' title="bbox 393 959 1347 1108">
     <span class='ocr_line' id='line_1_12' title="bbox 482 959 1344 1001; baseline -0.001 -9"><span class='ocrx_word' id='word_1_57' title='bbox 482 962 510 992; x_wconf 67' lang='grc' dir='ltr'>Ξ.</span> <span class='ocrx_word' id='word_1_58' title='bbox 537 961 628 999; x_wconf 75' lang='lat' dir='ltr'>item,</span> <span class='ocrx_word' id='word_1_59' title='bbox 645 960 814 1001; x_wconf 78' lang='lat' dir='ltr'>Gregorius</span> <span class='ocrx_word' id='word_1_60' title='bbox 839 960 867 991; x_wconf 90' lang='lat' dir='ltr'>in</span> <span class='ocrx_word' id='word_1_61' title='bbox 886 960 1015 991; x_wconf 81' lang='lat' dir='ltr'>homilia</span> <span class='ocrx_word' id='word_1_62' title='bbox 1029 960 1056 991; x_wconf 76' lang='lat'>²:</span> <span class='ocrx_word' id='word_1_63' title='bbox 1081 971 1096 988; x_wconf 90' lang='lat'>«</span> <span class='ocrx_word' id='word_1_64' title='bbox 1113 959 1269 1000; x_wconf 77' lang='lat' dir='ltr'>palpabile</span> <span class='ocrx_word' id='word_1_65' title='bbox 1287 960 1344 991; x_wconf 86' lang='lat' dir='ltr'>fuit</span> 
     </span>
     <span class='ocr_line' id='line_1_13' title="bbox 393 1012 1347 1056; baseline -0.001 -11"><span class='ocrx_word' id='word_1_66' title='bbox 393 1022 450 1056; x_wconf 90' lang='lat' dir='ltr'>per</span> <span class='ocrx_word' id='word_1_67' title='bbox 474 1014 636 1046; x_wconf 81' lang='lat' dir='ltr'>veritatem</span> <span class='ocrx_word' id='word_1_68' title='bbox 664 1017 794 1045; x_wconf 87' lang='lat' dir='ltr'>naturae</span> <span class='ocrx_word' id='word_1_69' title='bbox 819 1017 849 1045; x_wconf 91' lang='lat' dir='ltr'>et</span> <span class='ocrx_word' id='word_1_70' title='bbox 873 1013 987 1045; x_wconf 78' lang='lat' dir='ltr'>subtile</span> <span class='ocrx_word' id='word_1_71' title='bbox 1012 1021 1067 1054; x_wconf 89' lang='lat' dir='ltr'>per</span> <span class='ocrx_word' id='word_1_72' title='bbox 1088 1012 1233 1045; x_wconf 86' lang='lat' dir='ltr'>effectum</span> <span class='ocrx_word' id='word_1_73' title='bbox 1258 1013 1347 1054; x_wconf 88' lang='lat' dir='ltr'>spiri-</span> 
     </span>
     <span class='ocr_line' id='line_1_14' title="bbox 394 1067 708 1108; baseline -0.006 -9"><span class='ocrx_word' id='word_1_74' title='bbox 394 1067 488 1099; x_wconf 90' lang='lat' dir='ltr'>tualis</span> <span class='ocrx_word' id='word_1_75' title='bbox 511 1067 708 1108; x_wconf 85' lang='lat' dir='ltr'>potentiae».</span> 
     </span>
    </p>

    <p class='ocr_par' dir='ltr' id='par_1_9' title="bbox 392 1117 1346 1318">
     <span class='ocr_line' id='line_1_15' title="bbox 483 1117 1346 1159; baseline -0.001 -9"><span class='ocrx_word' id='word_1_76' title='bbox 483 1119 512 1151; x_wconf 89' lang='lat'><strong>3</strong></span> <span class='ocrx_word' id='word_1_77' title='bbox 538 1119 627 1157; x_wconf 65' lang='lat' dir='ltr'>item5</span> <span class='ocrx_word' id='word_1_78' title='bbox 654 1119 782 1151; x_wconf 76' lang='lat' dir='ltr'>ratione</span> <span class='ocrx_word' id='word_1_79' title='bbox 809 1118 948 1150; x_wconf 88' lang='lat' dir='ltr'>videtur:</span> <span class='ocrx_word' id='word_1_80' title='bbox 974 1117 1048 1159; x_wconf 88' lang='lat' dir='ltr'>quia</span> <span class='ocrx_word' id='word_1_81' title='bbox 1073 1118 1103 1149; x_wconf 90' lang='lat' dir='ltr'>in</span> <span class='ocrx_word' id='word_1_82' title='bbox 1129 1126 1259 1159; x_wconf 81' lang='lat' dir='ltr'>corpore</span> <span class='ocrx_word' id='word_1_83' title='bbox 1284 1118 1346 1159; x_wconf 83' lang='lat' dir='ltr'>glo-</span> 
     </span>
     <span class='ocr_line' id='line_1_16' title="bbox 393 1170 1346 1208; baseline -0.001 -5"><span class='ocrx_word' id='word_1_84' title='bbox 393 1172 476 1204; x_wconf 90' lang='lat' dir='ltr'>rioso</span> <span class='ocrx_word' id='word_1_85' title='bbox 500 1171 559 1204; x_wconf 87' lang='lat' dir='ltr'>erit</span> <span class='ocrx_word' id='word_1_86' title='bbox 584 1171 698 1203; x_wconf 84' lang='lat' dir='ltr'>veritas</span> <span class='ocrx_word' id='word_1_87' title='bbox 730 1171 833 1203; x_wconf 83' lang='lat' dir='ltr'>carnis</span> <span class='ocrx_word' id='word_1_88' title='bbox 858 1175 888 1202; x_wconf 90' lang='lat' dir='ltr'>et</span> <span class='ocrx_word' id='word_1_89' title='bbox 912 1170 1007 1208; x_wconf 81' lang='lat' dir='ltr'>ossis:</span> <span class='ocrx_word' id='word_1_90' title='bbox 1033 1170 1087 1202; x_wconf 92' lang='lat' dir='ltr'>sed</span> <span class='ocrx_word' id='word_1_91' title='bbox 1112 1179 1184 1202; x_wconf 87' lang='lat' dir='ltr'>caro</span> <span class='ocrx_word' id='word_1_92' title='bbox 1208 1174 1255 1203; x_wconf 90' lang='lat' dir='ltr'>est</span> <span class='ocrx_word' id='word_1_93' title='bbox 1272 1171 1346 1202; x_wconf 86' lang='lat' dir='ltr'>mol-</span> 
     </span>
     <span class='ocr_line' id='line_1_17' title="bbox 392 1222 1345 1263; baseline -0.001 -7"><span class='ocrx_word' id='word_1_94' title='bbox 392 1224 444 1263; x_wconf 72' lang='lat' dir='ltr'>lis,</span> <span class='ocrx_word' id='word_1_95' title='bbox 469 1228 499 1256; x_wconf 89' lang='lat' dir='ltr'>et</span> <span class='ocrx_word' id='word_1_96' title='bbox 523 1233 557 1256; x_wconf 92' lang='lat' dir='ltr'>os</span> <span class='ocrx_word' id='word_1_97' title='bbox 575 1224 711 1262; x_wconf 71' lang='lat' dir='ltr'>durumg</span> <span class='ocrx_word' id='word_1_98' title='bbox 736 1224 789 1255; x_wconf 88' lang='lat' dir='ltr'>sed</span> <span class='ocrx_word' id='word_1_99' title='bbox 815 1223 933 1255; x_wconf 88' lang='lat' dir='ltr'>durum</span> <span class='ocrx_word' id='word_1_100' title='bbox 959 1227 989 1255; x_wconf 90' lang='lat' dir='ltr'>et</span> <span class='ocrx_word' id='word_1_101' title='bbox 1013 1222 1107 1255; x_wconf 89' lang='lat' dir='ltr'>molle</span> <span class='ocrx_word' id='word_1_102' title='bbox 1131 1226 1205 1255; x_wconf 87' lang='lat' dir='ltr'>sunt</span> <span class='ocrx_word' id='word_1_103' title='bbox 1225 1223 1345 1255; x_wconf 87' lang='lat' dir='ltr'>obiecta</span> 
     </span>
     <span class='ocr_line' id='line_1_18' title="bbox 393 1276 717 1318; baseline -0.003 -9"><span class='ocrx_word' id='word_1_104' title='bbox 393 1276 534 1309; x_wconf 76' lang='lat' dir='ltr'>tactus³x</span> <span class='ocrx_word' id='word_1_105' title='bbox 561 1286 635 1318; x_wconf 84' lang='lat' dir='ltr'>ergo</span> <span class='ocrx_word' id='word_1_106' title='bbox 660 1280 717 1308; x_wconf 89' lang='lat' dir='ltr'>etc.</span> 
     </span>
    </p>

    <p class='ocr_par' dir='ltr' id='par_1_10' title="bbox 392 1329 1346 1468">
     <span class='ocr_line' id='line_1_19' title="bbox 481 1329 1344 1370; baseline 0 -9"><span class='ocrx_word' id='word_1_107' title='bbox 481 1330 510 1362; x_wconf 74' lang='grc' dir='ltr'>[ι.</span> <span class='ocrx_word' id='word_1_108' title='bbox 540 1330 633 1368; x_wconf 51' lang='lat' dir='ltr'>item.</span> <span class='ocrx_word' id='word_1_109' title='bbox 674 1337 789 1370; x_wconf 83' lang='lat' dir='ltr'>corpus</span> <span class='ocrx_word' id='word_1_110' title='bbox 828 1329 998 1370; x_wconf 84' lang='lat' dir='ltr'>gloriosum</span> <span class='ocrx_word' id='word_1_111' title='bbox 1035 1332 1137 1370; x_wconf 87' lang='lat' dir='ltr'>potest</span> <span class='ocrx_word' id='word_1_112' title='bbox 1175 1329 1344 1361; x_wconf 85' lang='lat' dir='ltr'>immutare</span> 
     </span>
     <span class='ocr_line' id='line_1_20' title="bbox 393 1381 1346 1423; baseline 0 -10"><span class='ocrx_word' id='word_1_113' title='bbox 393 1383 495 1415; x_wconf 79' lang='lat' dir='ltr'>visum</span> <span class='ocrx_word' id='word_1_114' title='bbox 515 1383 540 1414; x_wconf 81' lang='lat'>⁴:</span> <span class='ocrx_word' id='word_1_115' title='bbox 569 1391 643 1423; x_wconf 86' lang='lat' dir='ltr'>ergo</span> <span class='ocrx_word' id='word_1_116' title='bbox 675 1382 785 1414; x_wconf 83' lang='lat' dir='ltr'>eadem</span> <span class='ocrx_word' id='word_1_117' title='bbox 818 1382 937 1414; x_wconf 88' lang='lat' dir='ltr'>ratione</span> <span class='ocrx_word' id='word_1_118' title='bbox 970 1385 1070 1422; x_wconf 84' lang='lat' dir='ltr'>potest</span> <span class='ocrx_word' id='word_1_119' title='bbox 1104 1381 1273 1413; x_wconf 87' lang='lat' dir='ltr'>immutare</span> <span class='ocrx_word' id='word_1_120' title='bbox 1304 1384 1346 1413; x_wconf 86' lang='lat' dir='ltr'>ta-</span> 
     </span>
     <span class='ocr_line' id='line_1_21' title="bbox 392 1440 487 1468; baseline -0.021 0"><span class='ocrx_word' id='word_1_121' title='bbox 392 1440 487 1468; x_wconf 86' lang='lat' dir='ltr'>ctum.</span> 
     </span>
    </p>

    <p class='ocr_par' dir='ltr' id='par_1_11' title="bbox 391 1487 1345 1635">
     <span class='ocr_line' id='line_1_22' title="bbox 481 1487 1345 1529; baseline -0.001 -9"><span class='ocrx_word' id='word_1_122' title='bbox 481 1488 624 1520; x_wconf 63' lang='lat' dir='ltr'>Coxrna:</span> <span class='ocrx_word' id='word_1_123' title='bbox 654 1489 679 1519; x_wconf 83' lang='lat'>1.</span> <span class='ocrx_word' id='word_1_124' title='bbox 698 1487 866 1529; x_wconf 76' lang='lat' dir='ltr'>Gregorius</span> <span class='ocrx_word' id='word_1_125' title='bbox 880 1487 908 1518; x_wconf 77' lang='grc'>5;</span> <span class='ocrx_word' id='word_1_126' title='bbox 932 1499 946 1516; x_wconf 90' lang='lat'>«</span> <span class='ocrx_word' id='word_1_127' title='bbox 964 1487 1130 1528; x_wconf 89' lang='lat' dir='ltr'>Corrumpi</span> <span class='ocrx_word' id='word_1_128' title='bbox 1152 1496 1278 1519; x_wconf 84' lang='lat' dir='ltr'>necesse</span> <span class='ocrx_word' id='word_1_129' title='bbox 1299 1490 1345 1519; x_wconf 89' lang='lat' dir='ltr'>est</span> 
     </span>
     <span class='ocr_line' id='line_1_23' title="bbox 392 1540 1344 1584; baseline -0.002 -10"><span class='ocrx_word' id='word_1_130' title='bbox 392 1541 474 1584; x_wconf 90' lang='lat' dir='ltr'>quod</span> <span class='ocrx_word' id='word_1_131' title='bbox 494 1541 641 1582; x_wconf 86' lang='lat' dir='ltr'>palpatur</span> <span class='ocrx_word' id='word_1_132' title='bbox 650 1553 684 1579; x_wconf 83' lang='lat'>»;</span> <span class='ocrx_word' id='word_1_133' title='bbox 702 1540 754 1572; x_wconf 87' lang='lat' dir='ltr'>sed</span> <span class='ocrx_word' id='word_1_134' title='bbox 774 1540 945 1581; x_wconf 87' lang='lat' dir='ltr'>gloriosum</span> <span class='ocrx_word' id='word_1_135' title='bbox 963 1549 1078 1581; x_wconf 86' lang='lat' dir='ltr'>corpus</span> <span class='ocrx_word' id='word_1_136' title='bbox 1095 1543 1142 1572; x_wconf 90' lang='lat' dir='ltr'>est</span> <span class='ocrx_word' id='word_1_137' title='bbox 1158 1540 1344 1582; x_wconf 87' lang='lat' dir='ltr'>incorrupti-</span> 
     </span>
     <span class='ocr_line' id='line_1_24' title="bbox 391 1593 856 1635; baseline -0.004 -9"><span class='ocrx_word' id='word_1_138' title='bbox 391 1594 467 1626; x_wconf 84' lang='lat' dir='ltr'>bile:</span> <span class='ocrx_word' id='word_1_139' title='bbox 492 1603 567 1635; x_wconf 87' lang='lat' dir='ltr'>ergo</span> <span class='ocrx_word' id='word_1_140' title='bbox 592 1597 622 1626; x_wconf 88' lang='lat' dir='ltr'>et</span> <span class='ocrx_word' id='word_1_141' title='bbox 645 1593 856 1635; x_wconf 75' lang='lat' dir='ltr'>impalpabile.</span> 
     </span>
    </p>

    <p class='ocr_par' dir='ltr' id='par_1_12' title="bbox 391 1645 1344 1843">
     <span class='ocr_line' id='line_1_25' title="bbox 481 1645 1344 1687; baseline 0 -9"><span class='ocrx_word' id='word_1_142' title='bbox 481 1648 509 1679; x_wconf 66' lang='lat' dir='ltr'>Q,</span> <span class='ocrx_word' id='word_1_143' title='bbox 532 1647 604 1679; x_wconf 85' lang='lat' dir='ltr'>item</span> <span class='ocrx_word' id='word_1_144' title='bbox 616 1672 623 1685; x_wconf 73' lang='grc'>,</span> <span class='ocrx_word' id='word_1_145' title='bbox 641 1647 769 1678; x_wconf 83' lang='lat' dir='ltr'>Ioannes</span> <span class='ocrx_word' id='word_1_146' title='bbox 785 1645 1027 1687; x_wconf 85' lang='lat' dir='ltr'>Chrysostomus</span> <span class='ocrx_word' id='word_1_147' title='bbox 1044 1646 1073 1678; x_wconf 90' lang='lat' dir='ltr'>in</span> <span class='ocrx_word' id='word_1_148' title='bbox 1091 1646 1227 1687; x_wconf 88' lang='lat' dir='ltr'>quadam</span> <span class='ocrx_word' id='word_1_149' title='bbox 1246 1646 1344 1678; x_wconf 89' lang='lat' dir='ltr'>homi-</span> 
     </span>
     <span class='ocr_line' id='line_1_26' title="bbox 393 1699 1343 1741; baseline 0 -9"><span class='ocrx_word' id='word_1_150' title='bbox 393 1700 470 1732; x_wconf 74' lang='lat' dir='ltr'>lia⁶:</span> <span class='ocrx_word' id='word_1_151' title='bbox 494 1700 655 1741; x_wconf 85' lang='lat' dir='ltr'>«Dignum</span> <span class='ocrx_word' id='word_1_152' title='bbox 681 1703 728 1732; x_wconf 90' lang='lat' dir='ltr'>est</span> <span class='ocrx_word' id='word_1_153' title='bbox 752 1708 919 1741; x_wconf 71' lang='lat' dir='ltr'>quaerere,</span> <span class='ocrx_word' id='word_1_154' title='bbox 944 1699 1078 1741; x_wconf 79' lang='lat' dir='ltr'>qualiter</span> <span class='ocrx_word' id='word_1_155' title='bbox 1102 1708 1218 1741; x_wconf 89' lang='lat' dir='ltr'>corpus</span> <span class='ocrx_word' id='word_1_156' title='bbox 1246 1700 1343 1732; x_wconf 87' lang='lat' dir='ltr'>incor-</span> 
     </span>
     <span class='ocr_line' id='line_1_27' title="bbox 391 1751 1343 1794; baseline -0.002 -9"><span class='ocrx_word' id='word_1_157' title='bbox 391 1752 540 1794; x_wconf 87' lang='lat' dir='ltr'>ruptibile</span> <span class='ocrx_word' id='word_1_158' title='bbox 557 1752 704 1793; x_wconf 80' lang='lat' dir='ltr'>tangibile</span> <span class='ocrx_word' id='word_1_159' title='bbox 729 1751 787 1783; x_wconf 85' lang='lat' dir='ltr'>fuit</span> <span class='ocrx_word' id='word_1_160' title='bbox 811 1751 934 1783; x_wconf 77' lang='lat' dir='ltr'>mortali</span> <span class='ocrx_word' id='word_1_161' title='bbox 959 1760 1068 1790; x_wconf 81' lang='lat' dir='ltr'>manu3</span> <span class='ocrx_word' id='word_1_162' title='bbox 1094 1751 1204 1784; x_wconf 91' lang='lat' dir='ltr'>sedne</span> <span class='ocrx_word' id='word_1_163' title='bbox 1227 1751 1343 1784; x_wconf 89' lang='lat' dir='ltr'>tumul-</span> 
     </span>
     <span class='ocr_line' id='line_1_28' title="bbox 391 1804 1031 1843; baseline -0.003 -6"><span class='ocrx_word' id='word_1_164' title='bbox 391 1805 504 1843; x_wconf 85' lang='lat' dir='ltr'>tueris;</span> <span class='ocrx_word' id='word_1_165' title='bbox 529 1804 799 1837; x_wconf 78' lang='lat' dir='ltr'>condescensionis</span> <span class='ocrx_word' id='word_1_166' title='bbox 823 1804 905 1836; x_wconf 88' lang='lat' dir='ltr'>enim</span> <span class='ocrx_word' id='word_1_167' title='bbox 931 1804 1031 1836; x_wconf 87' lang='lat' dir='ltr'>fuit».</span> 
     </span>
    </p>

    <p class='ocr_par' dir='ltr' id='par_1_13' title="bbox 389 1857 1343 2216">
     <span class='ocr_line' id='line_1_29' title="bbox 480 1857 1343 1898; baseline 0 -9"><span class='ocrx_word' id='word_1_168' title='bbox 480 1857 508 1889; x_wconf 81' lang='lat'>3.</span> <span class='ocrx_word' id='word_1_169' title='bbox 534 1858 627 1895; x_wconf 71' lang='lat' dir='ltr'>Item,</span> <span class='ocrx_word' id='word_1_170' title='bbox 651 1857 780 1889; x_wconf 69' lang='lat' dir='ltr'>ratione</span> <span class='ocrx_word' id='word_1_171' title='bbox 804 1857 945 1889; x_wconf 88' lang='lat' dir='ltr'>videtur:</span> <span class='ocrx_word' id='word_1_172' title='bbox 971 1857 1045 1898; x_wconf 88' lang='lat' dir='ltr'>quia</span> <span class='ocrx_word' id='word_1_173' title='bbox 1061 1865 1152 1889; x_wconf 86' lang='lat' dir='ltr'>omne</span> <span class='ocrx_word' id='word_1_174' title='bbox 1174 1857 1259 1898; x_wconf 87' lang='lat' dir='ltr'>quod</span> <span class='ocrx_word' id='word_1_175' title='bbox 1277 1866 1343 1890; x_wconf 88' lang='lat' dir='ltr'>sen-</span> 
     </span>
     <span class='ocr_line' id='line_1_30' title="bbox 390 1909 1343 1953; baseline 0 -11"><span class='ocrx_word' id='word_1_176' title='bbox 390 1910 466 1942; x_wconf 86' lang='lat' dir='ltr'>titur</span> <span class='ocrx_word' id='word_1_177' title='bbox 491 1914 590 1948; x_wconf 76' lang='lat' dir='ltr'>tactu.</span> <span class='ocrx_word' id='word_1_178' title='bbox 615 1910 749 1942; x_wconf 85' lang='lat' dir='ltr'>sentitur</span> <span class='ocrx_word' id='word_1_179' title='bbox 772 1913 827 1941; x_wconf 89' lang='lat' dir='ltr'>aut</span> <span class='ocrx_word' id='word_1_180' title='bbox 850 1918 907 1951; x_wconf 91' lang='lat' dir='ltr'>per</span> <span class='ocrx_word' id='word_1_181' title='bbox 923 1909 1160 1947; x_wconf 66' lang='lat' dir='ltr'>resistentiam,</span> <span class='ocrx_word' id='word_1_182' title='bbox 1185 1913 1240 1942; x_wconf 89' lang='lat' dir='ltr'>aut</span> <span class='ocrx_word' id='word_1_183' title='bbox 1264 1920 1343 1953; x_wconf 79' lang='lat' dir='ltr'>qua-</span> 
     </span>
     <span class='ocr_line' id='line_1_31' title="bbox 390 1962 1340 2004; baseline 0.002 -11"><span class='ocrx_word' id='word_1_184' title='bbox 390 1962 511 1995; x_wconf 79' lang='lat' dir='ltr'>litatem</span> <span class='ocrx_word' id='word_1_185' title='bbox 537 1963 700 2000; x_wconf 70' lang='lat' dir='ltr'>activam,</span> <span class='ocrx_word' id='word_1_186' title='bbox 738 1962 818 1994; x_wconf 87' lang='lat' dir='ltr'>sicut</span> <span class='ocrx_word' id='word_1_187' title='bbox 852 1962 986 1994; x_wconf 87' lang='lat' dir='ltr'>sentitur</span> <span class='ocrx_word' id='word_1_188' title='bbox 1014 1963 1068 1994; x_wconf 82' lang='lat' dir='ltr'>aer</span> <span class='ocrx_word' id='word_1_189' title='bbox 1102 1962 1253 2004; x_wconf 74' lang='lat' dir='ltr'>frigidus3</span> <span class='ocrx_word' id='word_1_190' title='bbox 1286 1964 1340 1996; x_wconf 91' lang='lat' dir='ltr'>sed</span> 
     </span>
     <span class='ocr_line' id='line_1_32' title="bbox 390 2015 1341 2057; baseline 0 -10"><span class='ocrx_word' id='word_1_191' title='bbox 390 2024 504 2057; x_wconf 86' lang='lat' dir='ltr'>corpus</span> <span class='ocrx_word' id='word_1_192' title='bbox 529 2015 700 2057; x_wconf 84' lang='lat' dir='ltr'>gloriosum</span> <span class='ocrx_word' id='word_1_193' title='bbox 734 2024 793 2046; x_wconf 91' lang='lat' dir='ltr'>non</span> <span class='ocrx_word' id='word_1_194' title='bbox 830 2018 930 2056; x_wconf 89' lang='lat' dir='ltr'>potest</span> <span class='ocrx_word' id='word_1_195' title='bbox 965 2015 1072 2047; x_wconf 86' lang='lat' dir='ltr'>sentiri</span> <span class='ocrx_word' id='word_1_196' title='bbox 1101 2024 1158 2057; x_wconf 90' lang='lat' dir='ltr'>per</span> <span class='ocrx_word' id='word_1_197' title='bbox 1193 2015 1341 2047; x_wconf 71' lang='lat' dir='ltr'>resisten-</span> 
     </span>
     <span class='ocr_line' id='line_1_33' title="bbox 390 2067 1338 2110; baseline -0.001 -10"><span class='ocrx_word' id='word_1_198' title='bbox 390 2069 491 2106; x_wconf 77' lang='lat' dir='ltr'>tiam,</span> <span class='ocrx_word' id='word_1_199' title='bbox 524 2068 598 2110; x_wconf 87' lang='lat' dir='ltr'>quia</span> <span class='ocrx_word' id='word_1_200' title='bbox 628 2067 706 2100; x_wconf 86' lang='lat' dir='ltr'>nihil</span> <span class='ocrx_word' id='word_1_201' title='bbox 742 2068 768 2100; x_wconf 93' lang='lat' dir='ltr'>ei</span> <span class='ocrx_word' id='word_1_202' title='bbox 801 2067 934 2106; x_wconf 79' lang='lat' dir='ltr'>resistit3</span> <span class='ocrx_word' id='word_1_203' title='bbox 959 2077 1021 2099; x_wconf 89' lang='lat' dir='ltr'>non</span> <span class='ocrx_word' id='word_1_204' title='bbox 1056 2076 1112 2109; x_wconf 88' lang='lat' dir='ltr'>per</span> <span class='ocrx_word' id='word_1_205' title='bbox 1148 2067 1338 2110; x_wconf 73' lang='lat' dir='ltr'>qualitatem</span> 
     </span>
     <span class='ocr_line' id='line_1_34' title="bbox 389 2120 1338 2163; baseline -0.002 -9"><span class='ocrx_word' id='word_1_206' title='bbox 389 2122 554 2160; x_wconf 69' lang='lat' dir='ltr'>activam,</span> <span class='ocrx_word' id='word_1_207' title='bbox 586 2121 660 2163; x_wconf 84' lang='lat' dir='ltr'>quia</span> <span class='ocrx_word' id='word_1_208' title='bbox 691 2120 777 2152; x_wconf 88' lang='lat' dir='ltr'>nulla</span> <span class='ocrx_word' id='word_1_209' title='bbox 810 2120 881 2153; x_wconf 90' lang='lat' dir='ltr'>talis</span> <span class='ocrx_word' id='word_1_210' title='bbox 909 2120 1085 2152; x_wconf 87' lang='lat' dir='ltr'>immutatio</span> <span class='ocrx_word' id='word_1_211' title='bbox 1110 2120 1151 2152; x_wconf 92' lang='lat' dir='ltr'>ibi</span> <span class='ocrx_word' id='word_1_212' title='bbox 1181 2124 1338 2153; x_wconf 83' lang='lat' dir='ltr'>remanet:</span> 
     </span>
     <span class='ocr_line' id='line_1_35' title="bbox 389 2173 702 2216; baseline -0.006 -9"><span class='ocrx_word' id='word_1_213' title='bbox 389 2183 463 2216; x_wconf 81' lang='lat' dir='ltr'>ergo</span> <span class='ocrx_word' id='word_1_214' title='bbox 487 2174 575 2206; x_wconf 92' lang='lat' dir='ltr'>nullo</span> <span class='ocrx_word' id='word_1_215' title='bbox 599 2173 702 2205; x_wconf 91' lang='lat' dir='ltr'>modo.</span> 
     </span>
    </p>

    <p class='ocr_par' dir='ltr' id='par_1_14' title="bbox 388 2225 1341 2321">
     <span class='ocr_line' id='line_1_36' title="bbox 476 2225 1341 2267; baseline -0.001 -9"><span class='ocrx_word' id='word_1_216' title='bbox 476 2227 506 2259; x_wconf 74' lang='grc' dir='ltr'>[ι.</span> <span class='ocrx_word' id='word_1_217' title='bbox 532 2227 624 2264; x_wconf 74' lang='lat' dir='ltr'>item,</span> <span class='ocrx_word' id='word_1_218' title='bbox 651 2230 751 2258; x_wconf 85' lang='lat' dir='ltr'>tactus</span> <span class='ocrx_word' id='word_1_219' title='bbox 774 2225 913 2258; x_wconf 81' lang='lat' dir='ltr'>maxime</span> <span class='ocrx_word' id='word_1_220' title='bbox 942 2229 989 2258; x_wconf 89' lang='lat' dir='ltr'>est</span> <span class='ocrx_word' id='word_1_221' title='bbox 1014 2225 1202 2264; x_wconf 78' lang='lat' dir='ltr'>materialis3</span> <span class='ocrx_word' id='word_1_222' title='bbox 1226 2233 1341 2267; x_wconf 88' lang='lat' dir='ltr'>corpus</span> 
     </span>
     <span class='ocr_line' id='line_1_37' title="bbox 388 2279 1006 2321; baseline -0.003 -9"><span class='ocrx_word' id='word_1_223' title='bbox 388 2284 494 2312; x_wconf 85' lang='lat' dir='ltr'>autem</span> <span class='ocrx_word' id='word_1_224' title='bbox 517 2279 596 2311; x_wconf 90' lang='lat' dir='ltr'>illud</span> <span class='ocrx_word' id='word_1_225' title='bbox 621 2279 784 2321; x_wconf 82' lang='lat' dir='ltr'>spirituale</span> <span class='ocrx_word' id='word_1_226' title='bbox 800 2279 827 2310; x_wconf 87' lang='lat'>⁷:</span> <span class='ocrx_word' id='word_1_227' title='bbox 852 2287 926 2320; x_wconf 86' lang='lat' dir='ltr'>ergo</span> <span class='ocrx_word' id='word_1_228' title='bbox 950 2282 1006 2311; x_wconf 89' lang='lat' dir='ltr'>etc.</span> 
     </span>
    </p>
   </div>
   <div class='ocr_carea' id='block_1_8' title="bbox 1159 243 1604 276">
    <p class='ocr_par' dir='ltr' id='par_1_15' title="bbox 1159 243 1604 276">
     <span class='ocr_line' id='line_1_38' title="bbox 1159 243 1604 276; baseline -0.002 -1"><span class='ocrx_word' id='word_1_229' title='bbox 1159 243 1441 276; x_wconf 71' lang='lat' dir='ltr'>SENTENTIARUM</span> <span class='ocrx_word' id='word_1_230' title='bbox 1467 243 1534 274; x_wconf 87' lang='lat' dir='ltr'>LIB.</span> <span class='ocrx_word' id='word_1_231' title='bbox 1557 244 1604 276; x_wconf 92' lang='lat' dir='ltr'>lV.</span> 
     </span>
    </p>
   </div>
   <div class='ocr_carea' id='block_1_9' title="bbox 1373 650 1382 2315">
    <p class='ocr_par' dir='ltr' id='par_1_16' title="bbox 1373 650 1382 2315">
     <span class='ocr_line' id='line_1_39' title="bbox 1373 650 1382 2315; baseline 0 0"><span class='ocrx_word' id='word_1_232' title='bbox 1373 650 1382 2315; x_wconf 95' lang='lat' dir='ltr'> </span> 
     </span>
    </p>
   </div>
   <div class='ocr_carea' id='block_1_10' title="bbox 1766 654 2004 679">
    <p class='ocr_par' dir='ltr' id='par_1_17' title="bbox 1766 654 2004 679">
     <span class='ocr_line' id='line_1_40' title="bbox 1766 654 2004 679; baseline 0.004 -2"><span class='ocrx_word' id='word_1_233' title='bbox 1766 654 2004 679; x_wconf 86' lang='lat' dir='ltr'>CONCLUSIO.</span> 
     </span>
    </p>
   </div>
   <div class='ocr_carea' id='block_1_11' title="bbox 1452 722 2325 818">
    <p class='ocr_par' dir='ltr' id='par_1_18' title="bbox 1452 722 2325 818">
     <span class='ocr_line' id='line_1_41' title="bbox 1452 722 2325 768; baseline 0.005 -14"><span class='ocrx_word' id='word_1_234' title='bbox 1452 722 1579 765; x_wconf 78' lang='lat' dir='ltr'>Corpus</span> <span class='ocrx_word' id='word_1_235' title='bbox 1600 723 1784 765; x_wconf 62' lang='lat' dir='ltr'>gloriosum</span> <span class='ocrx_word' id='word_1_236' title='bbox 1804 728 1909 765; x_wconf 76' lang='lat' dir='ltr'>potest</span> <span class='ocrx_word' id='word_1_237' title='bbox 1931 734 1964 756; x_wconf 70' lang='lat' dir='ltr'>se</span> <span class='ocrx_word' id='word_1_238' title='bbox 1990 725 2147 766; x_wconf 76' lang='lat' dir='ltr'>praebere</span> <span class='ocrx_word' id='word_1_239' title='bbox 2172 726 2325 768; x_wconf 67' lang='lat' dir='ltr'>tanqibile</span> 
     </span>
     <span class='ocr_line' id='line_1_42' title="bbox 1538 776 2234 818; baseline 0.004 -11"><span class='ocrx_word' id='word_1_240' title='bbox 1538 780 1566 807; x_wconf 84' lang='lat' dir='ltr'>et</span> <span class='ocrx_word' id='word_1_241' title='bbox 1589 776 1688 808; x_wconf 78' lang='lat' dir='ltr'>etiam</span> <span class='ocrx_word' id='word_1_242' title='bbox 1712 786 1776 808; x_wconf 79' lang='lat' dir='ltr'>non</span> <span class='ocrx_word' id='word_1_243' title='bbox 1799 786 1832 808; x_wconf 78' lang='lat' dir='ltr'>se</span> <span class='ocrx_word' id='word_1_244' title='bbox 1852 777 2011 818; x_wconf 73' lang='lat' dir='ltr'>praebere</span> <span class='ocrx_word' id='word_1_245' title='bbox 2034 778 2101 810; x_wconf 74' lang='lat' dir='ltr'>sive</span> <span class='ocrx_word' id='word_1_246' title='bbox 2126 778 2234 810; x_wconf 75' lang='lat' dir='ltr'>latere.</span> 
     </span>
    </p>
   </div>
   <div class='ocr_carea' id='block_1_12' title="bbox 1406 855 2483 2311">
    <p class='ocr_par' dir='ltr' id='par_1_19' title="bbox 1408 855 2483 1688">
     <span class='ocr_line' id='line_1_43' title="bbox 1500 855 2483 902; baseline 0.004 -16"><span class='ocrx_word' id='word_1_247' title='bbox 1500 855 1700 887; x_wconf 76' lang='lat' dir='ltr'>RESPoNnEo:</span> <span class='ocrx_word' id='word_1_248' title='bbox 1732 855 1921 894; x_wconf 82' lang='lat' dir='ltr'>Dicendum,</span> <span class='ocrx_word' id='word_1_249' title='bbox 1946 856 2031 898; x_wconf 87' lang='lat' dir='ltr'>quod</span> <span class='ocrx_word' id='word_1_250' title='bbox 2062 865 2133 889; x_wconf 81' lang='lat' dir='ltr'>cum</span> <span class='ocrx_word' id='word_1_251' title='bbox 2159 857 2228 889; x_wconf 83' lang='lat' dir='ltr'>dico</span> <span class='ocrx_word' id='word_1_252' title='bbox 2257 858 2483 902; x_wconf 53' lang='lat' dir='ltr'>taum-numi(</span> 
     </span>
     <span class='ocr_line' id='line_1_44' title="bbox 1412 896 2472 951; baseline 0.004 -12"><span class='ocrx_word' id='word_1_253' title='bbox 1412 907 1481 946; x_wconf 79' lang='lat' dir='ltr'>bite,</span> <span class='ocrx_word' id='word_1_254' title='bbox 1507 908 1569 940; x_wconf 91' lang='lat' dir='ltr'>duo</span> <span class='ocrx_word' id='word_1_255' title='bbox 1594 908 1680 947; x_wconf 62' lang='lat' dir='ltr'>dico.</span> <span class='ocrx_word' id='word_1_256' title='bbox 1705 908 1821 941; x_wconf 86' lang='lat' dir='ltr'>scilicet</span> <span class='ocrx_word' id='word_1_257' title='bbox 1853 909 1934 950; x_wconf 90' lang='lat' dir='ltr'>quod</span> <span class='ocrx_word' id='word_1_258' title='bbox 1969 913 2069 951; x_wconf 88' lang='lat' dir='ltr'>potest</span> <span class='ocrx_word' id='word_1_259' title='bbox 2093 910 2272 943; x_wconf 71' lang='lat' dir='ltr'>immutare</span> <span class='ocrx_word' id='word_1_260' title='bbox 2295 921 2361 943; x_wconf 69' lang='lat' dir='ltr'>sen-</span> <span class='ocrx_word' id='word_1_261' title='bbox 2388 896 2472 922; x_wconf 52' lang='lat' dir='ltr'>‘augum&#39;</span> 
     </span>
     <span class='ocr_line' id='line_1_45' title="bbox 1409 961 2362 1005; baseline 0.004 -13"><span class='ocrx_word' id='word_1_262' title='bbox 1409 971 1497 999; x_wconf 70' lang='lat' dir='ltr'>suin,</span> <span class='ocrx_word' id='word_1_263' title='bbox 1522 965 1551 993; x_wconf 87' lang='lat' dir='ltr'>et</span> <span class='ocrx_word' id='word_1_264' title='bbox 1582 962 1640 993; x_wconf 87' lang='lat' dir='ltr'>hoc</span> <span class='ocrx_word' id='word_1_265' title='bbox 1672 965 1719 994; x_wconf 86' lang='lat' dir='ltr'>est</span> <span class='ocrx_word' id='word_1_266' title='bbox 1750 961 1966 1002; x_wconf 83' lang='lat' dir='ltr'>perfectionis;</span> <span class='ocrx_word' id='word_1_267' title='bbox 1992 966 2021 994; x_wconf 88' lang='lat' dir='ltr'>et</span> <span class='ocrx_word' id='word_1_268' title='bbox 2052 963 2137 1004; x_wconf 88' lang='lat' dir='ltr'>quod</span> <span class='ocrx_word' id='word_1_269' title='bbox 2169 973 2234 995; x_wconf 74' lang='lat' dir='ltr'>non</span> <span class='ocrx_word' id='word_1_270' title='bbox 2259 969 2362 1005; x_wconf 76' lang='lat' dir='ltr'>potest</span> 
     </span>
     <span class='ocr_line' id='line_1_46' title="bbox 1411 1013 2361 1056; baseline 0.004 -12"><span class='ocrx_word' id='word_1_271' title='bbox 1411 1013 1511 1045; x_wconf 77' lang='lat' dir='ltr'>latere</span> <span class='ocrx_word' id='word_1_272' title='bbox 1536 1018 1659 1045; x_wconf 78' lang='lat' dir='ltr'>tactum</span> <span class='ocrx_word' id='word_1_273' title='bbox 1685 1018 1846 1051; x_wconf 73' lang='lat' dir='ltr'>nostrum,</span> <span class='ocrx_word' id='word_1_274' title='bbox 1864 1018 1894 1046; x_wconf 90' lang='lat' dir='ltr'>et</span> <span class='ocrx_word' id='word_1_275' title='bbox 1911 1014 1968 1046; x_wconf 83' lang='lat' dir='ltr'>hoc</span> <span class='ocrx_word' id='word_1_276' title='bbox 1986 1018 2032 1047; x_wconf 88' lang='lat' dir='ltr'>est</span> <span class='ocrx_word' id='word_1_277' title='bbox 2057 1015 2308 1056; x_wconf 80' lang='lat' dir='ltr'>imperfectionis.</span> <span class='ocrx_word' id='word_1_278' title='bbox 2327 1017 2361 1048; x_wconf 89' lang='lat' dir='ltr'>Et</span> 
     </span>
     <span class='ocr_line' id='line_1_47' title="bbox 1411 1066 2482 1109; baseline 0.004 -12"><span class='ocrx_word' id='word_1_279' title='bbox 1411 1066 1484 1107; x_wconf 89' lang='lat' dir='ltr'>quia</span> <span class='ocrx_word' id='word_1_280' title='bbox 1520 1067 1693 1098; x_wconf 88' lang='lat' dir='ltr'>remanebit</span> <span class='ocrx_word' id='word_1_281' title='bbox 1728 1067 1811 1108; x_wconf 91' lang='lat' dir='ltr'>quod</span> <span class='ocrx_word' id='word_1_282' title='bbox 1848 1070 1894 1099; x_wconf 89' lang='lat' dir='ltr'>est</span> <span class='ocrx_word' id='word_1_283' title='bbox 1929 1067 2144 1109; x_wconf 78' lang='lat' dir='ltr'>perfectionis,</span> <span class='ocrx_word' id='word_1_284' title='bbox 2169 1072 2199 1100; x_wconf 88' lang='lat' dir='ltr'>et</span> <span class='ocrx_word' id='word_1_285' title='bbox 2234 1069 2361 1101; x_wconf 87' lang='lat' dir='ltr'>tolletur</span> <span class='ocrx_word' id='word_1_286' title='bbox 2479 1066 2482 1109; x_wconf 83' lang='grc' dir='ltr'>ἰ</span> 
     </span>
     <span class='ocr_line' id='line_1_48' title="bbox 1410 1119 2482 1163; baseline 0.005 -13"><span class='ocrx_word' id='word_1_287' title='bbox 1410 1119 1494 1159; x_wconf 90' lang='lat' dir='ltr'>quod</span> <span class='ocrx_word' id='word_1_288' title='bbox 1520 1123 1567 1151; x_wconf 87' lang='lat' dir='ltr'>est</span> <span class='ocrx_word' id='word_1_289' title='bbox 1598 1119 1883 1161; x_wconf 74' lang='lat' dir='ltr'>imperfectionis⁸3</span> <span class='ocrx_word' id='word_1_290' title='bbox 1909 1120 1978 1152; x_wconf 89' lang='lat' dir='ltr'>ideo</span> <span class='ocrx_word' id='word_1_291' title='bbox 2010 1120 2096 1157; x_wconf 70' lang='lat' dir='ltr'>dico,</span> <span class='ocrx_word' id='word_1_292' title='bbox 2129 1121 2211 1162; x_wconf 86' lang='lat' dir='ltr'>quod</span> <span class='ocrx_word' id='word_1_293' title='bbox 2245 1130 2360 1163; x_wconf 90' lang='lat' dir='ltr'>corpus</span> <span class='ocrx_word' id='word_1_294' title='bbox 2375 1131 2482 1155; x_wconf 72' lang='lat' dir='ltr'>Conclusio!</span> 
     </span>
     <span class='ocr_line' id='line_1_49' title="bbox 1410 1171 2360 1215; baseline 0.005 -13"><span class='ocrx_word' id='word_1_295' title='bbox 1410 1171 1581 1212; x_wconf 86' lang='lat' dir='ltr'>gloriosum</span> <span class='ocrx_word' id='word_1_296' title='bbox 1607 1175 1709 1212; x_wconf 87' lang='lat' dir='ltr'>potest</span> <span class='ocrx_word' id='word_1_297' title='bbox 1732 1180 1765 1203; x_wconf 89' lang='lat' dir='ltr'>se</span> <span class='ocrx_word' id='word_1_298' title='bbox 1790 1172 1940 1213; x_wconf 86' lang='lat' dir='ltr'>praebere</span> <span class='ocrx_word' id='word_1_299' title='bbox 1965 1172 2112 1214; x_wconf 82' lang='lat' dir='ltr'>tangibile</span> <span class='ocrx_word' id='word_1_300' title='bbox 2141 1178 2170 1205; x_wconf 90' lang='lat' dir='ltr'>et</span> <span class='ocrx_word' id='word_1_301' title='bbox 2195 1178 2295 1215; x_wconf 88' lang='lat' dir='ltr'>potest</span> <span class='ocrx_word' id='word_1_302' title='bbox 2327 1183 2360 1207; x_wconf 89' lang='lat' dir='ltr'>se</span> 
     </span>
     <span class='ocr_line' id='line_1_50' title="bbox 1410 1224 2359 1265; baseline 0.003 -10"><span class='ocrx_word' id='word_1_303' title='bbox 1410 1232 1471 1255; x_wconf 90' lang='lat' dir='ltr'>nou</span> <span class='ocrx_word' id='word_1_304' title='bbox 1496 1224 1649 1265; x_wconf 88' lang='lat' dir='ltr'>praebere</span> <span class='ocrx_word' id='word_1_305' title='bbox 1680 1224 1745 1256; x_wconf 91' lang='lat' dir='ltr'>sive</span> <span class='ocrx_word' id='word_1_306' title='bbox 1778 1225 1891 1262; x_wconf 84' lang='lat' dir='ltr'>latere;</span> <span class='ocrx_word' id='word_1_307' title='bbox 1916 1229 1945 1257; x_wconf 87' lang='lat' dir='ltr'>et</span> <span class='ocrx_word' id='word_1_308' title='bbox 1978 1225 2036 1257; x_wconf 83' lang='lat' dir='ltr'>boc</span> <span class='ocrx_word' id='word_1_309' title='bbox 2060 1226 2155 1257; x_wconf 87' lang='lat' dir='ltr'>habet</span> <span class='ocrx_word' id='word_1_310' title='bbox 2185 1227 2359 1259; x_wconf 86' lang='lat' dir='ltr'>secundnm</span> 
     </span>
     <span class='ocr_line' id='line_1_51' title="bbox 1410 1276 2483 1321; baseline 0.004 -13"><span class='ocrx_word' id='word_1_311' title='bbox 1410 1276 1552 1308; x_wconf 85' lang='lat' dir='ltr'>diversas</span> <span class='ocrx_word' id='word_1_312' title='bbox 1576 1277 1777 1309; x_wconf 86' lang='lat' dir='ltr'>conditiones.</span> <span class='ocrx_word' id='word_1_313' title='bbox 1802 1277 1877 1309; x_wconf 83' lang='lat' dir='ltr'>Nam</span> <span class='ocrx_word' id='word_1_314' title='bbox 1904 1278 1998 1319; x_wconf 71' lang='lat' dir='ltr'>tctizpi</span> <span class='ocrx_word' id='word_1_315' title='bbox 2020 1281 2136 1319; x_wconf 59' lang='lat' dir='ltr'>potest.</span> <span class='ocrx_word' id='word_1_316' title='bbox 2162 1279 2235 1320; x_wconf 87' lang='lat' dir='ltr'>quia</span> <span class='ocrx_word' id='word_1_317' title='bbox 2258 1283 2360 1320; x_wconf 89' lang='lat' dir='ltr'>potest</span> <span class='ocrx_word' id='word_1_318' title='bbox 2375 1289 2483 1321; x_wconf 37' lang='lat' dir='ltr'>nationes..</span> 
     </span>
     <span class='ocr_line' id='line_1_52' title="bbox 1411 1323 2483 1372; baseline 0.004 -12"><span class='ocrx_word' id='word_1_319' title='bbox 1411 1328 1581 1370; x_wconf 88' lang='lat' dir='ltr'>impellenti</span> <span class='ocrx_word' id='word_1_320' title='bbox 1607 1329 1770 1367; x_wconf 83' lang='lat' dir='ltr'>resistere,</span> <span class='ocrx_word' id='word_1_321' title='bbox 1795 1338 1866 1362; x_wconf 84' lang='lat' dir='ltr'>cum</span> <span class='ocrx_word' id='word_1_322' title='bbox 1885 1331 1924 1362; x_wconf 88' lang='lat' dir='ltr'>sit</span> <span class='ocrx_word' id='word_1_323' title='bbox 1948 1339 2063 1372; x_wconf 88' lang='lat' dir='ltr'>corpus</span> <span class='ocrx_word' id='word_1_324' title='bbox 2081 1339 2209 1369; x_wconf 80' lang='lat' dir='ltr'>verum,</span> <span class='ocrx_word' id='word_1_325' title='bbox 2233 1341 2294 1363; x_wconf 88' lang='lat' dir='ltr'>non</span> <span class='ocrx_word' id='word_1_326' title='bbox 2313 1342 2361 1364; x_wconf 84' lang='lat' dir='ltr'>va·</span> <span class='ocrx_word' id='word_1_327' title='bbox 2482 1323 2483 1333; x_wconf 51' lang='lat'>¹</span> 
     </span>
     <span class='ocr_line' id='line_1_53' title="bbox 1410 1382 2360 1426; baseline 0.004 -13"><span class='ocrx_word' id='word_1_328' title='bbox 1410 1390 1486 1414; x_wconf 90' lang='lat' dir='ltr'>num</span> <span class='ocrx_word' id='word_1_329' title='bbox 1518 1382 1567 1414; x_wconf 89' lang='lat' dir='ltr'>vel</span> <span class='ocrx_word' id='word_1_330' title='bbox 1600 1383 1854 1424; x_wconf 80' lang='lat' dir='ltr'>phantasticum3</span> <span class='ocrx_word' id='word_1_331' title='bbox 1880 1383 1980 1415; x_wconf 76' lang='lat' dir='ltr'>latere</span> <span class='ocrx_word' id='word_1_332' title='bbox 2011 1387 2129 1424; x_wconf 82' lang='lat' dir='ltr'>potest,</span> <span class='ocrx_word' id='word_1_333' title='bbox 2155 1385 2228 1425; x_wconf 91' lang='lat' dir='ltr'>quia</span> <span class='ocrx_word' id='word_1_334' title='bbox 2262 1388 2360 1426; x_wconf 88' lang='lat' dir='ltr'>potest</span> 
     </span>
     <span class='ocr_line' id='line_1_54' title="bbox 1410 1435 2359 1478; baseline 0.003 -12"><span class='ocrx_word' id='word_1_335' title='bbox 1410 1439 1575 1475; x_wconf 85' lang='lat' dir='ltr'>penetrare</span> <span class='ocrx_word' id='word_1_336' title='bbox 1599 1443 1752 1476; x_wconf 88' lang='lat' dir='ltr'>organum</span> <span class='ocrx_word' id='word_1_337' title='bbox 1778 1438 1888 1467; x_wconf 86' lang='lat' dir='ltr'>tactus.</span> <span class='ocrx_word' id='word_1_338' title='bbox 1913 1435 2071 1467; x_wconf 70' lang='lat' dir='ltr'>Primum</span> <span class='ocrx_word' id='word_1_339' title='bbox 2096 1436 2190 1469; x_wconf 85' lang='lat' dir='ltr'>habet</span> <span class='ocrx_word' id='word_1_340' title='bbox 2222 1446 2277 1478; x_wconf 91' lang='lat' dir='ltr'>per</span> <span class='ocrx_word' id='word_1_341' title='bbox 2300 1438 2359 1469; x_wconf 89' lang='lat' dir='ltr'>vir-</span> 
     </span>
     <span class='ocr_line' id='line_1_55' title="bbox 1411 1488 2359 1532; baseline 0.005 -14"><span class='ocrx_word' id='word_1_342' title='bbox 1411 1491 1507 1519; x_wconf 87' lang='lat' dir='ltr'>tutem</span> <span class='ocrx_word' id='word_1_343' title='bbox 1538 1491 1686 1526; x_wconf 77' lang='lat' dir='ltr'>naturae,</span> <span class='ocrx_word' id='word_1_344' title='bbox 1718 1488 1899 1520; x_wconf 67' lang='lat' dir='ltr'>seeundum</span> <span class='ocrx_word' id='word_1_345' title='bbox 1924 1497 1979 1530; x_wconf 90' lang='lat' dir='ltr'>per</span> <span class='ocrx_word' id='word_1_346' title='bbox 2008 1489 2153 1521; x_wconf 77' lang='lat' dir='ltr'>effectum</span> <span class='ocrx_word' id='word_1_347' title='bbox 2187 1491 2359 1532; x_wconf 83' lang='lat' dir='ltr'>spiritualis</span> 
     </span>
     <span class='ocr_line' id='line_1_56' title="bbox 1409 1540 2356 1582; baseline 0.004 -10"><span class='ocrx_word' id='word_1_348' title='bbox 1409 1540 1574 1581; x_wconf 83' lang='lat' dir='ltr'>potentiae.</span> <span class='ocrx_word' id='word_1_349' title='bbox 1601 1541 1634 1572; x_wconf 87' lang='lat' dir='ltr'>Et</span> <span class='ocrx_word' id='word_1_350' title='bbox 1658 1541 1735 1573; x_wconf 86' lang='lat' dir='ltr'>haec</span> <span class='ocrx_word' id='word_1_351' title='bbox 1759 1541 1822 1573; x_wconf 85' lang='lat' dir='ltr'>duo</span> <span class='ocrx_word' id='word_1_352' title='bbox 1847 1542 2003 1574; x_wconf 87' lang='lat' dir='ltr'>contraria</span> <span class='ocrx_word' id='word_1_353' title='bbox 2027 1546 2101 1574; x_wconf 86' lang='lat' dir='ltr'>sunt</span> <span class='ocrx_word' id='word_1_354' title='bbox 2126 1543 2154 1574; x_wconf 91' lang='lat' dir='ltr'>in</span> <span class='ocrx_word' id='word_1_355' title='bbox 2173 1543 2279 1582; x_wconf 76' lang='lat' dir='ltr'>nobis,</span> <span class='ocrx_word' id='word_1_356' title='bbox 2304 1544 2356 1576; x_wconf 88' lang='lat' dir='ltr'>sed</span> 
     </span>
     <span class='ocr_line' id='line_1_57' title="bbox 1409 1593 2361 1637; baseline 0.005 -13"><span class='ocrx_word' id='word_1_357' title='bbox 1409 1602 1468 1624; x_wconf 90' lang='lat' dir='ltr'>non</span> <span class='ocrx_word' id='word_1_358' title='bbox 1494 1593 1525 1624; x_wconf 92' lang='lat' dir='ltr'>in</span> <span class='ocrx_word' id='word_1_359' title='bbox 1546 1593 1600 1625; x_wconf 90' lang='lat' dir='ltr'>illo</span> <span class='ocrx_word' id='word_1_360' title='bbox 1623 1603 1764 1635; x_wconf 85' lang='lat' dir='ltr'>corpore.</span> <span class='ocrx_word' id='word_1_361' title='bbox 1781 1612 1824 1617; x_wconf 88' lang='lat'>—</span> <span class='ocrx_word' id='word_1_362' title='bbox 1840 1594 2063 1627; x_wconf 83' lang='lat' dir='ltr'>Concedendae</span> <span class='ocrx_word' id='word_1_363' title='bbox 2083 1604 2157 1637; x_wconf 90' lang='lat' dir='ltr'>ergo</span> <span class='ocrx_word' id='word_1_364' title='bbox 2175 1600 2247 1628; x_wconf 87' lang='lat' dir='ltr'>sunt</span> <span class='ocrx_word' id='word_1_365' title='bbox 2271 1597 2361 1629; x_wconf 85' lang='lat' dir='ltr'>ratio-</span> 
     </span>
     <span class='ocr_line' id='line_1_58' title="bbox 1408 1646 1833 1688; baseline 0.005 -12"><span class='ocrx_word' id='word_1_366' title='bbox 1408 1654 1480 1684; x_wconf 80' lang='lat' dir='ltr'>nes,</span> <span class='ocrx_word' id='word_1_367' title='bbox 1504 1646 1588 1686; x_wconf 90' lang='lat' dir='ltr'>quod</span> <span class='ocrx_word' id='word_1_368' title='bbox 1614 1646 1696 1688; x_wconf 89' lang='lat' dir='ltr'>tangi</span> <span class='ocrx_word' id='word_1_369' title='bbox 1723 1649 1833 1687; x_wconf 88' lang='lat' dir='ltr'>potest.</span> 
     </span>
    </p>

    <p class='ocr_par' dir='ltr' id='par_1_20' title="bbox 1407 1699 2481 1890">
     <span class='ocr_line' id='line_1_59' title="bbox 1500 1699 2481 1742; baseline 0.002 -13"><span class='ocrx_word' id='word_1_370' title='bbox 1500 1699 1526 1729; x_wconf 79' lang='lat'>1.</span> <span class='ocrx_word' id='word_1_371' title='bbox 1552 1700 1581 1730; x_wconf 64' lang='grc'>2.</span> <span class='ocrx_word' id='word_1_372' title='bbox 1605 1699 1649 1731; x_wconf 73' lang='lat' dir='ltr'>Ad</span> <span class='ocrx_word' id='word_1_373' title='bbox 1667 1699 1745 1731; x_wconf 89' lang='lat' dir='ltr'>illud</span> <span class='ocrx_word' id='word_1_374' title='bbox 1766 1699 1851 1740; x_wconf 87' lang='lat' dir='ltr'>quod</span> <span class='ocrx_word' id='word_1_375' title='bbox 1867 1699 2028 1738; x_wconf 83' lang='lat' dir='ltr'>obiicitur,</span> <span class='ocrx_word' id='word_1_376' title='bbox 2045 1700 2128 1741; x_wconf 88' lang='lat' dir='ltr'>quod</span> <span class='ocrx_word' id='word_1_377' title='bbox 2150 1701 2297 1742; x_wconf 83' lang='lat' dir='ltr'>palpatur</span> <span class='ocrx_word' id='word_1_378' title='bbox 2313 1705 2359 1734; x_wconf 90' lang='lat' dir='ltr'>est</span> <span class='ocrx_word' id='word_1_379' title='bbox 2386 1710 2481 1741; x_wconf 59' lang='lat' dir='ltr'>solutior</span> 
     </span>
     <span class='ocr_line' id='line_1_60' title="bbox 1408 1739 2481 1794; baseline 0.004 -11"><span class='ocrx_word' id='word_1_380' title='bbox 1408 1751 1629 1793; x_wconf 71' lang='lat' dir='ltr'>corruptibile3</span> <span class='ocrx_word' id='word_1_381' title='bbox 1654 1752 1842 1789; x_wconf 77' lang='lat' dir='ltr'>dicendum,</span> <span class='ocrx_word' id='word_1_382' title='bbox 1866 1752 1950 1794; x_wconf 87' lang='lat' dir='ltr'>quod</span> <span class='ocrx_word' id='word_1_383' title='bbox 1976 1752 2034 1784; x_wconf 76' lang='lat' dir='ltr'>hoc</span> <span class='ocrx_word' id='word_1_384' title='bbox 2059 1761 2169 1785; x_wconf 89' lang='lat' dir='ltr'>verum</span> <span class='ocrx_word' id='word_1_385' title='bbox 2195 1758 2242 1786; x_wconf 89' lang='lat' dir='ltr'>est</span> <span class='ocrx_word' id='word_1_386' title='bbox 2266 1754 2304 1786; x_wconf 90' lang='lat' dir='ltr'>de</span> <span class='ocrx_word' id='word_1_387' title='bbox 2321 1763 2357 1786; x_wconf 90' lang='lat' dir='ltr'>eo</span> <span class='ocrx_word' id='word_1_388' title='bbox 2374 1739 2481 1763; x_wconf 58' lang='lat' dir='ltr'>mmmm</span> 
     </span>
     <span class='ocr_line' id='line_1_61' title="bbox 1407 1805 2359 1846; baseline 0.003 -10"><span class='ocrx_word' id='word_1_389' title='bbox 1407 1805 1491 1846; x_wconf 90' lang='lat' dir='ltr'>quod</span> <span class='ocrx_word' id='word_1_390' title='bbox 1516 1809 1563 1837; x_wconf 83' lang='lat' dir='ltr'>est</span> <span class='ocrx_word' id='word_1_391' title='bbox 1586 1805 1681 1837; x_wconf 83' lang='lat' dir='ltr'>tactui</span> <span class='ocrx_word' id='word_1_392' title='bbox 1702 1805 1894 1844; x_wconf 81' lang='lat' dir='ltr'>subiectum,</span> <span class='ocrx_word' id='word_1_393' title='bbox 1919 1805 1973 1838; x_wconf 84' lang='lat' dir='ltr'>sed</span> <span class='ocrx_word' id='word_1_394' title='bbox 1998 1805 2080 1838; x_wconf 90' lang='lat' dir='ltr'>istud</span> <span class='ocrx_word' id='word_1_395' title='bbox 2107 1815 2167 1838; x_wconf 93' lang='lat' dir='ltr'>non</span> <span class='ocrx_word' id='word_1_396' title='bbox 2191 1807 2298 1846; x_wconf 73' lang='lat' dir='ltr'>erat⁹3</span> <span class='ocrx_word' id='word_1_397' title='bbox 2330 1811 2359 1839; x_wconf 87' lang='lat' dir='ltr'>et</span> 
     </span>
     <span class='ocr_line' id='line_1_62' title="bbox 1408 1858 1870 1890; baseline 0 0"><span class='ocrx_word' id='word_1_398' title='bbox 1408 1858 1478 1890; x_wconf 92' lang='lat' dir='ltr'>ideo</span> <span class='ocrx_word' id='word_1_399' title='bbox 1502 1858 1773 1890; x_wconf 85' lang='lat' dir='ltr'>condescensionis</span> <span class='ocrx_word' id='word_1_400' title='bbox 1794 1862 1870 1890; x_wconf 90' lang='lat' dir='ltr'>erat.</span> 
     </span>
    </p>

    <p class='ocr_par' dir='ltr' id='par_1_21' title="bbox 1406 1909 2359 2164">
     <span class='ocr_line' id='line_1_63' title="bbox 1496 1909 2358 1952; baseline 0.005 -11"><span class='ocrx_word' id='word_1_401' title='bbox 1496 1909 1524 1941; x_wconf 82' lang='lat'>3.</span> <span class='ocrx_word' id='word_1_402' title='bbox 1550 1910 1593 1942; x_wconf 82' lang='lat' dir='ltr'>Ad</span> <span class='ocrx_word' id='word_1_403' title='bbox 1618 1910 1696 1942; x_wconf 89' lang='lat' dir='ltr'>illud</span> <span class='ocrx_word' id='word_1_404' title='bbox 1722 1910 1806 1952; x_wconf 87' lang='lat' dir='ltr'>quod</span> <span class='ocrx_word' id='word_1_405' title='bbox 1830 1910 1976 1943; x_wconf 86' lang='lat' dir='ltr'>obiicitur</span> <span class='ocrx_word' id='word_1_406' title='bbox 1998 1911 2036 1944; x_wconf 91' lang='lat' dir='ltr'>de</span> <span class='ocrx_word' id='word_1_407' title='bbox 2060 1912 2250 1951; x_wconf 83' lang='lat' dir='ltr'>resistentia,</span> <span class='ocrx_word' id='word_1_408' title='bbox 2275 1912 2358 1952; x_wconf 73' lang='lat' dir='ltr'>dieo,</span> 
     </span>
     <span class='ocr_line' id='line_1_64' title="bbox 1407 1963 2359 2006; baseline 0.004 -12"><span class='ocrx_word' id='word_1_409' title='bbox 1407 1963 1491 2004; x_wconf 90' lang='lat' dir='ltr'>quod</span> <span class='ocrx_word' id='word_1_410' title='bbox 1516 1972 1631 2004; x_wconf 87' lang='lat' dir='ltr'>corpus</span> <span class='ocrx_word' id='word_1_411' title='bbox 1655 1967 1784 2004; x_wconf 87' lang='lat' dir='ltr'>tangens</span> <span class='ocrx_word' id='word_1_412' title='bbox 1808 1972 1869 1995; x_wconf 92' lang='lat' dir='ltr'>non</span> <span class='ocrx_word' id='word_1_413' title='bbox 1893 1964 2011 1997; x_wconf 88' lang='lat' dir='ltr'>resistit</span> <span class='ocrx_word' id='word_1_414' title='bbox 2035 1965 2204 2006; x_wconf 84' lang='lat' dir='ltr'>tangendo,</span> <span class='ocrx_word' id='word_1_415' title='bbox 2222 1966 2276 1998; x_wconf 86' lang='lat' dir='ltr'>sed</span> <span class='ocrx_word' id='word_1_416' title='bbox 2299 1975 2359 1998; x_wconf 90' lang='lat' dir='ltr'>ma-</span> 
     </span>
     <span class='ocr_line' id='line_1_65' title="bbox 1406 2015 2358 2060; baseline 0.004 -13"><span class='ocrx_word' id='word_1_417' title='bbox 1406 2015 1453 2056; x_wconf 89' lang='lat' dir='ltr'>gis</span> <span class='ocrx_word' id='word_1_418' title='bbox 1477 2024 1493 2047; x_wconf 90' lang='lat' dir='ltr'>e</span> <span class='ocrx_word' id='word_1_419' title='bbox 1518 2024 1687 2054; x_wconf 87' lang='lat' dir='ltr'>converso;</span> <span class='ocrx_word' id='word_1_420' title='bbox 1708 2019 1738 2048; x_wconf 90' lang='lat' dir='ltr'>et</span> <span class='ocrx_word' id='word_1_421' title='bbox 1760 2016 1831 2048; x_wconf 86' lang='lat' dir='ltr'>licet</span> <span class='ocrx_word' id='word_1_422' title='bbox 1853 2016 1931 2048; x_wconf 86' lang='lat' dir='ltr'>nihil</span> <span class='ocrx_word' id='word_1_423' title='bbox 1956 2018 2053 2059; x_wconf 85' lang='lat' dir='ltr'>possit</span> <span class='ocrx_word' id='word_1_424' title='bbox 2077 2019 2199 2060; x_wconf 77' lang='lat' dir='ltr'>corpori</span> <span class='ocrx_word' id='word_1_425' title='bbox 2223 2019 2358 2060; x_wconf 84' lang='lat' dir='ltr'>glorioso</span> 
     </span>
     <span class='ocr_line' id='line_1_66' title="bbox 1407 2067 2359 2113; baseline 0.004 -14"><span class='ocrx_word' id='word_1_426' title='bbox 1407 2067 1569 2107; x_wconf 78' lang='lat' dir='ltr'>resistere,</span> <span class='ocrx_word' id='word_1_427' title='bbox 1587 2068 1691 2109; x_wconf 88' lang='lat' dir='ltr'>ipsum</span> <span class='ocrx_word' id='word_1_428' title='bbox 1708 2073 1811 2101; x_wconf 88' lang='lat' dir='ltr'>tamen</span> <span class='ocrx_word' id='word_1_429' title='bbox 1836 2072 1938 2110; x_wconf 88' lang='lat' dir='ltr'>potest</span> <span class='ocrx_word' id='word_1_430' title='bbox 1961 2069 2047 2108; x_wconf 86' lang='lat' dir='ltr'>aliis;</span> <span class='ocrx_word' id='word_1_431' title='bbox 2065 2071 2145 2102; x_wconf 87' lang='lat' dir='ltr'>sicut</span> <span class='ocrx_word' id='word_1_432' title='bbox 2167 2075 2267 2112; x_wconf 81' lang='lat' dir='ltr'>patet,</span> <span class='ocrx_word' id='word_1_433' title='bbox 2285 2071 2359 2113; x_wconf 88' lang='lat' dir='ltr'>quia</span> 
     </span>
     <span class='ocr_line' id='line_1_67' title="bbox 1406 2121 2357 2164; baseline 0.001 -11"><span class='ocrx_word' id='word_1_434' title='bbox 1406 2125 1542 2159; x_wconf 77' lang='lat' dir='ltr'>constat,</span> <span class='ocrx_word' id='word_1_435' title='bbox 1567 2121 1652 2161; x_wconf 88' lang='lat' dir='ltr'>quod</span> <span class='ocrx_word' id='word_1_436' title='bbox 1677 2125 1778 2162; x_wconf 90' lang='lat' dir='ltr'>potest</span> <span class='ocrx_word' id='word_1_437' title='bbox 1805 2121 1971 2155; x_wconf 85' lang='lat' dir='ltr'>sustollere</span> <span class='ocrx_word' id='word_1_438' title='bbox 1986 2122 2010 2137; x_wconf 83' lang='lat'>¹⁰</span> <span class='ocrx_word' id='word_1_439' title='bbox 2035 2122 2169 2164; x_wconf 88' lang='lat' dir='ltr'>lapidem</span> <span class='ocrx_word' id='word_1_440' title='bbox 2196 2124 2226 2155; x_wconf 92' lang='lat' dir='ltr'>in</span> <span class='ocrx_word' id='word_1_441' title='bbox 2251 2132 2357 2156; x_wconf 85' lang='lat' dir='ltr'>manu.</span> 
     </span>
    </p>

    <p class='ocr_par' dir='ltr' id='par_1_22' title="bbox 1406 2173 2359 2311">
     <span class='ocr_line' id='line_1_68' title="bbox 1494 2173 2359 2218; baseline 0.003 -13"><span class='ocrx_word' id='word_1_442' title='bbox 1494 2174 1524 2205; x_wconf 78' lang='lat'>4.</span> <span class='ocrx_word' id='word_1_443' title='bbox 1549 2173 1592 2205; x_wconf 90' lang='lat' dir='ltr'>Ad</span> <span class='ocrx_word' id='word_1_444' title='bbox 1617 2173 1765 2206; x_wconf 89' lang='lat' dir='ltr'>ultimum</span> <span class='ocrx_word' id='word_1_445' title='bbox 1791 2183 1865 2206; x_wconf 85' lang='lat' dir='ltr'>vero</span> <span class='ocrx_word' id='word_1_446' title='bbox 1889 2179 1973 2216; x_wconf 90' lang='lat' dir='ltr'>patet</span> <span class='ocrx_word' id='word_1_447' title='bbox 1993 2176 2170 2217; x_wconf 85' lang='lat' dir='ltr'>responsio:</span> <span class='ocrx_word' id='word_1_448' title='bbox 2197 2177 2271 2218; x_wconf 88' lang='lat' dir='ltr'>quia</span> <span class='ocrx_word' id='word_1_449' title='bbox 2295 2185 2359 2208; x_wconf 84' lang='lat' dir='ltr'>cor-</span> 
     </span>
     <span class='ocr_line' id='line_1_69' title="bbox 1406 2225 2356 2269; baseline 0.004 -12"><span class='ocrx_word' id='word_1_450' title='bbox 1406 2235 1466 2267; x_wconf 91' lang='lat' dir='ltr'>pus</span> <span class='ocrx_word' id='word_1_451' title='bbox 1490 2234 1551 2257; x_wconf 92' lang='lat' dir='ltr'>non</span> <span class='ocrx_word' id='word_1_452' title='bbox 1576 2225 1711 2258; x_wconf 85' lang='lat' dir='ltr'>efficitur</span> <span class='ocrx_word' id='word_1_453' title='bbox 1735 2226 1777 2257; x_wconf 83' lang='lat' dir='ltr'>ita</span> <span class='ocrx_word' id='word_1_454' title='bbox 1801 2226 1983 2268; x_wconf 82' lang='lat' dir='ltr'>spirituale,</span> <span class='ocrx_word' id='word_1_455' title='bbox 2008 2228 2082 2269; x_wconf 91' lang='lat' dir='ltr'>quin</span> <span class='ocrx_word' id='word_1_456' title='bbox 2108 2227 2248 2260; x_wconf 88' lang='lat' dir='ltr'>salvetur</span> <span class='ocrx_word' id='word_1_457' title='bbox 2265 2228 2295 2260; x_wconf 92' lang='lat' dir='ltr'>in</span> <span class='ocrx_word' id='word_1_458' title='bbox 2320 2237 2356 2261; x_wconf 91' lang='lat' dir='ltr'>eo</span> 
     </span>
     <span class='ocr_line' id='line_1_70' title="bbox 1407 2278 1854 2311; baseline 0.002 -1"><span class='ocrx_word' id='word_1_459' title='bbox 1407 2278 1522 2310; x_wconf 89' lang='lat' dir='ltr'>veritas</span> <span class='ocrx_word' id='word_1_460' title='bbox 1546 2278 1649 2311; x_wconf 85' lang='lat' dir='ltr'>carnis</span> <span class='ocrx_word' id='word_1_461' title='bbox 1673 2282 1703 2311; x_wconf 91' lang='lat' dir='ltr'>et</span> <span class='ocrx_word' id='word_1_462' title='bbox 1726 2279 1805 2311; x_wconf 90' lang='lat' dir='ltr'>ossis</span> <span class='ocrx_word' id='word_1_463' title='bbox 1820 2278 1854 2310; x_wconf 87' lang='lat'>¹¹.</span> 
     </span>
    </p>
   </div>
   <div class='ocr_carea' id='block_1_13' title="bbox 2460 0 2483 1302">
    <p class='ocr_par' dir='ltr' id='par_1_23' title="bbox 2460 0 2483 1302">
     <span class='ocr_line' id='line_1_71' title="bbox 2460 0 2483 1302; baseline 0 0"><span class='ocrx_word' id='word_1_464' title='bbox 2460 0 2483 1302; x_wconf 95' lang='lat' dir='ltr'> </span> 
     </span>
    </p>
   </div>
   <div class='ocr_carea' id='block_1_14' title="bbox 1201 2416 1548 2454">
    <p class='ocr_par' dir='ltr' id='par_1_24' title="bbox 1201 2416 1548 2454">
     <span class='ocr_line' id='line_1_72' title="bbox 1201 2416 1548 2454; baseline 0 0"><span class='ocrx_word' id='word_1_465' title='bbox 1201 2416 1466 2454; x_wconf 84' lang='lat' dir='ltr'><strong>ARTICULUS</strong></span> <span class='ocrx_word' id='word_1_466' title='bbox 1491 2417 1548 2454; x_wconf 88' lang='lat' dir='ltr'>IV.</span> 
     </span>
    </p>
   </div>
   <div class='ocr_carea' id='block_1_15' title="bbox 1214 2518 1532 2560">
    <p class='ocr_par' dir='ltr' id='par_1_25' title="bbox 1214 2518 1532 2560">
     <span class='ocr_line' id='line_1_73' title="bbox 1214 2518 1532 2560; baseline 0 -10"><span class='ocrx_word' id='word_1_467' title='bbox 1214 2519 1258 2550; x_wconf 86' lang='lat' dir='ltr'>De</span> <span class='ocrx_word' id='word_1_468' title='bbox 1274 2519 1344 2550; x_wconf 77' lang='lat' dir='ltr'>dote</span> <span class='ocrx_word' id='word_1_469' title='bbox 1359 2518 1532 2560; x_wconf 75' lang='lat' dir='ltr'>ayt&#39;litatis.</span> 
     </span>
    </p>
   </div>
   <div class='ocr_carea' id='block_1_16' title="bbox 388 2642 1340 2791">
    <p class='ocr_par' dir='ltr' id='par_1_26' title="bbox 388 2642 1340 2791">
     <span class='ocr_line' id='line_1_74' title="bbox 476 2642 1340 2685; baseline -0.001 -10"><span class='ocrx_word' id='word_1_470' title='bbox 476 2644 708 2685; x_wconf 69' lang='lat' dir='ltr'>consequenter</span> <span class='ocrx_word' id='word_1_471' title='bbox 725 2643 889 2685; x_wconf 89' lang='lat' dir='ltr'>quaeritur</span> <span class='ocrx_word' id='word_1_472' title='bbox 907 2643 946 2676; x_wconf 91' lang='lat' dir='ltr'>de</span> <span class='ocrx_word' id='word_1_473' title='bbox 963 2643 1034 2675; x_wconf 89' lang='lat' dir='ltr'>dote</span> <span class='ocrx_word' id='word_1_474' title='bbox 1047 2642 1208 2684; x_wconf 84' lang='lat' dir='ltr'>agilitatis,</span> <span class='ocrx_word' id='word_1_475' title='bbox 1225 2642 1264 2675; x_wconf 85' lang='lat' dir='ltr'>de</span> <span class='ocrx_word' id='word_1_476' title='bbox 1277 2651 1340 2684; x_wconf 84' lang='lat' dir='ltr'>qua</span> 
     </span>
     <span class='ocr_line' id='line_1_75' title="bbox 388 2696 675 2738; baseline 0 -10"><span class='ocrx_word' id='word_1_477' title='bbox 388 2696 451 2728; x_wconf 75' lang='lat' dir='ltr'>&lt;luo</span> <span class='ocrx_word' id='word_1_478' title='bbox 467 2700 675 2738; x_wconf 87' lang='lat' dir='ltr'>quaeruntur.</span> 
     </span>
     <span class='ocr_line' id='line_1_76' title="bbox 476 2749 1339 2791; baseline 0 -10"><span class='ocrx_word' id='word_1_479' title='bbox 476 2749 579 2781; x_wconf 89' lang='lat' dir='ltr'>Primo</span> <span class='ocrx_word' id='word_1_480' title='bbox 602 2749 776 2791; x_wconf 74' lang='lat' dir='ltr'>quaeritur,</span> <span class='ocrx_word' id='word_1_481' title='bbox 803 2753 908 2782; x_wconf 88' lang='lat' dir='ltr'>utrum</span> <span class='ocrx_word' id='word_1_482' title='bbox 939 2749 978 2782; x_wconf 84' lang='lat' dir='ltr'>sit</span> <span class='ocrx_word' id='word_1_483' title='bbox 1002 2750 1033 2781; x_wconf 91' lang='lat' dir='ltr'>in</span> <span class='ocrx_word' id='word_1_484' title='bbox 1057 2749 1204 2782; x_wconf 90' lang='lat' dir='ltr'>omnibus</span> <span class='ocrx_word' id='word_1_485' title='bbox 1232 2758 1339 2791; x_wconf 87' lang='lat' dir='ltr'>corpo-</span> 
     </span>
    </p>
   </div>
   <div class='ocr_carea' id='block_1_17' title="bbox 387 2931 1340 3401">
    <p class='ocr_par' dir='ltr' id='par_1_27' title="bbox 388 2931 1336 3007">
     <span class='ocr_line' id='line_1_77' title="bbox 389 2931 1336 2963; baseline 0.001 -8"><span class='ocrx_word' id='word_1_486' title='bbox 389 2938 455 2963; x_wconf 83' lang='lat' dir='ltr'>quae</span> <span class='ocrx_word' id='word_1_487' title='bbox 475 2931 552 2962; x_wconf 84' lang='lat' dir='ltr'>paulo</span> <span class='ocrx_word' id='word_1_488' title='bbox 572 2931 677 2956; x_wconf 75' lang='lat' dir='ltr'>inferius</span> <span class='ocrx_word' id='word_1_489' title='bbox 695 2938 724 2956; x_wconf 85' lang='lat' dir='ltr'>ex</span> <span class='ocrx_word' id='word_1_490' title='bbox 745 2931 867 2962; x_wconf 72' lang='lat' dir='ltr'>Dionysio</span> <span class='ocrx_word' id='word_1_491' title='bbox 887 2932 998 2956; x_wconf 72' lang='lat' dir='ltr'>affertur.</span> <span class='ocrx_word' id='word_1_492' title='bbox 1014 2931 1079 2956; x_wconf 82' lang='lat' dir='ltr'>Vide</span> <span class='ocrx_word' id='word_1_493' title='bbox 1099 2935 1162 2957; x_wconf 86' lang='lat' dir='ltr'>tom.</span> <span class='ocrx_word' id='word_1_494' title='bbox 1179 2932 1204 2956; x_wconf 91' lang='lat' dir='ltr'>ll.</span> <span class='ocrx_word' id='word_1_495' title='bbox 1218 2938 1278 2963; x_wconf 82' lang='lat' dir='ltr'>pag.</span> <span class='ocrx_word' id='word_1_496' title='bbox 1294 2932 1336 2963; x_wconf 81' lang='lat'>83,</span> 
     </span>
     <span class='ocr_line' id='line_1_78' title="bbox 388 2975 823 3007; baseline 0 -7"><span class='ocrx_word' id='word_1_497' title='bbox 388 2978 446 3000; x_wconf 84' lang='lat' dir='ltr'>nota</span> <span class='ocrx_word' id='word_1_498' title='bbox 472 2976 490 3000; x_wconf 92' lang='lat' dir='ltr'>l.</span> <span class='ocrx_word' id='word_1_499' title='bbox 511 2980 535 3000; x_wconf 88' lang='lat' dir='ltr'>et</span> <span class='ocrx_word' id='word_1_500' title='bbox 554 2982 613 3007; x_wconf 82' lang='lat' dir='ltr'>pag.</span> <span class='ocrx_word' id='word_1_501' title='bbox 634 2975 699 3006; x_wconf 74' lang='lat'>329,</span> <span class='ocrx_word' id='word_1_502' title='bbox 720 2978 778 3001; x_wconf 81' lang='lat' dir='ltr'>nota</span> <span class='ocrx_word' id='word_1_503' title='bbox 801 2975 823 3000; x_wconf 97' lang='lat'>4.</span> 
     </span>
    </p>

    <p class='ocr_par' dir='ltr' id='par_1_28' title="bbox 461 3018 623 3044">
     <span class='ocr_line' id='line_1_79' title="bbox 461 3018 623 3044; baseline 0 -1"><span class='ocrx_word' id='word_1_504' title='bbox 461 3018 468 3034; x_wconf 87' lang='lat'>¹</span> <span class='ocrx_word' id='word_1_505' title='bbox 489 3018 561 3044; x_wconf 85' lang='lat' dir='ltr'>Vers.</span> <span class='ocrx_word' id='word_1_506' title='bbox 582 3019 623 3043; x_wconf 83' lang='lat'>39.</span> 
     </span>
    </p>

    <p class='ocr_par' dir='ltr' id='par_1_29' title="bbox 387 3061 1340 3224">
     <span class='ocr_line' id='line_1_80' title="bbox 458 3061 1338 3094; baseline 0.001 -7"><span class='ocrx_word' id='word_1_507' title='bbox 458 3061 468 3078; x_wconf 71' lang='lat'><strong>²</strong></span> <span class='ocrx_word' id='word_1_508' title='bbox 488 3061 537 3087; x_wconf 79' lang='lat' dir='ltr'>Crr.</span> <span class='ocrx_word' id='word_1_509' title='bbox 558 3062 688 3087; x_wconf 84' lang='lat' dir='ltr'>lt.110mil.</span> <span class='ocrx_word' id='word_1_510' title='bbox 709 3063 733 3086; x_wconf 88' lang='lat' dir='ltr'>in</span> <span class='ocrx_word' id='word_1_511' title='bbox 755 3063 852 3094; x_wconf 81' lang='lat' dir='ltr'>Evang.</span> <span class='ocrx_word' id='word_1_512' title='bbox 866 3063 955 3088; x_wconf 88' lang='lat' dir='ltr'>homil.</span> <span class='ocrx_word' id='word_1_513' title='bbox 971 3063 1013 3088; x_wconf 82' lang='grc'>26.</span> <span class='ocrx_word' id='word_1_514' title='bbox 1035 3070 1060 3088; x_wconf 91' lang='lat' dir='ltr'>n.</span> <span class='ocrx_word' id='word_1_515' title='bbox 1076 3063 1097 3087; x_wconf 51' lang='lat' dir='ltr'>q·</span> <span class='ocrx_word' id='word_1_516' title='bbox 1113 3061 1277 3088; x_wconf 86' lang='lat' dir='ltr'>Verbotenus</span> <span class='ocrx_word' id='word_1_517' title='bbox 1297 3063 1338 3088; x_wconf 85' lang='lat' dir='ltr'>ba-</span> 
     </span>
     <span class='ocr_line' id='line_1_81' title="bbox 388 3104 1340 3138; baseline 0.002 -9"><span class='ocrx_word' id='word_1_518' title='bbox 388 3104 463 3130; x_wconf 87' lang='lat' dir='ltr'>betur</span> <span class='ocrx_word' id='word_1_519' title='bbox 482 3105 548 3130; x_wconf 86' lang='lat' dir='ltr'>XlV.</span> <span class='ocrx_word' id='word_1_520' title='bbox 569 3106 654 3130; x_wconf 81' lang='lat' dir='ltr'>Moral.</span> <span class='ocrx_word' id='word_1_521' title='bbox 675 3112 696 3130; x_wconf 92' lang='lat' dir='ltr'>c.</span> <span class='ocrx_word' id='word_1_522' title='bbox 717 3105 758 3130; x_wconf 76' lang='lat'>56.</span> <span class='ocrx_word' id='word_1_523' title='bbox 779 3113 803 3130; x_wconf 91' lang='lat' dir='ltr'>n.</span> <span class='ocrx_word' id='word_1_524' title='bbox 823 3106 870 3131; x_wconf 79' lang='lat'>72:</span> <span class='ocrx_word' id='word_1_525' title='bbox 889 3106 914 3131; x_wconf 87' lang='lat' dir='ltr'>ln</span> <span class='ocrx_word' id='word_1_526' title='bbox 935 3106 975 3131; x_wconf 83' lang='lat' dir='ltr'>illa</span> <span class='ocrx_word' id='word_1_527' title='bbox 996 3107 1064 3131; x_wconf 89' lang='lat' dir='ltr'>enim</span> <span class='ocrx_word' id='word_1_528' title='bbox 1078 3107 1273 3132; x_wconf 86' lang='lat' dir='ltr'>resurrectionis</span> <span class='ocrx_word' id='word_1_529' title='bbox 1287 3107 1340 3138; x_wconf 80' lang='lat' dir='ltr'>glo-</span> 
     </span>
     <span class='ocr_line' id='line_1_82' title="bbox 388 3149 1338 3182; baseline 0.002 -9"><span class='ocrx_word' id='word_1_530' title='bbox 388 3149 423 3173; x_wconf 82' lang='lat' dir='ltr'>ria</span> <span class='ocrx_word' id='word_1_531' title='bbox 444 3150 490 3173; x_wconf 86' lang='lat' dir='ltr'>erit</span> <span class='ocrx_word' id='word_1_532' title='bbox 509 3156 605 3180; x_wconf 86' lang='lat' dir='ltr'>corpus</span> <span class='ocrx_word' id='word_1_533' title='bbox 624 3153 741 3175; x_wconf 87' lang='lat' dir='ltr'>nostrum</span> <span class='ocrx_word' id='word_1_534' title='bbox 761 3149 854 3175; x_wconf 85' lang='lat' dir='ltr'>subtile</span> <span class='ocrx_word' id='word_1_535' title='bbox 874 3150 980 3182; x_wconf 86' lang='lat' dir='ltr'>quidem</span> <span class='ocrx_word' id='word_1_536' title='bbox 1001 3157 1048 3182; x_wconf 90' lang='lat' dir='ltr'>per</span> <span class='ocrx_word' id='word_1_537' title='bbox 1066 3151 1185 3175; x_wconf 77' lang='lat' dir='ltr'>effectum</span> <span class='ocrx_word' id='word_1_538' title='bbox 1200 3151 1338 3182; x_wconf 85' lang='lat' dir='ltr'>spiritualis</span> 
     </span>
     <span class='ocr_line' id='line_1_83' title="bbox 387 3193 1098 3224; baseline 0.003 -7"><span class='ocrx_word' id='word_1_539' title='bbox 387 3193 529 3223; x_wconf 78' lang='lat' dir='ltr'>potentiae,</span> <span class='ocrx_word' id='word_1_540' title='bbox 550 3193 595 3217; x_wconf 89' lang='lat' dir='ltr'>sed</span> <span class='ocrx_word' id='word_1_541' title='bbox 616 3193 744 3224; x_wconf 83' lang='lat' dir='ltr'>palpabile</span> <span class='ocrx_word' id='word_1_542' title='bbox 764 3200 810 3224; x_wconf 85' lang='lat' dir='ltr'>por</span> <span class='ocrx_word' id='word_1_543' title='bbox 828 3194 963 3219; x_wconf 79' lang='lat' dir='ltr'>veritatem</span> <span class='ocrx_word' id='word_1_544' title='bbox 984 3198 1098 3220; x_wconf 79' lang='lat' dir='ltr'>naturae.</span> 
     </span>
    </p>

    <p class='ocr_par' dir='ltr' id='par_1_30' title="bbox 457 3234 1202 3270">
     <span class='ocr_line' id='line_1_84' title="bbox 457 3234 1202 3270; baseline 0.005 -11"><span class='ocrx_word' id='word_1_545' title='bbox 457 3234 468 3250; x_wconf 76' lang='grc'>3</span> <span class='ocrx_word' id='word_1_546' title='bbox 489 3235 553 3260; x_wconf 81' lang='lat' dir='ltr'>Vide</span> <span class='ocrx_word' id='word_1_547' title='bbox 573 3236 682 3267; x_wconf 68' lang='lat' dir='ltr'>Aristot,</span> <span class='ocrx_word' id='word_1_548' title='bbox 703 3236 728 3260; x_wconf 95' lang='lat' dir='ltr'>ll.</span> <span class='ocrx_word' id='word_1_549' title='bbox 749 3236 781 3261; x_wconf 89' lang='lat' dir='ltr'>de</span> <span class='ocrx_word' id='word_1_550' title='bbox 801 3237 906 3268; x_wconf 77' lang='lat' dir='ltr'>Anima,</span> <span class='ocrx_word' id='word_1_551' title='bbox 926 3239 984 3262; x_wconf 83' lang='lat' dir='ltr'>text.</span> <span class='ocrx_word' id='word_1_552' title='bbox 1006 3238 1063 3262; x_wconf 74' lang='lat'>107.</span> <span class='ocrx_word' id='word_1_553' title='bbox 1084 3238 1117 3269; x_wconf 85' lang='lat' dir='ltr'>(c.</span> <span class='ocrx_word' id='word_1_554' title='bbox 1142 3238 1202 3270; x_wconf 83' lang='lat' dir='ltr'>ll.).</span> 
     </span>
    </p>

    <p class='ocr_par' dir='ltr' id='par_1_31' title="bbox 458 3278 1025 3313">
     <span class='ocr_line' id='line_1_85' title="bbox 458 3278 1025 3313; baseline 0.005 -10"><span class='ocrx_word' id='word_1_555' title='bbox 458 3278 468 3293; x_wconf 90' lang='lat'><strong>⁴</strong></span> <span class='ocrx_word' id='word_1_556' title='bbox 488 3279 518 3304; x_wconf 73' lang='lat' dir='ltr'>Ut</span> <span class='ocrx_word' id='word_1_557' title='bbox 537 3280 693 3305; x_wconf 82' lang='lat' dir='ltr'>insinuatum</span> <span class='ocrx_word' id='word_1_558' title='bbox 713 3283 751 3305; x_wconf 84' lang='lat' dir='ltr'>est</span> <span class='ocrx_word' id='word_1_559' title='bbox 770 3287 847 3312; x_wconf 80' lang='lat' dir='ltr'>supra</span> <span class='ocrx_word' id='word_1_560' title='bbox 869 3288 890 3305; x_wconf 82' lang='lat' dir='ltr'>a.</span> <span class='ocrx_word' id='word_1_561' title='bbox 912 3282 935 3306; x_wconf 76' lang='lat'>2.</span> <span class='ocrx_word' id='word_1_562' title='bbox 955 3288 980 3313; x_wconf 85' lang='lat' dir='ltr'>q.</span> <span class='ocrx_word' id='word_1_563' title='bbox 1002 3283 1025 3306; x_wconf 75' lang='lat'>2.</span> 
     </span>
    </p>

    <p class='ocr_par' dir='ltr' id='par_1_32' title="bbox 458 3322 1136 3356">
     <span class='ocr_line' id='line_1_86' title="bbox 458 3322 1136 3356; baseline 0.006 -10"><span class='ocrx_word' id='word_1_564' title='bbox 458 3322 468 3337; x_wconf 75' lang='lat'>5</span> <span class='ocrx_word' id='word_1_565' title='bbox 489 3322 555 3347; x_wconf 89' lang='lat' dir='ltr'>Libr.</span> <span class='ocrx_word' id='word_1_566' title='bbox 576 3323 601 3347; x_wconf 92' lang='lat' dir='ltr'>ll.</span> <span class='ocrx_word' id='word_1_567' title='bbox 622 3323 714 3348; x_wconf 82' lang='lat' dir='ltr'>Homil.</span> <span class='ocrx_word' id='word_1_568' title='bbox 735 3325 758 3348; x_wconf 88' lang='lat' dir='ltr'>in</span> <span class='ocrx_word' id='word_1_569' title='bbox 779 3324 876 3356; x_wconf 67' lang='lat' dir='ltr'>Evang.</span> <span class='ocrx_word' id='word_1_570' title='bbox 898 3325 984 3350; x_wconf 82' lang='lat' dir='ltr'>homil.</span> <span class='ocrx_word' id='word_1_571' title='bbox 1006 3326 1047 3350; x_wconf 78' lang='lat'>⁴26.</span> <span class='ocrx_word' id='word_1_572' title='bbox 1068 3332 1092 3350; x_wconf 87' lang='lat' dir='ltr'>n.</span> <span class='ocrx_word' id='word_1_573' title='bbox 1114 3326 1136 3350; x_wconf 68' lang='lat' dir='ltr'>rl.</span> 
     </span>
    </p>

    <p class='ocr_par' dir='ltr' id='par_1_33' title="bbox 460 3365 1339 3401">
     <span class='ocr_line' id='line_1_87' title="bbox 460 3365 1339 3401; baseline 0.007 -12"><span class='ocrx_word' id='word_1_574' title='bbox 460 3365 469 3380; x_wconf 78' lang='lat'><strong>⁶</strong></span> <span class='ocrx_word' id='word_1_575' title='bbox 489 3366 581 3391; x_wconf 86' lang='lat' dir='ltr'>Homil.</span> <span class='ocrx_word' id='word_1_576' title='bbox 603 3367 645 3391; x_wconf 65' lang='lat'>87.</span> <span class='ocrx_word' id='word_1_577' title='bbox 666 3367 738 3398; x_wconf 78' lang='lat' dir='ltr'>(alias</span> <span class='ocrx_word' id='word_1_578' title='bbox 764 3368 816 3399; x_wconf 75' lang='grc'><strong>86.)</strong></span> <span class='ocrx_word' id='word_1_579' title='bbox 836 3369 861 3392; x_wconf 94' lang='lat' dir='ltr'>in</span> <span class='ocrx_word' id='word_1_580' title='bbox 882 3368 948 3394; x_wconf 86' lang='lat' dir='ltr'>loan.</span> <span class='ocrx_word' id='word_1_581' title='bbox 970 3370 1011 3400; x_wconf 82' lang='lat'>20,</span> <span class='ocrx_word' id='word_1_582' title='bbox 1032 3370 1072 3395; x_wconf 80' lang='lat'>29.</span> <span class='ocrx_word' id='word_1_583' title='bbox 1094 3376 1117 3394; x_wconf 91' lang='lat' dir='ltr'>n.</span> <span class='ocrx_word' id='word_1_584' title='bbox 1138 3370 1167 3401; x_wconf 71' lang='lat' dir='ltr'>1l3</span> <span class='ocrx_word' id='word_1_585' title='bbox 1189 3372 1271 3395; x_wconf 86' lang='lat' dir='ltr'>textus</span> <span class='ocrx_word' id='word_1_586' title='bbox 1291 3371 1339 3395; x_wconf 91' lang='lat' dir='ltr'>ori-</span> 
     </span>
    </p>
   </div>
   <div class='ocr_carea' id='block_1_18' title="bbox 1404 2642 2356 2790">
    <p class='ocr_par' dir='ltr' id='par_1_34' title="bbox 1404 2642 2356 2790">
     <span class='ocr_line' id='line_1_88' title="bbox 1406 2642 1671 2684; baseline 0.004 -10"><span class='ocrx_word' id='word_1_587' title='bbox 1406 2642 1494 2674; x_wconf 86' lang='lat' dir='ltr'>ribus</span> <span class='ocrx_word' id='word_1_588' title='bbox 1518 2642 1671 2684; x_wconf 85' lang='lat' dir='ltr'>gloriosis.</span> 
     </span>
     <span class='ocr_line' id='line_1_89' title="bbox 1493 2695 2356 2739; baseline 0.003 -12"><span class='ocrx_word' id='word_1_589' title='bbox 1493 2695 1636 2727; x_wconf 86' lang='lat' dir='ltr'>Secundo</span> <span class='ocrx_word' id='word_1_590' title='bbox 1660 2696 1824 2737; x_wconf 87' lang='lat' dir='ltr'>quaeritur</span> <span class='ocrx_word' id='word_1_591' title='bbox 1849 2696 1887 2728; x_wconf 92' lang='lat' dir='ltr'>de</span> <span class='ocrx_word' id='word_1_592' title='bbox 1908 2696 2106 2729; x_wconf 76' lang='lat' dir='ltr'>inclinatione</span> <span class='ocrx_word' id='word_1_593' title='bbox 2131 2697 2271 2739; x_wconf 88' lang='lat' dir='ltr'>corporis</span> <span class='ocrx_word' id='word_1_594' title='bbox 2295 2698 2356 2739; x_wconf 89' lang='lat' dir='ltr'>glo-</span> 
     </span>
     <span class='ocr_line' id='line_1_90' title="bbox 1404 2748 1763 2790; baseline 0 -10"><span class='ocrx_word' id='word_1_595' title='bbox 1404 2748 1476 2781; x_wconf 87' lang='lat' dir='ltr'>riosi</span> <span class='ocrx_word' id='word_1_596' title='bbox 1504 2757 1559 2790; x_wconf 90' lang='lat' dir='ltr'>per</span> <span class='ocrx_word' id='word_1_597' title='bbox 1583 2748 1763 2790; x_wconf 86' lang='lat' dir='ltr'>agilitatem.</span> 
     </span>
    </p>
   </div>
   <div class='ocr_carea' id='block_1_19' title="bbox 1402 2929 2354 3402">
    <p class='ocr_par' dir='ltr' id='par_1_35' title="bbox 1403 2929 2354 3050">
     <span class='ocr_line' id='line_1_91' title="bbox 1403 2929 2354 2964; baseline 0.003 -9"><span class='ocrx_word' id='word_1_598' title='bbox 1403 2931 1495 2962; x_wconf 78' lang='lat' dir='ltr'>ginalis</span> <span class='ocrx_word' id='word_1_599' title='bbox 1514 2935 1572 2963; x_wconf 84' lang='lat' dir='ltr'>post</span> <span class='ocrx_word' id='word_1_600' title='bbox 1590 2929 1790 2964; x_wconf 77' lang='lat' dir='ltr'>incorruptibile</span> <span class='ocrx_word' id='word_1_601' title='bbox 1809 2930 1880 2957; x_wconf 85' lang='lat' dir='ltr'>addit</span> <span class='ocrx_word' id='word_1_602' title='bbox 1908 2931 2048 2957; x_wconf 76' lang='lat' dir='ltr'>clavorum</span> <span class='ocrx_word' id='word_1_603' title='bbox 2072 2931 2207 2958; x_wconf 79' lang='lat' dir='ltr'>cicatrices</span> <span class='ocrx_word' id='word_1_604' title='bbox 2232 2930 2354 2958; x_wconf 78' lang='lat' dir='ltr'>habuerit</span> 
     </span>
     <span class='ocr_line' id='line_1_92' title="bbox 1404 2971 2353 3008; baseline 0.003 -10"><span class='ocrx_word' id='word_1_605' title='bbox 1404 2971 1561 3006; x_wconf 73' lang='grc' dir='ltr'><strong>(ἐδείκνυτο).</strong></span> <span class='ocrx_word' id='word_1_606' title='bbox 1582 2975 1629 3000; x_wconf 88' lang='lat' dir='ltr'>Pro</span> <span class='ocrx_word' id='word_1_607' title='bbox 1650 2973 1821 3000; x_wconf 77' lang='lat' dir='ltr'>tumultueris</span> <span class='ocrx_word' id='word_1_608' title='bbox 1844 2972 2007 3008; x_wconf 78' lang='grc' dir='ltr'>(θορυβηθῇς)</span> <span class='ocrx_word' id='word_1_609' title='bbox 2027 2975 2084 3000; x_wconf 87' lang='lat' dir='ltr'>cod.</span> <span class='ocrx_word' id='word_1_610' title='bbox 2105 2982 2134 3000; x_wconf 80' lang='lat' dir='ltr'>aa</span> <span class='ocrx_word' id='word_1_611' title='bbox 2154 2975 2293 3007; x_wconf 72' lang='lat' dir='ltr'>metueris,</span> <span class='ocrx_word' id='word_1_612' title='bbox 2313 2976 2353 3001; x_wconf 85' lang='lat' dir='ltr'>ed.</span> 
     </span>
     <span class='ocr_line' id='line_1_93' title="bbox 1403 3017 1630 3050; baseline 0.004 -7"><span class='ocrx_word' id='word_1_613' title='bbox 1403 3019 1487 3050; x_wconf 81' lang='lat' dir='ltr'>Migne</span> <span class='ocrx_word' id='word_1_614' title='bbox 1506 3017 1630 3044; x_wconf 68' lang='lat' dir='ltr'>turbetis.</span> 
     </span>
    </p>

    <p class='ocr_par' dir='ltr' id='par_1_36' title="bbox 1473 3062 2352 3095">
     <span class='ocr_line' id='line_1_94' title="bbox 1473 3062 2352 3095; baseline 0 -7"><span class='ocrx_word' id='word_1_615' title='bbox 1473 3062 1484 3079; x_wconf 94' lang='lat'>⁷</span> <span class='ocrx_word' id='word_1_616' title='bbox 1502 3062 1552 3088; x_wconf 82' lang='lat' dir='ltr'>Csr.</span> <span class='ocrx_word' id='word_1_617' title='bbox 1564 3063 1579 3087; x_wconf 90' lang='lat' dir='ltr'>l.</span> <span class='ocrx_word' id='word_1_618' title='bbox 1590 3062 1648 3088; x_wconf 84' lang='lat' dir='ltr'>Cor.</span> <span class='ocrx_word' id='word_1_619' title='bbox 1660 3062 1699 3095; x_wconf 82' lang='grc'>15,</span> <span class='ocrx_word' id='word_1_620' title='bbox 1709 3062 1751 3088; x_wconf 86' lang='lat'>44.</span> <span class='ocrx_word' id='word_1_621' title='bbox 1762 3076 1798 3081; x_wconf 91' lang='lat'>—</span> <span class='ocrx_word' id='word_1_622' title='bbox 1809 3063 1843 3088; x_wconf 91' lang='lat' dir='ltr'>De</span> <span class='ocrx_word' id='word_1_623' title='bbox 1857 3064 1930 3089; x_wconf 78' lang='lat' dir='ltr'>tactu</span> <span class='ocrx_word' id='word_1_624' title='bbox 1942 3064 1986 3088; x_wconf 81' lang='lat' dir='ltr'>cfr.</span> <span class='ocrx_word' id='word_1_625' title='bbox 2001 3070 2080 3095; x_wconf 84' lang='lat' dir='ltr'>supra</span> <span class='ocrx_word' id='word_1_626' title='bbox 2094 3070 2156 3095; x_wconf 81' lang='lat' dir='ltr'>pag.</span> <span class='ocrx_word' id='word_1_627' title='bbox 2169 3063 2244 3095; x_wconf 46' lang='lat' dir='ltr'>slOl8‚</span> <span class='ocrx_word' id='word_1_628' title='bbox 2256 3067 2315 3089; x_wconf 78' lang='lat' dir='ltr'>nota</span> <span class='ocrx_word' id='word_1_629' title='bbox 2329 3064 2352 3088; x_wconf 78' lang='lat'>8.</span> 
     </span>
    </p>

    <p class='ocr_par' dir='ltr' id='par_1_37' title="bbox 1403 3105 2352 3182">
     <span class='ocr_line' id='line_1_95' title="bbox 1473 3105 2352 3139; baseline 0.001 -8"><span class='ocrx_word' id='word_1_630' title='bbox 1473 3105 1484 3122; x_wconf 75' lang='grc'>8</span> <span class='ocrx_word' id='word_1_631' title='bbox 1503 3107 1581 3138; x_wconf 84' lang='lat' dir='ltr'>Epist.</span> <span class='ocrx_word' id='word_1_632' title='bbox 1601 3107 1618 3131; x_wconf 92' lang='lat' dir='ltr'>l.</span> <span class='ocrx_word' id='word_1_633' title='bbox 1640 3106 1697 3132; x_wconf 89' lang='lat' dir='ltr'>Cor.</span> <span class='ocrx_word' id='word_1_634' title='bbox 1719 3107 1764 3138; x_wconf 64' lang='lat'>⁴3,</span> <span class='ocrx_word' id='word_1_635' title='bbox 1788 3107 1833 3131; x_wconf 69' lang='lat'>10:</span> <span class='ocrx_word' id='word_1_636' title='bbox 1854 3106 1919 3132; x_wconf 89' lang='lat' dir='ltr'>Cum</span> <span class='ocrx_word' id='word_1_637' title='bbox 1945 3110 2032 3132; x_wconf 82' lang='lat' dir='ltr'>autom</span> <span class='ocrx_word' id='word_1_638' title='bbox 2060 3108 2160 3132; x_wconf 74' lang='lat' dir='ltr'>venerit</span> <span class='ocrx_word' id='word_1_639' title='bbox 2178 3107 2249 3139; x_wconf 88' lang='lat' dir='ltr'>quod</span> <span class='ocrx_word' id='word_1_640' title='bbox 2269 3107 2352 3139; x_wconf 86' lang='lat' dir='ltr'>perse-</span> 
     </span>
     <span class='ocr_line' id='line_1_96' title="bbox 1403 3149 2033 3182; baseline 0 -7"><span class='ocrx_word' id='word_1_641' title='bbox 1403 3152 1473 3175; x_wconf 86' lang='lat' dir='ltr'>ctum</span> <span class='ocrx_word' id='word_1_642' title='bbox 1492 3154 1544 3181; x_wconf 66' lang='lat' dir='ltr'>est,</span> <span class='ocrx_word' id='word_1_643' title='bbox 1566 3149 1735 3175; x_wconf 83' lang='lat' dir='ltr'>evacuabitur</span> <span class='ocrx_word' id='word_1_644' title='bbox 1754 3149 1826 3182; x_wconf 87' lang='lat' dir='ltr'>quod</span> <span class='ocrx_word' id='word_1_645' title='bbox 1845 3157 1875 3175; x_wconf 82' lang='lat' dir='ltr'>ex</span> <span class='ocrx_word' id='word_1_646' title='bbox 1896 3154 1968 3181; x_wconf 84' lang='lat' dir='ltr'>parte</span> <span class='ocrx_word' id='word_1_647' title='bbox 1988 3153 2033 3175; x_wconf 87' lang='lat' dir='ltr'>est.</span> 
     </span>
    </p>

    <p class='ocr_par' dir='ltr' id='par_1_38' title="bbox 1403 3193 2352 3264">
     <span class='ocr_line' id='line_1_97' title="bbox 1472 3193 2352 3228; baseline 0.001 -9"><span class='ocrx_word' id='word_1_648' title='bbox 1472 3193 1484 3209; x_wconf 80' lang='lat'>⁹</span> <span class='ocrx_word' id='word_1_649' title='bbox 1503 3193 1584 3219; x_wconf 86' lang='lat' dir='ltr'>Codd.</span> <span class='ocrx_word' id='word_1_650' title='bbox 1604 3194 1651 3219; x_wconf 92' lang='lat' dir='ltr'>LN</span> <span class='ocrx_word' id='word_1_651' title='bbox 1663 3194 1684 3218; x_wconf 86' lang='lat' dir='ltr'>Y</span> <span class='ocrx_word' id='word_1_652' title='bbox 1703 3201 1732 3219; x_wconf 82' lang='lat' dir='ltr'>aa</span> <span class='ocrx_word' id='word_1_653' title='bbox 1753 3193 1782 3226; x_wconf 88' lang='lat' dir='ltr'>(E</span> <span class='ocrx_word' id='word_1_654' title='bbox 1801 3202 1814 3219; x_wconf 80' lang='lat' dir='ltr'>a</span> <span class='ocrx_word' id='word_1_655' title='bbox 1835 3194 1948 3220; x_wconf 83' lang='lat' dir='ltr'>secunda</span> <span class='ocrx_word' id='word_1_656' title='bbox 1969 3195 2059 3227; x_wconf 86' lang='lat' dir='ltr'>manu)</span> <span class='ocrx_word' id='word_1_657' title='bbox 2078 3194 2177 3220; x_wconf 83' lang='lat' dir='ltr'>addunt</span> <span class='ocrx_word' id='word_1_658' title='bbox 2195 3193 2223 3219; x_wconf 77' lang='lat' dir='ltr'>in</span> <span class='ocrx_word' id='word_1_659' title='bbox 2242 3200 2352 3228; x_wconf 79' lang='lat' dir='ltr'>corpore</span> 
     </span>
     <span class='ocr_line' id='line_1_98' title="bbox 1403 3237 1517 3264; baseline 0.009 -1"><span class='ocrx_word' id='word_1_660' title='bbox 1403 3237 1517 3264; x_wconf 79' lang='lat' dir='ltr'>Domini.</span> 
     </span>
    </p>

    <p class='ocr_par' dir='ltr' id='par_1_39' title="bbox 1402 3282 2350 3352">
     <span class='ocr_line' id='line_1_99' title="bbox 1474 3282 2350 3315; baseline -0.001 -7"><span class='ocrx_word' id='word_1_661' title='bbox 1474 3282 1495 3299; x_wconf 84' lang='lat'>¹⁰</span> <span class='ocrx_word' id='word_1_662' title='bbox 1514 3282 1576 3308; x_wconf 89' lang='lat' dir='ltr'>Cod.</span> <span class='ocrx_word' id='word_1_663' title='bbox 1591 3283 1613 3307; x_wconf 92' lang='lat' dir='ltr'>V</span> <span class='ocrx_word' id='word_1_664' title='bbox 1633 3282 1733 3315; x_wconf 74' lang='lat' dir='ltr'>tollere,</span> <span class='ocrx_word' id='word_1_665' title='bbox 1749 3282 1825 3308; x_wconf 83' lang='lat' dir='ltr'>codd.</span> <span class='ocrx_word' id='word_1_666' title='bbox 1845 3283 1864 3307; x_wconf 92' lang='lat' dir='ltr'>G</span> <span class='ocrx_word' id='word_1_667' title='bbox 1875 3283 1893 3307; x_wconf 93' lang='lat' dir='ltr'>L</span> <span class='ocrx_word' id='word_1_668' title='bbox 1904 3283 1923 3307; x_wconf 86' lang='lat' dir='ltr'>R</span> <span class='ocrx_word' id='word_1_669' title='bbox 1935 3283 1951 3308; x_wconf 80' lang='lat' dir='ltr'>S</span> <span class='ocrx_word' id='word_1_670' title='bbox 1964 3283 1983 3308; x_wconf 88' lang='lat' dir='ltr'><strong>U</strong></span> <span class='ocrx_word' id='word_1_671' title='bbox 2003 3290 2033 3308; x_wconf 80' lang='lat' dir='ltr'>aa</span> <span class='ocrx_word' id='word_1_672' title='bbox 2047 3282 2093 3314; x_wconf 89' lang='lat' dir='ltr'>(bb</span> <span class='ocrx_word' id='word_1_673' title='bbox 2107 3290 2120 3308; x_wconf 85' lang='lat' dir='ltr'>a</span> <span class='ocrx_word' id='word_1_674' title='bbox 2134 3282 2246 3307; x_wconf 79' lang='lat' dir='ltr'>secunda</span> <span class='ocrx_word' id='word_1_675' title='bbox 2262 3282 2350 3314; x_wconf 83' lang='lat' dir='ltr'>manu)</span> 
     </span>
     <span class='ocr_line' id='line_1_100' title="bbox 1402 3326 1542 3352; baseline 0 0"><span class='ocrx_word' id='word_1_676' title='bbox 1402 3326 1542 3352; x_wconf 72' lang='lat' dir='ltr'>sustinere.</span> 
     </span>
    </p>

    <p class='ocr_par' dir='ltr' id='par_1_40' title="bbox 1473 3369 2102 3402">
     <span class='ocr_line' id='line_1_101' title="bbox 1473 3369 2102 3402; baseline -0.002 -7"><span class='ocrx_word' id='word_1_677' title='bbox 1473 3369 1492 3386; x_wconf 86' lang='lat'>¹¹</span> <span class='ocrx_word' id='word_1_678' title='bbox 1514 3370 1579 3395; x_wconf 84' lang='lat' dir='ltr'>Vide</span> <span class='ocrx_word' id='word_1_679' title='bbox 1599 3370 1712 3396; x_wconf 85' lang='lat' dir='ltr'>scholion</span> <span class='ocrx_word' id='word_1_680' title='bbox 1733 3370 1765 3395; x_wconf 82' lang='lat' dir='ltr'>ad</span> <span class='ocrx_word' id='word_1_681' title='bbox 1786 3370 1983 3402; x_wconf 83' lang='lat' dir='ltr'>praecedentem</span> <span class='ocrx_word' id='word_1_682' title='bbox 2003 3373 2102 3402; x_wconf 81' lang='lat' dir='ltr'>quaest.</span> 
     </span>
    </p>
   </div>
  </div>
 </body>
</html>
