2483 3882
343 277 425 308 1066

462 363 598 388 Aanconos
617 361 643 386 ll.
666 360 802 392 Quomodo
821 358 1004 385 misericordia
1023 361 1048 385 et
1066 358 1164 385 veritas

573 412 683 439 eandem
702 411 845 445 respiciant
863 411 1051 445 operationem.

342 468 447 499 QUAEST.
484 467 500 491 l.
520 466 609 491 Utrum
630 466 653 490 in
674 464 759 497 aliquo
779 471 859 496 opere
887 464 986 489 Domini
1015 465 1047 489 sit
1073 465 1148 489 mise-

1139 522 1200 549 pass.

471 570 496 595 11.
516 570 607 595 Utrum
626 570 651 594 111
671 569 763 594 eodem
783 576 863 600 opere
882 568 983 593 Domini
1002 569 1034 593 sit
1053 568 1148 593 miseri-

551 517 660 543 ricordia
680 520 704 542 et
723 517 819 542 veritas
872 535 1101 542 ......

552 622 638 648 cordia
659 625 684 647 ot
702 622 797 647 veritas

463 675 500 700 lii.
521 675 611 700 Utrum
633 675 657 699 in
677 675 747 700 omni
768 681 847 705 opere
875 674 974 699 Domini
1002 674 1034 698 sit
1052 674 1148 698 nilseri-

551 727 637 752 cordia
657 730 682 752 et
700 727 808 757 veritas,
829 726 973 751 secundum
998 725 1069 758 quod
1086 732 1150 758 pro-

550 779 608 812 prio
618 780 789 811 accipiuntur,
802 785 833 804 an
845 779 984 811 aliquando
998 780 1150 810 separentur
1187 788 1198 802 1)

457 832 498 857 IV.
518 832 609 857 Utrum
626 832 695 857 Deus
717 833 797 863 possit
816 832 929 864 aliquem
948 838 1013 862 puro
1033 837 1150 856 remune-

553 892 611 910 rare
630 892 660 910 ex
674 885 777 916 iustitia,
798 884 838 909 vel
853 891 918 915 puro
930 891 960 909 ex
974 883 1150 909 misericordia
1187 892 1198 906 »

341 937 423 963 Dubia
442 937 503 963 l-Vl.
525 938 591 963 circa
611 938 719 963 litteram
739 937 850 968 Magistri
875 954 1148 962 .......
1187 944 1198 958 >a

667 1042 847 1067 DISTINC'I'IO
868 1042 964 1067 XLVII.

342 1148 437 1173 Textus
456 1148 568 1179 Magistri

342 1201 439 1226 Divisio
458 1203 541 1226 textus

489 1254 627 1279 Anncums
647 1254 662 1278 1.
684 1254 720 1279 De
739 1252 919 1279 aicta-antibus
938 1254 962 1278 et
980 1251 1138 1279 iudicandis.

344 1307 449 1338 QUAEST.
488 1307 503 1331 1.
523 1307 613 1331 Utrum
634 1307 748 1338 Apostoli
768 1306 881 1331 iudicent

474 1358 500 1382 ll.
521 1358 612 1383 Utrum
632 1358 721 1389 Angeli
744 1359 767 1382 in
788 1358 829 1383 die
848 1357 935 1383 iudicii
955 1357 1106 1383 iudicabunt
1146 1376 1152 1382 .
1190 1366 1202 1380 »

465 1411 501 1436 Ill.
521 1411 612 1436 Utrum
644 1418 734 1437 omnes
766 1410 950 1436 iudicabuntur
967 1432 972 1443 ,
1008 1414 1058 1436 tam
1090 1410 1152 1436 boni

555 1471 633 1496 quam
653 1464 713 1488 mali
745 1481 1152 1488 ..........
1192 1471 1204 1486 1)

460 1515 501 1540 IV.
521 1516 612 1541 Utrum
631 1517 721 1547 Angeli
742 1516 926 1541 iudicabuntur

535 1569 673 1594 Alimentus
692 1569 717 1593 ll.
739 1569 775 1594 De
793 1568 853 1601 iane
873 1567 1099 1602 cotzslayrationis.

343 1622 449 1653 Quasssr.
487 1622 503 1646 1.
523 1621 560 1646 De
579 1621 721 1653 quidditate
740 1622 807 1653 ignis
827 1622 1016 1653 conflagratorii
1054 1641 1059 1646 .
1100 1641 1106 1646 .
1146 1640 1152 1646 .
1191 1630 1202 1644 1)

477 1674 502 1699 ll,
523 1674 558 1699 Do
576 1675 671 1699 virtute
692 1674 768 1699 liuius
787 1674 868 1706 ignis,
889 1678 976 1699 utrum
1002 1674 1034 1698 sit
1054 1676 1154 1699 natura-

554 1727 598 1758 lis,
618 1733 649 1751 an
669 1733 748 1758 supra
768 1729 887 1752 naturam
923 1745 1154 1751 ......
1191 1735 1203 1749 >1

468 1780 503 1804 Ill.
524 1780 561 1805 De
581 1781 728 1805 extensione
747 1780 813 1804 illius
832 1780 900 1811 ignis
961 1799 1152 1805 .....
1192 1789 1203 1802 1)

463 1833 503 1858 IV.
524 1833 559 1857 De
579 1832 669 1858 ordine
698 1833 774 1857 liuius
803 1833 870 1864 ignis
897 1832 930 1857 ad
958 1839 988 1857 ea
1008 1839 1075 1865 quae
1094 1832 1155 1858 sient

556 1886 580 1909 in
600 1884 697 1910 iudicio
747 1903 1152 1910 ..........
1192 1894 1203 1908 1)

345 1939 428 1964 Dabla
449 1939 508 1964 l-lV.
528 1939 595 1963 eirca
615 1938 723 1963 litteram
744 1938 857 1969 Magistri
921 1959 926 1963 .
968 1958 973 1962 .
1013 1957 1019 1962 .
1057 1957 1064 1962 .
1102 1957 1108 1963 .
1149 1958 1154 1964 .
1195 1946 1207 1962 »

649 2042 843 2067 DISTINCTIO
863 2043 971 2068 XLVlll.

347 2149 443 2174 'sextus
461 2148 573 2180 Magistri
606 2166 1157 2173 .............
1195 2157 1206 2170 1)

348 2202 443 2228 Divisio
462 2204 545 2227 textus
571 2220 1157 2227 ..............
1195 2210 1206 2224 1)

557 2256 696 2280 Animatus
715 2255 730 2279 l.
753 2255 788 2280 De
806 2254 900 2281 iactiois
920 2254 1094 2288 apparitione.

349 2307 455 2338 Qumsr.
493 2307 510 2332 l.
532 2307 623 2332 Utrum
643 2309 756 2338 potestas
769 2306 901 2331 iudiciaria
915 2307 947 2331 sit
959 2305 1051 2331 Christi
1070 2312 1158 2331 secuu-

558 2359 622 2384 dum
643 2359 845 2389 humanitatem,
871 2366 902 2384 an
928 2358 1072 2384 secundum
1092 2358 1159 2383 Divi-

559 2413 663 2437 nitatem
702 2430 1157 2436 ...........
1196 2420 1207 2434 11

481 2465 507 2489 ll.
530 2464 618 2489 Utrum
638 2464 754 2489 Christus
773 2465 798 2488 111
819 2465 900 2489 l'orma
921 2464 1063 2489 Divinitatis
1083 2470 1159 2495 appa-

559 2517 626 2542 rebit
645 2517 718 2541 malis
750 2534 1157 2541 ..........
1196 2525 1207 2538 »

473 2569 507 2594 111,
529 2569 619 2594 Utrum
633 2564 749 2594 C'liristus
762 2568 898 2600 apparebit
907 2568 1026 2600 reprobis
1039 2569 1063 2594 in
1077 2568 1160 2594 forma

561 2623 725 2646 humanitatis
744 2622 857 2653 gloriosa
879 2642 884 2646 .
927 2642 932 2647 .
974 2641 979 2647 .
1020 2641 1025 2646 .
1064 2640 1070 2646 .
1108 2640 1114 2646 .
1153 2641 1158 2646 .
1197 2630 1209 2644 »

467 2673 507 2699 IV.
528 2674 618 2699 Utrum
638 2674 700 2699 liora
721 2674 807 2699 iudicii
821 2675 853 2699 sit
867 2678 924 2699 nota
939 2674 1013 2699 alloni
1027 2676 1161 2699 creaturae
1197 2682 1209 2696 1)

431 2726 568 2750 Ammonos
587 2726 613 2750 ll.
633 2726 671 2751 De
690 2725 858 2751 innovatione
878 2732 1023 2759 corporum
1041 2725 1221 2759 superiorum.

350 2778 456 2809 Quansr.
493 2778 511 2802 1.
534 2777 624 2803 Utrum
649 2785 757 2809 corpora
787 2778 986 2809 supercaelestia
1013 2785 1161 2803 remunera-

563 2831 659 2856 liuntur

483 2885 509 2909 ll.
529 2885 619 2909 Utrum
631 2891 741 2915 corpora
755 2885 953 2915 supercaelestia
968 2884 1161 2916 quintabuntur.
1199 2893 1210 2908 »

473 2936 510 2961 Ill.
532 2936 621 2961 Utrum
642 2936 765 2961 elementa
787 2936 979 2962 innovabuntur
1019 2957 1023 2961 .
1066 2957 1071 2961 .
1111 2955 1117 2962 .
1155 2955 1161 2962 .
1198 2946 1210 2960 1)

467 2989 507 3014 IV.
528 2989 617 3014 Utrum
645 2989 838 3015 innovabuntur
866 2990 969 3021 plantae
993 2993 1018 3015 et
1041 2990 1160 3015 animalia

564 3041 638 3067 bruta
663 3061 1160 3068 ............
1198 3051 1209 3065 1)

352 3094 434 3120 Dubia
456 3095 524 3120 l-Vll.
545 3095 612 3120 circa
632 3095 740 3120 litteram
760 3096 871 3127 Magistri
885 3114 1160 3120 .......
1201 3104 1212 3119 11

682 3200 862 3226 DISTINC'I'IO
883 3201 970 3225 XLIX.

356 3304 450 3328 'sextus
470 3304 580 3336 Magistri

354 3407 452 3432 Divisio
472 3411 553 3433 textus

1240 778 1290 803 964

1240 883 1291 908 965

1241 935 1291 961 907

1241 1147 1292 1171 968

1241 1198 1293 1224 970

1243 1304 1275 1330 97
1280 1306 1288 1330 4

1243 1356 1294 1382 972

1244 1461 1294 1488 973

1244 1513 1294 1539 974

1245 1619 1295 1645 975

1245 1725 1296 1751 977

1245 1778 1295 1804 978

1246 1884 1296 1910 979

1247 1938 1297 1963 980

1248 2148 1294 2172 981

1249 2202 1299 2227 983

1249 2409 1300 2436 984

1250 2516 1300 2541 985

1251 2620 1301 2645 987

1251 2673 1301 2698 988

1252 2832 1302 2857 989

1252 2885 1297 2909 991

1252 2937 1302 2961 992

1252 3042 1301 3067 994

1252 3096 1302 3121 995

1253 3306 1303 3331 997

1253 3411 1302 3435 999

1117 271 1232 312 INDEX
1255 271 1528 313 QUAESTIONUM.

1584 359 1723 385 Animatus
1740 367 1832 386 umens.
1853 360 1890 386 De
1909 360 2074 388 beatitudine.

1355 411 1462 442 QUAissr.
1500 411 1516 435 l.
1537 411 1603 443 Quid
1623 412 1654 436 sit
1673 411 1805 437 beatitudo
1847 431 2118 439 .......
2153 421 2215 448 paq.
2237 415 2305 440 4000

1489 464 1514 489 11.
1535 464 1649 496 Qualiter
1667 464 1799 490 beatitudo
1814 466 1850 490 >sit
1868 465 2014 497 appetibilis
2070 487 2075 492 .
2112 486 2119 492 .
2157 486 2163 493 .
2201 477 2213 491 1)
2238 468 2305 493 4002

1480 516 1515 540 lll.
1535 516 1561 540 ln
1581 523 1633 548 quo
1652 516 1768 542 subiecto
1787 517 1819 542 sit
1837 516 1969 543 beatitudo
2025 537 2031 543 .
2069 537 2075 543 .
2114 538 2120 544 .
2158 539 2163 544 .
2202 529 2214 542 1)
2240 519 2307 545 4004

1474 557 1526 593 IVs
1535 569 1683 594 Secundum
1704 569 1768 601 quid
1786 568 1918 595 beatitudo
1937 570 1996 595 insit
2014 571 2039 594 in
2059 571 2143 595 anima
2158 590 2164 595 .
2202 579 2214 593 1)
2239 571 2305 596 4006

1484 621 1514 646 V.
1535 620 1635 652 Quibus
1654 623 1774 656 potentiis
1792 622 1851 647 insit
1869 624 1940 647 actus
1968 623 2023 648 sive
2051 623 2166 654 operatio

1569 674 1667 705 gloriae
1712 693 2165 701 ...........
2206 685 2218 700 a)
2244 676 2307 701 1008

1475 726 1517 752 Vl.
1544 726 1582 752 De
1609 726 1734 752 differenti
1763 728 1957 759 participatione
1986 727 2167 760 beatitudinis,

1570 782 1658 804 utrum
1691 780 1786 805 scilicet
1813 786 1904 805 omnes
1935 779 2045 806 habeant
2077 787 2168 813 aequa-

1570 831 1620 857 lem
1641 831 1827 857 beatitudinem
1848 851 2167 858 ........
2206 842 2217 855 »
2242 833 2309 858 4010

1776 884 1841 910 Pars
1860 884 1893 910 11.

1358 938 1455 963 Divisio
1474 940 1557 964 textus
1581 956 2168 964 ..............
2206 947 2218 961 11
2243 938 2304 962 4044

1524 991 1611 1016 Sacrio
1630 991 1645 1015 l.
1664 990 1702 1016 De
1721 990 1809 1024 gloria
1829 989 1950 1023 corporis
1968 989 1996 1015 in
2014 989 2141 1023 qenerali.

1535 1042 1673 1068 An'ricuros
1692 1043 1708 1067 1.
1728 1043 1765 1068 De
1785 1041 1905 1075 corporis
1923 1041 2122 1076 ytorificatione.

1359 1095 1465 1127 QUAEST.
1505 1095 1520 1120 l.
1540 1095 1631 1120 Utrum
1652 1095 1733 1126 gloria
1763 1095 1880 1126 corporis
1908 1095 1940 1120 sit
1969 1094 2001 1119 de
2029 1094 2170 1120 substantia

1572 1146 1737 1172 beatitudinis
1762 1165 2169 1172 ..........
2208 1155 2220 1169 >o
2245 1146 2313 1171 4012

1493 1199 1520 1224 11.
1543 1199 1634 1224 Utrum
1663 1199 1744 1231 gloria
1773 1200 1889 1230 corporis
1914 1200 1946 1224 sit
1973 1206 1986 1224 a
2017 1199 2097 1231 gloria
2122 1199 2172 1224 ani-

1572 1259 1631 1277 mae
1651 1253 1808 1284 originaliter
1848 1271 2171 1278 ........
2210 1261 2221 1275 »
2247 1252 2314 1277 4044

1555 1306 1694 1330 AnTictJtus
1713 1305 1740 1330 ll.
1762 1305 1799 1331 De
1818 1304 1921 1331 dotium
1940 1304 2112 1331 distinctione.

1361 1357 1467 1389 QuixasT.
1505 1357 1521 1382 l.
1542 1357 1579 1382 De
1599 1364 1708 1383 numero
1728 1360 1753 1382 et
1772 1358 1924 1383 sufficientia
1946 1358 2045 1383 dotium
2077 1378 2082 1382 .
2122 1377 2128 1383 .
2165 1377 2171 1382 .
2210 1367 2221 1381 >³
2246 1357 2314 1383 4015

1495 1409 1520 1434 11.
1540 1409 1631 1435 Utrum
1662 1410 1734 1435 dotes
1763 1411 1880 1442 corporis
1908 1411 2048 1442 aequaliter
2074 1411 2124 1436 sint
2147 1412 2171 1435 in

1577 1463 1699 1488 omnibus
1718 1482 2172 1489 ...........
2210 1473 2221 1487 »
2248 1463 2315 1489 4017

1515 1515 1655 1540 Ammonis
1673 1515 1709 1540 111.
1729 1515 1767 1541 De
1785 1522 1915 1541 sensuam
1932 1514 2158 1541 renumeratione.

1362 1568 1469 1600 QUAEST.
1508 1568 1524 1593 l.
1544 1568 1635 1593 Utrum
1664 1569 1688 1593 in
1717 1569 1799 1599 patria
1828 1575 1918 1593 omnes
1946 1575 2038 1594 sensus
2063 1568 2175 1593 habeant

1575 1628 1637 1646 suos
1657 1624 1731 1646 actus
1770 1641 1774 1646 .
1814 1641 1819 1646 .
1859 1641 1863 1646 .
1904 1632 1919 1646 .·
1948 1639 2175 1646 ......
2213 1631 2224 1644 »
2249 1621 2315 1646 4018

1495 1674 1521 1699 ll.
1541 1674 1632 1699 Utrum
1652 1681 1744 1699 sensus
1763 1673 1810 1706 illi,
1832 1674 1875 1706 qui
1902 1676 1960 1698 sunt
1988 1674 2012 1698 in
2033 1680 2081 1698 suo
2100 1677 2172 1706 actu,

1576 1729 1734 1757 cognoscant
1753 1732 1800 1756 per
1820 1726 1994 1757 receptionem
2015 1726 2129 1757 speciei.
2168 1745 2173 1750 .
2213 1735 2224 1748 n
2251 1726 2316 1750 4020

1529 1765 1617 1803 Saeuo
1638 1778 1663 1803 11.
1683 1778 1721 1803 De
1739 1777 1828 1811 qtoria
1849 1777 1969 1811 corporis
1988 1777 2015 1803 in
2035 1777 2150 1812 speciali.

1553 1832 1701 1856 Aaricums.
1721 1831 1737 1856 Ι.
1756 1831 1794 1857 De
1812 1830 1870 1857 cloto
1890 1830 2118 1864 impassibilitatis.

1364 1884 1471 1916 QUAEST.
1509 1884 1526 1909 1.
1547 1884 1638 1909 Utrum
1658 1891 1753 1915 corpus
1773 1884 1915 1915 gloriosum
1943 1885 1975 1909 sit
2002 1883 2124 1915 passibile
2143 1883 2176 1909 al)

1577 1938 1715 1962 intrinseco
1765 1955 2174 1962 ..........
2212 1945 2224 1959 ))
2250 1937 2311 1962 4021

1496 1990 1521 2014 ll.
1542 1990 1632 2015 Utrum
1652 1996 1748 2021 corpus
1767 1990 1909 2021 gloriosum
1929 1991 1961 2015 sit
1980 1989 2101 2021 passibile
2120 1996 2177 2021 pas-

1576 2043 1648 2067 sione
1668 2043 1788 2066 veniente
1807 2041 1839 2067 ab
1859 2043 2002 2067 extrinseco
2035 2061 2040 2066 .
2079 2062 2084 2066 .
2123 2061 2128 2066 .
2167 2061 2174 2066 .
2213 2051 2224 2065 »
2249 2042 2316 2066 4023

1598 2095 1736 2119 ARTicULus
1756 2095 1781 2119 ll.
1804 2094 1838 2120 Do
1858 2093 1916 2120 stote
1936 2093 2074 2120 claritatis.

1364 2147 1471 2178 QUAEST.
1509 2147 1524 2171 1.
1546 2147 1636 2172 Utrum
1666 2154 1776 2178 corpora
1796 2147 1907 2178 gloriosa
1936 2147 1986 2171 sint
2014 2146 2118 2177 pervia,
2144 2153 2175 2170 an

1576 2200 1702 2231 colorata,
1723 2206 1755 2224 an
1775 2199 1903 2224 luminosa
1946 2217 2176 2223 ......
2214 2208 2225 2221 n
2250 2198 2317 2223 4024

1500 2252 1525 2277 ll.
1547 2252 1638 2278 Utrum
1659 2258 1766 2283 corpora
1788 2252 1900 2283 gloriosa
1919 2252 2019 2283 possint
2037 2252 2177 2276 claritatem

1578 2312 1652 2330 suam
1673 2305 1818 2330 secundum
1838 2305 1976 2336 imperium
1997 2305 2097 2329 animae
2117 2311 2178 2330 ocu-

1578 2358 1607 2383 lis
1627 2359 1720 2383 11051115
1739 2358 1868 2383 occultare
1900 2375 2175 2382 .......
2214 2366 2226 2380 1)
2251 2357 2317 2381 4026

1586 2412 1724 2436 Amicumis
1744 2411 1780 2435 lll.
1802 2410 1840 2436 De
1859 2410 1916 2436 dote
1935 2409 2096 2436 subtilitatis.

1366 2464 1473 2495 QUAEST.
1511 2464 1526 2488 l.
1547 2464 1637 2489 Utrum
1658 2470 1753 2494 corpus
1781 2463 1922 2495 gloriosum
1943 2463 2025 2494 possit
2043 2465 2178 2494 penetrare

1579 2523 1656 2541 omne
1676 2516 1745 2541 aliud
1766 2523 1861 2547 corpus
1902 2534 2176 2540 .......
2214 2525 2226 2538 ι)
2253 2515 2318 2540 1027

1500 2570 1525 2594 11.
1547 2569 1637 2594 Utrum
1658 2576 1754 2600 corpus
1773 2569 1945 2600 glorificatum
1965 2569 1996 2593 sit
2015 2567 2144 2600 palpabile
2162 2575 2177 2593 a

1580 2624 1647 2646 tactu
1668 2628 1717 2646 non
1738 2621 1880 2652 glorificato
1905 2638 2176 2645 .......
2215 2629 2226 2642 »
2252 2620 2318 2645 11030

1596 2674 1734 2698 111111011105
1754 2673 1793 2698 lV.
1814 2673 1851 2699 De
1871 2673 1928 2698 dote
1947 2672 2083 2706 affilitatis.

1367 2726 1474 2758 QUAEST.
1512 2726 1527 2750 l.
1548 2725 1638 2750 Utrum
1659 2725 1758 2757 agilitas
1777 2726 1809 2751 sit
1828 2726 1851 2750 in
1873 2725 1994 2750 omnibus
2023 2724 2177 2756 corporibus

1579 2779 1698 2810 gloriosis
1727 2796 2175 2804 ...........
2214 2787 2225 2800 1)
2251 2777 2312 2802 11031

1503 2831 1528 2856 ll.
1548 2831 1638 2856 Utrum
1668 2831 1767 2862 agilitas
1796 2831 1897 2856 1110111101
1921 2837 2016 2861 corpus
2035 2830 2176 2861 gloriosum

1579 2884 1613 2909 ad
1634 2891 1736 2909 omnem
1752 2885 1920 2909 differentiam
1936 2884 2082 2915 positionis,
2099 2891 2129 2908 an
2144 2883 2177 2909 ad

1580 2936 1692 2968 aliquem
1713 2937 1798 2961 locum
1819 2935 2043 2961 determinatum.
2083 2955 2087 2959 .
2126 2954 2132 2960 .
2169 2953 2175 2959 .
2213 2943 2226 2958 ))
2252 2935 2317 2960 4032

1731 3041 1910 3067 DISTINCTIO
1930 3041 1956 3065 L.
1998 3055 2000 3058 v

1368 3147 1464 3172 'sextus
1484 3147 1595 3178 Magistri
1638 3164 2176 3172 .............
2214 3154 2226 3167 1)
2251 3144 2317 3169 4033

1791 3199 1855 3225 Pars
1873 3198 1884 3224 I

1368 3253 1465 3278 Divisio
1485 3256 1566 3278 textus
1585 3270 2173 3278 ..............
2214 3259 2225 3273 1)
2252 3249 2317 3275 4035

1550 3307 1687 3330 1111110111115
1707 3306 1722 3330 l.
1743 3305 1780 3330 De
1799 3304 1967 3330 subversione
1985 3302 2129 3329 voluntatis

1740 3357 1940 3383 (luminosarum.

1369 3411 1475 3442 QUAEST.
1515 3411 1531 3435 l.
1554 3410 1644 3435 Utrum
1666 3410 1776 3435 damnati
1797 3410 1888 3440 velint,
1909 3416 1936 3434 se
1957 3415 2077 3439 peccasse
2129 3427 2134 3432 .
2172 3426 2177 3432 .
2210 3416 2222 3430 1)
2281 3406 2316 3432 ib.
