2483 3882
0 931 27 946 us.

0 1803 24 1818 11],

0 2567 27 2583 us.

0 2664 25 2679 IS.

826 247 1037 280 DISTINCTIO
1061 247 1174 281 XXVII.

37 338 204 370 Theotistae
226 336 385 375 patritiae:
412 348 424 362 «
441 335 516 365 Sunt
537 335 588 373 qui
612 335 732 372 dicunt,
752 335 905 373 religionis
920 343 984 372 gra-

38 389 77 419 tia
97 385 234 424 coniugia
257 384 368 414 debere
390 383 474 413 solvi.
498 383 610 413 Verum
633 383 790 414 sciendum
813 387 873 420 est,
895 384 983 422 quia,

37 436 88 467 etsi
112 435 169 464 boc
190 433 238 462 lex
261 433 391 462 humana
414 431 579 466 concessit,
602 434 701 461 tamen
723 431 772 461 lex
794 431 894 460 divina
919 439 985 469 pro-

38 483 140 515 hibuit.
162 481 191 511 St
215 488 286 510 vero
308 480 444 517 utrisque
466 479 625 508 conveniat
656 480 860 508 continentem
892 479 983 508 vitam

37 533 161 566 ducere,
184 529 241 558 hoc
267 528 335 567 quis
364 527 474 557 audeat
502 527 670 557 accusare?
698 527 748 557 Sic
773 528 851 557 enim
875 527 985 556 multos

37 581 210 612 Sanctorum
234 577 373 606 novimus
395 583 463 605 cum
480 576 542 605 suis
558 575 738 612 coniugibus
760 578 789 605 et
811 575 896 613 prius
918 583 987 604 con-

38 629 175 659 tinentem
200 625 291 654 vitam
314 624 437 654 duxisse
459 628 488 653 et
510 627 577 662 post
609 623 647 653 ad
676 627 798 653 sanctae
829 623 984 653 Ecclesiae

37 675 178 714 regimina
200 673 354 710 migrasse.
371 672 401 702 Si
418 680 489 702 vero
512 672 745 707 continentiam,
768 680 858 710 quam
876 673 922 701 vir
938 680 987 710 ap-

36 724 124 764 petit,
156 721 264 751 mulier
295 729 354 750 non
383 720 536 758 sequitur,
559 723 611 750 aut
632 728 723 758 quam
754 728 833 749 uxor
854 720 986 758 appetit,

37 773 235 806 virsrecusau
259 769 434 805 coniugium
466 767 560 797 dividi
594 776 652 797 non
685 770 799 806 potest,
822 768 894 805 quia
916 767 987 796 scri-

35 824 117 860 ptum
140 821 201 848 est:
227 816 342 847 Mulier
370 820 541 855 potestatem
563 825 635 846 suae
657 815 760 845 cornis
789 824 852 845 mm
881 814 985 849 hahet,

35 867 84 899 sed
103 866 176 902 vir,-
197 864 340 895 sinziliwr
363 869 389 894 ec
409 864 459 893 vir
489 868 662 903 potestatem
690 862 742 893 sm'
765 862 902 902 corporis
923 872 986 892 non

41 914 142 949 habet,
163 913 215 944 sect
235 912 349 943 mulier
364 925 389 942 ».
406 913 504 942 Idem:
526 925 537 937 «ι
551 912 719 949 Agathosa,
743 912 831 941 latrix
848 919 987 949 praesen-

37 965 122 999 tium,
144 965 250 1001 questa
274 966 334 999 est,
358 962 455 991 virum
476 969 562 990 suum
580 964 684 990 eontra
702 960 884 990 voluntatem
899 968 985 990 suam

35 1014 63 1043 in
85 1011 297 1042 monasterium
321 1019 386 1040 esse
408 1018 596 1040 conversum.
621 1009 812 1048 Quapropter
831 1009 986 1047 experien-

37 1062 91 1091 tiae
114 1064 181 1090 tuae
204 1059 427 1098 praecipimus,
458 1062 491 1088 ιιι
513 1058 647 1095 diligenti
672 1058 867 1096 inquisitione
889 1057 987 1087 discu-

37 1111 98 1144 tiat,
122 1117 158 1138 ne
181 1108 255 1137 forte
277 1108 342 1137 elus
364 1107 518 1136 voluntate
542 1114 706 1135 conversus
729 1106 779 1141 sit,
804 1105 849 1135 vel
872 1105 937 1144 ipsa
954 1114 985 1135 se

36 1161 147 1189 mutare
169 1155 351 1194 promiserit.
373 1156 410 1184 Et
431 1155 455 1184 si
480 1155 538 1184 hoc
565 1158 614 1184 tua
644 1154 798 1192 diligentia
822 1154 985 1192 repererit;

36 1209 63 1236 et
82 1205 165 1234 illum
191 1205 217 1233 in
242 1203 424 1233 monasterio
447 1210 626 1241 permanere
655 1202 814 1240 provideat
840 1205 868 1231 et
890 1202 985 1237 lianc,

35 1254 110 1284 sicut
130 1252 284 1291 promisit,
306 1255 422 1281 mutare
445 1250 616 1289 compellat.
642 1250 671 1280 Si
694 1259 765 1280 vero
786 1250 859 1280 nihil
876 1250 984 1280 horum

36 1305 92 1339 est,
114 1309 169 1330 nec
191 1299 345 1339 quoddam
374 1299 580 1329 fornicationis
602 1299 734 1335 crimen,
756 1303 882 1337 propter
903 1299 984 1337 quod

35 1350 102 1379 licet
132 1356 257 1378 uxorem
280 1348 447 1381 dimittere,
469 1347 658 1385 praedictam
681 1347 838 1376 mulierem
861 1347 986 1376 commi-

35 1398 105 1428 sisse
126 1397 322 1435 cognoverisg
346 1405 382 1426 ne
407 1396 485 1425 illius
508 1396 667 1425 conversio
690 1396 777 1425 uxori
802 1395 927 1426 relictae
956 1396 984 1425 In

35 1445 152 1476 saeculo
184 1445 246 1474 fieri
281 1445 377 1483 possit
405 1444 585 1482 perditIOnis
607 1444 745 1479 occasio,
769 1444 923 1479 volumus,
954 1447 986 1473 ut

35 1494 172 1524 maritum
194 1501 282 1523 suum
305 1492 364 1528 illi,
388 1493 478 1522 etiam
501 1493 525 1521 si
548 1493 608 1522 iam
636 1495 810 1521 tonsuratus
838 1495 898 1527 est,
921 1492 986 1521 red-

35 1543 103 1573 dere
125 1542 252 1577 debeas,
269 1541 349 1571 omni
366 1541 561 1571 excusatione
584 1544 736 1575 cessante;
759 1540 830 1578 quia
855 1540 912 1569 nisi
929 1541 985 1570 for-

36 1591 190 1622 nicationis
213 1599 305 1620 eausa
328 1590 426 1619 virum
455 1598 580 1619 uxorem
613 1589 765 1619 dimittere
797 1589 876 1618 nulla
908 1589 984 1618 ratio

36 1639 178 1670 concedit.
208 1639 371 1677 Postquam
399 1638 478 1667 enim
502 1637 694 1676 copulatione
716 1637 847 1674 coniugii
872 1637 928 1666 viri
957 1641 986 1667 et

35 1688 165 1719 mulleris
188 1696 279 1717 unum
302 1695 414 1725 corpus
438 1686 584 1722 efficitur,
616 1694 675 1717 non
709 1689 807 1724 potest
833 1694 870 1715 ex
901 1689 985 1724 parte

36 1737 164 1768 converti
188 1740 217 1766 et
238 1745 275 1766 ex
308 1740 394 1774 parte
427 1744 584 1765 remanere
607 1735 635 1764 in
658 1735 780 1765 saeculo
796 1747 824 1765 ».
846 1735 918 1764 ltem
949 1743 985 1765 ex

37 1789 138 1816 octava
159 1785 275 1823 synodo
290 1784 319 1813 ¹:
348 1784 404 1814 «Si
429 1784 497 1822 quis
519 1784 699 1821 coniugatus
719 1783 854 1813 converti
872 1783 909 1813 ad
927 1791 987 1813 mo-

35 1834 194 1865 nasterium
229 1833 316 1868 velit,
349 1841 407 1862 non
441 1836 486 1862 est
518 1832 727 1870 recipiendus,
760 1832 815 1861 nisi
849 1832 935 1870 prius
969 1839 985 1861 a

36 1883 158 1921 coniuge
189 1882 398 1912 castimoniam
421 1881 580 1920 profitente
602 1880 690 1910 fuerit
711 1880 876 1910 absolutus.
900 1880 986 1910 Tales

37 1932 122 1970 igitur
144 1934 214 1960 tunc
236 1930 300 1960 sine
323 1930 412 1968 culpa
436 1933 604 1968 sequuntur
619 1929 787 1965 Christum,
803 1929 909 1959 relicto
925 1937 986 1959 sae-

37 1980 110 2016 culo,
125 1980 149 2009 si
166 1979 278 2009 habent
292 1987 330 2009 ex
347 1979 412 2017 pari
433 1978 586 2008 voluntate
602 1978 749 2008 castitatis
765 1986 944 2007 consensum
958 1990 984 2007 ».

37 2029 122 2059 Item:
151 2028 206 2058 «Si
230 2028 276 2057 vir
298 2030 327 2057 et
349 2035 426 2057 uxor
449 2026 601 2056 divertere
622 2034 678 2064 pro
700 2026 763 2056 sola
784 2026 924 2064 religIosa
946 2027 987 2056 in-

38 2081 79 2107 ter
98 2085 129 2106 se
150 2076 359 2106 consenserint
391 2077 469 2112 vita,
502 2075 674 2105 nullatenus
703 2075 768 2104 sine
800 2075 984 2105 conscientia

38 2125 166 2164 episcopi
191 2125 256 2161 fiat,
279 2127 309 2154 ut
334 2124 371 2154 ab
394 2132 429 2153 eo
451 2123 645 2162 singulariter
667 2123 788 2162 proviso
804 2124 987 2153 constituan-

37 2177 82 2204 tur
101 2174 175 2204 Ioco.
198 2173 273 2203 Nam
296 2181 392 2203 uxore
415 2173 551 2208 nolente,
568 2172 614 2202 vel
630 2173 723 2202 altero
740 2172 859 2203 illorum
871 2197 878 2209 ,
895 2173 983 2202 etiam

37 2230 89 2260 pro
112 2222 159 2251 tali
182 2230 214 2251 re
237 2221 461 2251 matrimonium
485 2229 543 2250 non
566 2221 734 2250 solvitur».

428 2318 495 2347 CAP.
519 2318 590 2348 VIII.

291 2416 334 2444 De
357 2414 542 2445 (cdzclterz'm's
564 2413 724 2454 com'zcyz'z's.

113 2513 184 2543 Item
207 2512 433 2551 Augustinus2:
462 2511 518 2541 «Si
542 2511 675 2541 abstines
706 2512 771 2541 sine
804 2511 908 2541 uxoris
939 2520 986 2541 vo-

39 2558 163 2597 luntate,
185 2561 292 2590 trIbuis
324 2561 349 2590 ei
385 2559 551 2589 fornicandi
582 2559 751 2595 licentiam,
774 2563 802 2588 et
824 2563 984 2597 peecatum

39 2607 114 2638 illius
137 2612 203 2638 tuae
233 2609 432 2647 imputabitur
466 2608 707 2638 abstinentiae».
741 2608 813 2637 Item
842 2607 985 2637 NIcolaus

39 2655 155 2693 Papa³:
184 2656 337 2695 «Scripsit
363 2656 449 2686 nobis
480 2655 660 2694 Thietberga
694 2656 812 2694 regma,
842 2656 923 2693 regia
953 2665 985 2685 se

40 2703 112 2733 velle
133 2704 275 2742 dignitate
299 2705 345 2735 vel
368 2705 478 2743 copula
501 2704 569 2734 exui
587 2708 616 2734 et
629 2704 691 2734 sola
708 2704 768 2733 vita
784 2704 903 2742 privata
920 2712 985 2734 csse

41 2755 221 2789 contentam,
243 2753 427 2782 desiderare.
450 2753 502 2783 Cui
527 2752 722 2790 scripsimus,
745 2760 802 2781 non
826 2752 883 2781 hoc
899 2752 986 2782 aliter

41 2797 100 2828 fieri
123 2808 225 2838 posse,
248 2801 303 2830 nisi
328 2801 453 2831 eandem
477 2801 568 2830 vitam
593 2800 638 2829 vir
660 2800 725 2830 eius
747 2800 908 2829 Lotharius
930 2800 986 2829 ele-

39 2846 108 2882 gerit
125 2859 150 2876 ».
164 2864 204 2869 ——
218 2849 262 2877 Ex
286 2848 331 2878 his
354 2852 451 2886 patet,
474 2848 554 2886 quod
578 2846 734 2886 oom‘ugyao‘
751 2847 816 2877 sinc
832 2847 985 2876 communi

39 2901 180 2925 consensu
202 2897 414 2926 continentiam
438 2897 590 2935 profiteri,
607 2896 651 2925 vel
672 2896 808 2925 habitum
833 2896 986 2933 religi0nis

39 2950 152 2973 sumere
184 2954 241 2975 non
276 2945 392 2981 valent,
426 2949 454 2974 et
485 2945 508 2974 si
543 2945 682 2980 fecerint,
707 2945 842 2974 revocari
866 2945 983 2974 debent.

1933 247 1999 280 673

1048 335 1160 374 Sponsa·
1181 343 1251 365 vero
1274 338 1400 374 possunt
1422 335 1487 365 sine
1510 335 1662 365 communi
1685 342 1834 365 consensu
1857 338 2007 365 monaste-

1048 384 1125 413 rIum
1149 384 1275 421 engere,
1299 384 1379 413 unde
1402 383 1522 414 videtur
1544 384 1621 414 inter
1643 392 1788 422 sponsum
1812 387 1840 413 et
1862 391 2004 422 sponsam

1049 433 1222 470 coniugium
1256 441 1314 462 non
1347 440 1420 462 esse.
1448 432 1579 471 Ideoque
1601 436 1756 467 asserunt,
1778 441 1795 462 a
1817 432 1915 470 prima
1945 432 2003 462 fide
2034 438 2129 468 Assertio

1049 480 1290 517 desponsationIs
1305 479 1445 519 coniuyes
1463 480 1630 519 appellari,
1652 488 1711 510 non
1734 488 1766 510 re
1789 480 2004 518 praesentium,
2019 465 2117 485 ‘'Imma''

1049 527 1103 556 sed
1124 536 1179 566 spe
1201 528 1387 564 futurorum,
1419 529 1489 567 quia
1513 537 1550 558 ex
1574 528 1647 563 tide,
1670 536 1761 566 quam
1784 536 1821 557 ex
1844 527 2006 566 desponsa-

1051 576 1130 605 tione
1152 576 1209 606 sibi
1233 577 1362 606 invicem
1385 577 1511 612 debent,
1532 581 1637 615 postea
1654 576 1827 606 efficIuntur
1849 576 2003 613 coniuges.

1050 624 1233 654 Praemissas
1256 625 1345 654 etiam
1373 626 1584 661 auctoritates,
1607 625 1718 663 quibus
1740 625 1901 661 asseritur,
1923 624 2005 663 quod

1051 680 1216 702 consensus
1248 673 1473 703 matrimonium
1505 674 1591 709 t'acit,
1613 674 1653 702 ita
1677 673 1801 710 intelligi
1825 673 1945 708 volunt,
1974 676 2006 702 ut

1051 728 1215 750 consensus
1237 721 1283 750 vel
1305 721 1406 759 pactio
1429 721 1597 759 coniugalis
1619 729 1677 751 non
1700 725 1768 751 ante
1788 721 1901 751 coitum
1917 721 2007 751 iaciat

1051 769 1293 806 matrimonium,
1317 770 1369 799 sed
1393 770 1420 799 in
1443 770 1534 799 coitu.
1558 770 1642 799 Sicut
1664 770 1743 799 enim
1765 769 1923 799 defloratio
1951 770 2007 798 vir-

1050 817 1184 853 ginitatis
1206 825 1265 846 non
1289 817 1360 847 facit
1381 818 1623 854 matrimonium,
1646 818 1700 847 nisi
1718 818 1881 856 praecedat
1904 818 2005 856 pactio

1051 864 1237 902 coniugalis,
1261 865 1301 895 ita
1330 873 1385 895 nec
1414 866 1515 904 pactio
1538 866 1721 904 coniugalis,
1744 869 1905 904 antequam
1928 865 2007 894 adsit

1051 912 1160 951 copula
1183 913 1322 943 carnalts.
1346 914 1390 943 Ex
1408 913 1548 952 paccione
1571 915 1661 951 igitur
1683 914 1833 952 coniugali
1853 913 1960 953 sponsi
1981 918 2007 942 ea

1050 969 1177 1000 sponsae
1200 961 1274 990 fiunt
1295 964 1363 991 ante
1395 962 1524 997 coitum,
1558 962 1585 991 in
1618 961 1697 991 coitu
1731 970 1802 992 vero
1834 962 2007 992 efficiuntur

1051 1008 1200 1047 comuqes.
1221 1009 1305 1039 Facit
1328 1010 1406 1039 enim
1429 1011 1529 1048 pactio
1553 1011 1735 1048 coniugatis,
1759 1014 1790 1040 ut
1811 1019 1890 1049 quae
1919 1011 2004 1049 prius

1051 1061 1115 1087 erat
1136 1066 1247 1096 sponsa
1270 1058 1299 1086 in
1322 1058 1402 1088 coitu
1427 1058 1478 1088 fiat
1500 1058 1620 1088 conium.

1132 1105 1183 1135 His
1205 1109 1305 1135 autem
1327 1106 1369 1135 ita
1392 1106 1619 1144 respondemus.
1644 1107 1688 1136 Fit
1703 1107 1865 1144 aliquando
1882 1107 2008 1145 despon-
2022 1109 2166 1156 obffip'cad

1051 1154 1143 1190 satio,
1166 1154 1217 1183 ubi
1240 1157 1284 1183 est
1305 1155 1536 1192 compromissio
1561 1155 1616 1184 viri
1639 1158 1668 1184 et
1701 1155 1836 1184 mulieris
1868 1155 1906 1185 dc
1938 1164 2006 1184 con-
2022 1142 2168 1183 αιςιῑῖἒιιοὲἕῖ

1051 1201 1198 1231 trahendo
1222 1202 1428 1238 matrimonio,
1445 1211 1503 1232 non
1527 1206 1571 1232 est
1593 1206 1693 1232 autem
1715 1203 1756 1232 ibi
1779 1211 1944 1232 consensus
1971 1203 2007 1233 de

1049 1250 1228 1289 praesenlz';
1250 1254 1279 1280 et
1310 1254 1354 1280 est
1386 1251 1580 1290 desponsatio
1614 1251 1729 1281 habens
1762 1260 1940 1281 consensum
1971 1250 2006 1280 cle

1050 1298 1222 1337 praesenti,
1245 1298 1274 1328 id
1297 1302 1341 1328 est
1363 1299 1533 1337 pactionem
1557 1299 1765 1336 coniugalem,
1788 1307 1866 1337 quae
1888 1299 1951 1329 sola
1969 1299 2007 1328 fa-

1050 1347 1091 1376 cit
1112 1347 1294 1384 coniugium.
1318 1347 1348 1376 In
1372 1347 1422 1377 illa
1444 1355 1515 1384 crgo
1537 1347 1787 1385 desponsatione,
1810 1347 1861 1377 ubi
1884 1351 1929 1377 est
1945 1347 2005 1386 pol-
2021 1351 2111 1372 Dubium
2129 1351 2148 1372 5-

1051 1396 1176 1426 licitatio
1208 1396 1406 1425 contrahendi
1431 1397 1670 1433 matrimonium,
1693 1396 1800 1434 sponsi
1833 1400 1947 1426 tantum
1978 1400 2007 1426 et

1049 1452 1177 1482 sponsae
1200 1444 1289 1480 fiunt,
1312 1452 1371 1474 non
1394 1443 1559 1484 effraym,-
1588 1448 1617 1474 et
1647 1445 1756 1475 talibus
1784 1445 1903 1483 sponsis
1935 1445 2006 1475 licet

1050 1492 1115 1522 siue
1136 1493 1289 1522 communi
1313 1501 1462 1522 consensu
1491 1493 1705 1523 continentiam
1736 1494 1870 1532 profiteri
1894 1498 1923 1523 ct
1946 1502 2004 1523 mo-

1051 1541 1215 1570 nasterium
1248 1541 1367 1579 eligere.
1397 1541 1428 1570 In
1452 1549 1486 1570 ea
1508 1549 1580 1570 vero
1603 1541 1853 1579 desponsatione,
1883 1542 1934 1571 ubi
1964 1546 2009 1572 cst

1051 1597 1217 1619 consensus
1239 1589 1276 1619 de
1299 1590 1467 1627 praesenti,
1491 1589 1668 1629 com’zcyz'um
1690 1591 1896 1625 contrahitur,
1919 1594 1947 1620 et
1969 1591 2007 1620 ab

1052 1637 1131 1667 IIlius
1154 1637 1397 1675 desponsationis
1420 1638 1516 1676 prima
1539 1638 1597 1667 fide
1612 1637 1832 1678 verz'conizcyes
1854 1639 2009 1677 appellan-

1052 1690 1109 1716 tur.
1131 1686 1304 1715 Secundum
1339 1686 1415 1715 hanc
1448 1686 1671 1716 distinctionem
1698 1687 1942 1725 desponsationis
1970 1687 2007 1717 de

1051 1735 1170 1773 sponsis
1194 1735 1276 1764 varie
1298 1734 1463 1773 loquuntur
1485 1734 1635 1764 doctores.

1462 1818 1531 1848 CAP.
1553 1818 1600 1848 IX.

1113 1896 1200 1933 Quod
1219 1896 1433 1937 mulczplz'cz'ter
1453 1906 1584 1937 sponsus
1605 1902 1632 1927 ct
1653 1907 1765 1938 sponsa
1787 1898 1947 1939 accipitur.

1132 1977 1303 2016 Aliquando
1332 1977 1411 2007 enim
1440 1986 1567 2017 sponsas
1595 1981 1719 2014 vocant,
1742 1987 1820 2017 quac
1844 1979 1933 2009 talem
1955 1980 2008 2010 ha—
2023 1985 2101 2006 Sensus
2116 1985 2136 2006 ί.

1052 2025 1182 2055 buerunt
1204 2026 1483 2064 desponsatIOnem,
1508 2026 1558 2056 ubi
1582 2026 1636 2056 fuit
1658 2027 1759 2065 pactio
1781 2027 1949 2066 coniugalis
1972 2028 2009 2058 de

1051 2075 1202 2113 praesenti
1217 2085 1223 2111 ;
1236 2078 1265 2103 et
1280 2074 1349 2104 illae
1365 2083 1436 2104 vere
1451 2075 1595 2111 coniuges
1610 2079 1687 2104 sunt.
1705 2075 1791 2105 Unde
1806 2075 1968 2113 Gregorius
1981 2076 2007 2105 ⁴:
2023 2073 2144 2099 GregorIus.

1057 2136 1068 2149 «
1085 2124 1114 2153 Si
1131 2124 1200 2162 quis
1213 2131 1338 2153 uxorem
1352 2123 1582 2161 desponsaverit
1595 2123 1639 2153 veI
1653 2123 1891 2161 subarrhaverit,
1906 2133 2009 2163 quam-

1051 2181 1142 2211 quam
1159 2172 1368 2210 postmodum,
1385 2172 1600 2210 praevenIente
1616 2173 1665 2202 die
1681 2174 1785 2202 mortis
1802 2173 1883 2209 eiuS,
1907 2175 2009 2212 nequi-

1052 2221 1129 2251 verit
1151 2229 1216 2250 eam
1240 2221 1353 2250 ducere
1376 2221 1404 2250 in
1434 2229 1577 2256 uxorem;
1608 2225 1704 2251 tamen
1729 2222 1801 2251 nuIIi
1825 2222 1862 2251 dc
1885 2231 2009 2253 consan-

1051 2269 1197 2306 guinitate
1220 2269 1285 2298 eius
1307 2268 1378 2298 licet
1401 2269 1542 2307 accipere
1565 2277 1630 2299 eam
1655 2269 1683 2298 in
1699 2269 1858 2306 coningi0;
1882 2274 1910 2300 et
1926 2271 1950 2299 si
1969 2271 2008 2300 in-

1052 2321 1173 2347 ventum
1197 2317 1286 2346 suerit
1308 2317 1436 2352 factum,
1460 2321 1618 2356 separetur
1640 2318 1762 2347 omnino
1778 2331 1804 2347 ».
1821 2318 1892 2347 Item
1916 2319 2007 2349 IuIIus
2029 2320 2100 2341 lulius.

1051 2366 1152 2404 Papa:
1179 2378 1190 2391 κ
1207 2365 1237 2395 Si
1259 2366 1328 2403 quis
1350 2365 1563 2404 deponsaverit
1588 2374 1713 2395 uxorem
1738 2366 1783 2396 vel
1806 2366 2008 2397 subarrhave-

1051 2415 1105 2449 rit,
1129 2418 1158 2443 et
1182 2414 1228 2443 vel
1261 2414 1475 2452 praeveniente
1498 2414 1548 2443 die
1572 2414 1676 2443 mortis
1698 2415 1777 2451 eius,
1802 2415 1847 2444 vel
1871 2415 2008 2444 irruenti-

1051 2462 1108 2492 bus
1129 2462 1312 2501 quibusdam
1345 2462 1462 2498 causis,
1485 2470 1551 2492 eam
1574 2471 1632 2492 non
1656 2463 1849 2501 cognoverit3
1873 2471 1928 2492 nec
1950 2463 2008 2493 sra—

1051 2515 1096 2540 tcr
1118 2511 1183 2540 eius
1206 2519 1261 2540 nec
1283 2510 1362 2540 ullus
1384 2511 1422 2540 de
1445 2511 1706 2549 consanguinitate
1726 2511 1791 2540 eius
1808 2511 1932 2541 eandem
1949 2511 2006 2541 sibi

1051 2559 1135 2589 tollat
1157 2559 1186 2588 in
1210 2567 1337 2588 uxorem
1361 2559 1421 2588 ullo
1445 2567 1578 2598 unquam
1602 2563 1780 2597 tempore».
1798 2560 1870 2589 Item
1893 2560 2006 2597 Grego-
2020 2562 2141 2588 Gregorius-

1051 2607 1132 2636 rius:
1162 2606 1243 2641 «Qui
1267 2606 1479 2644 desponsatam
1502 2607 1633 2644 proximi
1656 2607 1701 2636 sui
1730 2607 1862 2645 puellam
1892 2609 2007 2646 ceperit

1051 2655 1080 2684 in
1102 2655 1293 2692 coniugium,
1316 2655 1476 2684 anathema
1498 2655 1536 2684 sit
1559 2655 1623 2692 ipse
1645 2658 1674 2684 et
1696 2663 1800 2685 omnes
1816 2657 2007 2686 consentien-

1051 2707 1094 2733 tes
1117 2703 1159 2738 ei,
1183 2703 1254 2741 quia
1276 2703 1443 2732 secundum
1458 2703 1555 2740 Iegem
1571 2704 1624 2732 Dei
1641 2704 1715 2733 mori
1733 2704 1915 2734 decernitur.
1931 2705 2007 2735 Nam

1050 2752 1171 2781 divinae
1192 2751 1266 2789 legis
1288 2759 1353 2781 mos
1375 2754 1436 2787 est,
1463 2760 1591 2790 sponsas
1614 2752 1769 2790 appellare
1792 2752 1951 2792 com'uqes,
1976 2758 2007 2784 ut

1050 2801 1079 2830 in
1103 2800 1283 2838 Evangelio:
1306 2799 1417 2838 Accipe
1439 2799 1587 2834 Mariam,
1614 2800 1772 2840 conz'zcyem
1796 2805 1904 2837 tumn
1927 2806 1956 2832 et
1977 2803 2006 2832 in

1050 2849 1302 2878 Deuteronomio:
1325 2847 1359 2877 52·
1387 2847 1455 2887 qm's
1484 2847 1611 2878 alterius
1637 2858 1781 2888 sponsam
1804 2849 1838 2880 in
1860 2860 1933 2890 agro
1959 2851 2010 2880 vel

1050 2896 1083 2926 in
1106 2895 1238 2935 quolibet
1262 2896 1323 2926 loco
1345 2896 1548 2935 oppresserc'l,
1571 2896 1618 2926 vel
1637 2897 1803 2927 culctcwcerz't
1825 2898 1858 2928 z'n
1881 2898 2007 2928 domum

1049 2954 1136 2975 suam
1150 2957 1163 2980 ;
1184 2944 1358 2979 moriatur,
1380 2944 1454 2984 qnia
1477 2954 1602 2974 {morem
1623 2945 1764 2984 proximi
1787 2946 1840 2976 sm?
1861 2946 2006 2981 violavit,

108 3103 115 3119 ¹
136 3104 195 3129 Can.
221 3105 251 3131 Si
279 3105 338 3139 quis
364 3107 442 3137 (22),
462 3106 488 3131 C.
510 3106 551 3130 27.
572 3113 596 3138 q.
619 3107 641 3130 2.
662 3120 696 3123 -
722 3107 780 3138 Seq.
808 3107 879 3131 Iocus
905 3106 932 3131 C.
959 3105 990 3132 St

40 3145 79 3171 vii·
97 3147 173 3180 (23),
194 3149 254 3174 ibid.
274 3164 309 3168 —
329 3151 376 3175 Pro
396 3149 555 3175 conscientia
576 3151 703 3181 plurimae
717 3149 776 3174 edd.
792 3156 936 3181 consensu,
951 3158 987 3175 rc-

40 3188 289 3222 fragantibns‘codd.
309 3197 333 3219 et
353 3201 463 3225 canone,
483 3197 507 3218 et
527 3200 575 3225 pro
594 3192 698 3219 nolente
718 3194 758 3218 ed.
785 3194 790 3218 I
815 3196 840 3218 et
862 3193 919 3218 cod.
936 3194 985 3219 ΕΗ.

40 3233 144 3260 volente.

107 3278 117 3294 ‘2
143 3279 223 3305 Verba
242 3282 305 3306 haec
325 3283 411 3312 potius
440 3282 557 3306 invenies
586 3282 651 3306 inter
671 3288 750 3312 opera
771 3280 911 3313 Chrysost.,
938 3282 988 3306 Ilo-

41 3321 91 3345 mil.
110 3322 128 3346 Ι.
142 3323 166 3347 in
181 3324 219 3349 ΡΞ.
235 3324 275 3349 50.
297 3332 320 3350 n.
341 3326 373 3356 8;
393 3325 419 3350 C.
441 3325 472 3352 Sz'
484 3326 513 3350 Ῑιι
526 3323 641 3350 abstines
662 3325 742 3357 (243,
758 3324 838 3356 ibid-3
858 3325 987 3350 sententia

41 3368 124 3390 autem
144 3369 180 3391 est
199 3368 269 3398 apud
288 3370 410 3401 August.‚
431 3370 447 3394 l.
468 3369 500 3394 de
515 3369 670 3393 Adulterinis
684 3368 824 3401 Coniugiis,
848 3376 868 3394 c.
885 3368 907 3393 4.
923 3376 946 3393 n.
963 3368 986 3393 4.

179 3418 207 3444 S.
226 3419 325 3446 Bonuv.
345 3435 379 3438 —-
398 3421 473 3446 Tom.
495 3421 536 3446 lV.

1122 3106 1132 3122 ³
1152 3106 1212 3130 (Ian.
1232 3105 1346 3138 Scripsit
1374 3104 1447 3130 nobis
1473 3105 1553 3136 (26.),
1574 3105 1636 3129 ibid.
1658 3120 1690 3122 —
1712 3106 1775 3130 Infra
1796 3108 1853 3130 ante
1873 3105 2006 3132 continen-

1052 3150 1114 3175 tiam
1136 3150 1192 3174 cod.
1214 3151 1231 3173 A
1253 3154 1278 3174 et
1296 3149 1370 3180 edd,
1390 3152 1496 3179 excepta
1521 3149 1547 3180 i,
1567 3148 1665 3174 addunt
1685 3149 1879 3175 monasterinm
1899 3149 2004 3183 eliqere.

1052 3194 1123 3225 Quae
1142 3197 1287 3224 sequuntur
1307 3195 1445 3217 occurrunt
1465 3193 1540 3216 etiam
1561 3192 1630 3223 apud
1651 3194 1762 3218 (Iratian.
1790 3200 1870 3224 super
1890 3193 2002 3218 eundem

1053 3243 1187 3261 canonem.

1123 3279 1133 3296 ⁴
1154 3279 1214 3304 Can.
1234 3278 1265 3305 Si
1283 3278 1343 3312 quis
1362 3286 1479 3304 uxorem
1499 3279 1576 3310 (tt),
1598 3279 1661 3305 ibid.
1682 3281 1741 3312 Seq.
1761 3280 1833 3305 loeus
1861 3284 1900 3306 est
1925 3280 1951 3306 C.
1974 3280 2007 3307 Si

1051 3323 1110 3357 quis
1138 3322 1338 3356 desponsaverit
1365 3323 1443 3354 (15),
1464 3323 1543 3355 ibid.;
1565 3325 1653 3349 tertius
1679 3324 1705 3349 C.
1734 3324 1787 3356 Qui
1816 3324 2005 3357 desponsatum

1051 3368 1131 3400 (ta),
1154 3367 1229 3399 ibid,
1250 3367 1294 3392 ubi
1315 3368 1423 3392 citantur
1443 3368 1527 3393 Matth.
1553 3369 1576 3400 1,
1599 3369 1648 3399 203
1671 3369 1770 3394 Deuter.
1793 3370 1839 3400 2‘2,
1861 3369 1904 3394 23.
1932 3376 2005 3402 seqq.

1828 3422 1861 3447 85
