2483 3882
63 315 172 359 quodsi
197 313 343 346 sacerdos
370 312 558 355 parochialis
586 313 625 345 sit
649 313 798 350 idoneus,
826 312 911 354 quod
933 321 1010 344 sem-

62 377 117 411 per
141 367 259 399 bonum
283 370 344 404 est,
368 370 404 398 ut
437 366 583 398 subditus
614 366 653 398 ad
678 375 750 398 eum
778 366 967 403 remittatur,
992 374 1010 397 a

62 428 259 464 quocumque
284 419 441 457 audiatur,
460 418 489 449 in
503 418 552 450 his
569 427 649 459 quae
673 418 712 450 ad
729 419 833 459 ipsum
855 421 1008 459 spectant;

62 482 121 506 non
138 476 241 504 tamen
265 479 390 512 semper
407 475 453 503 est
469 470 704 502 necessarium.
723 470 807 502 Unde
824 474 1010 511 argumenta

62 526 99 559 ad
123 524 300 566 oppositum
326 533 384 555 non
411 523 529 561 valent,
554 523 628 564 quia
651 522 817 555 efficaciori
844 523 935 554 modo
960 532 1010 555 cu-

61 581 148 611 ratur
172 577 224 618 qui
250 585 289 609 ex
315 584 409 608 causa
432 575 609 607 rationabili
634 575 753 616 pluries
778 575 1010 607 confitetur.—

4 639 49 661 ictio
62 631 160 663 Potest
183 632 285 660 tamen
311 628 390 666 dici,
415 627 495 659 sicut
518 627 613 668 aliqui
640 627 811 668 iurisperiti
829 631 1009 665 senserunt,

4 666 144 725 Uda'quod
168 682 193 713 si
217 684 360 713 teneatur
385 681 500 712 iterum
530 679 670 712 confiteri
695 679 823 721 proprio
855 679 1009 711 sacerdoti

61 736 91 768 in
114 734 222 767 eodem
248 743 346 772 anno,
378 742 438 765 non
464 736 567 765 tamen
592 736 730 773 oportet,
765 731 848 774 quod
879 731 937 763 illst
961 741 1010 763 ca-

62 788 150 825 dem,
175 787 248 828 quia
272 795 346 818 vere
369 785 534 817 absolutus
558 790 604 817 est
628 789 782 827 peccator.
808 785 842 816 Et
867 784 951 816 istud
969 785 1010 816 vi-

62 841 152 873 detur
187 840 261 872 satis
296 839 473 881 probabile,
508 838 582 879 quia
613 837 794 879 frequenter
830 842 1010 879 peccatores

60 892 314 935 praedicantibus
352 900 426 923 suas
465 894 640 923 monstrant
674 890 896 929 conscientias,
932 898 1010 931 quas

60 946 145 980 nullo
169 946 262 977 modo
292 944 427 986 propriis
459 943 676 976 sacerdotibus
704 943 880 984 aperirent;
913 943 1010 974 immo

61 1000 113 1032 illa
136 999 245 1031 dicunt
268 998 459 1039 frequenter,
492 1005 572 1038 quae
598 996 689 1038 longo
721 1000 862 1038 tempore
894 995 1011 1027 celave-

61 1056 150 1091 runt,
175 1051 247 1083 licet
276 1050 406 1092 aliqua¹
432 1050 554 1082 minora
578 1050 736 1088 dicerent,
766 1049 845 1081 sicut
869 1048 1010 1090 expertis

59 1109 166 1138 notum
191 1107 246 1136 est.
273 1104 307 1135 Et
331 1103 401 1135 ideo
425 1102 619 1135 credendum
642 1105 688 1135 est
711 1102 823 1141 etiam,
849 1110 1009 1134 summum

62 1157 238 1190 Pontificem
263 1157 322 1188 boc
347 1156 482 1188 movisse
506 1156 545 1187 ad
570 1155 649 1188 illud
680 1155 880 1197 privilegium
905 1163 1011 1187 conce-

61 1211 216 1247 dendum,
241 1209 325 1251 quod
342 1218 403 1240 non
428 1212 475 1241 est
498 1209 577 1241 adeo
594 1208 846 1250 ampliandum,
872 1211 907 1239 ut
924 1216 1010 1249 prae-

60 1263 209 1296 iudicium
236 1262 290 1294 fiat
307 1261 450 1303 potestati
476 1261 680 1299 sacerdotali,
705 1269 761 1292 nec
778 1261 857 1292 adeo
877 1260 1011 1292 restrin-

58 1316 217 1359 gendum,
242 1319 277 1347 ut
308 1315 390 1347 obsit
414 1314 556 1346 fidelium
588 1313 705 1355 pietati.
739 1314 824 1346 Unde
848 1322 905 1346 nec
937 1316 1011 1345 sunt

59 1369 249 1411 poenitentes
273 1368 413 1400 arctandi
438 1367 477 1399 ad
513 1367 566 1398 illa
601 1366 742 1399 enormia
773 1366 889 1398 iterum
919 1366 1011 1398 confi-

60 1422 168 1459 tenda,
200 1430 271 1453 cum
297 1421 394 1453 semel
426 1419 619 1462 praedicanti
652 1419 815 1461 legitime2
841 1423 914 1451 sunt
938 1429 1011 1451 con-

59 1475 128 1507 fessi
143 1487 150 1512 ;
168 1483 223 1506 nec
240 1474 282 1505 ita
307 1473 397 1505 liberi
415 1477 488 1505 sunt
504 1473 662 1505 iudicandi
675 1498 682 1511 ,
701 1472 776 1514 quin
794 1472 886 1504 etiam
913 1472 1009 1504 semel

59 1528 88 1559 in
119 1536 222 1565 anno,
246 1535 327 1567 quae
358 1526 435 1558 alias
467 1529 639 1558 occurrunt
671 1526 700 1557 in
735 1525 944 1563 conscientia,
973 1528 1011 1557 te-

59 1584 190 1613 neantur
215 1579 431 1612 sacerdotibus
456 1579 592 1619 propriis
616 1578 772 1617 confiteri,
791 1578 815 1610 si
834 1578 877 1609 illi
903 1577 1008 1609 velint.

147 1634 175 1665 6.
200 1633 242 1664 Ad
268 1632 347 1664 illud
372 1632 456 1673 quod
477 1632 638 1670 obiicitur,
656 1632 739 1673 quod
768 1634 889 1664 tenetur
907 1641 924 1663 a
942 1641 1010 1673 pro-

59 1685 126 1727 prio
150 1684 335 1717 sacerdote³
361 1685 570 1717 eucharistiae
595 1685 831 1716 Sacramentum
857 1684 1009 1725 accipere,

26 1751 33 1762 -
58 1748 131 1780 ergo
155 1742 185 1771 et
208 1739 445 1770 Sacramentum
465 1737 687 1779 poenitentiae,
712 1737 899 1775 dicendum,
924 1737 1008 1778 quod

146 2073 250 2105 Tertio
279 2073 453 2114 quaeritur,
485 2076 593 2105 utrum
631 2081 760 2105 necesse
795 2072 834 2104 sit
870 2072 1011 2104 confiteri

59 2127 184 2169 proprio
210 2126 364 2158 sacerdoti
390 2135 494 2158 coram
519 2125 651 2167 populo,
676 2135 716 2157 an
740 2125 875 2158 sufficiat
898 2125 925 2157 ei
943 2135 1012 2157 con-

59 2179 136 2212 fiteri
163 2179 193 2211 in
210 2179 341 2211 occulto.
367 2179 401 2210 Et
418 2179 502 2220 quod
527 2187 654 2211 necesse
674 2178 714 2211 sit
738 2178 879 2211 confiteri
904 2187 1010 2210 coram

60 2233 192 2275 populo,
218 2232 352 2264 videtur.

149 2287 176 2317 1.
201 2285 393 2326 Augustinus
428 2284 520 2324 dicit,
555 2287 585 2317 et
608 2284 744 2317 babetur
780 2293 877 2326 supra
901 2284 1011 2316 eadem

3 2338 257 2390 posi-distinctione
273 2338 300 2369 ⁶:
325 2338 452 2370 «Nemo
476 2337 559 2370 dicat
582 2337 656 2369 sibi:
683 2337 804 2370 occulte
828 2347 886 2378 ago
911 2336 1014 2379 poeni-

9 2385 13 2390 ’
62 2391 187 2424 tentiam
204 2403 242 2430 »3
269 2395 299 2423 et
324 2395 408 2432 post:
433 2390 517 2422 «lob
541 2390 600 2422 ait:
626 2390 663 2422 St
686 2390 807 2422 erubui
829 2390 862 2422 in
888 2399 1014 2431 conspe-

64 2447 115 2475 ctu
135 2443 252 2485 populi
275 2442 424 2485 confiteri
445 2447 580 2484 peccata
604 2452 677 2474 meet
701 2453 733 2474 ».·
758 2442 916 2475 adiuratio
947 2446 1011 2480 est,

64 2500 93 2529 et
115 2497 306 2539 imprecatur
342 2496 400 2529 sibi
436 2496 573 2527 malum:
599 2505 674 2537 ergo
710 2495 836 2528 videtur
873 2498 939 2526 tum
973 2504 1013 2526 ex

64 2550 158 2582 verbo
183 2550 362 2591 Augustini,
387 2554 455 2582 tum
479 2558 520 2581 ex
546 2549 730 2588 concordia,
748 2557 843 2590 quam
868 2548 1013 2586 adducit,

65 2603 146 2644 quod
169 2603 321 2635 confessio
345 2603 385 2634 sit
408 2602 550 2634 facienda
574 2602 727 2634 sacerdoti
753 2610 859 2634 coram
884 2600 1002 2633 multis.

150 2657 179 2687 2.
204 2656 296 2693 Item,
321 2655 505 2697 Gregorius,
524 2655 562 2687 de
580 2654 761 2696 Magdaleua
786 2654 817 2686 in
841 2654 970 2685 homilia
988 2654 1012 2685 ⁷:

70 2708 178 2749 «Quia
202 2708 401 2750 semetipsam
427 2708 565 2749 graviter
582 2707 789 2740 erubescebat
813 2707 911 2744 intus,
937 2707 1014 2738 nibil

64 2769 130 2792 esse
161 2761 325 2800 credebat,
350 2761 434 2802 quod
469 2760 740 2793 verecundaretur
772 2760 894 2798 soris»;
930 2760 1014 2792 unde

65 2814 260 2846 commendat
283 2823 370 2853 eam,
396 2814 470 2856 quia
501 2823 607 2846 eoram
640 2813 787 2846 omnibus
812 2822 843 2845 se
868 2813 1016 2855 peccatri-

692 225 785 256 DIST.
811 225 896 257 XVII.
920 225 950 256 P.
976 224 1020 256 Ill.
1044 224 1125 256 ART.
1151 224 1170 255 Ι.
1196 224 1348 264 QUAEST.
1374 223 1418 254 ΙΙΙ.

1962 224 2025 255 455

1075 321 1135 343 non
1153 316 1200 344 est
1223 315 1344 343 tantum
1362 311 1540 352 periculum
1563 311 1593 342 in
1611 310 1807 352 susceptione
1828 310 1929 349 illius,
1947 311 2027 343 sicut

1074 365 1104 396 in
1130 364 1328 406 susceptione
1353 364 1458 395 liuius.
1483 363 1557 395 Dico
1582 367 1703 401 tamen,
1728 363 1813 404 quod
1843 362 1958 395 sufficit
1982 354 2027 395 sa-

1075 417 1211 455 cerdoti,
1235 417 1320 458 quod
1344 416 1440 455 alius,
1465 416 1518 458 qui
1543 416 1644 458 potuit
1668 419 1697 448 et
1722 416 1844 455 debuit,
1869 416 2028 457 supplevit

1075 469 1178 501 locum
1204 470 1281 501 eius.
1307 470 1392 501 Unde
1428 478 1489 501 nou
1519 472 1642 501 tenetur
1678 477 1734 501 nec
1759 469 1852 501 debet
1886 469 1925 501 de
1958 469 2027 501 iure

1075 522 1210 563 amplius
1227 522 1372 563 exigere,
1390 522 1529 554 maxime
1553 522 1577 554 si
1596 522 1806 563 parochianus
1823 531 1884 553 non
1902 530 1942 554 ex
1960 530 2028 554 con-

1075 576 1214 615 temptu,
1240 575 1294 606 sed
1319 583 1359 606 ex
1385 574 1560 606 rationabili
1585 584 1680 607 causa
1704 575 1743 606 ad
1768 574 1864 606 alium
1890 574 2027 613 accedat,

1075 627 1170 668 petita
1196 627 1328 659 licentia.

1165 680 1307 711 Rationes
1332 688 1406 712 vero
1430 681 1469 712 ad
1494 681 1672 721 oppositum
1697 689 1809 712 verum
1834 680 1976 721 probant.

1167 733 1193 763 1.
1220 732 1335 764 Tamen
1360 732 1439 764 illud
1465 733 1597 764 verbum
1619 733 1781 773 Augustini
1799 742 1860 764 non
1886 733 2187 774 intelligi-Aaargg-vr0

1075 787 1128 816 tur
1152 784 1340 825 generaliter
1376 785 1414 817 de
1439 785 1523 816 omni
1560 786 1720 817 sacerdote
1745 786 1877 824 sciente,
1908 786 1962 818 sed
1988 786 2027 818 de

1076 836 1237 868 sacerdote
1261 837 1379 868 sciente
1396 841 1426 869 et
1446 842 1586 878 potente,
1616 838 1665 870 vel
1688 839 1712 870 si
1740 838 1802 870 scit
1830 842 1859 870 et
1886 848 1952 870 own
1973 848 2028 880 po-

1076 893 1151 927 test,
1184 898 1256 921 cum
1289 889 1420 921 licentia
1456 891 1637 922 sacerdotis
1658 892 1811 932 proprii,
1848 891 1901 933 qui
1934 891 2028 923 habet

1073 951 1186 982 posse,
1211 942 1356 984 quamvis
1381 951 1441 974 ΠοΠ
1467 943 1580 974 babeat
1603 944 1722 975 scire&

1165 996 1193 1027 2.
1219 995 1260 1027 Ad
1288 995 1366 1027 illud
1391 995 1475 1037 quod
1505 995 1651 1028 obiicitur
1676 996 1715 1028 de
1738 997 1893 1038 periculo,
1927 998 2028 1030 dicen-

1076 1047 1171 1086 dum,
1196 1047 1279 1089 quod
1306 1048 1385 1080 illud
1410 1057 1471 1080 ΠοΠ
1504 1048 1557 1080 dat
1577 1058 1691 1090 posse,
1725 1049 1779 1081 sed
1810 1050 2028 1082 rationabilem

1075 1110 1215 1132 causam
1240 1101 1307 1140 dat,
1332 1105 1367 1133 ut
1390 1101 1489 1143 possit
1505 1102 1700 1142 superiorem
1719 1102 1821 1141 adire,
1839 1103 1888 1135 vel
1905 1103 1944 1135 ab
1961 1104 2029 1145 ipso

1076 1153 1232 1185 licentiam
1256 1157 1381 1195 petere3
1406 1154 1490 1195 quod
1516 1154 1540 1187 si
1565 1164 1626 1186 non
1644 1158 1745 1196 potest
1769 1155 1896 1197 aliquod
1915 1156 2028 1189 borum

1075 1207 1195 1245 facere,
1220 1207 1313 1239 debet
1336 1206 1367 1238 in
1391 1207 1549 1239 communi
1576 1207 1642 1239 loco
1667 1207 1817 1239 confiteri.

1165 1259 1193 1291 3.
1219 1260 1249 1292 [ι.
1274 1260 1318 1292 Ad
1350 1260 1429 1292 illud
1461 1260 1546 1302 quod
1570 1260 1717 1292 obiicitur
1743 1261 1781 1293 de
1806 1261 2029 1303 privilegiatis,

1076 1312 1185 1351 credo,
1219 1313 1302 1354 quod
1340 1313 1422 1345 malo
1454 1313 1530 1344 velle
1564 1313 1763 1346 sacerdotum
1801 1314 2030 1355 parochialium

1075 1366 1195 1406 possint
1219 1366 1358 1398 confiteri
1396 1376 1434 1398 ex
1459 1366 1582 1398 licentia
1618 1367 1791 1408 privilegii;
1827 1371 1857 1399 et
1882 1368 2028 1400 sacerdos

1075 1427 1136 1450 ΠοΠ
1161 1423 1207 1451 est
1223 1419 1419 1457 audiendus,
1444 1419 1469 1451 si
1488 1419 1649 1460 probibet,
1674 1420 1748 1461 quia
1766 1420 1928 1453 manifeste
1947 1421 2027 1453 male

1076 1476 1230 1503 movetur.

1165 1526 1192 1556 5.
1220 1526 1248 1556 6..
1273 1525 1316 1557 Ad
1353 1525 1431 1557 illud
1468 1525 1552 1566 quod
1582 1525 1737 1564 obiicitur,
1770 1526 1852 1567 quod
1887 1536 1947 1558 non
1981 1527 2031 1559 de-

1075 1578 1127 1610 bet
1151 1578 1265 1610 iterum
1296 1577 1456 1616 confiteri,
1481 1577 1668 1616 dicendum,
1701 1578 1786 1619 quod
1819 1588 1879 1610 non
1905 1583 2029 1611 tenetur

1075 1631 1112 1663 cle
1136 1631 1274 1668 eisdem,
1301 1634 1425 1662 tenetur
1443 1634 1547 1662 tamen
1574 1631 1611 1662 (te
1634 1630 1731 1668 aliis,
1751 1635 1879 1672 propter
1905 1632 2031 1664 mauda-

1076 1688 1142 1716 tum
1168 1683 1351 1722 decretalis,
1376 1684 1450 1725 quia
1474 1693 1535 1715 non
1553 1687 1654 1725 potest
1671 1684 1867 1716 sacerdotem
1886 1685 1955 1716 iure
1973 1693 2030 1716 suo

1074 1737 1203 1778 privare
1218 1736 1238 1767 ⁵.

911 1861 1095 1903 QUAESTIO
1121 1861 1164 1892 111.

351 1961 467 1993 Utrum
491 1960 628 2002 proprio
652 1960 820 1992 sacerdoti
842 1960 953 1992 debeat
977 1960 1051 2002 quis
1077 1959 1227 2001 confiteri
1249 1960 1284 1991 in
1306 1959 1452 2001 publico,
1476 1960 1526 1991 vel
1549 1960 1584 1991 in
1608 1960 1741 1992 occulto.

1077 2080 1144 2104 cem
1169 2072 1321 2104 ostendit:
1347 2080 1422 2113 ergo
1451 2072 1587 2111 videtur,
1624 2073 1707 2114 quod
1733 2073 1865 2115 quilibet
1888 2076 2033 2115 peccator

1078 2125 1119 2157 ita
1143 2125 1273 2157 deberet
1296 2125 1408 2158 facere.

1167 2178 1195 2210 3.
1223 2178 1314 2217 ltem,
1333 2178 1512 2211 Bernardus
1537 2188 1633 2221 super
1650 2179 1793 2218 Cantica,
1815 2180 1944 2212 homilia
1961 2190 2035 2222 qua—

1078 2231 1256 2273 dragesima
1292 2231 1430 2263 secunda
1445 2231 1476 2262 ⁸:
1509 2232 1570 2263 «Si
1595 2232 1736 2264 veritatis
1760 2241 1868 2265 amore
1903 2233 2034 2266 affectus

1077 2293 1180 2323 esses,
1205 2284 1302 2316 velles
1328 2284 1438 2325 procul
1463 2284 1572 2323 dubio,
1598 2285 1683 2326 quod
1708 2285 1739 2317 in
1764 2288 1794 2317 te
1812 2289 1875 2324 est,
1900 2286 2033 2318 eandem

1079 2337 1117 2369 de
1142 2341 1171 2369 te
1195 2346 1304 2370 omnes
1329 2341 1436 2370 tenere
1468 2338 1669 2377 sententiam,
1694 2348 1788 2380 quam
1823 2339 1923 2381 ipsam
1948 2339 2033 2381 apud

1078 2394 1108 2422 te
1133 2390 1250 2422 babere
1274 2390 1434 2431 cognoscis
1458 2391 1634 2423 veritatem.
1667 2391 1826 2433 Alioquin,
1861 2392 1885 2424 si
1910 2392 2034 2433 privato

1079 2452 1186 2474 amore
1211 2447 1376 2476 contentus
1400 2444 1521 2476 detines
1545 2444 1627 2476 intra
1652 2448 1681 2476 te
1700 2444 1850 2477 iudicium
1877 2445 2031 2484 veritatis,

1078 2496 1127 2527 cui
1154 2495 1288 2527 dubium
1313 2500 1377 2535 est,
1410 2497 1515 2528 minus
1550 2500 1580 2528 te
1616 2497 1780 2529 veritatem
1811 2497 1958 2538 diligere,
1983 2498 2033 2530 cui

1079 2549 1247 2590 praeponis
1265 2549 1430 2590 proprium
1448 2549 1648 2581 commodum
1670 2549 1718 2581 vel
1736 2550 1888 2581 bonorem
1901 2553 1937 2582 »ἵ
1955 2551 2034 2591 Ergo

1080 2601 1255 2633 secundum
1288 2601 1484 2633 Bernardum
1510 2602 1618 2634 nullus
1653 2605 1700 2634 est
1724 2602 1865 2634 veritatis
1900 2606 2032 2642 amator,

1079 2654 1131 2695 qui
1159 2654 1240 2695 quod
1268 2654 1421 2686 veraciter
1446 2654 1484 2686 de
1517 2663 1549 2686 se
1586 2654 1678 2686 sentit
1712 2664 1771 2686 non
1805 2655 1952 2687 omnibus
1980 2665 2035 2697 pu-

1079 2707 1159 2739 blice
1184 2706 1361 2739 confitetur.

1167 2760 1197 2791 [ι.
1224 2759 1315 2798 item,
1340 2759 1470 2791 ratione
1486 2760 1631 2792 videtur:
1657 2760 1731 2801 quia
1752 2769 1848 2793 verus
1872 2761 2034 2802 poenitens

1080 2821 1112 2845 se
1138 2813 1241 2854 ipsum
1266 2813 1356 2855 punit
1380 2817 1410 2845 et
1436 2813 1552 2845 iudicat
1581 2813 1647 2846 loco
1672 2814 1725 2846 Dei
1752 2817 1782 2846 et
1815 2815 1968 2847 sacerdoti
1995 2815 2035 2847 of-

134 2972 142 2988 ¹
163 2972 244 2998 Codd.
264 2974 313 2998 HL
333 2973 402 3006 alia,
425 2974 467 3000 ed.
492 2975 497 2998 l
523 2981 582 2999 cum
603 2974 732 2999 nonnullis
753 2974 829 2999 codd.
852 2973 943 3007 aliqui.

134 3016 144 3032 ²
162 3017 194 3042 lta
216 3018 291 3043 codd.
312 3018 426 3043 HLTU
446 3018 481 3050 (X
502 3018 538 3043 bb
558 3025 571 3043 a
601 3018 715 3043 secunda
746 3020 845 3050 manu).
867 3018 926 3043 cod.
948 3019 967 3043 G
990 3017 1016 3043 lt-

68 3057 225 3093 beatissime,
248 3062 288 3086 alii
308 3062 383 3087 codd.
404 3066 428 3087 et
447 3062 507 3087 edd.
529 3061 671 3088 liberrz'me.

135 3103 146 3120 ³
164 3104 244 3131 Codd.
264 3108 384 3131 omittunt
402 3113 419 3132 a
435 3106 547 3139 proprio
567 3105 712 3132 sacerdote.

136 3147 146 3164 ⁴
164 3148 214 3174 cfr.
234 3150 299 3174 infra
319 3151 352 3175 iit.
374 3151 499 3182 Magistri,
522 3150 547 3175 d.
567 3150 635 3175 XXl.
656 3151 680 3174 in
702 3150 759 3174 fine.

135 3192 146 3208 ⁵
165 3193 230 3219 Vide
249 3195 365 3219 scholion
384 3194 416 3219 ad
436 3194 635 3226 praecedentem
657 3197 755 3226 quaest.

134 3236 145 3252 ⁶
164 3236 225 3268 Cap.
246 3238 269 3263 vl.
288 3252 324 3257 —
342 3239 425 3263 Locus
445 3245 500 3270 seq.
523 3238 671 3269 scripturae
690 3237 734 3263 lob
755 3238 803 3270 31,
826 3238 867 3263 33.
888 3239 920 3264 ita
941 3239 1016 3264 reser-

67 3281 107 3304 tur
126 3280 158 3305 ab
178 3281 335 3314 Augustino;
356 3282 435 3307 vei-ba
456 3282 583 3313 Vulgatae
603 3282 663 3306 vide
683 3288 761 3313 supra
781 3289 807 3312 p.
821 3282 846 3306 ll.
867 3289 889 3307 a.
906 3282 928 3307 vl.
949 3289 975 3314 q.
996 3284 1014 3307 1.

66 3322 179 3349 fundam.
199 3326 222 3349 2.
242 3339 276 3343 ——
296 3326 382 3351 Plures
402 3326 479 3351 codd.
501 3325 528 3351 in
548 3324 638 3351 eadem
657 3324 796 3356 decretali,
821 3326 874 3350 scil.
895 3325 922 3351 C.
941 3325 1016 3359 Ayite

63 3367 248 3399 poenitentiam
268 3369 348 3402 (440,
369 3370 401 3395 de
422 3370 592 3401 Poenitentia,
614 3369 640 3394 d.
664 3370 688 3394 si.
711 3383 744 3387 —
765 3369 872 3395 inferius
891 3377 940 3395 vox
955 3376 1016 3396 con-

1080 2973 1172 3000 cordia
1198 2973 1324 3005 signifieat
1344 2973 1429 2999 locum
1453 2974 1600 3005 scripturae
1625 2975 1765 2999 sententiae
1791 2974 1900 3005 August.
1928 2981 2035 2999 concor-

1080 3018 1192 3043 dantem.

1150 3061 1161 3077 7
1181 3061 1249 3087 Libr.
1271 3062 1296 3086 ll.
1317 3062 1408 3086 Homil.
1430 3062 1454 3086 in
1475 3062 1572 3093 Evang.
1593 3062 1681 3087 homil.
1704 3063 1745 3087 33.
1767 3069 1792 3087 Π.
1816 3063 1839 3087 il.

1150 3104 1161 3121 8
1181 3105 1255 3130 Num.
1277 3106 1305 3130 6:
1326 3105 1388 3130 Nam
1410 3106 1430 3130 si
1450 3106 1564 3130 veritatis
1593 3107 1688 3137 ipsius,
1709 3114 1775 3138 quae
1797 3110 1819 3131 te
1839 3106 1883 3131 tibi
1907 3107 2034 3132 veraciter

1081 3152 1158 3181 atque
1178 3149 1314 3174 salubriter
1333 3149 1534 3181 demonstravit,
1555 3150 1620 3174 sicut
1648 3150 1787 3181 splendore
1806 3150 1979 3182 illuminatus,
2001 3151 2034 3176 ita

1081 3194 1187 3219 affectus
1207 3200 1296 3218 amore
1316 3194 1421 3225 fuisses,
1443 3194 1570 3219 voluisses
1595 3195 1686 3225 procul
1707 3194 1814 3220 dubio...
1836 3195 1971 3220 veritatem
1991 3196 2033 3220 ha-

1081 3237 1144 3263 bere
1163 3238 1325 3269 cognoscis...
1346 3237 1405 3270 [Hic
1424 3238 1571 3263 inseruntur
1591 3245 1659 3270 quae
1679 3238 1807 3264 habentur
1826 3239 1889 3264 infra
1911 3239 1935 3264 in
1955 3239 2031 3265 solut.

1082 3283 1158 3307 liuius
1179 3281 1293 3314 obiect.].
1314 3282 1443 3314 Alioquin,
1463 3283 1483 3307 si
1509 3283 1611 3314 privato
1630 3290 1719 3308 amore
1745 3284 1780 3308 tui
1800 3284 1912 3309 intentus
1936 3284 2035 3310 detines

1082 3326 1177 3356 pariter
1196 3326 1259 3350 intra
1284 3328 1307 3350 le
1329 3325 1453 3351 iudicium
1475 3327 1590 3351 veritatis
1612 3327 1755 3359 inclusum,
1776 3328 1816 3352 cui
1831 3327 1971 3353 dubium...
1993 3329 2035 3353 cui

1082 3370 1218 3401 proprium
1238 3370 1353 3400 praefers
1371 3369 1413 3394 vel
1433 3370 1601 3396 commodum
1622 3371 1662 3396 vel
1684 3371 1832 3397 bonorem?

2052 768 2111 793 parte
2117 767 2187 791 negat.

2044 1587 2174 1608 Notandum.
