2483 3882
784 263 876 294 DlST.
902 263 922 293 I.
947 262 976 294 P.
1002 263 1021 293 l.
1046 263 1127 294 ΛΒΤ.
1153 263 1282 295 UNlCUS
1310 264 1461 304 QUAEST.
1487 265 1534 296 lv.

180 349 280 381 virtus
297 352 343 381 est
359 349 388 380 in
407 349 476 390 igne
493 350 675 391 purgatorio
700 350 873 382 secundum
890 349 1032 382 ordinem
1050 349 1126 382 divi-

179 410 236 434 nae
261 401 396 434 iustitiae
420 411 518 444 supra
541 406 686 434 naturam
712 402 799 444 ignis.
822 403 857 434 Et
880 402 964 444 quod
988 402 1125 444 amplius

178 457 225 486 est
248 462 288 486 ex
312 458 401 495 parte
418 454 490 493 hac,
508 455 581 496 quia
605 455 840 487 Sacramentum
866 463 927 486 non
951 458 998 486 est
1026 454 1126 486 subie-

180 509 263 538 ctum
289 506 432 539 naturale
450 507 514 539 sive
537 507 711 539 secundum
736 511 899 545 naturam3
924 510 954 539 et
977 507 1047 539 ideo
1064 515 1124 539 non

179 561 225 590 est
249 558 380 597 mirum,
405 559 431 591 si
455 559 568 591 habeat
592 559 739 592 virtutem
760 568 857 601 supra
881 563 1036 591 naturam.

267 612 296 642 ⁹2.
321 611 364 643 Ad
390 611 468 644 illud
492 612 576 653 quod
600 612 778 653 quaeritur,
802 616 911 644 utrum
936 611 975 643 sit
1007 611 1123 643 bonum

179 663 355 695 maximum
380 667 456 702 etc.;
473 664 598 703 dicunt,
616 665 700 706 quod
724 664 825 697 virtus
842 664 895 696 illa
919 664 1063 706 ponenda
1079 667 1125 696 est

179 714 260 747 inter
285 716 364 747 bona
387 716 586 754 mediocria,
610 717 684 758 quia
708 720 754 749 est
770 717 850 749 infra
874 717 1006 758 gratiam
1031 720 1060 749 et
1077 725 1126 749 su-

179 776 237 808 pra
255 776 380 809 corpus.
397 786 440 791 -—
457 768 495 800 Si
509 768 657 807 obiicias,
676 769 759 811 quod
777 769 837 801 tale
853 769 969 801 bonum
994 772 1041 801 est
1064 769 1126 800 ani-

180 828 249 851 mae
273 820 446 861 potentiae3
471 821 595 859 dicunt,
613 822 698 863 quod
721 822 912 863 Augustinus
936 830 996 853 non
1021 821 1126 853 exclu-

179 872 224 904 dit
255 875 383 914 propter
418 873 492 911 hoc,
525 874 600 915 quin
636 874 697 906 alia
732 874 809 913 sint;
846 874 901 906 sed
937 874 1014 906 illud
1051 873 1126 906 dicit

180 925 390 966 exemplando
418 926 467 958 vel
492 927 642 959 arctando
666 927 782 960 bonum
807 927 846 959 ad
870 926 1046 960 subiectum
1070 927 1127 959 hu-

180 985 308 1009 manum
324 977 341 1008 ¹.
358 997 402 1000 —
418 977 456 1010 Si
481 988 557 1010 vero
589 979 744 1017 obiicias,
770 980 852 1021 quod
886 988 945 1011 non
975 982 1045 1020 aget
1076 978 1126 1011 vel

179 1029 288 1062 influet
313 1030 342 1061 in
367 1031 520 1073 potentias
544 1032 684 1070 animae,
714 1040 785 1064 cum
818 1032 857 1064 sit
881 1031 1063 1069 mediocre,
1096 1034 1125 1063 et

178 1081 320 1114 influxus
344 1082 383 1114 sit
399 1092 417 1114 a
441 1084 614 1123 superiori3
638 1084 762 1123 dicunt,
787 1085 871 1126 quod
890 1093 949 1116 non
976 1083 1077 1116 influit
1094 1084 1125 1115 in

178 1134 330 1175 potentias
355 1135 473 1167 ratione
498 1136 725 1177 potentiarum,
758 1137 812 1169 sed
842 1136 960 1169 ratione
985 1137 1125 1178 ipsarum

178 1187 387 1219 deficientium
416 1197 472 1230 per
495 1189 631 1230 culpam.

267 1240 294 1272 3.
321 1241 363 1273 Ad
390 1241 467 1273 illud
492 1242 575 1283 quod
611 1242 757 1274 obiicitur
781 1243 819 1275 de
855 1242 1031 1284 receptione
1056 1242 1126 1274 sub-

180 1294 312 1326 stantiae
344 1294 533 1335 spiritualis;
569 1295 694 1333 dicunt,
724 1295 807 1337 quod
837 1305 896 1327 non
930 1299 976 1328 est
1007 1295 1124 1328 simile:

177 1347 269 1388 quia,
294 1347 317 1379 si
344 1347 517 1379 substantia
552 1347 741 1388 spirituali-5
777 1349 930 1389 reciperet
964 1348 1125 1390 corporale

178 1399 397 1440 corporaliter,
421 1402 495 1431 tunc
528 1400 734 1441 derogaretur
758 1400 816 1442 ipsi
847 1401 1040 1433 substantiae
1069 1410 1125 1432 nec

179 1451 384 1492 perficeretur
409 1451 439 1483 111
464 1452 531 1493 ipsa
552 1453 745 1493 receptione;
763 1453 815 1485 sed
834 1453 857 1484 si
880 1453 1006 1494 aliquod
1030 1457 1126 1485 mate-

177 1504 283 1535 1·ἱαίθῖ
308 1504 436 1545 recipiat
456 1504 618 1546 spirituale
642 1505 856 1546 spiritualiter,
881 1514 941 1536 non
963 1506 1126 1547 derogare-

176 1559 229 1588 tur
252 1556 279 1588 ei
305 1556 334 1588 in
359 1556 473 1597 aliquo.

265 1609 294 1640 [1.
320 1609 360 1641 Ad
387 1608 466 1641 illud
497 1609 582 1650 quod
613 1609 772 1648 obiicitur,
802 1610 885 1651 quod
918 1619 1009 1642 omne
1041 1610 1125 1652 quod

177 1662 342 1704 recipitur,
367 1665 413 1694 est
437 1662 467 1693 in
492 1662 661 1704 recipiente
684 1671 741 1703 per
766 1663 893 1694 modum
924 1663 1123 1704 recipientis;

177 1714 303 1753 dicunt,
338 1715 423 1756 quod
448 1715 506 1746 hoc
539 1723 650 1747 verum
674 1718 721 1746 est
756 1714 794 1746 de
819 1716 996 1756 receptione
1031 1720 1126 1747 nata-

177 1767 261 1804 rali,·
278 1767 331 1799 sed
350 1767 427 1800 haec
444 1771 490 1799 est
505 1777 611 1808 supra
627 1773 797 1799 naturam.
813 1768 1000 1805 Praeterea,
1021 1768 1122 1809 ipsum

177 1819 430 1857 Sacramentum,
455 1820 628 1852 secundum
655 1821 738 1862 quod
769 1821 969 1858 huiusmodi,
994 1824 1041 1853 est
1065 1830 1126 1853 me-

176 1872 279 1904 dicina
295 1872 484 1913 spiritualis;
509 1876 539 1904 et
556 1872 625 1905 ideo
650 1873 742 1906 debet
759 1874 876 1906 habere
901 1874 1048 1906 virtutem
1067 1874 1125 1915 spi-

176 1924 332 1956 ritualem.
357 1925 389 1957 In
413 1925 611 1958 naturalibus
634 1927 762 1959 autem3
787 1927 925 1959 maxime
951 1927 1125 1959 considera-

176 1980 229 2008 tur
253 1977 411 2015 materia,
437 1978 539 2010 sedin
565 1978 678 2010 divinis
702 1979 841 2010 maxime
858 1983 888 2011 et
911 1979 1124 2021 principaliter

176 2030 393 2062 consideratur
423 2030 520 2072 fini&
544 2030 627 2069 ideo,
660 2031 734 2073 quia
762 2032 792 2063 in
823 2032 1032 2064 Sacramentis
1063 2042 1124 2064 11011

177 2083 394 2115 consideratur
411 2084 490 2115 ratio
506 2084 676 2122 materiae,
690 2085 745 2117 sed
762 2084 850 2126 fiais,
864 2085 1051 2117 conveniens
1067 2085 1125 2117 suit

176 2135 348 2168 secundum
375 2136 457 2177 ipsos
483 2136 631 2168 virtutem
656 2137 850 2178 spiritualem
877 2137 906 2169 in
931 2138 975 2169 eis
1000 2146 1123 2179 ponere.

263 2188 306 2220 Ad
330 2188 441 2221 aliud4
467 2189 642 2222 secundum
673 2198 725 2222 eos
753 2190 813 2221 iam
843 2199 1031 2231 responsum
1060 2194 1124 2230 est,

120 2272 124 2275 ,
175 2240 249 2281 quia
274 2241 407 2273 nobilior
431 2245 477 2274 est
512 2242 614 2274 virtus
638 2242 722 2284 ipsa,
748 2243 852 2275 minus
885 2243 997 2275 nobilis
1021 2243 1125 2275 anima

49 2506 125 2533 Opinio
140 2506 160 2526 2.

18 2537 65 2562 011111
79 2533 162 2554 conclu-

19 2564 84 2579 sione.

176 2292 280 2334 lapsa,
298 2302 357 2325 non
377 2294 495 2326 ratione
512 2294 723 2334 substantiae,
741 2295 796 2327 sed
815 2296 935 2327 ratione
951 2296 1068 2337 lapsus.
1082 2314 1125 2319 —

178 2346 212 2377 Et
236 2349 341 2386 patent
364 2346 422 2378 hoc
447 2347 539 2379 modo
563 2351 666 2380 cetera
689 2348 809 2380 obiecta
845 2349 1019 2380 secundum
1044 2349 1124 2381 hanc

176 2398 363 2440 opinionem.
390 2399 424 2430 Et
448 2399 524 2431 baec
547 2400 651 2441 opinio
674 2404 721 2432 est
746 2409 931 2442 magnorum
947 2401 968 2432 ⁵.

265 2451 315 2482 Est
338 2451 430 2482 etiam
455 2451 588 2483 aliorum
618 2461 804 2493 magnorum
833 2453 915 2485 circa
939 2454 997 2485 hoc
1021 2454 1125 2495 opinio

177 2502 361 2540 dicentium,
384 2502 469 2543 quod
493 2502 523 2534 in
548 2504 755 2536 Sacramentis
786 2514 846 2536 nou
875 2505 914 2536 sit
942 2505 1125 2537 causalitas

176 2564 276 2596 neque
299 2554 407 2586 virias
430 2555 551 2596 aliqua,
569 2564 625 2588 nec
642 2555 785 2598 effectiva
802 2565 858 2588 nec
875 2557 1068 2598 dispositiva
1084 2559 1122 2590 ad

176 2608 325 2649 gratiam,
343 2616 423 2649 quae
440 2608 479 2640 sit
495 2608 639 2650 qualitas
656 2608 704 2640 vel
722 2609 896 2650 proprietas
912 2610 1016 2651 aliqua
1036 2610 1126 2642 abso-

175 2660 261 2698 luta,
286 2660 339 2692 sed
361 2670 421 2701 per
446 2661 615 2703 quandam
638 2661 871 2693 assistentiam.

263 2714 462 2745 Sacramento
486 2713 568 2745 enim
593 2713 700 2746 dicunt
724 2714 869 2746 assistere
894 2714 1031 2747 divinam
1065 2715 1124 2747 vir-

2095 267 2136 299 23

1190 353 1303 388 tutem,
1328 359 1408 392 quae
1432 354 1478 383 est
1502 360 1597 383 causa
1621 352 1756 393 gratiae,
1782 356 1812 384 et
1836 353 1930 385 fidem
1948 357 1977 386 et
2001 354 2136 386 devotio-
2149 362 2278 389 Explicatur.

1190 411 1259 435 nem
1277 404 1474 445 suscipientis
1486 404 1507 443 ⁰,
1521 413 1601 446 quae
1616 405 1753 446 disponit
1768 405 1807 437 ad
1825 406 2020 446 gratiam.—
2037 407 2069 438 Et
2085 407 2136 439 ad·
2149 414 2232 436 Simuo-

1190 455 1309 486 ducunt
1333 455 1450 487 simile:
1468 456 1614 498 quoniam
1640 457 1679 488 ad
1697 457 1829 489 verbum
1848 458 1975 497 Elisaei,
2000 458 2135 490 Naaman

1189 515 1222 538 se
1248 507 1386 546 lavante,
1403 508 1500 540 astitit
1524 508 1624 540 virtus
1649 509 1754 541 divina
1774 508 1918 551 effectiva
1943 511 2083 543 sanitatis
2107 515 2137 543 et

1189 559 1313 591 devotio
1337 563 1368 592 et
1391 560 1567 592 obedientia
1591 561 1727 593 Naaman
1752 562 1946 603 dispositiva
1955 575 1966 600 ,·
1984 563 2070 595 nulla
2095 566 2136 595 ta-

1190 620 1260 643 men
1286 612 1452 644 causalitas
1468 612 1526 644 suit
1550 622 1606 645 11θο
1630 613 1660 645 in
1678 614 1775 646 verbo
1802 614 1908 647 Elisaei
1934 624 1989 647 nec
2007 615 2037 647 in
2054 625 2137 657 aqua

1189 664 1362 696 lordanis⁷.
1387 664 1417 696 Si
1448 673 1523 706 ergo
1547 665 1698 699 Dominus
1731 667 1772 699 ita
1805 667 2005 706 instituisset,
2030 672 2065 700 ut
2097 668 2137 700 ad

1189 716 1322 748 verbum
1348 716 1457 749 Elisaei
1482 726 1541 749 non
1567 718 1669 750 solum
1694 719 1759 760 ipse
1783 719 1938 759 Naaman,
1963 720 2018 753 sed
2043 721 2137 753 ceteri

1189 769 1372 801 accedentes
1396 774 1600 809 curarentur,
1625 775 1655 803 et
1679 771 1736 803 hoc
1761 780 1802 804 ex
1819 773 1955 813 quadam
1981 774 2137 814 pactione,

1190 822 1231 854 ita
1255 822 1338 863 quod
1364 831 1488 863 semper
1512 823 1671 856 assisteret
1696 824 1742 856 vis
1766 825 1890 863 divina;
1915 835 1996 867 aqua
2022 826 2074 858 illa
2097 826 2139 858 di-

1190 879 1315 907 ceretur
1339 884 1451 907 curare
1476 878 1506 907 et
1530 884 1641 908 sanare
1670 876 1789 918 lepram
1811 881 1841 910 et
1868 887 1936 910 esse
1960 887 2054 911 causa
2090 888 2140 911 cu-

1190 927 1319 959 rationis
1343 932 1374 960 et
1403 928 1519 960 babere
1548 928 1697 961 virtutem
1727 930 1869 962 curandi.
1893 931 1941 963 Sic
1973 931 2003 963 in
2036 932 2140 964 Sacra-

1190 980 1302 1013 mentis
1327 981 1435 1013 dicunt
1459 981 1543 1023 quod
1560 981 1599 1013 ad
1625 982 1815 1023 prolationes
1836 983 1923 1015 verbi
1948 984 2064 1016 assistit
2081 984 2141 1016 vir-

1190 1035 1241 1063 tus
1264 1032 1370 1064 divina
1398 1033 1488 1074 aquis
1520 1036 1550 1065 et
1574 1033 1710 1066 infundit
1742 1035 1875 1075 gratiam
1899 1039 1930 1067 et
1958 1040 2138 1077 regenerat,

1190 1085 1266 1117 dum
1303 1086 1397 1117 homo
1431 1086 1556 1119 subiicit
1581 1096 1613 1119 se
1648 1096 1705 1129 per
1740 1087 1812 1120 fidei
1850 1088 2072 1129 professionem
2110 1094 2140 1121 et

1189 1138 1408 1170 obedientiam.
1434 1139 1547 1171 Dicunt
1578 1148 1670 1181 ergo,
1694 1140 1778 1181 quod
1811 1141 2009 1173 Sacramenta
2035 1142 2140 1174 dicun-

1190 1194 1241 1222 tur
1267 1190 1383 1223 habere
1406 1191 1559 1223 virtutem
1585 1197 1615 1224 et
1639 1192 1788 1225 dicuntur
1813 1202 1918 1225 caasa
1935 1197 1965 1226 et
1989 1194 2139 1226 dicuntur

1189 1242 1311 1286 efficere
1328 1244 1501 1277 secundum
1526 1253 1726 1277 communem
1745 1245 1874 1278 modum
1898 1245 2045 1288 loquendi
2070 1256 2140 1288 pro-

1189 1300 1258 1338 pter
1282 1297 1489 1329 assistentiam
1515 1297 1639 1330 divinae
1663 1298 1798 1330 virtutis.

1279 1350 1313 1381 Et
1336 1350 1367 1381 si
1390 1354 1425 1381 ta
1442 1359 1603 1392 quaeras,
1631 1354 1738 1382 utrum
1761 1351 1895 1384 habeant
1920 1352 2068 1385 virtutem
2085 1353 2138 1384 ali·
2152 1358 2300 1406 ineifffflsess‘oifi

1189 1410 1283 1443 quam
1308 1406 1453 1434 creatam
1473 1412 1568 1444 super
1583 1403 1593 1418 ³
1618 1402 1806 1442 increatam,
1824 1405 2027 1446 respondent,
2052 1405 2136 1447 quod
2151 1412 2216 1432 vitur-

1189 1457 1314 1495 praeter
1342 1455 1490 1487 virtutem
1516 1455 1684 1487 increatam
1709 1460 1755 1488 est
1787 1456 1890 1489 dicere
1915 1457 2051 1498 aliquam
2079 1457 2137 1489 vir-

1190 1510 1288 1539 tutem
1324 1507 1441 1540 habere
1465 1508 1719 1547 Sacramentum,
1742 1505 1808 1541 ¹sed
1844 1514 1972 1542 extenso
2007 1511 2137 1542 nominc

1188 1559 1331 1590 virtutis.
1350 1559 1378 1590 Si
1396 1560 1478 1591 enim
1502 1560 1611 1592 virtus
1628 1561 1709 1593 dicat
1732 1561 1869 1602 aliquam
1888 1562 2070 1603 qualitatem
2088 1563 2138 1595 vel

1189 1615 1334 1645 naturam
1372 1612 1437 1644 sive
1469 1613 1635 1645 essentiam
1668 1614 1883 1646 advenientem
1922 1615 2140 1653 SacramentO,

1189 1665 1270 1697 sicut
1294 1664 1395 1696 virtus
1416 1665 1553 1706 proprie
1577 1665 1708 1704 dicitur,
1733 1666 1776 1698 sic
1801 1667 1975 1700 secundum
2001 1676 2054 1699 eos
2078 1677 2139 1699 non

1189 1722 1236 1750 est
1264 1718 1450 1756 dicendum,
1476 1718 1559 1759 quod
1590 1718 1704 1751 habeat
1735 1719 1929 1759 virtatean
1955 1720 2009 1752 sed
2038 1724 2140 1752 exten-

1189 1771 1281 1802 ditur
1307 1779 1418 1802 nomen
1444 1771 1569 1803 virtutis
1593 1771 1631 1803 ad
1654 1771 1803 1814 aliquam
1828 1772 2085 1810 ordinationem,
2104 1777 2138 1805 ut

1188 1823 1315 1864 quando
1339 1823 1457 1865 aliquid
1482 1823 1576 1855 habet
1593 1823 1750 1856 efficacem
1776 1824 2002 1857 ordinationem
2028 1826 2066 1857 ad
2089 1825 2141 1857 ali-

1189 1875 1283 1917 quid,
1305 1875 1420 1908 dicitur
1444 1875 1561 1908 habere
1586 1876 1734 1908 virtutem
1760 1881 1904 1918 respectu
1930 1877 2023 1910 illius.
2044 1897 2088 1900 —
2105 1878 2139 1910 Et
2152 1883 2285 1910 Exemplum-

1188 1931 1309 1970 ponunt
1325 1928 1384 1960 1100
1400 1928 1600 1970 exemplum:
1615 1937 1672 1961 rex
1691 1930 1808 1969 statuit,
1823 1934 1857 1962 111
1873 1930 1926 1972 qui
1946 1931 2060 1963 liabent
2077 1931 2138 1963 tale

1189 1980 1331 2021 signum,
1356 1980 1490 2012 habeant
1522 1984 1647 2013 centum
1674 1981 1770 2013 libras
1784 1982 1812 2013 ¹⁰.
1839 1982 1908 2014 Post
1932 1982 2024 2015 istam
2058 1983 2141 2015 insti-

1189 2033 1339 2064 tutionem
1366 2033 1489 2074 signum
1517 2033 1593 2065 illud
1619 2043 1677 2065 non
1705 2034 1798 2066 habet
1815 2034 1952 2076 aliquam
1971 2036 2141 2077 proprieta-

1189 2089 1251 2117 tem
1277 2085 1481 2123 absolatam,
1507 2094 1601 2126 quam
1626 2095 1686 2117 non
1721 2086 1851 2119 baberet
1875 2087 1981 2128 prius,
2013 2088 2059 2119 ad
2082 2088 2140 2119 ali-

1189 2138 1269 2180 quid
1285 2142 1389 2170 tamen
1413 2142 1460 2170 est
1476 2138 1685 2177 ordinatam,
1711 2139 1750 2172 ad
1774 2140 1859 2181 quod
1877 2149 1937 2172 nou
1955 2144 2023 2172 erat
2040 2141 2139 2182 prius.

1190 2191 1225 2222 Et
1248 2191 1322 2232 quia
1345 2191 1440 2223 habet
1463 2191 1624 2234 efficacem
1653 2192 1912 2231 ordinationem,
1937 2193 2053 2226 dicitur
2086 2193 2141 2225 lia-

1191 2243 1261 2276 bcre
1277 2244 1450 2282 virtutem,
1467 2249 1502 2276 ut
1519 2245 1611 2277 faciat
1627 2245 1763 2287 aliquem
1783 2246 1899 2278 habere
1916 2251 2041 2279 centum
2063 2256 2142 2279 mar-

1189 2306 1258 2335 cas,
1284 2301 1314 2329 et
1338 2297 1454 2329 dicitur
1478 2297 1557 2329 illud
1579 2298 1704 2339 signum
1722 2298 1826 2331 valere
1851 2303 1974 2331 centum
1999 2309 2140 2338 marcas.

1189 2353 1219 2382 et
1247 2353 1350 2382 tamen
1387 2350 1465 2382 011111
1494 2350 1565 2392 plus
1590 2351 1684 2383 habet
1709 2352 1747 2383 de
1771 2352 1907 2384 bonitate
1932 2362 2015 2385 nunc
2046 2362 2139 2394 quam

1189 2402 1287 2444 prius.
1313 2402 1351 2434 Si
1373 2412 1449 2444 erqo
1474 2413 1638 2445 quaeras,
1663 2404 1739 2445 quid
1769 2405 1807 2436 sit
1832 2404 1884 2436 illa
1913 2405 2014 2437 virtus
2040 2406 2068 2437 in
2088 2405 2140 2437 illo

1189 2454 1294 2495 sigum
1326 2454 1465 2493 dicetur,
1499 2455 1580 2497 quod
1615 2465 1675 2488 non
1709 2461 1755 2488 est
1782 2456 1902 2498 aliquid
1934 2457 2139 2495 absolutam,

1189 2507 1243 2538 sed
1268 2507 1314 2538 ad
1335 2507 1506 2549 aliqaid¹¹.
1530 2527 1573 2531 —
1597 2509 1645 2541 Sic
1673 2509 1797 2548 dicunt,
1823 2510 1905 2550 quod
1939 2510 2139 2542 Sacramenta

1189 2562 1262 2590 sunt
1286 2559 1359 2590 talia
1383 2559 1470 2600 sigua
1494 2570 1511 2591 a
1536 2560 1599 2592 Deo
1623 2561 1785 2599 instituta,
1822 2565 1856 2592 01
1880 2562 1934 2602 qui
1970 2571 2005 2593 ea
2039 2570 2140 2594 susce-

1190 2611 1270 2652 perit
1294 2612 1398 2643 debito
1423 2612 1515 2643 modo
1544 2613 1657 2645 habeat
1686 2617 1804 2645 tantum
1831 2614 1869 2645 de
1891 2614 1990 2655 gratia
2016 2615 2063 2647 vel
2090 2615 2141 2646 lia-

1191 2663 1261 2695 110111
1284 2664 1415 2704 gratiam
1441 2665 1479 2696 ad
1506 2665 1589 2697 1111110
1613 2669 1736 2704 actum;
1762 2666 1827 2704 illa,
1846 2667 1991 2708 inquam,
2009 2668 2141 2700 ordina-

1191 2716 1233 2747 lio
1265 2716 1381 2758 efficax
1405 2717 1581 2749 secundum
1614 2718 1688 2750 istos
1721 2719 1827 2750 virtus
1852 2723 1899 2751 est
1930 2720 2140 2755 Sacramenti.

246 2942 253 2958 1
275 2942 340 2967 Vide
360 2943 384 2967 ΙΙ.
405 2944 472 2968 Sent.
496 2943 520 2968 d.
541 2944 582 2968 ⁴26.
611 2952 636 2976 q.
660 2945 682 2969 3.
703 2944 735 2969 ad
756 2945 779 2969 ὅ.
808 2959 843 2963 -
872 2946 929 2970 Vnt.
958 2946 1125 2979 suppositum

174 2985 332 3012 humanum.
348 2987 472 3017 Superius
486 2994 533 3018 pro
547 2987 653 3013 animae
664 2988 796 3021 potentiae
811 2989 866 3014 Vat.
880 2989 989 3015 animae
1000 2990 1123 3023 potentia.

175 3030 290 3055 Subinde
315 3037 362 3061 pro
388 3030 563 3063 ecremplmzdo
589 3032 646 3057 cod.
667 3033 685 3056 H
706 3032 932 3066 escemplt'ficundo.
959 3035 1016 3060 Post
1042 3042 1123 3066 pauca

176 3080 224 3104 pro
244 3072 349 3099 obiiciat
367 3073 547 3099 substituimus
566 3082 596 3099 ex
616 3075 691 3100 codd.
712 3076 729 3100 E
741 3076 756 3099 Ρ
768 3076 789 3107 Q
810 3075 924 3102 obiicias.

245 3117 255 3134 ²
275 3117 337 3142 Cod.
358 3118 377 3142 L
396 3117 506 3151 aliquod
523 3118 670 3151 corporale.

244 3160 255 3176 3
276 3161 323 3185 Pro
343 3162 440 3192 autem,
463 3162 533 3194 quod
554 3169 602 3187 non
623 3163 699 3194 pauci
719 3163 794 3188 codd.
813 3164 940 3196 omittunt,
960 3165 1036 3190 codd.
1056 3166 1123 3190 FHl

175 3203 260 3235 enim,
282 3204 358 3229 codd.
379 3204 395 3228 S
408 3205 427 3229 T
448 3205 537 3236 legunt
556 3212 619 3230 nam
638 3205 666 3231 in
684 3205 863 3232 manualibus.

247 3248 256 3264 ⁴
276 3249 299 3273 ln
330 3249 386 3274 cod.
416 3249 436 3273 Μ
467 3249 603 3281 suppletur
630 3249 702 3282 quod
729 3249 814 3276 virtus
844 3251 893 3277 ista
923 3253 961 3277 est
980 3252 1124 3286 ignobilior

175 3291 275 3317 anima.

245 3336 256 3352 ⁵
276 3337 338 3362 Edd.
359 3338 400 3362 hic
419 3341 442 3362 et
462 3337 540 3369 paulo
559 3338 665 3363 interius
684 3338 782 3363 addunt
802 3339 1004 3372 illaffl'slroram.

245 3380 256 3396 ὃ
275 3380 337 3405 Cod.
358 3381 374 3405 F
387 3381 434 3405 HZ
455 3381 473 3414 (l
486 3381 506 3406 V
527 3389 539 3406 a
560 3382 673 3407 secunda
694 3383 781 3415 manu)
812 3383 974 3415 subiungunt
1000 3384 1123 3411 similiter

1188 2946 1279 2972 adesse
1304 2946 1395 2973 dicunt
1422 2947 1490 2975 (cod.
1516 2948 1536 2971 V
1556 2947 1702 2979 dicantar).
1723 2949 1779 2973 Mox
1799 2956 1846 2980 pro
1866 2948 1983 2981 disponit
2001 2950 2060 2975 edd.
2081 2957 2139 2975 cum

1189 2990 1308 3021 pluribus
1327 2991 1403 3016 codd.
1424 2990 1575 3023 disponunt.

1258 3034 1268 3051 ⁷
1288 3034 1356 3059 Libr.
1377 3035 1416 3059 lV.
1439 3035 1500 3066 l'wg.
1521 3035 1544 3066 5,
1570 3035 1607 3060 lli.

1258 3077 1269 3094 ⁸
1288 3078 1368 3104 Codd.
1390 3079 1407 3102 11
1421 3080 1437 3103 S
1449 3079 1468 3103 Τ
1487 3080 1602 3112 praeter.

1257 3122 1267 3139 ⁹
1290 3124 1344 3148 Vat.
1365 3123 1435 3148 addit
1453 3123 1568 3156 proprie.
1588 3124 1633 3149 Ed.
1659 3125 1664 3148 1
1699 3126 1864 3157 prosequitur
1892 3125 1938 3150 θυι]
1958 3125 2029 3158 quod
2048 3127 2139 3151 (πίθη-

1187 3165 1269 3192 (latur
1287 3173 1384 3192 nomen
1403 3170 1449 3192 etc.
1469 3167 1584 3192 Subinde
1605 3167 1661 3193 cod.
1680 3168 1697 3192 F
1716 3167 1748 3193 ob
1761 3168 1880 3201 adquam
1895 3176 1943 3200 pro
1956 3168 1992 3194 od
2009 3168 2138 3202 aliquam.

1259 3210 1279 3226 ¹⁰
1299 3210 1380 3236 Codd.
1402 3212 1420 3236 11
1436 3212 1452 3235 N
1473 3218 1501 3235 aa
1522 3218 1644 3243 marcas,
1668 3219 1733 3243 quae
1754 3213 1827 3237 lectio
1854 3214 1973 3238 convenit
1999 3220 2059 3238 cum
2080 3213 2138 3238 sub-

1188 3255 1265 3285 nexis,
1279 3254 1323 3279 ubi
1339 3255 1388 3280 tide
1408 3255 1484 3280 codd.
1505 3255 1544 3280 bis
1558 3255 1739 3281 substituimus
1756 3263 1865 3282 rmarcas
1884 3263 1932 3287 pro
1953 3255 2045 3288 libras,
2067 3257 2138 3290 quod

1187 3298 1282 3324 liabent
1299 3299 1359 3323 edd.
1375 3299 1452 3324 Paulo
1471 3303 1528 3324 ante
1549 3306 1596 3330 pro
1617 3298 1658 3325 liic
1681 3299 1834 3333 exemplam
1858 3308 1888 3325 ex
1914 3301 1989 3326 codd.
2011 3301 2138 3326 1Το111Ι4

1187 3343 1323 3373 posuimus
1342 3341 1391 3368 hoc
1411 3342 1571 3375 arzmzplum.

1257 3386 1275 3402 ¹¹
1298 3387 1358 3411 Sive
1372 3387 1467 3412 relatio.
1478 3386 1580 3412 —Cod.
1592 3388 1609 3412 Z
1620 3394 1672 3413 71071
1684 3387 1841 3422 estibiqzn‘d
1851 3396 1899 3420 pro
1910 3396 1962 3414 11011
1977 3390 2015 3415 est
2028 3389 2137 3422 aliquid.
