<?xml version="1.0" encoding="UTF-8"?>
<!DOCTYPE html PUBLIC "-//W3C//DTD XHTML 1.0 Transitional//EN"
    "http://www.w3.org/TR/xhtml1/DTD/xhtml1-transitional.dtd">
<html xmlns="http://www.w3.org/1999/xhtml" xml:lang="en" lang="en">
 <head>
  <title>
</title>
<meta http-equiv="Content-Type" content="text/html;charset=utf-8" />
  <meta name='ocr-system' content='tesseract 3.04.00' />
  <meta name='ocr-capabilities' content='ocr_page ocr_carea ocr_par ocr_line ocrx_word'/>
</head>
<body>
  <div class='ocr_page' id='page_1' title='image "./doctorisseraphic04bona_0938.png"; bbox 0 0 2483 3882; ppageno 0'>
   <div class='ocr_carea' id='block_1_1' title="bbox 330 937 457 959">
    <p class='ocr_par' dir='ltr' id='par_1_1' title="bbox 330 937 457 959">
     <span class='ocr_line' id='line_1_1' title="bbox 330 937 457 959; baseline -0.008 0"><span class='ocrx_word' id='word_1_1' title='bbox 330 937 457 959; x_wconf 81' lang='lat' dir='ltr'><strong>Notandum.</strong></span> 
     </span>
    </p>
   </div>
   <div class='ocr_carea' id='block_1_2' title="bbox 314 1464 458 1538">
    <p class='ocr_par' dir='ltr' id='par_1_2' title="bbox 314 1464 458 1538">
     <span class='ocr_line' id='line_1_2' title="bbox 331 1464 458 1491; baseline 0 -6"><span class='ocrx_word' id='word_1_2' title='bbox 331 1465 412 1491; x_wconf 79' lang='lat' dir='ltr'>Duplex</span> <span class='ocrx_word' id='word_1_3' title='bbox 426 1464 458 1485; x_wconf 87' lang='lat' dir='ltr'><strong>in-</strong></span> 
     </span>
     <span class='ocr_line' id='line_1_3' title="bbox 316 1492 458 1512; baseline 0.007 -1"><span class='ocrx_word' id='word_1_4' title='bbox 316 1492 380 1512; x_wconf 81' lang='lat' dir='ltr'><strong>tentio</strong></span> <span class='ocrx_word' id='word_1_5' title='bbox 399 1493 458 1512; x_wconf 82' lang='lat' dir='ltr'><strong>natu-</strong></span> 
     </span>
     <span class='ocr_line' id='line_1_4' title="bbox 314 1523 358 1538; baseline -0.023 0"><span class='ocrx_word' id='word_1_6' title='bbox 314 1523 358 1538; x_wconf 82' lang='lat' dir='ltr'><strong>rae.</strong></span> 
     </span>
    </p>
   </div>
   <div class='ocr_carea' id='block_1_3' title="bbox 330 2044 458 2066">
    <p class='ocr_par' dir='ltr' id='par_1_3' title="bbox 330 2044 458 2066">
     <span class='ocr_line' id='line_1_5' title="bbox 330 2044 458 2066; baseline 0 -1"><span class='ocrx_word' id='word_1_7' title='bbox 330 2044 458 2066; x_wconf 72' lang='lat' dir='ltr'><strong>Notandum.</strong></span> 
     </span>
    </p>
   </div>
   <div class='ocr_carea' id='block_1_4' title="bbox 477 263 540 295">
    <p class='ocr_par' dir='ltr' id='par_1_4' title="bbox 477 263 540 295">
     <span class='ocr_line' id='line_1_6' title="bbox 477 263 540 295; baseline 0 0"><span class='ocrx_word' id='word_1_8' title='bbox 477 263 540 295; x_wconf 79' lang='lat'><strong>918</strong></span> 
     </span>
    </p>
   </div>
   <div class='ocr_carea' id='block_1_5' title="bbox 471 343 1429 2597">
    <p class='ocr_par' dir='ltr' id='par_1_5' title="bbox 472 343 1426 1123">
     <span class='ocr_line' id='line_1_7' title="bbox 476 343 1424 386; baseline -0.008 -4"><span class='ocrx_word' id='word_1_9' title='bbox 476 349 589 382; x_wconf 88' lang='lat' dir='ltr'><strong>mulier</strong></span> <span class='ocrx_word' id='word_1_10' title='bbox 614 349 693 381; x_wconf 84' lang='lat' dir='ltr'><strong>facta</strong></span> <span class='ocrx_word' id='word_1_11' title='bbox 718 348 765 379; x_wconf 85' lang='lat' dir='ltr'><strong>vir</strong></span> <span class='ocrx_word' id='word_1_12' title='bbox 789 351 852 384; x_wconf 76' lang='lat' dir='ltr'><strong>est,</strong></span> <span class='ocrx_word' id='word_1_13' title='bbox 878 345 1053 378; x_wconf 87' lang='lat' dir='ltr'><strong>secundum</strong></span> <span class='ocrx_word' id='word_1_14' title='bbox 1077 354 1172 386; x_wconf 87' lang='lat' dir='ltr'><strong>quem</strong></span> <span class='ocrx_word' id='word_1_15' title='bbox 1197 344 1327 376; x_wconf 89' lang='lat' dir='ltr'><strong>modum</strong></span> <span class='ocrx_word' id='word_1_16' title='bbox 1352 343 1424 375; x_wconf 89' lang='lat' dir='ltr'><strong>dici-</strong></span> 
     </span>
     <span class='ocr_line' id='line_1_8' title="bbox 475 396 1424 440; baseline -0.007 -6"><span class='ocrx_word' id='word_1_17' title='bbox 475 406 526 433; x_wconf 91' lang='lat' dir='ltr'><strong>tur</strong></span> <span class='ocrx_word' id='word_1_18' title='bbox 550 402 580 433; x_wconf 89' lang='lat' dir='ltr'><strong>in</strong></span> <span class='ocrx_word' id='word_1_19' title='bbox 607 401 726 433; x_wconf 85' lang='lat' dir='ltr'><strong>Psalmo</strong></span> <span class='ocrx_word' id='word_1_20' title='bbox 741 400 764 430; x_wconf 83' lang='lat'><strong>¹:</strong></span> <span class='ocrx_word' id='word_1_21' title='bbox 790 400 913 430; x_wconf 76' lang='lat' dir='ltr'><strong>Beatus</strong></span> <span class='ocrx_word' id='word_1_22' title='bbox 936 398 1001 435; x_wconf 71' lang='lat' dir='ltr'><strong>vir,</strong></span> <span class='ocrx_word' id='word_1_23' title='bbox 1021 397 1080 440; x_wconf 79' lang='lat' dir='ltr'><strong>qui</strong></span> <span class='ocrx_word' id='word_1_24' title='bbox 1101 406 1167 428; x_wconf 74' lang='lat' dir='ltr'><strong>non</strong></span> <span class='ocrx_word' id='word_1_25' title='bbox 1190 396 1273 428; x_wconf 74' lang='lat' dir='ltr'><strong>abiit</strong></span> <span class='ocrx_word' id='word_1_26' title='bbox 1296 396 1330 427; x_wconf 74' lang='lat' dir='ltr'><strong>in</strong></span> <span class='ocrx_word' id='word_1_27' title='bbox 1352 405 1424 427; x_wconf 75' lang='lat' dir='ltr'><strong>con-</strong></span> 
     </span>
     <span class='ocr_line' id='line_1_9' title="bbox 475 447 1424 493; baseline -0.006 -8"><span class='ocrx_word' id='word_1_28' title='bbox 475 453 548 485; x_wconf 77' lang='lat' dir='ltr'><strong>sitio</strong></span> <span class='ocrx_word' id='word_1_29' title='bbox 573 457 644 490; x_wconf 83' lang='lat' dir='ltr'><strong>etc.;</strong></span> <span class='ocrx_word' id='word_1_30' title='bbox 669 451 753 493; x_wconf 89' lang='lat' dir='ltr'><strong>quod</strong></span> <span class='ocrx_word' id='word_1_31' title='bbox 778 450 906 490; x_wconf 75' lang='lat' dir='ltr'>intelligi</span> <span class='ocrx_word' id='word_1_32' title='bbox 925 449 1017 481; x_wconf 84' lang='lat' dir='ltr'><strong>etiam</strong></span> <span class='ocrx_word' id='word_1_33' title='bbox 1040 452 1140 490; x_wconf 90' lang='lat' dir='ltr'><strong>potest</strong></span> <span class='ocrx_word' id='word_1_34' title='bbox 1157 449 1196 480; x_wconf 87' lang='lat' dir='ltr'><strong>de</strong></span> <span class='ocrx_word' id='word_1_35' title='bbox 1221 448 1363 480; x_wconf 89' lang='lat' dir='ltr'><strong>muliere.</strong></span> <span class='ocrx_word' id='word_1_36' title='bbox 1390 447 1424 479; x_wconf 88' lang='lat' dir='ltr'><strong>Et</strong></span> 
     </span>
     <span class='ocr_line' id='line_1_10' title="bbox 475 499 1424 542; baseline -0.006 -5"><span class='ocrx_word' id='word_1_37' title='bbox 475 505 544 537; x_wconf 84' lang='lat' dir='ltr'><strong>ideo</strong></span> <span class='ocrx_word' id='word_1_38' title='bbox 568 503 737 536; x_wconf 75' lang='lat' dir='ltr'>auctoritas</span> <span class='ocrx_word' id='word_1_39' title='bbox 758 503 815 534; x_wconf 90' lang='lat' dir='ltr'><strong>ista</strong></span> <span class='ocrx_word' id='word_1_40' title='bbox 833 511 893 533; x_wconf 90' lang='lat' dir='ltr'><strong>non</strong></span> <span class='ocrx_word' id='word_1_41' title='bbox 918 505 1010 542; x_wconf 87' lang='lat' dir='ltr'><strong>negat</strong></span> <span class='ocrx_word' id='word_1_42' title='bbox 1026 501 1290 533; x_wconf 78' lang='lat' dir='ltr'><strong>resurrectionem</strong></span> <span class='ocrx_word' id='word_1_43' title='bbox 1315 499 1424 531; x_wconf 90' lang='lat' dir='ltr'><strong>mulie-</strong></span> 
     </span>
     <span class='ocr_line' id='line_1_11' title="bbox 474 552 1424 595; baseline -0.005 -6"><span class='ocrx_word' id='word_1_44' title='bbox 474 566 564 595; x_wconf 89' lang='lat' dir='ltr'><strong>rum;</strong></span> <span class='ocrx_word' id='word_1_45' title='bbox 589 557 643 588; x_wconf 91' lang='lat' dir='ltr'><strong>sed</strong></span> <span class='ocrx_word' id='word_1_46' title='bbox 669 555 832 587; x_wconf 82' lang='lat' dir='ltr'><strong>manifesta</strong></span> <span class='ocrx_word' id='word_1_47' title='bbox 854 555 934 586; x_wconf 88' lang='lat' dir='ltr'><strong>ratio</strong></span> <span class='ocrx_word' id='word_1_48' title='bbox 958 553 1132 586; x_wconf 88' lang='lat' dir='ltr'><strong>confirmat.</strong></span> <span class='ocrx_word' id='word_1_49' title='bbox 1157 553 1310 594; x_wconf 83' lang='lat' dir='ltr'>Quoniam</span> <span class='ocrx_word' id='word_1_50' title='bbox 1341 552 1424 584; x_wconf 89' lang='lat' dir='ltr'><strong>enim</strong></span> 
     </span>
     <span class='ocr_line' id='line_1_12' title="bbox 474 605 1423 647; baseline -0.004 -6"><span class='ocrx_word' id='word_1_51' title='bbox 474 618 570 642; x_wconf 85' lang='lat' dir='ltr'><strong>sexus</strong></span> <span class='ocrx_word' id='word_1_52' title='bbox 594 609 748 641; x_wconf 90' lang='lat' dir='ltr'><strong>femineus</strong></span> <span class='ocrx_word' id='word_1_53' title='bbox 772 611 819 639; x_wconf 92' lang='lat' dir='ltr'><strong>est</strong></span> <span class='ocrx_word' id='word_1_54' title='bbox 842 606 995 639; x_wconf 87' lang='lat' dir='ltr'><strong>naturalis</strong></span> <span class='ocrx_word' id='word_1_55' title='bbox 1011 610 1042 638; x_wconf 86' lang='lat' dir='ltr'><strong>et</strong></span> <span class='ocrx_word' id='word_1_56' title='bbox 1062 615 1080 638; x_wconf 91' lang='lat' dir='ltr'><strong>a</strong></span> <span class='ocrx_word' id='word_1_57' title='bbox 1098 606 1160 638; x_wconf 93' lang='lat' dir='ltr'><strong>Deo</strong></span> <span class='ocrx_word' id='word_1_58' title='bbox 1184 606 1352 644; x_wconf 84' lang='lat' dir='ltr'><strong>formatus,</strong></span> <span class='ocrx_word' id='word_1_59' title='bbox 1371 605 1423 647; x_wconf 92' lang='lat' dir='ltr'><strong>qui</strong></span> 
     </span>
     <span class='ocr_line' id='line_1_13' title="bbox 473 658 1425 701; baseline -0.004 -8"><span class='ocrx_word' id='word_1_60' title='bbox 473 661 619 693; x_wconf 86' lang='lat' dir='ltr'><strong>formavit</strong></span> <span class='ocrx_word' id='word_1_61' title='bbox 636 661 759 692; x_wconf 85' lang='lat' dir='ltr'><strong>virilem</strong></span> <span class='ocrx_word' id='word_1_62' title='bbox 775 678 818 683; x_wconf 85' lang='lat'><strong>-—</strong></span> <span class='ocrx_word' id='word_1_63' title='bbox 831 660 914 701; x_wconf 91' lang='lat' dir='ltr'><strong>quod</strong></span> <span class='ocrx_word' id='word_1_64' title='bbox 933 663 1026 701; x_wconf 73' lang='lat' dir='ltr'><strong>patet,</strong></span> <span class='ocrx_word' id='word_1_65' title='bbox 1044 659 1118 700; x_wconf 87' lang='lat' dir='ltr'><strong>quia</strong></span> <span class='ocrx_word' id='word_1_66' title='bbox 1135 659 1201 691; x_wconf 86' lang='lat' dir='ltr'><strong>sine</strong></span> <span class='ocrx_word' id='word_1_67' title='bbox 1218 658 1285 700; x_wconf 90' lang='lat' dir='ltr'><strong>ipso</strong></span> <span class='ocrx_word' id='word_1_68' title='bbox 1302 667 1363 690; x_wconf 93' lang='lat' dir='ltr'><strong>non</strong></span> <span class='ocrx_word' id='word_1_69' title='bbox 1381 666 1425 690; x_wconf 87' lang='lat' dir='ltr'><strong>es-</strong></span> 
     </span>
     <span class='ocr_line' id='line_1_14' title="bbox 474 711 1426 754; baseline -0.003 -9"><span class='ocrx_word' id='word_1_70' title='bbox 474 718 520 746; x_wconf 85' lang='lat' dir='ltr'><strong>set</strong></span> <span class='ocrx_word' id='word_1_71' title='bbox 536 713 684 754; x_wconf 78' lang='lat' dir='ltr'><strong>perfectio</strong></span> <span class='ocrx_word' id='word_1_72' title='bbox 708 713 819 754; x_wconf 88' lang='lat' dir='ltr'><strong>speciei</strong></span> <span class='ocrx_word' id='word_1_73' title='bbox 837 730 881 735; x_wconf 90' lang='lat'><strong>-—</strong></span> <span class='ocrx_word' id='word_1_74' title='bbox 897 716 928 744; x_wconf 91' lang='lat' dir='ltr'><strong>et</strong></span> <span class='ocrx_word' id='word_1_75' title='bbox 952 712 982 743; x_wconf 91' lang='lat' dir='ltr'><strong>in</strong></span> <span class='ocrx_word' id='word_1_76' title='bbox 1000 711 1186 753; x_wconf 83' lang='lat' dir='ltr'><strong>corporibus</strong></span> <span class='ocrx_word' id='word_1_77' title='bbox 1211 711 1325 743; x_wconf 88' lang='lat' dir='ltr'><strong>nostris</strong></span> <span class='ocrx_word' id='word_1_78' title='bbox 1348 719 1426 742; x_wconf 88' lang='lat' dir='ltr'><strong>«na-</strong></span> 
     </span>
     <span class='ocr_line' id='line_1_15' title="bbox 474 763 1425 803; baseline -0.003 -5"><span class='ocrx_word' id='word_1_79' title='bbox 474 770 545 799; x_wconf 86' lang='lat' dir='ltr'><strong>tura</strong></span> <span class='ocrx_word' id='word_1_80' title='bbox 569 766 758 803; x_wconf 88' lang='lat' dir='ltr'><strong>servabitur,</strong></span> <span class='ocrx_word' id='word_1_81' title='bbox 774 769 805 797; x_wconf 91' lang='lat' dir='ltr'><strong>et</strong></span> <span class='ocrx_word' id='word_1_82' title='bbox 820 765 895 796; x_wconf 87' lang='lat' dir='ltr'><strong>vitia</strong></span> <span class='ocrx_word' id='word_1_83' title='bbox 918 764 1145 796; x_wconf 79' lang='lat' dir='ltr'><strong>detrahentur²</strong></span> <span class='ocrx_word' id='word_1_84' title='bbox 1157 775 1187 795; x_wconf 77' lang='grc' dir='ltr'><strong>»ι</strong></span> <span class='ocrx_word' id='word_1_85' title='bbox 1206 763 1286 795; x_wconf 90' lang='lat' dir='ltr'><strong>sicut</strong></span> <span class='ocrx_word' id='word_1_86' title='bbox 1302 763 1361 795; x_wconf 86' lang='lat' dir='ltr'><strong>viri</strong></span> <span class='ocrx_word' id='word_1_87' title='bbox 1379 771 1425 795; x_wconf 88' lang='lat' dir='ltr'><strong>re-</strong></span> 
     </span>
     <span class='ocr_line' id='line_1_16' title="bbox 473 816 1424 860; baseline -0.004 -9"><span class='ocrx_word' id='word_1_88' title='bbox 473 822 603 860; x_wconf 81' lang='lat' dir='ltr'><strong>surgent</strong></span> <span class='ocrx_word' id='word_1_89' title='bbox 626 827 697 850; x_wconf 89' lang='lat' dir='ltr'><strong>cum</strong></span> <span class='ocrx_word' id='word_1_90' title='bbox 716 827 796 850; x_wconf 81' lang='lat' dir='ltr'><strong>sexu</strong></span> <span class='ocrx_word' id='word_1_91' title='bbox 821 817 918 855; x_wconf 86' lang='lat' dir='ltr'><strong>virili,</strong></span> <span class='ocrx_word' id='word_1_92' title='bbox 942 826 1003 849; x_wconf 90' lang='lat' dir='ltr'><strong>non</strong></span> <span class='ocrx_word' id='word_1_93' title='bbox 1020 820 1149 858; x_wconf 85' lang='lat' dir='ltr'><strong>propter</strong></span> <span class='ocrx_word' id='word_1_94' title='bbox 1173 816 1424 858; x_wconf 81' lang='lat' dir='ltr'><strong>generationem,</strong></span> 
     </span>
     <span class='ocr_line' id='line_1_17' title="bbox 474 868 1425 912; baseline -0.003 -9"><span class='ocrx_word' id='word_1_95' title='bbox 474 872 527 904; x_wconf 88' lang='lat' dir='ltr'><strong>sed</strong></span> <span class='ocrx_word' id='word_1_96' title='bbox 553 875 680 912; x_wconf 88' lang='lat' dir='ltr'><strong>propter</strong></span> <span class='ocrx_word' id='word_1_97' title='bbox 713 870 934 912; x_wconf 74' lang='lat' dir='ltr'><strong>perfectionem</strong></span> <span class='ocrx_word' id='word_1_98' title='bbox 967 874 997 902; x_wconf 88' lang='lat' dir='ltr'><strong>et</strong></span> <span class='ocrx_word' id='word_1_99' title='bbox 1022 870 1167 902; x_wconf 82' lang='lat' dir='ltr'><strong>decorem</strong></span> <span class='ocrx_word' id='word_1_100' title='bbox 1198 872 1351 910; x_wconf 88' lang='lat' dir='ltr'><strong>quantum</strong></span> <span class='ocrx_word' id='word_1_101' title='bbox 1384 868 1425 900; x_wconf 91' lang='lat' dir='ltr'><strong>ad</strong></span> 
     </span>
     <span class='ocr_line' id='line_1_18' title="bbox 474 922 1425 963; baseline -0.003 -7"><span class='ocrx_word' id='word_1_102' title='bbox 474 924 605 960; x_wconf 76' lang='lat' dir='ltr'><strong>electos,</strong></span> <span class='ocrx_word' id='word_1_103' title='bbox 630 924 673 955; x_wconf 90' lang='lat' dir='ltr'><strong>sic</strong></span> <span class='ocrx_word' id='word_1_104' title='bbox 705 924 838 955; x_wconf 84' lang='lat' dir='ltr'><strong>feminae</strong></span> <span class='ocrx_word' id='word_1_105' title='bbox 865 923 895 954; x_wconf 90' lang='lat' dir='ltr'><strong>in</strong></span> <span class='ocrx_word' id='word_1_106' title='bbox 927 932 1007 955; x_wconf 82' lang='lat' dir='ltr'><strong>sexu</strong></span> <span class='ocrx_word' id='word_1_107' title='bbox 1035 922 1186 961; x_wconf 85' lang='lat' dir='ltr'><strong>femineo;</strong></span> <span class='ocrx_word' id='word_1_108' title='bbox 1210 922 1284 963; x_wconf 86' lang='lat' dir='ltr'><strong>quia</strong></span> <span class='ocrx_word' id='word_1_109' title='bbox 1309 926 1383 954; x_wconf 89' lang='lat' dir='ltr'><strong>tunc</strong></span> <span class='ocrx_word' id='word_1_110' title='bbox 1407 930 1425 952; x_wconf 82' lang='lat' dir='ltr'><strong>a</strong></span> 
     </span>
     <span class='ocr_line' id='line_1_19' title="bbox 474 974 1425 1016; baseline -0.002 -8"><span class='ocrx_word' id='word_1_111' title='bbox 474 976 624 1009; x_wconf 88' lang='lat' dir='ltr'><strong>membris</strong></span> <span class='ocrx_word' id='word_1_112' title='bbox 649 976 710 1008; x_wconf 90' lang='lat' dir='ltr'><strong>illis</strong></span> <span class='ocrx_word' id='word_1_113' title='bbox 726 976 864 1008; x_wconf 80' lang='lat' dir='ltr'><strong>dedecus</strong></span> <span class='ocrx_word' id='word_1_114' title='bbox 887 979 917 1007; x_wconf 93' lang='lat' dir='ltr'><strong>et</strong></span> <span class='ocrx_word' id='word_1_115' title='bbox 935 975 1113 1007; x_wconf 87' lang='lat' dir='ltr'><strong>inhonestas</strong></span> <span class='ocrx_word' id='word_1_116' title='bbox 1138 983 1194 1016; x_wconf 88' lang='lat' dir='ltr'><strong>per</strong></span> <span class='ocrx_word' id='word_1_117' title='bbox 1217 975 1322 1006; x_wconf 89' lang='lat' dir='ltr'><strong>omnia</strong></span> <span class='ocrx_word' id='word_1_118' title='bbox 1343 974 1425 1006; x_wconf 85' lang='lat' dir='ltr'><strong>aufe-</strong></span> 
     </span>
     <span class='ocr_line' id='line_1_20' title="bbox 473 1027 1424 1070; baseline -0.003 -9"><span class='ocrx_word' id='word_1_119' title='bbox 473 1034 571 1067; x_wconf 83' lang='lat' dir='ltr'><strong>retur,</strong></span> <span class='ocrx_word' id='word_1_120' title='bbox 596 1033 626 1061; x_wconf 90' lang='lat' dir='ltr'><strong>et</strong></span> <span class='ocrx_word' id='word_1_121' title='bbox 650 1028 734 1070; x_wconf 88' lang='lat' dir='ltr'><strong>quod</strong></span> <span class='ocrx_word' id='word_1_122' title='bbox 759 1028 909 1060; x_wconf 82' lang='lat' dir='ltr'><strong>excitavit</strong></span> <span class='ocrx_word' id='word_1_123' title='bbox 940 1028 979 1060; x_wconf 80' lang='lat' dir='ltr'><strong>ad</strong></span> <span class='ocrx_word' id='word_1_124' title='bbox 1004 1027 1179 1065; x_wconf 75' lang='lat' dir='ltr'><strong>libidinem,</strong></span> <span class='ocrx_word' id='word_1_125' title='bbox 1211 1027 1361 1059; x_wconf 78' lang='lat' dir='ltr'><strong>excitabit</strong></span> <span class='ocrx_word' id='word_1_126' title='bbox 1385 1027 1424 1059; x_wconf 82' lang='lat' dir='ltr'><strong>ad</strong></span> 
     </span>
     <span class='ocr_line' id='line_1_21' title="bbox 472 1081 689 1123; baseline -0.005 -10"><span class='ocrx_word' id='word_1_127' title='bbox 472 1082 535 1123; x_wconf 15' lang='lat' dir='ltr'><strong>Dei&lt;</strong></span> <span class='ocrx_word' id='word_1_128' title='bbox 552 1081 689 1114; x_wconf 86' lang='lat' dir='ltr'><strong>laudem.</strong></span> 
     </span>
    </p>

    <p class='ocr_par' dir='ltr' id='par_1_6' title="bbox 472 1132 1426 1325">
     <span class='ocr_line' id='line_1_22' title="bbox 561 1132 1424 1175; baseline -0.002 -9"><span class='ocrx_word' id='word_1_129' title='bbox 561 1135 649 1175; x_wconf 86' lang='lat' dir='ltr'><strong>Quod</strong></span> <span class='ocrx_word' id='word_1_130' title='bbox 668 1143 742 1175; x_wconf 88' lang='lat' dir='ltr'><strong>ergo</strong></span> <span class='ocrx_word' id='word_1_131' title='bbox 767 1134 868 1175; x_wconf 85' lang='lat' dir='ltr'><strong>primo</strong></span> <span class='ocrx_word' id='word_1_132' title='bbox 885 1133 1042 1171; x_wconf 84' lang='lat' dir='ltr'><strong>obiicitur,</strong></span> <span class='ocrx_word' id='word_1_133' title='bbox 1067 1133 1151 1173; x_wconf 91' lang='lat' dir='ltr'><strong>quod</strong></span> <span class='ocrx_word' id='word_1_134' title='bbox 1170 1132 1244 1164; x_wconf 88' lang='lat' dir='ltr'><strong>dicit</strong></span> <span class='ocrx_word' id='word_1_135' title='bbox 1268 1132 1424 1164; x_wconf 88' lang='lat' dir='ltr'><strong>defectum</strong></span> 
     </span>
     <span class='ocr_line' id='line_1_23' title="bbox 472 1185 1424 1227; baseline -0.002 -8"><span class='ocrx_word' id='word_1_136' title='bbox 472 1187 606 1225; x_wconf 79' lang='lat' dir='ltr'><strong>virium;</strong></span> <span class='ocrx_word' id='word_1_137' title='bbox 631 1186 818 1225; x_wconf 88' lang='lat' dir='ltr'><strong>dicendum,</strong></span> <span class='ocrx_word' id='word_1_138' title='bbox 843 1186 927 1227; x_wconf 87' lang='lat' dir='ltr'><strong>quod</strong></span> <span class='ocrx_word' id='word_1_139' title='bbox 961 1185 1019 1217; x_wconf 85' lang='lat' dir='ltr'><strong>hoc</strong></span> <span class='ocrx_word' id='word_1_140' title='bbox 1044 1189 1090 1217; x_wconf 91' lang='lat' dir='ltr'><strong>est</strong></span> <span class='ocrx_word' id='word_1_141' title='bbox 1121 1185 1223 1217; x_wconf 90' lang='lat' dir='ltr'><strong>solum</strong></span> <span class='ocrx_word' id='word_1_142' title='bbox 1249 1185 1424 1218; x_wconf 89' lang='lat' dir='ltr'><strong>secundum</strong></span> 
     </span>
     <span class='ocr_line' id='line_1_24' title="bbox 473 1237 1426 1281; baseline -0.003 -9"><span class='ocrx_word' id='word_1_143' title='bbox 473 1244 588 1272; x_wconf 89' lang='lat' dir='ltr'><strong>statum</strong></span> <span class='ocrx_word' id='word_1_144' title='bbox 615 1242 829 1281; x_wconf 77' lang='lat' dir='ltr'><strong>praesentem,</strong></span> <span class='ocrx_word' id='word_1_145' title='bbox 855 1238 894 1270; x_wconf 89' lang='lat' dir='ltr'><strong>ibi</strong></span> <span class='ocrx_word' id='word_1_146' title='bbox 921 1241 1026 1270; x_wconf 90' lang='lat' dir='ltr'><strong>autem</strong></span> <span class='ocrx_word' id='word_1_147' title='bbox 1052 1237 1250 1279; x_wconf 89' lang='lat' dir='ltr'><strong>relinquetur</strong></span> <span class='ocrx_word' id='word_1_148' title='bbox 1274 1246 1372 1270; x_wconf 82' lang='lat' dir='ltr'><strong>sexus</strong></span> <span class='ocrx_word' id='word_1_149' title='bbox 1396 1242 1426 1270; x_wconf 88' lang='lat' dir='ltr'><strong>et</strong></span> 
     </span>
     <span class='ocr_line' id='line_1_25' title="bbox 474 1292 800 1325; baseline -0.009 0"><span class='ocrx_word' id='word_1_150' title='bbox 474 1293 601 1325; x_wconf 88' lang='lat' dir='ltr'><strong>tolletur</strong></span> <span class='ocrx_word' id='word_1_151' title='bbox 624 1292 800 1324; x_wconf 86' lang='lat' dir='ltr'><strong>infirmitas.</strong></span> 
     </span>
    </p>

    <p class='ocr_par' dir='ltr' id='par_1_7' title="bbox 471 1332 1429 2229">
     <span class='ocr_line' id='line_1_26' title="bbox 561 1332 1429 1387; baseline -0.002 -10"><span class='ocrx_word' id='word_1_152' title='bbox 561 1345 651 1387; x_wconf 82' lang='lat' dir='ltr'><strong>Quod</strong></span> <span class='ocrx_word' id='word_1_153' title='bbox 674 1344 838 1383; x_wconf 85' lang='lat' dir='ltr'><strong>obiicitur,</strong></span> <span class='ocrx_word' id='word_1_154' title='bbox 867 1344 951 1385; x_wconf 86' lang='lat' dir='ltr'><strong>quod</strong></span> <span class='ocrx_word' id='word_1_155' title='bbox 980 1343 1095 1376; x_wconf 86' lang='lat' dir='ltr'><strong>femina</strong></span> <span class='ocrx_word' id='word_1_156' title='bbox 1131 1348 1178 1375; x_wconf 92' lang='lat' dir='ltr'><strong>est</strong></span> <span class='ocrx_word' id='word_1_157' title='bbox 1212 1343 1261 1375; x_wconf 88' lang='lat' dir='ltr'><strong>vir</strong></span> <span class='ocrx_word' id='word_1_158' title='bbox 1295 1332 1429 1376; x_wconf 59' lang='lat' dir='ltr'><strong>occasiot</strong></span> 
     </span>
     <span class='ocr_line' id='line_1_27' title="bbox 473 1395 1427 1438; baseline -0.003 -8"><span class='ocrx_word' id='word_1_159' title='bbox 473 1402 582 1436; x_wconf 84' lang='lat' dir='ltr'><strong>natus;</strong></span> <span class='ocrx_word' id='word_1_160' title='bbox 611 1397 798 1435; x_wconf 78' lang='lat' dir='ltr'><strong>dicendum,</strong></span> <span class='ocrx_word' id='word_1_161' title='bbox 827 1396 911 1438; x_wconf 91' lang='lat' dir='ltr'><strong>quod</strong></span> <span class='ocrx_word' id='word_1_162' title='bbox 936 1399 983 1428; x_wconf 88' lang='lat' dir='ltr'><strong>est</strong></span> <span class='ocrx_word' id='word_1_163' title='bbox 1006 1395 1091 1437; x_wconf 87' lang='lat' dir='ltr'><strong>loqui</strong></span> <span class='ocrx_word' id='word_1_164' title='bbox 1109 1396 1148 1428; x_wconf 92' lang='lat' dir='ltr'><strong>de</strong></span> <span class='ocrx_word' id='word_1_165' title='bbox 1173 1398 1304 1427; x_wconf 88' lang='lat' dir='ltr'><strong>naturae</strong></span> <span class='ocrx_word' id='word_1_166' title='bbox 1328 1395 1427 1427; x_wconf 72' lang='lat' dir='ltr'><strong>tuten-</strong></span> 
     </span>
     <span class='ocr_line' id='line_1_28' title="bbox 474 1448 1426 1487; baseline -0.003 -4"><span class='ocrx_word' id='word_1_167' title='bbox 474 1451 556 1483; x_wconf 72' lang='lat' dir='ltr'><strong>tione</strong></span> <span class='ocrx_word' id='word_1_168' title='bbox 580 1449 778 1487; x_wconf 74' lang='lat' dir='ltr'><strong>universati,</strong></span> <span class='ocrx_word' id='word_1_169' title='bbox 808 1453 839 1481; x_wconf 86' lang='lat' dir='ltr'><strong>et</strong></span> <span class='ocrx_word' id='word_1_170' title='bbox 874 1449 917 1481; x_wconf 88' lang='lat' dir='ltr'><strong>sic</strong></span> <span class='ocrx_word' id='word_1_171' title='bbox 951 1449 1067 1481; x_wconf 84' lang='lat' dir='ltr'><strong>femina</strong></span> <span class='ocrx_word' id='word_1_172' title='bbox 1101 1452 1149 1481; x_wconf 85' lang='lat' dir='ltr'><strong>est</strong></span> <span class='ocrx_word' id='word_1_173' title='bbox 1183 1448 1222 1481; x_wconf 93' lang='lat' dir='ltr'><strong>de</strong></span> <span class='ocrx_word' id='word_1_174' title='bbox 1257 1449 1426 1480; x_wconf 84' lang='lat' dir='ltr'><strong>intentione</strong></span> 
     </span>
     <span class='ocr_line' id='line_1_29' title="bbox 474 1501 1426 1544; baseline -0.004 -8"><span class='ocrx_word' id='word_1_175' title='bbox 474 1508 623 1542; x_wconf 73' lang='lat' dir='ltr'><strong>naturae,</strong></span> <span class='ocrx_word' id='word_1_176' title='bbox 648 1512 728 1544; x_wconf 84' lang='lat' dir='ltr'><strong>quae</strong></span> <span class='ocrx_word' id='word_1_177' title='bbox 754 1502 885 1534; x_wconf 81' lang='lat' dir='ltr'><strong>intendit</strong></span> <span class='ocrx_word' id='word_1_178' title='bbox 909 1502 1032 1534; x_wconf 86' lang='lat' dir='ltr'><strong>salvare</strong></span> <span class='ocrx_word' id='word_1_179' title='bbox 1057 1502 1191 1543; x_wconf 85' lang='lat' dir='ltr'><strong>speciem</strong></span> <span class='ocrx_word' id='word_1_180' title='bbox 1206 1501 1233 1540; x_wconf 75' lang='lat'><strong>³3</strong></span> <span class='ocrx_word' id='word_1_181' title='bbox 1258 1505 1287 1533; x_wconf 89' lang='lat' dir='ltr'><strong>et</strong></span> <span class='ocrx_word' id='word_1_182' title='bbox 1311 1505 1358 1533; x_wconf 87' lang='lat' dir='ltr'><strong>est</strong></span> <span class='ocrx_word' id='word_1_183' title='bbox 1386 1501 1426 1533; x_wconf 90' lang='lat' dir='ltr'><strong>lo-</strong></span> 
     </span>
     <span class='ocr_line' id='line_1_30' title="bbox 473 1553 1425 1598; baseline -0.003 -11"><span class='ocrx_word' id='word_1_184' title='bbox 473 1556 526 1598; x_wconf 91' lang='lat' dir='ltr'><strong>qui</strong></span> <span class='ocrx_word' id='word_1_185' title='bbox 551 1556 590 1587; x_wconf 89' lang='lat' dir='ltr'><strong>de</strong></span> <span class='ocrx_word' id='word_1_186' title='bbox 614 1555 788 1587; x_wconf 67' lang='lat' dir='ltr'><strong>intentione</strong></span> <span class='ocrx_word' id='word_1_187' title='bbox 809 1558 954 1586; x_wconf 65' lang='lat' dir='ltr'><strong>naturae</strong></span> <span class='ocrx_word' id='word_1_188' title='bbox 973 1553 1176 1595; x_wconf 58' lang='lat' dir='ltr'><strong>stimularis,</strong></span> <span class='ocrx_word' id='word_1_189' title='bbox 1202 1562 1283 1594; x_wconf 85' lang='lat' dir='ltr'><strong>quae</strong></span> <span class='ocrx_word' id='word_1_190' title='bbox 1306 1553 1425 1585; x_wconf 88' lang='lat' dir='ltr'><strong>deside—</strong></span> 
     </span>
     <span class='ocr_line' id='line_1_31' title="bbox 472 1606 1423 1649; baseline -0.004 -8"><span class='ocrx_word' id='word_1_191' title='bbox 472 1612 520 1641; x_wconf 85' lang='lat' dir='ltr'><strong>rat</strong></span> <span class='ocrx_word' id='word_1_192' title='bbox 555 1618 622 1640; x_wconf 91' lang='lat' dir='ltr'><strong>rem</strong></span> <span class='ocrx_word' id='word_1_193' title='bbox 658 1608 777 1646; x_wconf 84' lang='lat' dir='ltr'><strong>facere,</strong></span> <span class='ocrx_word' id='word_1_194' title='bbox 802 1611 919 1649; x_wconf 88' lang='lat' dir='ltr'><strong>quanto</strong></span> <span class='ocrx_word' id='word_1_195' title='bbox 944 1606 1105 1638; x_wconf 84' lang='lat' dir='ltr'><strong>meliorem</strong></span> <span class='ocrx_word' id='word_1_196' title='bbox 1142 1610 1172 1638; x_wconf 91' lang='lat' dir='ltr'><strong>et</strong></span> <span class='ocrx_word' id='word_1_197' title='bbox 1207 1606 1423 1647; x_wconf 80' lang='lat' dir='ltr'><strong>perfectiorem</strong></span> 
     </span>
     <span class='ocr_line' id='line_1_32' title="bbox 472 1659 1426 1703; baseline -0.002 -11"><span class='ocrx_word' id='word_1_198' title='bbox 472 1665 590 1703; x_wconf 77' lang='lat' dir='ltr'><strong>potest,</strong></span> <span class='ocrx_word' id='word_1_199' title='bbox 615 1664 644 1693; x_wconf 93' lang='lat' dir='ltr'><strong>et</strong></span> <span class='ocrx_word' id='word_1_200' title='bbox 668 1660 752 1702; x_wconf 89' lang='lat' dir='ltr'><strong>quod</strong></span> <span class='ocrx_word' id='word_1_201' title='bbox 777 1669 837 1692; x_wconf 89' lang='lat' dir='ltr'><strong>non</strong></span> <span class='ocrx_word' id='word_1_202' title='bbox 862 1659 970 1696; x_wconf 72' lang='lat' dir='ltr'><strong>faciat,</strong></span> <span class='ocrx_word' id='word_1_203' title='bbox 989 1659 1047 1691; x_wconf 90' lang='lat' dir='ltr'><strong>hoc</strong></span> <span class='ocrx_word' id='word_1_204' title='bbox 1071 1662 1117 1691; x_wconf 89' lang='lat' dir='ltr'><strong>est</strong></span> <span class='ocrx_word' id='word_1_205' title='bbox 1138 1662 1263 1700; x_wconf 88' lang='lat' dir='ltr'><strong>praeter</strong></span> <span class='ocrx_word' id='word_1_206' title='bbox 1285 1659 1426 1691; x_wconf 90' lang='lat' dir='ltr'><strong>intentio-</strong></span> 
     </span>
     <span class='ocr_line' id='line_1_33' title="bbox 471 1711 1424 1755; baseline -0.003 -9"><span class='ocrx_word' id='word_1_207' title='bbox 471 1723 542 1746; x_wconf 89' lang='lat' dir='ltr'><strong>nem</strong></span> <span class='ocrx_word' id='word_1_208' title='bbox 568 1718 696 1755; x_wconf 86' lang='lat' dir='ltr'><strong>propter</strong></span> <span class='ocrx_word' id='word_1_209' title='bbox 721 1713 860 1754; x_wconf 77' lang='lat' dir='ltr'><strong>aliquam</strong></span> <span class='ocrx_word' id='word_1_210' title='bbox 877 1713 1071 1744; x_wconf 83' lang='lat' dir='ltr'><strong>occasionem</strong></span> <span class='ocrx_word' id='word_1_211' title='bbox 1097 1711 1296 1744; x_wconf 81' lang='lat' dir='ltr'><strong>incidentem.</strong></span> <span class='ocrx_word' id='word_1_212' title='bbox 1315 1712 1349 1743; x_wconf 90' lang='lat' dir='ltr'><strong>Et</strong></span> <span class='ocrx_word' id='word_1_213' title='bbox 1366 1712 1424 1743; x_wconf 91' lang='lat' dir='ltr'><strong>hoc</strong></span> 
     </span>
     <span class='ocr_line' id='line_1_34' title="bbox 472 1764 1426 1807; baseline -0.003 -8"><span class='ocrx_word' id='word_1_214' title='bbox 472 1767 565 1799; x_wconf 86' lang='lat' dir='ltr'><strong>modo</strong></span> <span class='ocrx_word' id='word_1_215' title='bbox 589 1770 636 1798; x_wconf 88' lang='lat' dir='ltr'><strong>est</strong></span> <span class='ocrx_word' id='word_1_216' title='bbox 661 1766 728 1804; x_wconf 86' lang='lat' dir='ltr'><strong>hic,</strong></span> <span class='ocrx_word' id='word_1_217' title='bbox 753 1766 827 1807; x_wconf 87' lang='lat' dir='ltr'><strong>quia</strong></span> <span class='ocrx_word' id='word_1_218' title='bbox 857 1769 972 1797; x_wconf 80' lang='lat' dir='ltr'><strong>natura</strong></span> <span class='ocrx_word' id='word_1_219' title='bbox 1000 1765 1039 1797; x_wconf 90' lang='lat' dir='ltr'><strong>de</strong></span> <span class='ocrx_word' id='word_1_220' title='bbox 1072 1764 1212 1797; x_wconf 70' lang='lat' dir='ltr'><strong>semine‘*</strong></span> <span class='ocrx_word' id='word_1_221' title='bbox 1238 1765 1352 1797; x_wconf 83' lang='lat' dir='ltr'><strong>faceret</strong></span> <span class='ocrx_word' id='word_1_222' title='bbox 1384 1765 1426 1797; x_wconf 87' lang='lat' dir='ltr'><strong>vi-</strong></span> 
     </span>
     <span class='ocr_line' id='line_1_35' title="bbox 473 1817 1425 1861; baseline -0.003 -9"><span class='ocrx_word' id='word_1_223' title='bbox 473 1828 563 1858; x_wconf 89' lang='lat' dir='ltr'><strong>rum,</strong></span> <span class='ocrx_word' id='word_1_224' title='bbox 588 1820 612 1852; x_wconf 87' lang='lat' dir='ltr'><strong>si</strong></span> <span class='ocrx_word' id='word_1_225' title='bbox 638 1822 759 1861; x_wconf 56' lang='lat' dir='ltr'><strong>possen</strong></span> <span class='ocrx_word' id='word_1_226' title='bbox 784 1819 839 1851; x_wconf 90' lang='lat' dir='ltr'><strong>sed</strong></span> <span class='ocrx_word' id='word_1_227' title='bbox 859 1818 933 1860; x_wconf 87' lang='lat' dir='ltr'><strong>quia</strong></span> <span class='ocrx_word' id='word_1_228' title='bbox 950 1818 999 1850; x_wconf 83' lang='lat' dir='ltr'><strong>vel</strong></span> <span class='ocrx_word' id='word_1_229' title='bbox 1024 1822 1070 1850; x_wconf 91' lang='lat' dir='ltr'><strong>est</strong></span> <span class='ocrx_word' id='word_1_230' title='bbox 1094 1817 1235 1850; x_wconf 87' lang='lat' dir='ltr'><strong>defectus</strong></span> <span class='ocrx_word' id='word_1_231' title='bbox 1252 1818 1283 1849; x_wconf 90' lang='lat' dir='ltr'><strong>in</strong></span> <span class='ocrx_word' id='word_1_232' title='bbox 1308 1818 1425 1849; x_wconf 87' lang='lat' dir='ltr'><strong>virtute</strong></span> 
     </span>
     <span class='ocr_line' id='line_1_36' title="bbox 474 1870 1426 1911; baseline -0.004 -6"><span class='ocrx_word' id='word_1_233' title='bbox 474 1877 504 1905; x_wconf 88' lang='lat' dir='ltr'><strong>et</strong></span> <span class='ocrx_word' id='word_1_234' title='bbox 527 1872 698 1910; x_wconf 76' lang='lat' dir='ltr'><strong>caliditate,</strong></span> <span class='ocrx_word' id='word_1_235' title='bbox 723 1871 772 1903; x_wconf 90' lang='lat' dir='ltr'><strong>vel</strong></span> <span class='ocrx_word' id='word_1_236' title='bbox 797 1871 889 1903; x_wconf 91' lang='lat' dir='ltr'><strong>etiam</strong></span> <span class='ocrx_word' id='word_1_237' title='bbox 919 1874 965 1903; x_wconf 88' lang='lat' dir='ltr'><strong>est</strong></span> <span class='ocrx_word' id='word_1_238' title='bbox 989 1870 1101 1903; x_wconf 87' lang='lat' dir='ltr'><strong>debilis</strong></span> <span class='ocrx_word' id='word_1_239' title='bbox 1126 1870 1302 1911; x_wconf 86' lang='lat' dir='ltr'><strong>coagulatio</strong></span> <span class='ocrx_word' id='word_1_240' title='bbox 1326 1870 1356 1901; x_wconf 90' lang='lat' dir='ltr'><strong>in</strong></span> <span class='ocrx_word' id='word_1_241' title='bbox 1382 1879 1426 1902; x_wconf 91' lang='lat' dir='ltr'><strong>se-</strong></span> 
     </span>
     <span class='ocr_line' id='line_1_37' title="bbox 474 1923 1425 1964; baseline -0.003 -7"><span class='ocrx_word' id='word_1_242' title='bbox 474 1926 574 1963; x_wconf 84' lang='lat' dir='ltr'><strong>mine,</strong></span> <span class='ocrx_word' id='word_1_243' title='bbox 600 1924 649 1957; x_wconf 78' lang='lat' dir='ltr'><strong>vel</strong></span> <span class='ocrx_word' id='word_1_244' title='bbox 666 1933 727 1956; x_wconf 91' lang='lat' dir='ltr'><strong>non</strong></span> <span class='ocrx_word' id='word_1_245' title='bbox 752 1924 870 1956; x_wconf 85' lang='lat' dir='ltr'><strong>directe</strong></span> <span class='ocrx_word' id='word_1_246' title='bbox 887 1923 1037 1964; x_wconf 87' lang='lat' dir='ltr'><strong>recipitur</strong></span> <span class='ocrx_word' id='word_1_247' title='bbox 1058 1923 1089 1954; x_wconf 90' lang='lat' dir='ltr'><strong>in</strong></span> <span class='ocrx_word' id='word_1_248' title='bbox 1107 1923 1251 1961; x_wconf 89' lang='lat' dir='ltr'><strong>matrice;</strong></span> <span class='ocrx_word' id='word_1_249' title='bbox 1275 1923 1348 1955; x_wconf 86' lang='lat' dir='ltr'><strong>hinc</strong></span> <span class='ocrx_word' id='word_1_250' title='bbox 1365 1927 1425 1961; x_wconf 83' lang='lat' dir='ltr'><strong>est,</strong></span> 
     </span>
     <span class='ocr_line' id='line_1_38' title="bbox 474 1975 1424 2020; baseline -0.003 -10"><span class='ocrx_word' id='word_1_251' title='bbox 474 1978 558 2020; x_wconf 84' lang='lat' dir='ltr'><strong>quod</strong></span> <span class='ocrx_word' id='word_1_252' title='bbox 583 1977 697 2009; x_wconf 89' lang='lat' dir='ltr'><strong>mulier</strong></span> <span class='ocrx_word' id='word_1_253' title='bbox 721 1980 890 2018; x_wconf 87' lang='lat' dir='ltr'><strong>generatur</strong></span> <span class='ocrx_word' id='word_1_254' title='bbox 914 1980 944 2008; x_wconf 87' lang='lat' dir='ltr'><strong>et</strong></span> <span class='ocrx_word' id='word_1_255' title='bbox 968 1976 1083 2008; x_wconf 91' lang='lat' dir='ltr'><strong>dicitur</strong></span> <span class='ocrx_word' id='word_1_256' title='bbox 1107 1975 1160 2007; x_wconf 74' lang='lat' dir='ltr'><strong>vir</strong></span> <span class='ocrx_word' id='word_1_257' title='bbox 1185 1975 1424 2008; x_wconf 73' lang='lat' dir='ltr'><strong>occasionattts.</strong></span> 
     </span>
     <span class='ocr_line' id='line_1_39' title="bbox 474 2029 1426 2072; baseline -0.003 -9"><span class='ocrx_word' id='word_1_258' title='bbox 474 2032 590 2063; x_wconf 85' lang='lat' dir='ltr'><strong>Tamen</strong></span> <span class='ocrx_word' id='word_1_259' title='bbox 604 2031 677 2072; x_wconf 92' lang='lat' dir='ltr'><strong>quia</strong></span> <span class='ocrx_word' id='word_1_260' title='bbox 695 2030 784 2061; x_wconf 87' lang='lat' dir='ltr'><strong>istam</strong></span> <span class='ocrx_word' id='word_1_261' title='bbox 802 2029 996 2061; x_wconf 86' lang='lat' dir='ltr'><strong>occasionem</strong></span> <span class='ocrx_word' id='word_1_262' title='bbox 1014 2037 1140 2061; x_wconf 81' lang='lat' dir='ltr'><strong>necesse</strong></span> <span class='ocrx_word' id='word_1_263' title='bbox 1158 2032 1204 2061; x_wconf 88' lang='lat' dir='ltr'><strong>est</strong></span> <span class='ocrx_word' id='word_1_264' title='bbox 1220 2029 1356 2067; x_wconf 86' lang='lat' dir='ltr'><strong>evenire,</strong></span> <span class='ocrx_word' id='word_1_265' title='bbox 1370 2038 1426 2061; x_wconf 90' lang='lat' dir='ltr'><strong>nec</strong></span> 
     </span>
     <span class='ocr_line' id='line_1_40' title="bbox 475 2081 1425 2123; baseline -0.003 -8"><span class='ocrx_word' id='word_1_266' title='bbox 475 2083 539 2115; x_wconf 89' lang='lat' dir='ltr'><strong>sine</strong></span> <span class='ocrx_word' id='word_1_267' title='bbox 564 2092 600 2115; x_wconf 85' lang='lat' dir='ltr'><strong>ea</strong></span> <span class='ocrx_word' id='word_1_268' title='bbox 624 2085 725 2123; x_wconf 88' lang='lat' dir='ltr'><strong>potest</strong></span> <span class='ocrx_word' id='word_1_269' title='bbox 749 2085 861 2113; x_wconf 88' lang='lat' dir='ltr'><strong>natura</strong></span> <span class='ocrx_word' id='word_1_270' title='bbox 885 2081 999 2113; x_wconf 88' lang='lat' dir='ltr'><strong>salvari</strong></span> <span class='ocrx_word' id='word_1_271' title='bbox 1029 2081 1059 2112; x_wconf 89' lang='lat' dir='ltr'><strong>in</strong></span> <span class='ocrx_word' id='word_1_272' title='bbox 1084 2090 1170 2118; x_wconf 57' lang='lat' dir='ltr'><strong>esse,-</strong></span> <span class='ocrx_word' id='word_1_273' title='bbox 1194 2081 1263 2113; x_wconf 86' lang='lat' dir='ltr'><strong>ideo</strong></span> <span class='ocrx_word' id='word_1_274' title='bbox 1293 2084 1425 2118; x_wconf 78' lang='lat' dir='ltr'><strong>natura,</strong></span> 
     </span>
     <span class='ocr_line' id='line_1_41' title="bbox 473 2133 1426 2177; baseline -0.003 -10"><span class='ocrx_word' id='word_1_275' title='bbox 473 2144 553 2177; x_wconf 88' lang='lat' dir='ltr'><strong>quae</strong></span> <span class='ocrx_word' id='word_1_276' title='bbox 580 2134 710 2167; x_wconf 89' lang='lat' dir='ltr'><strong>intendit</strong></span> <span class='ocrx_word' id='word_1_277' title='bbox 733 2134 866 2173; x_wconf 82' lang='lat' dir='ltr'><strong>salvari,</strong></span> <span class='ocrx_word' id='word_1_278' title='bbox 891 2137 1064 2175; x_wconf 88' lang='lat' dir='ltr'><strong>utrumque</strong></span> <span class='ocrx_word' id='word_1_279' title='bbox 1089 2142 1202 2165; x_wconf 82' lang='lat' dir='ltr'><strong>sexum</strong></span> <span class='ocrx_word' id='word_1_280' title='bbox 1228 2133 1368 2165; x_wconf 87' lang='lat' dir='ltr'><strong>intendit.</strong></span> <span class='ocrx_word' id='word_1_281' title='bbox 1393 2133 1426 2165; x_wconf 89' lang='lat' dir='ltr'><strong>Et</strong></span> 
     </span>
     <span class='ocr_line' id='line_1_42' title="bbox 473 2187 737 2229; baseline -0.008 -9"><span class='ocrx_word' id='word_1_282' title='bbox 473 2188 516 2220; x_wconf 91' lang='lat' dir='ltr'><strong>sic</strong></span> <span class='ocrx_word' id='word_1_283' title='bbox 540 2191 624 2229; x_wconf 88' lang='lat' dir='ltr'><strong>patet</strong></span> <span class='ocrx_word' id='word_1_284' title='bbox 648 2187 737 2219; x_wconf 87' lang='lat' dir='ltr'><strong>illud.</strong></span> 
     </span>
    </p>

    <p class='ocr_par' dir='ltr' id='par_1_8' title="bbox 472 2238 1426 2430">
     <span class='ocr_line' id='line_1_43' title="bbox 560 2238 1426 2281; baseline -0.002 -9"><span class='ocrx_word' id='word_1_285' title='bbox 560 2241 603 2272; x_wconf 82' lang='lat' dir='ltr'><strong>Ad</strong></span> <span class='ocrx_word' id='word_1_286' title='bbox 629 2240 707 2272; x_wconf 88' lang='lat' dir='ltr'><strong>illud</strong></span> <span class='ocrx_word' id='word_1_287' title='bbox 732 2240 815 2281; x_wconf 89' lang='lat' dir='ltr'><strong>quod</strong></span> <span class='ocrx_word' id='word_1_288' title='bbox 842 2239 1005 2277; x_wconf 87' lang='lat' dir='ltr'><strong>obiicitur,</strong></span> <span class='ocrx_word' id='word_1_289' title='bbox 1034 2239 1117 2280; x_wconf 90' lang='lat' dir='ltr'><strong>quod</strong></span> <span class='ocrx_word' id='word_1_290' title='bbox 1142 2243 1236 2270; x_wconf 87' lang='lat' dir='ltr'><strong>eruut</strong></span> <span class='ocrx_word' id='word_1_291' title='bbox 1260 2238 1341 2271; x_wconf 84' lang='lat' dir='ltr'><strong>sicut</strong></span> <span class='ocrx_word' id='word_1_292' title='bbox 1372 2240 1426 2270; x_wconf 78' lang='lat' dir='ltr'><strong>An-</strong></span> 
     </span>
     <span class='ocr_line' id='line_1_44' title="bbox 472 2291 1424 2334; baseline -0.003 -9"><span class='ocrx_word' id='word_1_293' title='bbox 472 2293 547 2334; x_wconf 80' lang='lat' dir='ltr'><strong>geli3</strong></span> <span class='ocrx_word' id='word_1_294' title='bbox 575 2293 762 2331; x_wconf 81' lang='lat' dir='ltr'><strong>dicendum,</strong></span> <span class='ocrx_word' id='word_1_295' title='bbox 779 2292 864 2334; x_wconf 90' lang='lat' dir='ltr'><strong>quod</strong></span> <span class='ocrx_word' id='word_1_296' title='bbox 882 2301 942 2323; x_wconf 87' lang='lat' dir='ltr'><strong>non</strong></span> <span class='ocrx_word' id='word_1_297' title='bbox 968 2295 1014 2324; x_wconf 89' lang='lat' dir='ltr'><strong>est</strong></span> <span class='ocrx_word' id='word_1_298' title='bbox 1031 2291 1212 2323; x_wconf 88' lang='lat' dir='ltr'><strong>omnimoda</strong></span> <span class='ocrx_word' id='word_1_299' title='bbox 1236 2291 1424 2330; x_wconf 74' lang='lat' dir='ltr'><strong>similitudo,</strong></span> 
     </span>
     <span class='ocr_line' id='line_1_45' title="bbox 472 2343 1426 2387; baseline -0.002 -10"><span class='ocrx_word' id='word_1_300' title='bbox 472 2346 526 2378; x_wconf 86' lang='lat' dir='ltr'><strong>sed</strong></span> <span class='ocrx_word' id='word_1_301' title='bbox 552 2349 705 2387; x_wconf 89' lang='lat' dir='ltr'><strong>quantum</strong></span> <span class='ocrx_word' id='word_1_302' title='bbox 730 2345 769 2377; x_wconf 90' lang='lat' dir='ltr'><strong>ad</strong></span> <span class='ocrx_word' id='word_1_303' title='bbox 795 2345 867 2382; x_wconf 89' lang='lat' dir='ltr'><strong>hoc,</strong></span> <span class='ocrx_word' id='word_1_304' title='bbox 892 2344 977 2386; x_wconf 86' lang='lat' dir='ltr'><strong>quod</strong></span> <span class='ocrx_word' id='word_1_305' title='bbox 1002 2347 1095 2376; x_wconf 91' lang='lat' dir='ltr'><strong>erunt</strong></span> <span class='ocrx_word' id='word_1_306' title='bbox 1112 2344 1270 2376; x_wconf 86' lang='lat' dir='ltr'><strong>immunes</strong></span> <span class='ocrx_word' id='word_1_307' title='bbox 1294 2343 1333 2375; x_wconf 87' lang='lat' dir='ltr'><strong>ab</strong></span> <span class='ocrx_word' id='word_1_308' title='bbox 1357 2352 1426 2385; x_wconf 90' lang='lat' dir='ltr'><strong>ope-</strong></span> 
     </span>
     <span class='ocr_line' id='line_1_46' title="bbox 472 2398 718 2430; baseline -0.004 -1"><span class='ocrx_word' id='word_1_309' title='bbox 472 2398 560 2430; x_wconf 86' lang='lat' dir='ltr'><strong>ribus</strong></span> <span class='ocrx_word' id='word_1_310' title='bbox 585 2398 718 2430; x_wconf 78' lang='lat' dir='ltr'><strong>carnis⁵.</strong></span> 
     </span>
    </p>

    <p class='ocr_par' dir='ltr' id='par_1_9' title="bbox 471 2449 1426 2597">
     <span class='ocr_line' id='line_1_47' title="bbox 560 2449 1426 2491; baseline -0.002 -9"><span class='ocrx_word' id='word_1_311' title='bbox 560 2451 603 2482; x_wconf 75' lang='lat' dir='ltr'><strong>Ad</strong></span> <span class='ocrx_word' id='word_1_312' title='bbox 628 2450 707 2482; x_wconf 86' lang='lat' dir='ltr'><strong>illud</strong></span> <span class='ocrx_word' id='word_1_313' title='bbox 732 2450 816 2491; x_wconf 88' lang='lat' dir='ltr'><strong>quod</strong></span> <span class='ocrx_word' id='word_1_314' title='bbox 841 2449 1002 2488; x_wconf 87' lang='lat' dir='ltr'><strong>obiicitur,</strong></span> <span class='ocrx_word' id='word_1_315' title='bbox 1027 2449 1111 2490; x_wconf 87' lang='lat' dir='ltr'><strong>quod</strong></span> <span class='ocrx_word' id='word_1_316' title='bbox 1130 2458 1190 2481; x_wconf 87' lang='lat' dir='ltr'><strong>non</strong></span> <span class='ocrx_word' id='word_1_317' title='bbox 1215 2449 1275 2481; x_wconf 88' lang='lat' dir='ltr'><strong>erit</strong></span> <span class='ocrx_word' id='word_1_318' title='bbox 1299 2457 1426 2489; x_wconf 86' lang='lat' dir='ltr'><strong>genera-</strong></span> 
     </span>
     <span class='ocr_line' id='line_1_48' title="bbox 472 2502 1424 2544; baseline -0.002 -9"><span class='ocrx_word' id='word_1_319' title='bbox 472 2504 530 2542; x_wconf 83' lang='lat' dir='ltr'><strong>tio;</strong></span> <span class='ocrx_word' id='word_1_320' title='bbox 556 2503 743 2542; x_wconf 88' lang='lat' dir='ltr'><strong>dicendum,</strong></span> <span class='ocrx_word' id='word_1_321' title='bbox 776 2503 860 2544; x_wconf 91' lang='lat' dir='ltr'><strong>quod</strong></span> <span class='ocrx_word' id='word_1_322' title='bbox 886 2503 966 2535; x_wconf 86' lang='lat' dir='ltr'><strong>sicut</strong></span> <span class='ocrx_word' id='word_1_323' title='bbox 990 2502 1050 2534; x_wconf 89' lang='lat' dir='ltr'><strong>erit</strong></span> <span class='ocrx_word' id='word_1_324' title='bbox 1081 2502 1128 2534; x_wconf 90' lang='lat' dir='ltr'><strong>vis</strong></span> <span class='ocrx_word' id='word_1_325' title='bbox 1152 2502 1332 2544; x_wconf 83' lang='lat' dir='ltr'><strong>generativa</strong></span> <span class='ocrx_word' id='word_1_326' title='bbox 1364 2510 1424 2533; x_wconf 89' lang='lat' dir='ltr'><strong>non</strong></span> 
     </span>
     <span class='ocr_line' id='line_1_49' title="bbox 471 2554 1425 2597; baseline -0.003 -9"><span class='ocrx_word' id='word_1_327' title='bbox 471 2557 510 2588; x_wconf 88' lang='lat' dir='ltr'><strong>ad</strong></span> <span class='ocrx_word' id='word_1_328' title='bbox 535 2565 628 2588; x_wconf 89' lang='lat' dir='ltr'><strong>usum</strong></span> <span class='ocrx_word' id='word_1_329' title='bbox 654 2555 839 2597; x_wconf 83' lang='lat' dir='ltr'><strong>generandi,</strong></span> <span class='ocrx_word' id='word_1_330' title='bbox 864 2556 919 2587; x_wconf 89' lang='lat' dir='ltr'><strong>sed</strong></span> <span class='ocrx_word' id='word_1_331' title='bbox 949 2555 989 2587; x_wconf 87' lang='lat' dir='ltr'><strong>ad</strong></span> <span class='ocrx_word' id='word_1_332' title='bbox 1022 2554 1242 2597; x_wconf 86' lang='lat' dir='ltr'><strong>perfectionem</strong></span> <span class='ocrx_word' id='word_1_333' title='bbox 1269 2554 1425 2592; x_wconf 84' lang='lat' dir='ltr'><strong>hominis;</strong></span> 
     </span>
    </p>
   </div>
   <div class='ocr_carea' id='block_1_6' title="bbox 1454 350 1464 2596">
    <p class='ocr_par' dir='ltr' id='par_1_10' title="bbox 1454 350 1464 2596">
     <span class='ocr_line' id='line_1_50' title="bbox 1454 350 1464 2596; baseline 0 0"><span class='ocrx_word' id='word_1_334' title='bbox 1454 350 1464 2596; x_wconf 95' lang='lat' dir='ltr'><strong> </strong></span> 
     </span>
    </p>
   </div>
   <div class='ocr_carea' id='block_1_7' title="bbox 1233 257 1681 289">
    <p class='ocr_par' dir='ltr' id='par_1_11' title="bbox 1233 257 1681 289">
     <span class='ocr_line' id='line_1_51' title="bbox 1233 257 1681 289; baseline -0.002 0"><span class='ocrx_word' id='word_1_335' title='bbox 1233 257 1517 289; x_wconf 82' lang='lat' dir='ltr'><strong>SENTENTIARUM</strong></span> <span class='ocrx_word' id='word_1_336' title='bbox 1541 257 1609 288; x_wconf 89' lang='lat' dir='ltr'><strong>LlB.</strong></span> <span class='ocrx_word' id='word_1_337' title='bbox 1634 257 1681 289; x_wconf 91' lang='lat' dir='ltr'><strong>IV.</strong></span> 
     </span>
    </p>
   </div>
   <div class='ocr_carea' id='block_1_8' title="bbox 1487 342 2431 437">
    <p class='ocr_par' dir='ltr' id='par_1_12' title="bbox 1487 342 2431 437">
     <span class='ocr_line' id='line_1_52' title="bbox 1487 342 2431 384; baseline 0.001 -10"><span class='ocrx_word' id='word_1_338' title='bbox 1487 343 1531 375; x_wconf 88' lang='lat' dir='ltr'><strong>sic</strong></span> <span class='ocrx_word' id='word_1_339' title='bbox 1554 343 1647 375; x_wconf 89' lang='lat' dir='ltr'><strong>etiam</strong></span> <span class='ocrx_word' id='word_1_340' title='bbox 1672 346 1766 375; x_wconf 90' lang='lat' dir='ltr'><strong>erunt</strong></span> <span class='ocrx_word' id='word_1_341' title='bbox 1796 342 1940 375; x_wconf 86' lang='lat' dir='ltr'><strong>membra</strong></span> <span class='ocrx_word' id='word_1_342' title='bbox 1964 343 2110 384; x_wconf 85' lang='lat' dir='ltr'><strong>genitalia</strong></span> <span class='ocrx_word' id='word_1_343' title='bbox 2140 343 2179 375; x_wconf 88' lang='lat' dir='ltr'><strong>ad</strong></span> <span class='ocrx_word' id='word_1_344' title='bbox 2213 343 2431 384; x_wconf 89' lang='lat' dir='ltr'><strong>perfectionem</strong></span> 
     </span>
     <span class='ocr_line' id='line_1_53' title="bbox 1487 395 1659 437; baseline 0 -10"><span class='ocrx_word' id='word_1_345' title='bbox 1487 395 1659 437; x_wconf 79' lang='lat' dir='ltr'><strong>corporis⁶.</strong></span> 
     </span>
    </p>
   </div>
   <div class='ocr_carea' id='block_1_9' title="bbox 1890 499 2034 532">
    <p class='ocr_par' dir='ltr' id='par_1_13' title="bbox 1890 499 2034 532">
     <span class='ocr_line' id='line_1_54' title="bbox 1890 499 2034 532; baseline 0 -1"><span class='ocrx_word' id='word_1_346' title='bbox 1890 500 1965 532; x_wconf 76' lang='lat' dir='ltr'><strong>Due.</strong></span> <span class='ocrx_word' id='word_1_347' title='bbox 1991 499 2034 531; x_wconf 86' lang='grc' dir='ltr'><strong>[ΙΙ.</strong></span> 
     </span>
    </p>
   </div>
   <div class='ocr_carea' id='block_1_10' title="bbox 1486 604 2483 2596">
    <p class='ocr_par' dir='ltr' id='par_1_14' title="bbox 1486 604 2439 1216">
     <span class='ocr_line' id='line_1_55' title="bbox 1578 604 2437 646; baseline 0.002 -10"><span class='ocrx_word' id='word_1_348' title='bbox 1578 605 1652 637; x_wconf 87' lang='lat' dir='ltr'><strong>[tem</strong></span> <span class='ocrx_word' id='word_1_349' title='bbox 1677 605 1841 646; x_wconf 89' lang='lat' dir='ltr'><strong>quaeritur</strong></span> <span class='ocrx_word' id='word_1_350' title='bbox 1873 605 1911 637; x_wconf 88' lang='lat' dir='ltr'><strong>de</strong></span> <span class='ocrx_word' id='word_1_351' title='bbox 1947 605 2006 636; x_wconf 89' lang='lat' dir='ltr'><strong>hoc</strong></span> <span class='ocrx_word' id='word_1_352' title='bbox 2042 604 2126 646; x_wconf 86' lang='lat' dir='ltr'><strong>quod</strong></span> <span class='ocrx_word' id='word_1_353' title='bbox 2150 604 2241 643; x_wconf 80' lang='lat' dir='ltr'><strong>dicit,</strong></span> <span class='ocrx_word' id='word_1_354' title='bbox 2265 605 2349 646; x_wconf 89' lang='lat' dir='ltr'><strong>quod</strong></span> <span class='ocrx_word' id='word_1_355' title='bbox 2372 615 2437 638; x_wconf 78' lang='lat' dir='ltr'><strong>mm</strong></span> 
     </span>
     <span class='ocr_line' id='line_1_56' title="bbox 1489 656 2436 700; baseline 0.001 -11"><span class='ocrx_word' id='word_1_356' title='bbox 1489 661 1536 689; x_wconf 76' lang='lat' dir='ltr'><strong>est</strong></span> <span class='ocrx_word' id='word_1_357' title='bbox 1556 656 1613 699; x_wconf 75' lang='lat' dir='ltr'><strong>fas</strong></span> <span class='ocrx_word' id='word_1_358' title='bbox 1637 657 1757 695; x_wconf 77' lang='lat' dir='ltr'><strong>dicere,</strong></span> <span class='ocrx_word' id='word_1_359' title='bbox 1783 657 1870 700; x_wconf 81' lang='lat' dir='ltr'><strong>quod</strong></span> <span class='ocrx_word' id='word_1_360' title='bbox 1892 657 1927 689; x_wconf 79' lang='lat' dir='ltr'><strong>in</strong></span> <span class='ocrx_word' id='word_1_361' title='bbox 1950 657 2191 689; x_wconf 75' lang='lat' dir='ltr'><strong>resurreetione</strong></span> <span class='ocrx_word' id='word_1_362' title='bbox 2214 657 2350 689; x_wconf 79' lang='lat' dir='ltr'><strong>accedat</strong></span> <span class='ocrx_word' id='word_1_363' title='bbox 2369 667 2436 690; x_wconf 82' lang='lat' dir='ltr'><strong>cor-</strong></span> 
     </span>
     <span class='ocr_line' id='line_1_57' title="bbox 1486 710 2436 752; baseline 0.001 -10"><span class='ocrx_word' id='word_1_364' title='bbox 1486 710 1565 752; x_wconf 77' lang='lat' dir='ltr'><strong>pori</strong></span> <span class='ocrx_word' id='word_1_365' title='bbox 1594 710 1800 752; x_wconf 63' lang='lat' dir='ltr'><strong>magnitudo.</strong></span> <span class='ocrx_word' id='word_1_366' title='bbox 1829 710 1961 743; x_wconf 89' lang='lat' dir='ltr'><strong>Videtur</strong></span> <span class='ocrx_word' id='word_1_367' title='bbox 1985 711 2068 742; x_wconf 89' lang='lat' dir='ltr'><strong>enim</strong></span> <span class='ocrx_word' id='word_1_368' title='bbox 2096 710 2226 749; x_wconf 86' lang='lat' dir='ltr'><strong>falsum,</strong></span> <span class='ocrx_word' id='word_1_369' title='bbox 2247 710 2320 752; x_wconf 90' lang='lat' dir='ltr'><strong>quia</strong></span> <span class='ocrx_word' id='word_1_370' title='bbox 2337 719 2436 743; x_wconf 87' lang='lat' dir='ltr'><strong>nauus</strong></span> 
     </span>
     <span class='ocr_line' id='line_1_58' title="bbox 1489 762 2438 804; baseline -0.001 -8"><span class='ocrx_word' id='word_1_371' title='bbox 1489 772 1546 796; x_wconf 88' lang='lat' dir='ltr'><strong>nec</strong></span> <span class='ocrx_word' id='word_1_372' title='bbox 1570 763 1681 801; x_wconf 82' lang='lat' dir='ltr'><strong>habuit</strong></span> <span class='ocrx_word' id='word_1_373' title='bbox 1704 772 1761 795; x_wconf 91' lang='lat' dir='ltr'><strong>nec</strong></span> <span class='ocrx_word' id='word_1_374' title='bbox 1786 763 1953 795; x_wconf 89' lang='lat' dir='ltr'><strong>habiturus</strong></span> <span class='ocrx_word' id='word_1_375' title='bbox 1976 763 2035 795; x_wconf 86' lang='lat' dir='ltr'><strong>fuit</strong></span> <span class='ocrx_word' id='word_1_376' title='bbox 2056 762 2261 795; x_wconf 87' lang='lat' dir='ltr'><strong>sufficientem</strong></span> <span class='ocrx_word' id='word_1_377' title='bbox 2286 763 2438 804; x_wconf 89' lang='lat' dir='ltr'><strong>maguitu-</strong></span> 
     </span>
     <span class='ocr_line' id='line_1_59' title="bbox 1490 811 2438 857; baseline 0 -9"><span class='ocrx_word' id='word_1_378' title='bbox 1490 817 1596 849; x_wconf 86' lang='lat' dir='ltr'><strong>dinem</strong></span> <span class='ocrx_word' id='word_1_379' title='bbox 1620 816 1650 847; x_wconf 92' lang='lat' dir='ltr'><strong>in</strong></span> <span class='ocrx_word' id='word_1_380' title='bbox 1677 816 1734 848; x_wconf 88' lang='lat' dir='ltr'><strong>hac</strong></span> <span class='ocrx_word' id='word_1_381' title='bbox 1757 816 1838 847; x_wconf 85' lang='lat' dir='ltr'><strong>vita:</strong></span> <span class='ocrx_word' id='word_1_382' title='bbox 1863 824 1938 856; x_wconf 86' lang='lat' dir='ltr'><strong>ergo</strong></span> <span class='ocrx_word' id='word_1_383' title='bbox 1970 815 2041 847; x_wconf 88' lang='lat' dir='ltr'><strong>nani</strong></span> <span class='ocrx_word' id='word_1_384' title='bbox 2058 816 2067 832; x_wconf 82' lang='lat'>⁷</span> <span class='ocrx_word' id='word_1_385' title='bbox 2093 811 2181 854; x_wconf 83' lang='lat' dir='ltr'><strong>boni,</strong></span> <span class='ocrx_word' id='word_1_386' title='bbox 2206 824 2342 857; x_wconf 89' lang='lat' dir='ltr'><strong>quorum</strong></span> <span class='ocrx_word' id='word_1_387' title='bbox 2375 825 2438 848; x_wconf 91' lang='lat' dir='ltr'><strong>cor-</strong></span> 
     </span>
     <span class='ocr_line' id='line_1_60' title="bbox 1489 868 2438 911; baseline 0 -11"><span class='ocrx_word' id='word_1_388' title='bbox 1489 878 1567 911; x_wconf 91' lang='lat' dir='ltr'><strong>pora</strong></span> <span class='ocrx_word' id='word_1_389' title='bbox 1591 872 1664 900; x_wconf 88' lang='lat' dir='ltr'><strong>sunt</strong></span> <span class='ocrx_word' id='word_1_390' title='bbox 1688 868 1854 907; x_wconf 87' lang='lat' dir='ltr'><strong>deformia,</strong></span> <span class='ocrx_word' id='word_1_391' title='bbox 1879 868 1922 900; x_wconf 89' lang='lat' dir='ltr'><strong>sic</strong></span> <span class='ocrx_word' id='word_1_392' title='bbox 1946 871 2039 900; x_wconf 90' lang='lat' dir='ltr'><strong>erunt</strong></span> <span class='ocrx_word' id='word_1_393' title='bbox 2063 868 2094 899; x_wconf 92' lang='lat' dir='ltr'><strong>in</strong></span> <span class='ocrx_word' id='word_1_394' title='bbox 2118 868 2243 900; x_wconf 88' lang='lat' dir='ltr'><strong>caelesti</strong></span> <span class='ocrx_word' id='word_1_395' title='bbox 2268 868 2379 909; x_wconf 87' lang='lat' dir='ltr'><strong>patria.</strong></span> <span class='ocrx_word' id='word_1_396' title='bbox 2396 888 2438 893; x_wconf 83' lang='lat'>—</span> 
     </span>
     <span class='ocr_line' id='line_1_61' title="bbox 1489 920 2437 962; baseline 0.001 -10"><span class='ocrx_word' id='word_1_397' title='bbox 1489 921 1582 960; x_wconf 82' lang='lat' dir='ltr'><strong>Item,</strong></span> <span class='ocrx_word' id='word_1_398' title='bbox 1607 920 1660 962; x_wconf 91' lang='lat' dir='ltr'><strong>qui</strong></span> <span class='ocrx_word' id='word_1_399' title='bbox 1692 924 1777 953; x_wconf 89' lang='lat' dir='ltr'><strong>caret</strong></span> <span class='ocrx_word' id='word_1_400' title='bbox 1802 920 1947 952; x_wconf 88' lang='lat' dir='ltr'><strong>manibus</strong></span> <span class='ocrx_word' id='word_1_401' title='bbox 1979 929 2141 962; x_wconf 83' lang='lat' dir='ltr'><strong>nunquam</strong></span> <span class='ocrx_word' id='word_1_402' title='bbox 2173 924 2240 952; x_wconf 87' lang='lat' dir='ltr'><strong>erat</strong></span> <span class='ocrx_word' id='word_1_403' title='bbox 2272 920 2437 953; x_wconf 89' lang='lat' dir='ltr'><strong>habiturus</strong></span> 
     </span>
     <span class='ocr_line' id='line_1_62' title="bbox 1491 973 2439 1014; baseline -0.001 -9"><span class='ocrx_word' id='word_1_404' title='bbox 1491 982 1618 1005; x_wconf 89' lang='lat' dir='ltr'><strong>manus:</strong></span> <span class='ocrx_word' id='word_1_405' title='bbox 1653 982 1728 1014; x_wconf 85' lang='lat' dir='ltr'><strong>ergo</strong></span> <span class='ocrx_word' id='word_1_406' title='bbox 1762 977 1906 1014; x_wconf 89' lang='lat' dir='ltr'><strong>resurget</strong></span> <span class='ocrx_word' id='word_1_407' title='bbox 1941 973 2007 1005; x_wconf 89' lang='lat' dir='ltr'><strong>sine</strong></span> <span class='ocrx_word' id='word_1_408' title='bbox 2038 973 2203 1005; x_wconf 86' lang='lat' dir='ltr'><strong>manibus:</strong></span> <span class='ocrx_word' id='word_1_409' title='bbox 2234 982 2308 1014; x_wconf 88' lang='lat' dir='ltr'><strong>ergo</strong></span> <span class='ocrx_word' id='word_1_410' title='bbox 2340 977 2439 1014; x_wconf 87' lang='lat' dir='ltr'><strong>potest</strong></span> 
     </span>
     <span class='ocr_line' id='line_1_63' title="bbox 1491 1026 2438 1068; baseline -0.001 -10"><span class='ocrx_word' id='word_1_411' title='bbox 1491 1026 1557 1058; x_wconf 85' lang='lat' dir='ltr'><strong>fieri</strong></span> <span class='ocrx_word' id='word_1_412' title='bbox 1583 1027 1700 1059; x_wconf 87' lang='lat' dir='ltr'><strong>additio</strong></span> <span class='ocrx_word' id='word_1_413' title='bbox 1725 1026 1942 1058; x_wconf 88' lang='lat' dir='ltr'><strong>membrorum</strong></span> <span class='ocrx_word' id='word_1_414' title='bbox 1974 1026 2173 1065; x_wconf 87' lang='lat' dir='ltr'><strong>officialium,</strong></span> <span class='ocrx_word' id='word_1_415' title='bbox 2198 1027 2271 1068; x_wconf 87' lang='lat' dir='ltr'><strong>quia</strong></span> <span class='ocrx_word' id='word_1_416' title='bbox 2303 1035 2364 1057; x_wconf 87' lang='lat' dir='ltr'><strong>non</strong></span> <span class='ocrx_word' id='word_1_417' title='bbox 2396 1035 2438 1058; x_wconf 90' lang='lat' dir='ltr'><strong>re-</strong></span> 
     </span>
     <span class='ocr_line' id='line_1_64' title="bbox 1491 1078 2439 1120; baseline 0 -10"><span class='ocrx_word' id='word_1_418' title='bbox 1491 1082 1599 1120; x_wconf 86' lang='lat' dir='ltr'><strong>surget</strong></span> <span class='ocrx_word' id='word_1_419' title='bbox 1623 1078 1688 1111; x_wconf 88' lang='lat' dir='ltr'><strong>sine</strong></span> <span class='ocrx_word' id='word_1_420' title='bbox 1714 1079 1867 1110; x_wconf 89' lang='lat' dir='ltr'><strong>manibus.</strong></span> <span class='ocrx_word' id='word_1_421' title='bbox 1893 1078 2009 1119; x_wconf 87' lang='lat' dir='ltr'><strong>Quodsi</strong></span> <span class='ocrx_word' id='word_1_422' title='bbox 2040 1078 2116 1117; x_wconf 78' lang='lat' dir='ltr'><strong>hoc,</strong></span> <span class='ocrx_word' id='word_1_423' title='bbox 2142 1078 2241 1110; x_wconf 91' lang='lat' dir='ltr'><strong>multo</strong></span> <span class='ocrx_word' id='word_1_424' title='bbox 2263 1078 2374 1110; x_wconf 85' lang='lat' dir='ltr'><strong>fortius</strong></span> <span class='ocrx_word' id='word_1_425' title='bbox 2398 1079 2439 1110; x_wconf 91' lang='lat' dir='ltr'><strong>vi-</strong></span> 
     </span>
     <span class='ocr_line' id='line_1_65' title="bbox 1491 1131 2438 1172; baseline 0 -10"><span class='ocrx_word' id='word_1_426' title='bbox 1491 1131 1584 1163; x_wconf 90' lang='lat' dir='ltr'><strong>detur</strong></span> <span class='ocrx_word' id='word_1_427' title='bbox 1608 1140 1626 1162; x_wconf 89' lang='lat' dir='ltr'><strong>a</strong></span> <span class='ocrx_word' id='word_1_428' title='bbox 1650 1135 1738 1172; x_wconf 87' lang='lat' dir='ltr'><strong>parte</strong></span> <span class='ocrx_word' id='word_1_429' title='bbox 1763 1131 1979 1163; x_wconf 88' lang='lat' dir='ltr'><strong>membrorum</strong></span> <span class='ocrx_word' id='word_1_430' title='bbox 1998 1131 2226 1169; x_wconf 88' lang='lat' dir='ltr'><strong>consimilium,</strong></span> <span class='ocrx_word' id='word_1_431' title='bbox 2251 1131 2332 1163; x_wconf 88' lang='lat' dir='ltr'><strong>sicut</strong></span> <span class='ocrx_word' id='word_1_432' title='bbox 2349 1131 2438 1163; x_wconf 89' lang='lat' dir='ltr'><strong>maio-</strong></span> 
     </span>
     <span class='ocr_line' id='line_1_66' title="bbox 1491 1185 1706 1216; baseline -0.005 0"><span class='ocrx_word' id='word_1_433' title='bbox 1491 1185 1534 1216; x_wconf 90' lang='lat' dir='ltr'><strong>ris</strong></span> <span class='ocrx_word' id='word_1_434' title='bbox 1557 1188 1706 1216; x_wconf 88' lang='lat' dir='ltr'><strong>staturae.</strong></span> 
     </span>
    </p>

    <p class='ocr_par' dir='ltr' id='par_1_15' title="bbox 1489 1236 2483 2596">
     <span class='ocr_line' id='line_1_67' title="bbox 1580 1236 2440 1278; baseline 0.001 -11"><span class='ocrx_word' id='word_1_435' title='bbox 1580 1237 1778 1269; x_wconf 72' lang='lat' dir='ltr'><strong>Rusrouuno:</strong></span> <span class='ocrx_word' id='word_1_436' title='bbox 1803 1236 1996 1275; x_wconf 83' lang='lat' dir='ltr'><strong>Dicendum,</strong></span> <span class='ocrx_word' id='word_1_437' title='bbox 2032 1236 2116 1278; x_wconf 92' lang='lat' dir='ltr'><strong>quod</strong></span> <span class='ocrx_word' id='word_1_438' title='bbox 2152 1236 2275 1275; x_wconf 87' lang='lat' dir='ltr'><strong>statim,</strong></span> <span class='ocrx_word' id='word_1_439' title='bbox 2311 1245 2350 1268; x_wconf 84' lang='lat' dir='ltr'><strong>ex</strong></span> <span class='ocrx_word' id='word_1_440' title='bbox 2380 1245 2440 1278; x_wconf 90' lang='lat' dir='ltr'><strong>quo</strong></span> 
     </span>
     <span class='ocr_line' id='line_1_68' title="bbox 1491 1289 2483 1330; baseline -0.001 -10"><span class='ocrx_word' id='word_1_441' title='bbox 1491 1297 1607 1330; x_wconf 88' lang='lat' dir='ltr'><strong>corpus</strong></span> <span class='ocrx_word' id='word_1_442' title='bbox 1642 1289 1817 1321; x_wconf 89' lang='lat' dir='ltr'><strong>humanum</strong></span> <span class='ocrx_word' id='word_1_443' title='bbox 1854 1294 2038 1330; x_wconf 81' lang='lat' dir='ltr'><strong>generatum</strong></span> <span class='ocrx_word' id='word_1_444' title='bbox 2078 1293 2145 1327; x_wconf 86' lang='lat' dir='ltr'><strong>est,</strong></span> <span class='ocrx_word' id='word_1_445' title='bbox 2182 1293 2334 1321; x_wconf 86' lang='lat' dir='ltr'><strong>statutum</strong></span> <span class='ocrx_word' id='word_1_446' title='bbox 2372 1293 2483 1329; x_wconf 74' lang='lat' dir='ltr'><strong>est‚u01</strong></span> 
     </span>
     <span class='ocr_line' id='line_1_69' title="bbox 1491 1341 2438 1383; baseline 0 -10"><span class='ocrx_word' id='word_1_447' title='bbox 1491 1346 1643 1382; x_wconf 87' lang='lat' dir='ltr'><strong>quantum</strong></span> <span class='ocrx_word' id='word_1_448' title='bbox 1677 1342 1770 1374; x_wconf 86' lang='lat' dir='ltr'><strong>debet</strong></span> <span class='ocrx_word' id='word_1_449' title='bbox 1800 1350 1868 1374; x_wconf 87' lang='lat' dir='ltr'><strong>esse</strong></span> <span class='ocrx_word' id='word_1_450' title='bbox 1891 1341 1991 1380; x_wconf 77' lang='lat' dir='ltr'><strong>mole,</strong></span> <span class='ocrx_word' id='word_1_451' title='bbox 2025 1341 2096 1374; x_wconf 91' lang='lat' dir='ltr'><strong>licet</strong></span> <span class='ocrx_word' id='word_1_452' title='bbox 2120 1350 2175 1373; x_wconf 89' lang='lat' dir='ltr'><strong>nos</strong></span> <span class='ocrx_word' id='word_1_453' title='bbox 2207 1351 2266 1373; x_wconf 90' lang='lat' dir='ltr'><strong>non</strong></span> <span class='ocrx_word' id='word_1_454' title='bbox 2292 1342 2438 1383; x_wconf 85' lang='lat' dir='ltr'><strong>percipia-</strong></span> 
     </span>
     <span class='ocr_line' id='line_1_70' title="bbox 1491 1394 2435 1435; baseline 0.001 -11"><span class='ocrx_word' id='word_1_455' title='bbox 1491 1402 1580 1431; x_wconf 73' lang='lat' dir='ltr'><strong>mus,</strong></span> <span class='ocrx_word' id='word_1_456' title='bbox 1602 1394 1675 1435; x_wconf 88' lang='lat' dir='ltr'><strong>quia</strong></span> <span class='ocrx_word' id='word_1_457' title='bbox 1700 1394 1760 1425; x_wconf 91' lang='lat' dir='ltr'><strong>iam</strong></span> <span class='ocrx_word' id='word_1_458' title='bbox 1785 1398 1831 1426; x_wconf 87' lang='lat' dir='ltr'><strong>est</strong></span> <span class='ocrx_word' id='word_1_459' title='bbox 1855 1394 1897 1426; x_wconf 92' lang='lat' dir='ltr'><strong>ibi</strong></span> <span class='ocrx_word' id='word_1_460' title='bbox 1923 1397 2022 1426; x_wconf 88' lang='lat' dir='ltr'><strong>totum</strong></span> <span class='ocrx_word' id='word_1_461' title='bbox 2047 1394 2217 1431; x_wconf 68' lang='lat' dir='ltr'><strong>2·cttt&#39;0ne⁸;</strong></span> <span class='ocrx_word' id='word_1_462' title='bbox 2241 1402 2309 1426; x_wconf 88' lang='lat' dir='ltr'><strong>esse</strong></span> <span class='ocrx_word' id='word_1_463' title='bbox 2333 1397 2435 1426; x_wconf 89' lang='lat' dir='ltr'><strong>autem</strong></span> 
     </span>
     <span class='ocr_line' id='line_1_71' title="bbox 1491 1446 2437 1488; baseline -0.001 -10"><span class='ocrx_word' id='word_1_464' title='bbox 1491 1447 1610 1479; x_wconf 90' lang='lat' dir='ltr'><strong>ratione</strong></span> <span class='ocrx_word' id='word_1_465' title='bbox 1631 1447 1693 1478; x_wconf 80' lang='lat' dir='ltr'><strong>hoc</strong></span> <span class='ocrx_word' id='word_1_466' title='bbox 1725 1450 1772 1479; x_wconf 88' lang='lat' dir='ltr'><strong>est</strong></span> <span class='ocrx_word' id='word_1_467' title='bbox 1802 1455 1870 1479; x_wconf 88' lang='lat' dir='ltr'><strong>esse</strong></span> <span class='ocrx_word' id='word_1_468' title='bbox 1907 1446 1937 1478; x_wconf 89' lang='lat' dir='ltr'><strong>in</strong></span> <span class='ocrx_word' id='word_1_469' title='bbox 1968 1446 2150 1488; x_wconf 76' lang='lat' dir='ltr'><strong>qttttutz&#39;tate</strong></span> <span class='ocrx_word' id='word_1_470' title='bbox 2181 1446 2327 1483; x_wconf 72' lang='lat' dir='ltr'><strong>virtutis,</strong></span> <span class='ocrx_word' id='word_1_471' title='bbox 2360 1455 2437 1488; x_wconf 89' lang='lat' dir='ltr'><strong>quae</strong></span> 
     </span>
     <span class='ocr_line' id='line_1_72' title="bbox 1491 1499 2438 1541; baseline -0.002 -9"><span class='ocrx_word' id='word_1_472' title='bbox 1491 1499 1695 1540; x_wconf 86' lang='lat' dir='ltr'><strong>distinguitur</strong></span> <span class='ocrx_word' id='word_1_473' title='bbox 1724 1503 1832 1531; x_wconf 84' lang='lat' dir='ltr'><strong>contra</strong></span> <span class='ocrx_word' id='word_1_474' title='bbox 1856 1499 2071 1541; x_wconf 76' lang='lat' dir='ltr'><strong>quantitatem</strong></span> <span class='ocrx_word' id='word_1_475' title='bbox 2104 1499 2218 1536; x_wconf 46' lang='lat' dir='ltr'><strong>molan</strong></span> <span class='ocrx_word' id='word_1_476' title='bbox 2242 1503 2272 1531; x_wconf 90' lang='lat' dir='ltr'><strong>et</strong></span> <span class='ocrx_word' id='word_1_477' title='bbox 2304 1499 2361 1530; x_wconf 90' lang='lat' dir='ltr'><strong>hoc</strong></span> <span class='ocrx_word' id='word_1_478' title='bbox 2393 1501 2438 1530; x_wconf 86' lang='lat' dir='ltr'><strong>est</strong></span> 
     </span>
     <span class='ocr_line' id='line_1_73' title="bbox 1491 1551 2436 1593; baseline -0.002 -8"><span class='ocrx_word' id='word_1_479' title='bbox 1491 1561 1558 1585; x_wconf 82' lang='lat' dir='ltr'><strong>esse</strong></span> <span class='ocrx_word' id='word_1_480' title='bbox 1590 1552 1764 1585; x_wconf 88' lang='lat' dir='ltr'><strong>secundum</strong></span> <span class='ocrx_word' id='word_1_481' title='bbox 1798 1553 1966 1593; x_wconf 85' lang='lat' dir='ltr'><strong>potentiam</strong></span> <span class='ocrx_word' id='word_1_482' title='bbox 1999 1551 2134 1583; x_wconf 74' lang='lat' dir='ltr'><strong>virtutis</strong></span> <span class='ocrx_word' id='word_1_483' title='bbox 2165 1551 2436 1593; x_wconf 69' lang='lat' dir='ltr'><strong>auyiitentatz&#39;vtte.</strong></span> 
     </span>
     <span class='ocr_line' id='line_1_74' title="bbox 1490 1603 2437 1646; baseline -0.001 -10"><span class='ocrx_word' id='word_1_484' title='bbox 1490 1605 1649 1645; x_wconf 86' lang='lat' dir='ltr'><strong>Quantum</strong></span> <span class='ocrx_word' id='word_1_485' title='bbox 1674 1614 1748 1646; x_wconf 86' lang='lat' dir='ltr'><strong>ergo</strong></span> <span class='ocrx_word' id='word_1_486' title='bbox 1772 1608 1885 1636; x_wconf 89' lang='lat' dir='ltr'><strong>natura</strong></span> <span class='ocrx_word' id='word_1_487' title='bbox 1910 1608 2010 1645; x_wconf 89' lang='lat' dir='ltr'><strong>potest</strong></span> <span class='ocrx_word' id='word_1_488' title='bbox 2031 1604 2125 1636; x_wconf 83' lang='lat' dir='ltr'><strong>istun]</strong></span> <span class='ocrx_word' id='word_1_489' title='bbox 2150 1607 2368 1645; x_wconf 80' lang='lat' dir='ltr'><strong>augmentare,</strong></span> <span class='ocrx_word' id='word_1_490' title='bbox 2386 1603 2437 1645; x_wconf 89' lang='lat' dir='ltr'><strong>qui</strong></span> 
     </span>
     <span class='ocr_line' id='line_1_75' title="bbox 1491 1657 2438 1699; baseline -0.001 -10"><span class='ocrx_word' id='word_1_491' title='bbox 1491 1667 1573 1689; x_wconf 89' lang='lat' dir='ltr'><strong>nunc</strong></span> <span class='ocrx_word' id='word_1_492' title='bbox 1597 1657 1752 1699; x_wconf 86' lang='lat' dir='ltr'><strong>parvulus</strong></span> <span class='ocrx_word' id='word_1_493' title='bbox 1780 1661 1844 1696; x_wconf 88' lang='lat' dir='ltr'><strong>est,</strong></span> <span class='ocrx_word' id='word_1_494' title='bbox 1876 1661 1982 1689; x_wconf 87' lang='lat' dir='ltr'><strong>tantus</strong></span> <span class='ocrx_word' id='word_1_495' title='bbox 2014 1657 2107 1689; x_wconf 89' lang='lat' dir='ltr'><strong>debet</strong></span> <span class='ocrx_word' id='word_1_496' title='bbox 2139 1665 2206 1689; x_wconf 84' lang='lat' dir='ltr'><strong>esse</strong></span> <span class='ocrx_word' id='word_1_497' title='bbox 2239 1657 2378 1695; x_wconf 73' lang='lat' dir='ltr'><strong>ratione,</strong></span> <span class='ocrx_word' id='word_1_498' title='bbox 2409 1659 2438 1688; x_wconf 89' lang='lat' dir='ltr'><strong>et</strong></span> 
     </span>
     <span class='ocr_line' id='line_1_76' title="bbox 1490 1709 2439 1751; baseline -0.001 -9"><span class='ocrx_word' id='word_1_499' title='bbox 1490 1714 1595 1742; x_wconf 87' lang='lat' dir='ltr'><strong>tantus</strong></span> <span class='ocrx_word' id='word_1_500' title='bbox 1612 1710 1671 1742; x_wconf 87' lang='lat' dir='ltr'><strong>erit</strong></span> <span class='ocrx_word' id='word_1_501' title='bbox 1695 1710 1791 1748; x_wconf 80' lang='lat' dir='ltr'><strong>mole,</strong></span> <span class='ocrx_word' id='word_1_502' title='bbox 1817 1710 1875 1742; x_wconf 90' lang='lat' dir='ltr'><strong>nisi</strong></span> <span class='ocrx_word' id='word_1_503' title='bbox 1893 1709 2084 1751; x_wconf 74' lang='lat' dir='ltr'><strong>Impediatur</strong></span> <span class='ocrx_word' id='word_1_504' title='bbox 2108 1719 2164 1751; x_wconf 88' lang='lat' dir='ltr'><strong>per</strong></span> <span class='ocrx_word' id='word_1_505' title='bbox 2181 1710 2385 1742; x_wconf 88' lang='lat' dir='ltr'><strong>occasionem.</strong></span> <span class='ocrx_word' id='word_1_506' title='bbox 2398 1727 2439 1732; x_wconf 89' lang='lat'><strong>—-</strong></span> 
     </span>
     <span class='ocr_line' id='line_1_77' title="bbox 1490 1762 2438 1805; baseline -0.001 -10"><span class='ocrx_word' id='word_1_507' title='bbox 1490 1763 1668 1795; x_wconf 89' lang='lat' dir='ltr'><strong>Secundum</strong></span> <span class='ocrx_word' id='word_1_508' title='bbox 1694 1763 1753 1795; x_wconf 87' lang='lat' dir='ltr'><strong>hoc</strong></span> <span class='ocrx_word' id='word_1_509' title='bbox 1770 1762 2023 1804; x_wconf 86' lang='lat' dir='ltr'><strong>intelligendum,</strong></span> <span class='ocrx_word' id='word_1_510' title='bbox 2047 1763 2131 1804; x_wconf 89' lang='lat' dir='ltr'><strong>quod</strong></span> <span class='ocrx_word' id='word_1_511' title='bbox 2148 1763 2318 1805; x_wconf 71' lang='lat' dir='ltr'><strong>quantitas</strong></span> <span class='ocrx_word' id='word_1_512' title='bbox 2342 1762 2438 1794; x_wconf 62' lang='grc' dir='ltr'><em>Τατίο-</em></span> 
     </span>
     <span class='ocr_line' id='line_1_78' title="bbox 1489 1815 2481 1857; baseline 0 -10"><span class='ocrx_word' id='word_1_513' title='bbox 1489 1816 1542 1848; x_wconf 76' lang='lat' dir='ltr'><strong>m&#39;s</strong></span> <span class='ocrx_word' id='word_1_514' title='bbox 1568 1816 1597 1847; x_wconf 94' lang='lat' dir='ltr'><strong>in</strong></span> <span class='ocrx_word' id='word_1_515' title='bbox 1615 1816 1720 1857; x_wconf 88' lang='lat' dir='ltr'><strong>aliquo</strong></span> <span class='ocrx_word' id='word_1_516' title='bbox 1744 1819 1846 1857; x_wconf 87' lang='lat' dir='ltr'><strong>potest</strong></span> <span class='ocrx_word' id='word_1_517' title='bbox 1862 1815 1997 1857; x_wconf 74' lang='lat' dir='ltr'><strong>deficere</strong></span> <span class='ocrx_word' id='word_1_518' title='bbox 2020 1825 2037 1847; x_wconf 88' lang='lat' dir='ltr'><strong>a</strong></span> <span class='ocrx_word' id='word_1_519' title='bbox 2055 1819 2139 1847; x_wconf 88' lang='lat' dir='ltr'><strong>statu</strong></span> <span class='ocrx_word' id='word_1_520' title='bbox 2163 1819 2358 1856; x_wconf 88' lang='lat' dir='ltr'><strong>competente</strong></span> <span class='ocrx_word' id='word_1_521' title='bbox 2374 1824 2437 1857; x_wconf 90' lang='lat' dir='ltr'><strong>spe·</strong></span> <span class='ocrx_word' id='word_1_522' title='bbox 2449 1822 2481 1844; x_wconf 78' lang='lat' dir='ltr'><strong>nis</strong></span> 
     </span>
     <span class='ocr_line' id='line_1_79' title="bbox 1490 1867 2437 1911; baseline -0.001 -10"><span class='ocrx_word' id='word_1_523' title='bbox 1490 1869 1562 1908; x_wconf 83' lang='lat' dir='ltr'><strong>ciel,</strong></span> <span class='ocrx_word' id='word_1_524' title='bbox 1588 1869 1636 1901; x_wconf 92' lang='lat' dir='ltr'><strong>vel</strong></span> <span class='ocrx_word' id='word_1_525' title='bbox 1659 1868 1950 1910; x_wconf 70' lang='lat' dir='ltr'><strong>superabundare,</strong></span> <span class='ocrx_word' id='word_1_526' title='bbox 1976 1869 2025 1900; x_wconf 89' lang='lat' dir='ltr'><strong>vel</strong></span> <span class='ocrx_word' id='word_1_527' title='bbox 2049 1867 2206 1910; x_wconf 74' lang='lat' dir='ltr'><strong>sufficere.</strong></span> <span class='ocrx_word' id='word_1_528' title='bbox 2233 1869 2323 1909; x_wconf 87' lang='lat' dir='ltr'><strong>Quod</strong></span> <span class='ocrx_word' id='word_1_529' title='bbox 2353 1867 2437 1911; x_wconf 77' lang='lat' dir='ltr'><strong>suffi-</strong></span> 
     </span>
     <span class='ocr_line' id='line_1_80' title="bbox 1490 1921 2437 1962; baseline 0 -9"><span class='ocrx_word' id='word_1_530' title='bbox 1490 1921 1575 1959; x_wconf 77' lang='lat' dir='ltr'><strong>ciat,</strong></span> <span class='ocrx_word' id='word_1_531' title='bbox 1601 1922 1659 1954; x_wconf 90' lang='lat' dir='ltr'><strong>hoc</strong></span> <span class='ocrx_word' id='word_1_532' title='bbox 1695 1925 1742 1954; x_wconf 87' lang='lat' dir='ltr'><strong>est</strong></span> <span class='ocrx_word' id='word_1_533' title='bbox 1765 1922 1804 1954; x_wconf 87' lang='lat' dir='ltr'><strong>de</strong></span> <span class='ocrx_word' id='word_1_534' title='bbox 1835 1921 2013 1962; x_wconf 86' lang='lat' dir='ltr'><strong>integritate</strong></span> <span class='ocrx_word' id='word_1_535' title='bbox 2045 1925 2197 1959; x_wconf 82' lang='lat' dir='ltr'><strong>naturae3</strong></span> <span class='ocrx_word' id='word_1_536' title='bbox 2229 1925 2304 1953; x_wconf 91' lang='lat' dir='ltr'><strong>tunc</strong></span> <span class='ocrx_word' id='word_1_537' title='bbox 2335 1924 2437 1953; x_wconf 88' lang='lat' dir='ltr'><strong>autem</strong></span> 
     </span>
     <span class='ocr_line' id='line_1_81' title="bbox 1491 1973 2438 2016; baseline 0 -11"><span class='ocrx_word' id='word_1_538' title='bbox 1491 1973 1606 2006; x_wconf 89' lang='lat' dir='ltr'><strong>dicitur</strong></span> <span class='ocrx_word' id='word_1_539' title='bbox 1629 1973 1793 2016; x_wconf 75' lang='lat' dir='ltr'><strong>sufficere,</strong></span> <span class='ocrx_word' id='word_1_540' title='bbox 1820 1974 1946 2016; x_wconf 88' lang='lat' dir='ltr'><strong>quando</strong></span> <span class='ocrx_word' id='word_1_541' title='bbox 1964 1977 2065 2015; x_wconf 88' lang='lat' dir='ltr'><strong>potest</strong></span> <span class='ocrx_word' id='word_1_542' title='bbox 2088 1977 2209 2006; x_wconf 89' lang='lat' dir='ltr'><strong>tantum</strong></span> <span class='ocrx_word' id='word_1_543' title='bbox 2235 1982 2350 2015; x_wconf 87' lang='lat' dir='ltr'><strong>corpus</strong></span> <span class='ocrx_word' id='word_1_544' title='bbox 2373 1982 2438 2015; x_wconf 89' lang='lat' dir='ltr'><strong>pro-</strong></span> 
     </span>
     <span class='ocr_line' id='line_1_82' title="bbox 1491 2027 2437 2068; baseline -0.001 -9"><span class='ocrx_word' id='word_1_545' title='bbox 1491 2027 1623 2067; x_wconf 76' lang='lat' dir='ltr'><strong>ducere,</strong></span> <span class='ocrx_word' id='word_1_546' title='bbox 1649 2031 1803 2068; x_wconf 87' lang='lat' dir='ltr'><strong>quantum</strong></span> <span class='ocrx_word' id='word_1_547' title='bbox 1827 2027 1974 2068; x_wconf 86' lang='lat' dir='ltr'><strong>competit</strong></span> <span class='ocrx_word' id='word_1_548' title='bbox 2000 2027 2156 2058; x_wconf 86' lang='lat' dir='ltr'><strong>humanae</strong></span> <span class='ocrx_word' id='word_1_549' title='bbox 2180 2029 2329 2064; x_wconf 84' lang='lat' dir='ltr'><strong>naturae,</strong></span> <span class='ocrx_word' id='word_1_550' title='bbox 2360 2034 2437 2067; x_wconf 87' lang='lat' dir='ltr'><strong>quae</strong></span> 
     </span>
     <span class='ocr_line' id='line_1_83' title="bbox 1490 2079 2437 2120; baseline -0.001 -8"><span class='ocrx_word' id='word_1_551' title='bbox 1490 2080 1713 2112; x_wconf 86' lang='lat' dir='ltr'><strong>determinatos</strong></span> <span class='ocrx_word' id='word_1_552' title='bbox 1738 2080 1831 2112; x_wconf 85' lang='lat' dir='ltr'><strong>habet</strong></span> <span class='ocrx_word' id='word_1_553' title='bbox 1856 2079 2022 2118; x_wconf 89' lang='lat' dir='ltr'><strong>terminos,</strong></span> <span class='ocrx_word' id='word_1_554' title='bbox 2047 2080 2160 2111; x_wconf 88' lang='lat' dir='ltr'><strong>sivein</strong></span> <span class='ocrx_word' id='word_1_555' title='bbox 2185 2079 2352 2120; x_wconf 90' lang='lat' dir='ltr'><strong>parvitate,</strong></span> <span class='ocrx_word' id='word_1_556' title='bbox 2376 2079 2437 2111; x_wconf 89' lang='lat' dir='ltr'><strong>sive</strong></span> 
     </span>
     <span class='ocr_line' id='line_1_84' title="bbox 1490 2132 2437 2174; baseline -0.001 -10"><span class='ocrx_word' id='word_1_557' title='bbox 1490 2133 1519 2164; x_wconf 91' lang='lat' dir='ltr'><strong>in</strong></span> <span class='ocrx_word' id='word_1_558' title='bbox 1545 2132 1801 2174; x_wconf 71' lang='lat' dir='ltr'><strong>ma.gnitudtne⁹;</strong></span> <span class='ocrx_word' id='word_1_559' title='bbox 1826 2133 1906 2164; x_wconf 88' lang='lat' dir='ltr'><strong>inter</strong></span> <span class='ocrx_word' id='word_1_560' title='bbox 1937 2141 2016 2174; x_wconf 88' lang='lat' dir='ltr'><strong>quos</strong></span> <span class='ocrx_word' id='word_1_561' title='bbox 2045 2136 2165 2164; x_wconf 88' lang='lat' dir='ltr'><strong>statura</strong></span> <span class='ocrx_word' id='word_1_562' title='bbox 2189 2132 2303 2164; x_wconf 85' lang='lat' dir='ltr'><strong>Christi</strong></span> <span class='ocrx_word' id='word_1_563' title='bbox 2336 2135 2437 2163; x_wconf 87' lang='lat' dir='ltr'><strong>tenere</strong></span> 
     </span>
     <span class='ocr_line' id='line_1_85' title="bbox 1491 2183 2436 2226; baseline -0.001 -10"><span class='ocrx_word' id='word_1_564' title='bbox 1491 2184 1629 2216; x_wconf 89' lang='lat' dir='ltr'><strong>medium</strong></span> <span class='ocrx_word' id='word_1_565' title='bbox 1648 2185 1788 2217; x_wconf 89' lang='lat' dir='ltr'><strong>creditur</strong></span> <span class='ocrx_word' id='word_1_566' title='bbox 1806 2188 1954 2226; x_wconf 88' lang='lat' dir='ltr'><strong>tanquam</strong></span> <span class='ocrx_word' id='word_1_567' title='bbox 1980 2184 2215 2226; x_wconf 83' lang='lat' dir='ltr'><strong>perfectissima.</strong></span> <span class='ocrx_word' id='word_1_568' title='bbox 2234 2184 2268 2216; x_wconf 91' lang='lat' dir='ltr'><strong>Et</strong></span> <span class='ocrx_word' id='word_1_569' title='bbox 2289 2183 2436 2225; x_wconf 90' lang='lat' dir='ltr'><strong>quamdiu</strong></span> 
     </span>
     <span class='ocr_line' id='line_1_86' title="bbox 1490 2236 2436 2278; baseline -0.001 -10"><span class='ocrx_word' id='word_1_570' title='bbox 1490 2237 1529 2269; x_wconf 92' lang='lat' dir='ltr'><strong>ab</strong></span> <span class='ocrx_word' id='word_1_571' title='bbox 1552 2237 1607 2268; x_wconf 83' lang='lat' dir='ltr'><strong>illa</strong></span> <span class='ocrx_word' id='word_1_572' title='bbox 1631 2240 1752 2269; x_wconf 89' lang='lat' dir='ltr'><strong>statura</strong></span> <span class='ocrx_word' id='word_1_573' title='bbox 1784 2246 1844 2268; x_wconf 89' lang='lat' dir='ltr'><strong>non</strong></span> <span class='ocrx_word' id='word_1_574' title='bbox 1870 2237 2039 2276; x_wconf 76' lang='lat' dir='ltr'><strong>receditur,</strong></span> <span class='ocrx_word' id='word_1_575' title='bbox 2073 2238 2114 2268; x_wconf 88' lang='lat' dir='ltr'><strong>ita</strong></span> <span class='ocrx_word' id='word_1_576' title='bbox 2146 2237 2228 2278; x_wconf 89' lang='lat' dir='ltr'><strong>quod</strong></span> <span class='ocrx_word' id='word_1_577' title='bbox 2260 2236 2436 2269; x_wconf 85' lang='lat' dir='ltr'><strong>deformitas</strong></span> 
     </span>
     <span class='ocr_line' id='line_1_87' title="bbox 1490 2289 2481 2331; baseline -0.001 -10"><span class='ocrx_word' id='word_1_578' title='bbox 1490 2293 1668 2330; x_wconf 84' lang='lat' dir='ltr'><strong>generetur,</strong></span> <span class='ocrx_word' id='word_1_579' title='bbox 1686 2290 1801 2322; x_wconf 87' lang='lat' dir='ltr'><strong>dicitur</strong></span> <span class='ocrx_word' id='word_1_580' title='bbox 1818 2289 1919 2322; x_wconf 82' lang='lat' dir='ltr'><strong>virtus</strong></span> <span class='ocrx_word' id='word_1_581' title='bbox 1943 2290 2178 2331; x_wconf 72' lang='lat' dir='ltr'><strong>augmentative</strong></span> <span class='ocrx_word' id='word_1_582' title='bbox 2195 2289 2260 2322; x_wconf 88' lang='lat' dir='ltr'><strong>sive</strong></span> <span class='ocrx_word' id='word_1_583' title='bbox 2284 2289 2436 2331; x_wconf 83' lang='lat' dir='ltr'><strong>quantitas</strong></span> <span class='ocrx_word' id='word_1_584' title='bbox 2477 2300 2481 2325; x_wconf 66' lang='grc' dir='ltr'><strong>ι,</strong></span> 
     </span>
     <span class='ocr_line' id='line_1_88' title="bbox 1490 2324 2481 2385; baseline -0.004 -11"><span class='ocrx_word' id='word_1_585' title='bbox 1490 2342 1619 2374; x_wconf 86' lang='lat' dir='ltr'><strong>rationis</strong></span> <span class='ocrx_word' id='word_1_586' title='bbox 1643 2341 1828 2385; x_wconf 67' lang='lat' dir='ltr'><strong>sufficiens,</strong></span> <span class='ocrx_word' id='word_1_587' title='bbox 1860 2346 1890 2374; x_wconf 90' lang='lat' dir='ltr'><strong>et</strong></span> <span class='ocrx_word' id='word_1_588' title='bbox 1915 2346 2059 2384; x_wconf 82' lang='lat' dir='ltr'><strong>resurget</strong></span> <span class='ocrx_word' id='word_1_589' title='bbox 2093 2343 2311 2384; x_wconf 85' lang='lat' dir='ltr'><strong>unusquisque</strong></span> <span class='ocrx_word' id='word_1_590' title='bbox 2335 2324 2481 2374; x_wconf 62' lang='lat' dir='ltr'><strong>secun-iti</strong></span> 
     </span>
     <span class='ocr_line' id='line_1_89' title="bbox 1490 2395 2435 2437; baseline -0.001 -10"><span class='ocrx_word' id='word_1_591' title='bbox 1490 2395 1567 2427; x_wconf 89' lang='lat' dir='ltr'><strong>dum</strong></span> <span class='ocrx_word' id='word_1_592' title='bbox 1585 2398 1737 2427; x_wconf 89' lang='lat' dir='ltr'><strong>staturam</strong></span> <span class='ocrx_word' id='word_1_593' title='bbox 1764 2395 1806 2427; x_wconf 89' lang='lat' dir='ltr'><strong>illi</strong></span> <span class='ocrx_word' id='word_1_594' title='bbox 1825 2395 1989 2437; x_wconf 86' lang='lat' dir='ltr'><strong>quantitati</strong></span> <span class='ocrx_word' id='word_1_595' title='bbox 2008 2400 2246 2437; x_wconf 87' lang='lat' dir='ltr'><strong>competentem.</strong></span> <span class='ocrx_word' id='word_1_596' title='bbox 2261 2415 2304 2419; x_wconf 81' lang='lat'>—</span> <span class='ocrx_word' id='word_1_597' title='bbox 2319 2396 2348 2427; x_wconf 87' lang='lat' dir='ltr'><strong>Si</strong></span> <span class='ocrx_word' id='word_1_598' title='bbox 2366 2403 2435 2426; x_wconf 88' lang='lat' dir='ltr'><strong>vero</strong></span> 
     </span>
     <span class='ocr_line' id='line_1_90' title="bbox 1489 2448 2435 2490; baseline -0.001 -10"><span class='ocrx_word' id='word_1_599' title='bbox 1489 2448 1654 2480; x_wconf 71' lang='lat' dir='ltr'><strong>receditur</strong></span> <span class='ocrx_word' id='word_1_600' title='bbox 1678 2449 1774 2487; x_wconf 83' lang='lat' dir='ltr'><strong>adeo,</strong></span> <span class='ocrx_word' id='word_1_601' title='bbox 1798 2448 1840 2480; x_wconf 87' lang='lat' dir='ltr'><strong>ita</strong></span> <span class='ocrx_word' id='word_1_602' title='bbox 1864 2448 1948 2490; x_wconf 89' lang='lat' dir='ltr'><strong>quod</strong></span> <span class='ocrx_word' id='word_1_603' title='bbox 1973 2448 2156 2481; x_wconf 85' lang='lat' dir='ltr'><strong>deformitas</strong></span> <span class='ocrx_word' id='word_1_604' title='bbox 2180 2452 2347 2490; x_wconf 81' lang='lat' dir='ltr'><strong>generetur</strong></span> <span class='ocrx_word' id='word_1_605' title='bbox 2374 2448 2435 2480; x_wconf 89' lang='lat' dir='ltr'><strong>sive</strong></span> 
     </span>
     <span class='ocr_line' id='line_1_91' title="bbox 1490 2499 2435 2542; baseline -0.002 -9"><span class='ocrx_word' id='word_1_606' title='bbox 1490 2501 1519 2532; x_wconf 94' lang='lat' dir='ltr'><strong>in</strong></span> <span class='ocrx_word' id='word_1_607' title='bbox 1556 2500 1736 2542; x_wconf 79' lang='lat' dir='ltr'><strong>superfluo,</strong></span> <span class='ocrx_word' id='word_1_608' title='bbox 1770 2501 1835 2533; x_wconf 84' lang='lat' dir='ltr'><strong>sive</strong></span> <span class='ocrx_word' id='word_1_609' title='bbox 1866 2501 1897 2532; x_wconf 89' lang='lat' dir='ltr'><strong>in</strong></span> <span class='ocrx_word' id='word_1_610' title='bbox 1930 2501 2106 2538; x_wconf 85' lang='lat' dir='ltr'><strong>diminuto;</strong></span> <span class='ocrx_word' id='word_1_611' title='bbox 2138 2501 2324 2539; x_wconf 77' lang='lat' dir='ltr'><strong>dicendum,</strong></span> <span class='ocrx_word' id='word_1_612' title='bbox 2355 2499 2435 2542; x_wconf 86' lang='lat' dir='ltr'><strong>quod</strong></span> 
     </span>
     <span class='ocr_line' id='line_1_92' title="bbox 1490 2553 2479 2596; baseline -0.002 -10"><span class='ocrx_word' id='word_1_613' title='bbox 1490 2558 1564 2586; x_wconf 89' lang='lat' dir='ltr'><strong>tunc</strong></span> <span class='ocrx_word' id='word_1_614' title='bbox 1596 2554 1767 2596; x_wconf 67' lang='lat' dir='ltr'><strong>quantitas</strong></span> <span class='ocrx_word' id='word_1_615' title='bbox 1797 2554 1939 2586; x_wconf 67' lang='lat' dir='ltr'><strong>rationis</strong></span> <span class='ocrx_word' id='word_1_616' title='bbox 1972 2554 2030 2586; x_wconf 89' lang='lat' dir='ltr'><strong>fuit</strong></span> <span class='ocrx_word' id='word_1_617' title='bbox 2063 2553 2286 2591; x_wconf 68' lang='lat' dir='ltr'><strong>occasionum,</strong></span> <span class='ocrx_word' id='word_1_618' title='bbox 2318 2557 2348 2585; x_wconf 91' lang='lat' dir='ltr'><strong>et</strong></span> <span class='ocrx_word' id='word_1_619' title='bbox 2377 2560 2479 2590; x_wconf 56' lang='lat' dir='ltr'><strong>nonne}</strong></span> 
     </span>
    </p>
   </div>
   <div class='ocr_carea' id='block_1_11' title="bbox 2458 2592 2479 2607">
    <p class='ocr_par' dir='ltr' id='par_1_16' title="bbox 2458 2592 2479 2607">
     <span class='ocr_line' id='line_1_93' title="bbox 2458 2592 2479 2607; baseline -0.048 0"><span class='ocrx_word' id='word_1_620' title='bbox 2458 2592 2479 2607; x_wconf 68' lang='lat' dir='ltr'><strong>Sl&lt;</strong></span> 
     </span>
    </p>
   </div>
   <div class='ocr_carea' id='block_1_12' title="bbox 1177 2661 1751 2665">
    <p class='ocr_par' dir='ltr' id='par_1_17' title="bbox 1177 2661 1751 2665">
     <span class='ocr_line' id='line_1_94' title="bbox 1177 2661 1751 2665; baseline 0 0"><span class='ocrx_word' id='word_1_621' title='bbox 1177 2661 1751 2665; x_wconf 95' lang='lat' dir='ltr'><strong> </strong></span> 
     </span>
    </p>
   </div>
   <div class='ocr_carea' id='block_1_13' title="bbox 470 2728 1425 2979">
    <p class='ocr_par' dir='ltr' id='par_1_18' title="bbox 470 2728 1425 2979">
     <span class='ocr_line' id='line_1_95' title="bbox 542 2728 1425 2760; baseline -0.001 -7"><span class='ocrx_word' id='word_1_622' title='bbox 542 2729 549 2745; x_wconf 89' lang='lat'><strong>¹</strong></span> <span class='ocrx_word' id='word_1_623' title='bbox 572 2729 662 2754; x_wconf 75' lang='lat' dir='ltr'><strong>Dsalm.</strong></span> <span class='ocrx_word' id='word_1_624' title='bbox 687 2729 705 2760; x_wconf 82' lang='lat'><strong>1,</strong></span> <span class='ocrx_word' id='word_1_625' title='bbox 732 2730 750 2753; x_wconf 95' lang='grc'><strong>1.</strong></span> <span class='ocrx_word' id='word_1_626' title='bbox 770 2728 891 2760; x_wconf 77' lang='lat' dir='ltr'><strong>(August.</strong></span> <span class='ocrx_word' id='word_1_627' title='bbox 919 2728 966 2753; x_wconf 84' lang='lat' dir='ltr'><strong>loc.</strong></span> <span class='ocrx_word' id='word_1_628' title='bbox 987 2729 1027 2753; x_wconf 85' lang='lat' dir='ltr'><strong>cit.</strong></span> <span class='ocrx_word' id='word_1_629' title='bbox 1053 2728 1145 2759; x_wconf 79' lang='lat' dir='ltr'><strong>allegat</strong></span> <span class='ocrx_word' id='word_1_630' title='bbox 1165 2729 1203 2753; x_wconf 74' lang='lat' dir='ltr'><strong>ps,</strong></span> <span class='ocrx_word' id='word_1_631' title='bbox 1230 2728 1287 2759; x_wconf 74' lang='grc' dir='ltr'><strong>ΗἸ,</strong></span> <span class='ocrx_word' id='word_1_632' title='bbox 1306 2729 1334 2752; x_wconf 79' lang='lat' dir='ltr'><strong>l:</strong></span> <span class='ocrx_word' id='word_1_633' title='bbox 1360 2728 1425 2753; x_wconf 81' lang='lat' dir='ltr'><strong>Bea-</strong></span> 
     </span>
     <span class='ocr_line' id='line_1_96' title="bbox 472 2771 1423 2805; baseline -0.002 -7"><span class='ocrx_word' id='word_1_634' title='bbox 472 2775 514 2798; x_wconf 67' lang='lat' dir='ltr'><strong>tus</strong></span> <span class='ocrx_word' id='word_1_635' title='bbox 533 2772 587 2804; x_wconf 66' lang='lat' dir='ltr'><strong>vir,</strong></span> <span class='ocrx_word' id='word_1_636' title='bbox 609 2772 657 2805; x_wconf 67' lang='lat' dir='ltr'><strong>qut*</strong></span> <span class='ocrx_word' id='word_1_637' title='bbox 675 2771 747 2798; x_wconf 72' lang='lat' dir='ltr'><strong>timet</strong></span> <span class='ocrx_word' id='word_1_638' title='bbox 766 2772 931 2804; x_wconf 62' lang='lat' dir='ltr'><strong>Dormitum,-</strong></span> <span class='ocrx_word' id='word_1_639' title='bbox 951 2773 1039 2804; x_wconf 86' lang='lat' dir='ltr'><strong>utique</strong></span> <span class='ocrx_word' id='word_1_640' title='bbox 1060 2771 1093 2797; x_wconf 85' lang='lat' dir='ltr'><strong>ibi</strong></span> <span class='ocrx_word' id='word_1_641' title='bbox 1114 2774 1210 2797; x_wconf 85' lang='lat' dir='ltr'><strong>suntet</strong></span> <span class='ocrx_word' id='word_1_642' title='bbox 1224 2772 1341 2803; x_wconf 73' lang='lat' dir='ltr'><strong>feminae,</strong></span> <span class='ocrx_word' id='word_1_643' title='bbox 1356 2779 1423 2804; x_wconf 87' lang='lat' dir='ltr'><strong>quae</strong></span> 
     </span>
     <span class='ocr_line' id='line_1_97' title="bbox 471 2815 1424 2849; baseline -0.002 -7"><span class='ocrx_word' id='word_1_644' title='bbox 471 2819 559 2842; x_wconf 84' lang='lat' dir='ltr'><strong>timent</strong></span> <span class='ocrx_word' id='word_1_645' title='bbox 580 2817 738 2849; x_wconf 88' lang='lat' dir='ltr'><strong>Dominum).</strong></span> <span class='ocrx_word' id='word_1_646' title='bbox 758 2830 793 2835; x_wconf 87' lang='lat'><strong>-—-</strong></span> <span class='ocrx_word' id='word_1_647' title='bbox 814 2817 860 2841; x_wconf 75' lang='lat' dir='ltr'><strong>Pro</strong></span> <span class='ocrx_word' id='word_1_648' title='bbox 881 2816 922 2842; x_wconf 72' lang='lat' dir='ltr'><strong>eir</strong></span> <span class='ocrx_word' id='word_1_649' title='bbox 941 2818 980 2842; x_wconf 79' lang='lat' dir='ltr'><strong>est</strong></span> <span class='ocrx_word' id='word_1_650' title='bbox 998 2816 1056 2841; x_wconf 81' lang='lat' dir='ltr'><strong>cod.</strong></span> <span class='ocrx_word' id='word_1_651' title='bbox 1078 2816 1096 2840; x_wconf 92' lang='lat' dir='ltr'>L</span> <span class='ocrx_word' id='word_1_652' title='bbox 1122 2815 1220 2842; x_wconf 73' lang='lat' dir='ltr'><strong>dicitur</strong></span> <span class='ocrx_word' id='word_1_653' title='bbox 1248 2815 1297 2841; x_wconf 76' lang='lat' dir='ltr'><strong>vir.</strong></span> <span class='ocrx_word' id='word_1_654' title='bbox 1318 2816 1424 2841; x_wconf 85' lang='lat' dir='ltr'><strong>lnserius</strong></span> 
     </span>
     <span class='ocr_line' id='line_1_98' title="bbox 472 2859 1420 2892; baseline -0.001 -6"><span class='ocrx_word' id='word_1_655' title='bbox 472 2867 519 2892; x_wconf 89' lang='lat' dir='ltr'><strong>pro</strong></span> <span class='ocrx_word' id='word_1_656' title='bbox 539 2860 585 2886; x_wconf 77' lang='lat' dir='ltr'><strong>sed</strong></span> <span class='ocrx_word' id='word_1_657' title='bbox 602 2861 661 2885; x_wconf 85' lang='lat' dir='ltr'><strong>edd.</strong></span> <span class='ocrx_word' id='word_1_658' title='bbox 681 2860 763 2892; x_wconf 77' lang='lat' dir='ltr'><strong>sicut,</strong></span> <span class='ocrx_word' id='word_1_659' title='bbox 787 2867 853 2892; x_wconf 81' lang='lat' dir='ltr'><strong>quae</strong></span> <span class='ocrx_word' id='word_1_660' title='bbox 874 2861 950 2885; x_wconf 77' lang='lat' dir='ltr'><strong>ctiam</strong></span> <span class='ocrx_word' id='word_1_661' title='bbox 970 2860 1081 2885; x_wconf 86' lang='lat' dir='ltr'><strong>subinde</strong></span> <span class='ocrx_word' id='word_1_662' title='bbox 1095 2861 1215 2885; x_wconf 88' lang='lat' dir='ltr'><strong>omittunt</strong></span> <span class='ocrx_word' id='word_1_663' title='bbox 1234 2859 1369 2885; x_wconf 71' lang='lat' dir='ltr'><strong>natio-atis</strong></span> <span class='ocrx_word' id='word_1_664' title='bbox 1388 2860 1420 2891; x_wconf 78' lang='lat' dir='ltr'><strong>et,</strong></span> 
     </span>
     <span class='ocr_line' id='line_1_99' title="bbox 472 2903 1423 2937; baseline -0.002 -7"><span class='ocrx_word' id='word_1_665' title='bbox 472 2905 542 2937; x_wconf 89' lang='lat' dir='ltr'><strong>quod</strong></span> <span class='ocrx_word' id='word_1_666' title='bbox 562 2905 637 2930; x_wconf 82' lang='lat' dir='ltr'><strong>codd.</strong></span> <span class='ocrx_word' id='word_1_667' title='bbox 658 2905 674 2929; x_wconf 86' lang='lat' dir='ltr'>F</span> <span class='ocrx_word' id='word_1_668' title='bbox 686 2905 705 2929; x_wconf 78' lang='lat' dir='ltr'><strong>M</strong></span> <span class='ocrx_word' id='word_1_669' title='bbox 719 2905 766 2929; x_wconf 82' lang='lat' dir='ltr'><strong>PR</strong></span> <span class='ocrx_word' id='word_1_670' title='bbox 778 2905 794 2929; x_wconf 83' lang='lat' dir='ltr'>S</span> <span class='ocrx_word' id='word_1_671' title='bbox 807 2905 826 2929; x_wconf 90' lang='lat' dir='ltr'>T</span> <span class='ocrx_word' id='word_1_672' title='bbox 849 2904 981 2935; x_wconf 78' lang='lat' dir='ltr'><strong>praebent,</strong></span> <span class='ocrx_word' id='word_1_673' title='bbox 998 2908 1022 2929; x_wconf 87' lang='lat' dir='ltr'><strong>ct</strong></span> <span class='ocrx_word' id='word_1_674' title='bbox 1036 2911 1083 2935; x_wconf 88' lang='lat' dir='ltr'><strong>pro</strong></span> <span class='ocrx_word' id='word_1_675' title='bbox 1104 2911 1156 2936; x_wconf 85' lang='lat' dir='ltr'><strong>quo</strong></span> <span class='ocrx_word' id='word_1_676' title='bbox 1175 2904 1216 2928; x_wconf 83' lang='lat' dir='ltr'><strong>alii</strong></span> <span class='ocrx_word' id='word_1_677' title='bbox 1236 2903 1312 2928; x_wconf 87' lang='lat' dir='ltr'><strong>codd.</strong></span> <span class='ocrx_word' id='word_1_678' title='bbox 1333 2903 1423 2928; x_wconf 86' lang='lat' dir='ltr'><strong>substi-</strong></span> 
     </span>
     <span class='ocr_line' id='line_1_100' title="bbox 470 2946 1423 2979; baseline -0.002 -5"><span class='ocrx_word' id='word_1_679' title='bbox 470 2952 544 2974; x_wconf 86' lang='lat' dir='ltr'><strong>tuunt</strong></span> <span class='ocrx_word' id='word_1_680' title='bbox 562 2948 648 2975; x_wconf 70' lang='lat' dir='ltr'><strong>virilis</strong></span> <span class='ocrx_word' id='word_1_681' title='bbox 667 2950 699 2979; x_wconf 76' lang='lat' dir='ltr'><strong>et,</strong></span> <span class='ocrx_word' id='word_1_682' title='bbox 721 2948 778 2973; x_wconf 79' lang='lat' dir='ltr'><strong>rod.</strong></span> <span class='ocrx_word' id='word_1_683' title='bbox 799 2948 819 2973; x_wconf 91' lang='grc' dir='ltr'>Ο</span> <span class='ocrx_word' id='word_1_684' title='bbox 839 2947 907 2974; x_wconf 76' lang='lat' dir='ltr'><strong>sicut</strong></span> <span class='ocrx_word' id='word_1_685' title='bbox 926 2947 1011 2974; x_wconf 71' lang='lat' dir='ltr'><strong>virilis</strong></span> <span class='ocrx_word' id='word_1_686' title='bbox 1031 2949 1061 2973; x_wconf 80' lang='lat' dir='ltr'><strong>et.</strong></span> <span class='ocrx_word' id='word_1_687' title='bbox 1084 2948 1141 2972; x_wconf 66' lang='lat' dir='ltr'><strong>l&#39;ost</strong></span> <span class='ocrx_word' id='word_1_688' title='bbox 1161 2955 1243 2978; x_wconf 84' lang='lat' dir='ltr'><strong>pauca</strong></span> <span class='ocrx_word' id='word_1_689' title='bbox 1258 2954 1305 2979; x_wconf 89' lang='lat' dir='ltr'><strong>pro</strong></span> <span class='ocrx_word' id='word_1_690' title='bbox 1319 2946 1423 2973; x_wconf 76' lang='lat' dir='ltr'><strong>virilem</strong></span> 
     </span>
    </p>
   </div>
   <div class='ocr_carea' id='block_1_14' title="bbox 426 2983 820 3024">
    <p class='ocr_par' dir='ltr' id='par_1_19' title="bbox 426 2983 820 3024">
     <span class='ocr_line' id='line_1_101' title="bbox 426 2983 820 3024; baseline -0.003 -6"><span class='ocrx_word' id='word_1_691' title='bbox 426 2983 432 2991; x_wconf 70' lang='lat'><em>&#39;</em></span> <span class='ocrx_word' id='word_1_692' title='bbox 471 2994 558 3024; x_wconf 78' lang='lat' dir='ltr'><strong>plures</strong></span> <span class='ocrx_word' id='word_1_693' title='bbox 578 2993 652 3018; x_wconf 84' lang='lat' dir='ltr'><strong>codd.</strong></span> <span class='ocrx_word' id='word_1_694' title='bbox 673 2992 820 3017; x_wconf 76' lang='lat' dir='ltr'><strong>mulierem.</strong></span> 
     </span>
    </p>
   </div>
   <div class='ocr_carea' id='block_1_15' title="bbox 468 3035 1423 3418">
    <p class='ocr_par' dir='ltr' id='par_1_20' title="bbox 540 3035 1095 3068">
     <span class='ocr_line' id='line_1_102' title="bbox 540 3035 1095 3068; baseline -0.002 -7"><span class='ocrx_word' id='word_1_695' title='bbox 540 3037 549 3052; x_wconf 67' lang='lat'><strong>&#39;2</strong></span> <span class='ocrx_word' id='word_1_696' title='bbox 570 3039 687 3067; x_wconf 68' lang='lat' dir='ltr'><strong>August.y</strong></span> <span class='ocrx_word' id='word_1_697' title='bbox 708 3036 786 3060; x_wconf 64' lang='lat' dir='ltr'><strong>XXll.</strong></span> <span class='ocrx_word' id='word_1_698' title='bbox 807 3036 839 3061; x_wconf 84' lang='lat' dir='ltr'><strong>de</strong></span> <span class='ocrx_word' id='word_1_699' title='bbox 859 3036 912 3061; x_wconf 63' lang='lat' dir='ltr'><strong>Cir.</strong></span> <span class='ocrx_word' id='word_1_700' title='bbox 933 3036 990 3068; x_wconf 85' lang='lat' dir='ltr'><strong>Dei,</strong></span> <span class='ocrx_word' id='word_1_701' title='bbox 1011 3043 1032 3060; x_wconf 89' lang='lat' dir='ltr'><strong>c.</strong></span> <span class='ocrx_word' id='word_1_702' title='bbox 1054 3035 1095 3060; x_wconf 51' lang='lat' dir='ltr'><strong>rl7.</strong></span> 
     </span>
    </p>

    <p class='ocr_par' dir='ltr' id='par_1_21' title="bbox 469 3078 1423 3244">
     <span class='ocr_line' id='line_1_103' title="bbox 541 3078 1420 3112; baseline -0.001 -7"><span class='ocrx_word' id='word_1_703' title='bbox 541 3080 551 3096; x_wconf 69' lang='lat'>³</span> <span class='ocrx_word' id='word_1_704' title='bbox 570 3080 619 3106; x_wconf 88' lang='lat' dir='ltr'><strong>Cfr.</strong></span> <span class='ocrx_word' id='word_1_705' title='bbox 640 3081 758 3112; x_wconf 73' lang='lat' dir='ltr'><strong>Aristot.,</strong></span> <span class='ocrx_word' id='word_1_706' title='bbox 781 3080 807 3104; x_wconf 89' lang='lat' dir='ltr'><strong>ll.</strong></span> <span class='ocrx_word' id='word_1_707' title='bbox 830 3080 862 3105; x_wconf 89' lang='lat' dir='ltr'><strong>de</strong></span> <span class='ocrx_word' id='word_1_708' title='bbox 882 3081 987 3111; x_wconf 79' lang='lat' dir='ltr'><strong>Anima,</strong></span> <span class='ocrx_word' id='word_1_709' title='bbox 1013 3082 1070 3104; x_wconf 83' lang='lat' dir='ltr'><strong>text.</strong></span> <span class='ocrx_word' id='word_1_710' title='bbox 1091 3079 1133 3104; x_wconf 75' lang='lat'><strong>34.</strong></span> <span class='ocrx_word' id='word_1_711' title='bbox 1154 3086 1208 3110; x_wconf 85' lang='lat' dir='ltr'><strong>seq.</strong></span> <span class='ocrx_word' id='word_1_712' title='bbox 1229 3079 1261 3110; x_wconf 83' lang='lat' dir='ltr'><strong>(c.</strong></span> <span class='ocrx_word' id='word_1_713' title='bbox 1282 3078 1331 3111; x_wconf 76' lang='grc'><strong>4.),</strong></span> <span class='ocrx_word' id='word_1_714' title='bbox 1350 3082 1374 3103; x_wconf 88' lang='lat' dir='ltr'><strong>et</strong></span> <span class='ocrx_word' id='word_1_715' title='bbox 1395 3078 1420 3104; x_wconf 92' lang='lat' dir='ltr'><strong>ll.</strong></span> 
     </span>
     <span class='ocr_line' id='line_1_104' title="bbox 469 3123 1421 3155; baseline -0.002 -6"><span class='ocrx_word' id='word_1_716' title='bbox 469 3125 501 3149; x_wconf 83' lang='lat' dir='ltr'><strong>dc</strong></span> <span class='ocrx_word' id='word_1_717' title='bbox 522 3126 637 3149; x_wconf 75' lang='lat' dir='ltr'><strong>Generat.</strong></span> <span class='ocrx_word' id='word_1_718' title='bbox 658 3128 682 3150; x_wconf 86' lang='lat' dir='ltr'><strong>et</strong></span> <span class='ocrx_word' id='word_1_719' title='bbox 702 3128 815 3155; x_wconf 83' lang='lat' dir='ltr'><strong>corrupt.</strong></span> <span class='ocrx_word' id='word_1_720' title='bbox 838 3128 894 3149; x_wconf 68' lang='lat' dir='ltr'><strong>text.</strong></span> <span class='ocrx_word' id='word_1_721' title='bbox 916 3124 959 3149; x_wconf 74' lang='lat'><strong>59.</strong></span> <span class='ocrx_word' id='word_1_722' title='bbox 978 3126 1009 3153; x_wconf 85' lang='lat' dir='ltr'><strong>(c.</strong></span> <span class='ocrx_word' id='word_1_723' title='bbox 1032 3124 1098 3155; x_wconf 67' lang='lat' dir='ltr'><strong>=lO.),</strong></span> <span class='ocrx_word' id='word_1_724' title='bbox 1122 3123 1165 3148; x_wconf 85' lang='lat' dir='ltr'><strong>ubi</strong></span> <span class='ocrx_word' id='word_1_725' title='bbox 1194 3124 1271 3148; x_wconf 85' lang='lat' dir='ltr'><strong>etiam</strong></span> <span class='ocrx_word' id='word_1_726' title='bbox 1291 3123 1370 3147; x_wconf 86' lang='lat' dir='ltr'><strong>illud:</strong></span> <span class='ocrx_word' id='word_1_727' title='bbox 1396 3124 1421 3147; x_wconf 91' lang='lat' dir='ltr'><strong>ln</strong></span> 
     </span>
     <span class='ocr_line' id='line_1_105' title="bbox 470 3166 1423 3201; baseline -0.001 -9"><span class='ocrx_word' id='word_1_728' title='bbox 470 3168 590 3193; x_wconf 86' lang='lat' dir='ltr'><strong>omnibus</strong></span> <span class='ocrx_word' id='word_1_729' title='bbox 610 3169 680 3201; x_wconf 85' lang='lat' dir='ltr'><strong>quod</strong></span> <span class='ocrx_word' id='word_1_730' title='bbox 702 3169 794 3193; x_wconf 88' lang='lat' dir='ltr'><strong>melius</strong></span> <span class='ocrx_word' id='word_1_731' title='bbox 813 3171 858 3199; x_wconf 77' lang='lat' dir='ltr'><strong>est⁷</strong></span> <span class='ocrx_word' id='word_1_732' title='bbox 879 3168 1027 3193; x_wconf 78' lang='lat' dir='ltr'><strong>desiderare</strong></span> <span class='ocrx_word' id='word_1_733' title='bbox 1053 3172 1171 3192; x_wconf 79' lang='lat' dir='ltr'><strong>naturam</strong></span> <span class='ocrx_word' id='word_1_734' title='bbox 1191 3174 1303 3198; x_wconf 82' lang='lat' dir='ltr'><strong>semper.</strong></span> <span class='ocrx_word' id='word_1_735' title='bbox 1321 3166 1370 3192; x_wconf 84' lang='lat' dir='ltr'><strong>Csr.</strong></span> <span class='ocrx_word' id='word_1_736' title='bbox 1392 3167 1423 3192; x_wconf 81' lang='lat' dir='ltr'><strong>de</strong></span> 
     </span>
     <span class='ocr_line' id='line_1_106' title="bbox 469 3212 1041 3244; baseline 0.002 -9"><span class='ocrx_word' id='word_1_737' title='bbox 469 3213 516 3236; x_wconf 73' lang='lat' dir='ltr'><strong>linc</strong></span> <span class='ocrx_word' id='word_1_738' title='bbox 537 3213 610 3237; x_wconf 84' lang='lat' dir='ltr'><strong>solut.</strong></span> <span class='ocrx_word' id='word_1_739' title='bbox 632 3213 658 3237; x_wconf 94' lang='lat' dir='ltr'><strong>ll.</strong></span> <span class='ocrx_word' id='word_1_740' title='bbox 679 3213 746 3237; x_wconf 78' lang='lat' dir='ltr'><strong>Sent.</strong></span> <span class='ocrx_word' id='word_1_741' title='bbox 767 3212 791 3237; x_wconf 83' lang='lat' dir='ltr'><strong>(l.</strong></span> <span class='ocrx_word' id='word_1_742' title='bbox 813 3212 854 3237; x_wconf 71' lang='lat'><strong>20.</strong></span> <span class='ocrx_word' id='word_1_743' title='bbox 875 3219 899 3244; x_wconf 81' lang='lat' dir='ltr'><strong>q.</strong></span> <span class='ocrx_word' id='word_1_744' title='bbox 920 3212 943 3236; x_wconf 86' lang='lat'><strong>6.</strong></span> <span class='ocrx_word' id='word_1_745' title='bbox 965 3212 998 3236; x_wconf 83' lang='lat' dir='ltr'><strong>ad</strong></span> <span class='ocrx_word' id='word_1_746' title='bbox 1019 3212 1041 3236; x_wconf 76' lang='grc' dir='ltr'><strong>ι1.</strong></span> 
     </span>
    </p>

    <p class='ocr_par' dir='ltr' id='par_1_22' title="bbox 468 3253 1422 3377">
     <span class='ocr_line' id='line_1_107' title="bbox 540 3253 1422 3287; baseline -0.005 -6"><span class='ocrx_word' id='word_1_747' title='bbox 540 3255 550 3271; x_wconf 78' lang='lat'>⁴</span> <span class='ocrx_word' id='word_1_748' title='bbox 570 3255 631 3280; x_wconf 91' lang='lat' dir='ltr'><strong>Cod.</strong></span> <span class='ocrx_word' id='word_1_749' title='bbox 646 3256 665 3280; x_wconf 88' lang='lat' dir='ltr'>U</span> <span class='ocrx_word' id='word_1_750' title='bbox 681 3256 711 3281; x_wconf 76' lang='lat' dir='ltr'><strong>de</strong></span> <span class='ocrx_word' id='word_1_751' title='bbox 729 3262 771 3287; x_wconf 79' lang='lat' dir='ltr'><strong>se,</strong></span> <span class='ocrx_word' id='word_1_752' title='bbox 793 3255 852 3280; x_wconf 85' lang='lat' dir='ltr'><strong>edd.</strong></span> <span class='ocrx_word' id='word_1_753' title='bbox 869 3262 928 3280; x_wconf 89' lang='lat' dir='ltr'><strong>cum</strong></span> <span class='ocrx_word' id='word_1_754' title='bbox 944 3255 1063 3286; x_wconf 88' lang='lat' dir='ltr'><strong>pluribus</strong></span> <span class='ocrx_word' id='word_1_755' title='bbox 1077 3255 1154 3279; x_wconf 87' lang='lat' dir='ltr'><strong>codd.</strong></span> <span class='ocrx_word' id='word_1_756' title='bbox 1170 3254 1200 3280; x_wconf 84' lang='lat' dir='ltr'><strong>de</strong></span> <span class='ocrx_word' id='word_1_757' title='bbox 1213 3253 1321 3286; x_wconf 72' lang='lat' dir='ltr'><strong>femina.</strong></span> <span class='ocrx_word' id='word_1_758' title='bbox 1337 3253 1422 3278; x_wconf 84' lang='lat' dir='ltr'><strong>Verba</strong></span> 
     </span>
     <span class='ocr_line' id='line_1_108' title="bbox 468 3297 1422 3332; baseline -0.002 -8"><span class='ocrx_word' id='word_1_759' title='bbox 468 3301 506 3324; x_wconf 67' lang='lat' dir='ltr'><strong>est</strong></span> <span class='ocrx_word' id='word_1_760' title='bbox 524 3298 581 3331; x_wconf 70' lang='lat' dir='ltr'><strong>hic,</strong></span> <span class='ocrx_word' id='word_1_761' title='bbox 604 3299 667 3332; x_wconf 67' lang='lat' dir='ltr'><strong>quid</strong></span> <span class='ocrx_word' id='word_1_762' title='bbox 696 3300 878 3331; x_wconf 80' lang='lat' dir='ltr'><strong>supplevimus</strong></span> <span class='ocrx_word' id='word_1_763' title='bbox 906 3307 937 3324; x_wconf 79' lang='lat' dir='ltr'><strong>ex</strong></span> <span class='ocrx_word' id='word_1_764' title='bbox 965 3300 1022 3324; x_wconf 87' lang='lat' dir='ltr'><strong>cod.</strong></span> <span class='ocrx_word' id='word_1_765' title='bbox 1046 3299 1077 3330; x_wconf 82' lang='lat' dir='ltr'><strong>F,</strong></span> <span class='ocrx_word' id='word_1_766' title='bbox 1098 3306 1145 3330; x_wconf 87' lang='lat' dir='ltr'><strong>pro</strong></span> <span class='ocrx_word' id='word_1_767' title='bbox 1166 3298 1261 3331; x_wconf 85' lang='lat' dir='ltr'><strong>quibus</strong></span> <span class='ocrx_word' id='word_1_768' title='bbox 1280 3298 1322 3323; x_wconf 84' lang='lat' dir='ltr'><strong>alii</strong></span> <span class='ocrx_word' id='word_1_769' title='bbox 1346 3297 1422 3323; x_wconf 85' lang='lat' dir='ltr'><strong>codd.</strong></span> 
     </span>
     <span class='ocr_line' id='line_1_109' title="bbox 470 3343 1056 3377; baseline 0.002 -10"><span class='ocrx_word' id='word_1_770' title='bbox 470 3344 510 3367; x_wconf 65' lang='lat' dir='ltr'><strong>w]</strong></span> <span class='ocrx_word' id='word_1_771' title='bbox 531 3343 594 3375; x_wconf 75' lang='lat' dir='ltr'><strong>quta</strong></span> <span class='ocrx_word' id='word_1_772' title='bbox 613 3343 663 3375; x_wconf 71' lang='lat' dir='ltr'><strong>hic,</strong></span> <span class='ocrx_word' id='word_1_773' title='bbox 685 3345 724 3369; x_wconf 76' lang='lat' dir='ltr'><strong>vel</strong></span> <span class='ocrx_word' id='word_1_774' title='bbox 745 3344 808 3377; x_wconf 74' lang='lat' dir='ltr'><strong>quia</strong></span> <span class='ocrx_word' id='word_1_775' title='bbox 829 3344 901 3375; x_wconf 74' lang='lat' dir='ltr'><strong>haec,</strong></span> <span class='ocrx_word' id='word_1_776' title='bbox 924 3344 964 3368; x_wconf 86' lang='lat' dir='ltr'><strong>vel</strong></span> <span class='ocrx_word' id='word_1_777' title='bbox 984 3343 1056 3375; x_wconf 77' lang='lat' dir='ltr'><strong>quia.</strong></span> 
     </span>
    </p>

    <p class='ocr_par' dir='ltr' id='par_1_23' title="bbox 540 3386 1174 3418">
     <span class='ocr_line' id='line_1_110' title="bbox 540 3386 1174 3418; baseline 0.002 -8"><span class='ocrx_word' id='word_1_778' title='bbox 540 3386 550 3402; x_wconf 79' lang='lat'><strong>5</strong></span> <span class='ocrx_word' id='word_1_779' title='bbox 569 3386 618 3411; x_wconf 83' lang='lat' dir='ltr'><strong>Csr.</strong></span> <span class='ocrx_word' id='word_1_780' title='bbox 640 3389 763 3418; x_wconf 55' lang='lat' dir='ltr'><strong>August„</strong></span> <span class='ocrx_word' id='word_1_781' title='bbox 784 3388 861 3412; x_wconf 71' lang='lat' dir='ltr'><strong>xxti.</strong></span> <span class='ocrx_word' id='word_1_782' title='bbox 882 3388 913 3412; x_wconf 84' lang='lat' dir='ltr'><strong>(le</strong></span> <span class='ocrx_word' id='word_1_783' title='bbox 933 3386 987 3412; x_wconf 83' lang='lat' dir='ltr'><strong>Civ.</strong></span> <span class='ocrx_word' id='word_1_784' title='bbox 1009 3387 1066 3418; x_wconf 85' lang='lat' dir='ltr'><strong>Dei,</strong></span> <span class='ocrx_word' id='word_1_785' title='bbox 1087 3394 1110 3412; x_wconf 87' lang='lat' dir='ltr'><strong>c.</strong></span> <span class='ocrx_word' id='word_1_786' title='bbox 1133 3387 1174 3411; x_wconf 76' lang='grc'><strong>17.</strong></span> 
     </span>
    </p>
   </div>
   <div class='ocr_carea' id='block_1_16' title="bbox 1454 2744 1457 3399">
    <p class='ocr_par' dir='ltr' id='par_1_24' title="bbox 1454 2744 1457 3399">
     <span class='ocr_line' id='line_1_111' title="bbox 1454 2744 1457 3399; baseline 0 0"><span class='ocrx_word' id='word_1_787' title='bbox 1454 2744 1457 3399; x_wconf 95' lang='lat' dir='ltr'><strong> </strong></span> 
     </span>
    </p>
   </div>
   <div class='ocr_carea' id='block_1_17' title="bbox 1490 2724 2432 2890">
    <p class='ocr_par' dir='ltr' id='par_1_25' title="bbox 1490 2724 2431 2802">
     <span class='ocr_line' id='line_1_112' title="bbox 1558 2724 2431 2759; baseline -0.002 -7"><span class='ocrx_word' id='word_1_788' title='bbox 1558 2727 1570 2743; x_wconf 74' lang='grc'>6</span> <span class='ocrx_word' id='word_1_789' title='bbox 1589 2727 1658 2753; x_wconf 87' lang='lat' dir='ltr'><strong>ldem</strong></span> <span class='ocrx_word' id='word_1_790' title='bbox 1673 2727 1735 2752; x_wconf 87' lang='lat' dir='ltr'><strong>dub.</strong></span> <span class='ocrx_word' id='word_1_791' title='bbox 1750 2727 1854 2752; x_wconf 89' lang='lat' dir='ltr'><strong>solvunt</strong></span> <span class='ocrx_word' id='word_1_792' title='bbox 1867 2727 1891 2751; x_wconf 84' lang='lat' dir='ltr'><strong>S.</strong></span> <span class='ocrx_word' id='word_1_793' title='bbox 1907 2727 2009 2757; x_wconf 59' lang='lat' dir='ltr'><strong>Thom„</strong></span> <span class='ocrx_word' id='word_1_794' title='bbox 2025 2727 2065 2751; x_wconf 83' lang='lat' dir='ltr'><strong>liic</strong></span> <span class='ocrx_word' id='word_1_795' title='bbox 2079 2733 2103 2759; x_wconf 81' lang='lat'><strong>(1.</strong></span> <span class='ocrx_word' id='word_1_796' title='bbox 2120 2727 2142 2751; x_wconf 58' lang='lat'><strong>4,</strong></span> <span class='ocrx_word' id='word_1_797' title='bbox 2157 2734 2179 2751; x_wconf 83' lang='lat' dir='ltr'><strong>a.</strong></span> <span class='ocrx_word' id='word_1_798' title='bbox 2195 2726 2217 2751; x_wconf 84' lang='lat'><strong>3.</strong></span> <span class='ocrx_word' id='word_1_799' title='bbox 2233 2726 2389 2758; x_wconf 76' lang='lat' dir='ltr'><strong>quaestione.</strong></span> <span class='ocrx_word' id='word_1_800' title='bbox 2405 2724 2431 2755; x_wconf 85' lang='lat'><strong>3;</strong></span> 
     </span>
     <span class='ocr_line' id='line_1_113' title="bbox 1490 2771 1999 2802; baseline -0.004 -6"><span class='ocrx_word' id='word_1_801' title='bbox 1490 2771 1608 2796; x_wconf 80' lang='lat' dir='ltr'><strong>Richard.</strong></span> <span class='ocrx_word' id='word_1_802' title='bbox 1629 2778 1643 2796; x_wconf 88' lang='lat' dir='ltr'><strong>a</strong></span> <span class='ocrx_word' id='word_1_803' title='bbox 1663 2771 1743 2802; x_wconf 75' lang='lat' dir='ltr'><strong>Med,</strong></span> <span class='ocrx_word' id='word_1_804' title='bbox 1765 2771 1806 2795; x_wconf 86' lang='lat' dir='ltr'><strong>hic</strong></span> <span class='ocrx_word' id='word_1_805' title='bbox 1825 2778 1847 2795; x_wconf 87' lang='lat' dir='ltr'><strong>a.</strong></span> <span class='ocrx_word' id='word_1_806' title='bbox 1872 2771 1891 2794; x_wconf 84' lang='lat' dir='ltr'><strong>l.</strong></span> <span class='ocrx_word' id='word_1_807' title='bbox 1912 2778 1937 2802; x_wconf 85' lang='lat' dir='ltr'><strong>q.</strong></span> <span class='ocrx_word' id='word_1_808' title='bbox 1962 2771 1999 2794; x_wconf 89' lang='grc'><strong>10.</strong></span> 
     </span>
    </p>

    <p class='ocr_par' dir='ltr' id='par_1_26' title="bbox 1558 2813 2041 2847">
     <span class='ocr_line' id='line_1_114' title="bbox 1558 2813 2041 2847; baseline -0.004 -7"><span class='ocrx_word' id='word_1_809' title='bbox 1558 2815 1569 2832; x_wconf 88' lang='lat'><strong>7</strong></span> <span class='ocrx_word' id='word_1_810' title='bbox 1588 2815 1651 2840; x_wconf 83' lang='lat' dir='ltr'><strong>Edd.</strong></span> <span class='ocrx_word' id='word_1_811' title='bbox 1672 2822 1732 2840; x_wconf 86' lang='lat' dir='ltr'><strong>cum</strong></span> <span class='ocrx_word' id='word_1_812' title='bbox 1752 2815 1849 2847; x_wconf 85' lang='lat' dir='ltr'><strong>aliquot</strong></span> <span class='ocrx_word' id='word_1_813' title='bbox 1869 2814 1944 2839; x_wconf 74' lang='lat' dir='ltr'><strong>codd.</strong></span> <span class='ocrx_word' id='word_1_814' title='bbox 1965 2813 2041 2839; x_wconf 77' lang='lat' dir='ltr'><strong>varii.</strong></span> 
     </span>
    </p>

    <p class='ocr_par' dir='ltr' id='par_1_27' title="bbox 1558 2856 2432 2890">
     <span class='ocr_line' id='line_1_115' title="bbox 1558 2856 2432 2890; baseline -0.005 -6"><span class='ocrx_word' id='word_1_815' title='bbox 1558 2859 1569 2875; x_wconf 75' lang='lat'><strong>⁸</strong></span> <span class='ocrx_word' id='word_1_816' title='bbox 1588 2859 1802 2890; x_wconf 80' lang='lat' dir='ltr'><strong>Ai1gust.‚XXll.</strong></span> <span class='ocrx_word' id='word_1_817' title='bbox 1829 2858 1861 2883; x_wconf 89' lang='lat' dir='ltr'><strong>de</strong></span> <span class='ocrx_word' id='word_1_818' title='bbox 1890 2858 1946 2882; x_wconf 69' lang='lat' dir='ltr'><strong>Cir.</strong></span> <span class='ocrx_word' id='word_1_819' title='bbox 1968 2858 2027 2888; x_wconf 70' lang='lat' dir='ltr'><strong>Dei,</strong></span> <span class='ocrx_word' id='word_1_820' title='bbox 2048 2864 2069 2882; x_wconf 88' lang='lat' dir='ltr'><strong>c.</strong></span> <span class='ocrx_word' id='word_1_821' title='bbox 2101 2857 2146 2882; x_wconf 59' lang='lat' dir='ltr'><strong>lli:</strong></span> <span class='ocrx_word' id='word_1_822' title='bbox 2176 2858 2248 2882; x_wconf 80' lang='lat' dir='ltr'><strong>llunc</strong></span> <span class='ocrx_word' id='word_1_823' title='bbox 2277 2856 2432 2888; x_wconf 83' lang='lat' dir='ltr'><strong>perfectionis</strong></span> 
     </span>
    </p>
   </div>
   <div class='ocr_carea' id='block_1_18' title="bbox 1487 2902 2483 2978">
    <p class='ocr_par' dir='ltr' id='par_1_28' title="bbox 1487 2893 2483 2978">
     <span class='ocr_line' id='line_1_116' title="bbox 1487 2902 2432 2934; baseline -0.005 -5"><span class='ocrx_word' id='word_1_824' title='bbox 1487 2904 1595 2929; x_wconf 88' lang='lat' dir='ltr'><strong>modum</strong></span> <span class='ocrx_word' id='word_1_825' title='bbox 1617 2905 1653 2928; x_wconf 75' lang='lat' dir='ltr'><strong>sic</strong></span> <span class='ocrx_word' id='word_1_826' title='bbox 1672 2903 1767 2928; x_wconf 84' lang='lat' dir='ltr'><strong>habent</strong></span> <span class='ocrx_word' id='word_1_827' title='bbox 1785 2909 1889 2934; x_wconf 67' lang='lat' dir='ltr'><strong>omnes,</strong></span> <span class='ocrx_word' id='word_1_828' title='bbox 1911 2907 1937 2928; x_wconf 82' lang='lat' dir='ltr'><strong>ut</strong></span> <span class='ocrx_word' id='word_1_829' title='bbox 1956 2909 2015 2927; x_wconf 89' lang='lat' dir='ltr'><strong>cum</strong></span> <span class='ocrx_word' id='word_1_830' title='bbox 2034 2902 2077 2927; x_wconf 90' lang='lat' dir='ltr'><strong>illo</strong></span> <span class='ocrx_word' id='word_1_831' title='bbox 2103 2902 2280 2933; x_wconf 84' lang='lat' dir='ltr'><strong>concipiantur</strong></span> <span class='ocrx_word' id='word_1_832' title='bbox 2299 2904 2374 2933; x_wconf 81' lang='lat' dir='ltr'><strong>atque</strong></span> <span class='ocrx_word' id='word_1_833' title='bbox 2392 2906 2432 2924; x_wconf 84' lang='lat' dir='ltr'><strong>na·</strong></span> 
     </span>
     <span class='ocr_line' id='line_1_117' title="bbox 1487 2944 2483 2978; baseline -0.005 -6"><span class='ocrx_word' id='word_1_834' title='bbox 1487 2951 1603 2978; x_wconf 81' lang='lat' dir='ltr'><strong>scantur;</strong></span> <span class='ocrx_word' id='word_1_835' title='bbox 1625 2947 1670 2971; x_wconf 81' lang='lat' dir='ltr'><strong>scd</strong></span> <span class='ocrx_word' id='word_1_836' title='bbox 1691 2946 1786 2971; x_wconf 80' lang='lat' dir='ltr'><strong>hahent</strong></span> <span class='ocrx_word' id='word_1_837' title='bbox 1805 2947 1828 2970; x_wconf 88' lang='lat' dir='ltr'><strong>in</strong></span> <span class='ocrx_word' id='word_1_838' title='bbox 1849 2945 1966 2977; x_wconf 75' lang='lat' dir='ltr'><strong>ratione,</strong></span> <span class='ocrx_word' id='word_1_839' title='bbox 1990 2953 2039 2970; x_wconf 87' lang='lat' dir='ltr'><strong>non</strong></span> <span class='ocrx_word' id='word_1_840' title='bbox 2061 2946 2085 2970; x_wconf 85' lang='lat' dir='ltr'><strong>in</strong></span> <span class='ocrx_word' id='word_1_841' title='bbox 2104 2945 2187 2977; x_wconf 78' lang='lat' dir='ltr'><strong>mole,</strong></span> <span class='ocrx_word' id='word_1_842' title='bbox 2210 2946 2274 2970; x_wconf 88' lang='lat' dir='ltr'><strong>sicut</strong></span> <span class='ocrx_word' id='word_1_843' title='bbox 2302 2945 2357 2975; x_wconf 84' lang='lat' dir='ltr'><strong>ipsa</strong></span> <span class='ocrx_word' id='word_1_844' title='bbox 2385 2944 2432 2968; x_wconf 81' lang='lat' dir='ltr'><strong>iam</strong></span> <span class='ocrx_word' id='word_1_845' title='bbox 2482 2955 2483 2959; x_wconf 68' lang='lat'><em>=</em></span> 
     </span>
    </p>
   </div>
   <div class='ocr_carea' id='block_1_19' title="bbox 1487 2982 2432 3020">
    <p class='ocr_par' dir='ltr' id='par_1_29' title="bbox 1487 2982 2432 3020">
     <span class='ocr_line' id='line_1_118' title="bbox 1487 2982 2432 3020; baseline -0.004 -5"><span class='ocrx_word' id='word_1_846' title='bbox 1487 2990 1604 3016; x_wconf 83' lang='lat' dir='ltr'><strong>membra</strong></span> <span class='ocrx_word' id='word_1_847' title='bbox 1617 2991 1701 3015; x_wconf 77' lang='lat' dir='ltr'><strong>omnia</strong></span> <span class='ocrx_word' id='word_1_848' title='bbox 1712 2993 1771 3015; x_wconf 84' lang='lat' dir='ltr'><strong>sunt</strong></span> <span class='ocrx_word' id='word_1_849' title='bbox 1785 2990 1890 3015; x_wconf 78' lang='lat' dir='ltr'><strong>latenter</strong></span> <span class='ocrx_word' id='word_1_850' title='bbox 1905 2990 1928 3013; x_wconf 88' lang='lat' dir='ltr'><strong>in</strong></span> <span class='ocrx_word' id='word_1_851' title='bbox 1943 2990 2042 3014; x_wconf 84' lang='lat' dir='ltr'><strong>semine</strong></span> <span class='ocrx_word' id='word_1_852' title='bbox 2056 2992 2102 3014; x_wconf 82' lang='lat' dir='ltr'><strong>etc.</strong></span> <span class='ocrx_word' id='word_1_853' title='bbox 2117 3003 2151 3007; x_wconf 87' lang='lat'><strong>——</strong></span> <span class='ocrx_word' id='word_1_854' title='bbox 2162 2989 2197 3014; x_wconf 90' lang='lat' dir='ltr'><strong>De</strong></span> <span class='ocrx_word' id='word_1_855' title='bbox 2209 2982 2346 3020; x_wconf 76' lang='lat' dir='ltr'><strong>quantitate</strong></span> <span class='ocrx_word' id='word_1_856' title='bbox 2359 2985 2432 3011; x_wconf 80' lang='lat' dir='ltr'><strong>molis</strong></span> 
     </span>
    </p>
   </div>
   <div class='ocr_carea' id='block_1_20' title="bbox 1488 3018 2483 3065">
    <p class='ocr_par' dir='ltr' id='par_1_30' title="bbox 1488 3018 2483 3065">
     <span class='ocr_line' id='line_1_119' title="bbox 1488 3018 2483 3065; baseline -0.004 -6"><span class='ocrx_word' id='word_1_857' title='bbox 1488 3038 1511 3059; x_wconf 79' lang='lat' dir='ltr'><strong>et</strong></span> <span class='ocrx_word' id='word_1_858' title='bbox 1527 3034 1631 3060; x_wconf 69' lang='lat' dir='ltr'><strong>rii-tutis</strong></span> <span class='ocrx_word' id='word_1_859' title='bbox 1645 3035 1688 3059; x_wconf 86' lang='lat' dir='ltr'><strong>cfr.</strong></span> <span class='ocrx_word' id='word_1_860' title='bbox 1704 3041 1781 3065; x_wconf 87' lang='lat' dir='ltr'><strong>supra</strong></span> <span class='ocrx_word' id='word_1_861' title='bbox 1798 3041 1857 3065; x_wconf 80' lang='lat' dir='ltr'><strong>pag.</strong></span> <span class='ocrx_word' id='word_1_862' title='bbox 1874 3034 1936 3064; x_wconf 75' lang='lat'><strong>399,</strong></span> <span class='ocrx_word' id='word_1_863' title='bbox 1951 3038 2010 3058; x_wconf 82' lang='lat' dir='ltr'><strong>nota</strong></span> <span class='ocrx_word' id='word_1_864' title='bbox 2026 3033 2047 3058; x_wconf 68' lang='lat'><strong>4..</strong></span> <span class='ocrx_word' id='word_1_865' title='bbox 2063 3048 2095 3051; x_wconf 91' lang='lat'>—</span> <span class='ocrx_word' id='word_1_866' title='bbox 2111 3034 2235 3064; x_wconf 80' lang='lat' dir='ltr'><strong>Superius</strong></span> <span class='ocrx_word' id='word_1_867' title='bbox 2249 3039 2295 3064; x_wconf 92' lang='lat' dir='ltr'><strong>pro</strong></span> <span class='ocrx_word' id='word_1_868' title='bbox 2308 3031 2431 3057; x_wconf 75' lang='lat' dir='ltr'><strong>statutum</strong></span> <span class='ocrx_word' id='word_1_869' title='bbox 2481 3018 2483 3047; x_wconf 50' lang='grc' dir='ltr'><strong>ἶ</strong></span> 
     </span>
    </p>
   </div>
   <div class='ocr_carea' id='block_1_21' title="bbox 1486 3073 2482 3108">
    <p class='ocr_par' dir='ltr' id='par_1_31' title="bbox 1486 3073 2482 3108">
     <span class='ocr_line' id='line_1_120' title="bbox 1486 3073 2482 3108; baseline -0.006 -5"><span class='ocrx_word' id='word_1_870' title='bbox 1486 3079 1524 3103; x_wconf 75' lang='lat' dir='ltr'><strong>est</strong></span> <span class='ocrx_word' id='word_1_871' title='bbox 1545 3077 1619 3103; x_wconf 82' lang='lat' dir='ltr'><strong>codd.</strong></span> <span class='ocrx_word' id='word_1_872' title='bbox 1639 3078 1680 3102; x_wconf 76' lang='lat' dir='ltr'><strong>vel</strong></span> <span class='ocrx_word' id='word_1_873' title='bbox 1700 3077 1790 3103; x_wconf 79' lang='lat' dir='ltr'><strong>statim</strong></span> <span class='ocrx_word' id='word_1_874' title='bbox 1805 3076 1898 3108; x_wconf 74' lang='lat' dir='ltr'><strong>scitur,</strong></span> <span class='ocrx_word' id='word_1_875' title='bbox 1921 3077 1963 3102; x_wconf 76' lang='lat' dir='ltr'><strong>vel</strong></span> <span class='ocrx_word' id='word_1_876' title='bbox 1982 3076 2073 3102; x_wconf 79' lang='lat' dir='ltr'><strong>statim</strong></span> <span class='ocrx_word' id='word_1_877' title='bbox 2091 3076 2142 3102; x_wconf 73' lang='lat' dir='ltr'><strong>scit</strong></span> <span class='ocrx_word' id='word_1_878' title='bbox 2166 3076 2252 3108; x_wconf 87' lang='lat' dir='ltr'><strong>(codd.</strong></span> <span class='ocrx_word' id='word_1_879' title='bbox 2272 3075 2319 3100; x_wconf 91' lang='lat' dir='ltr'><strong>FO</strong></span> <span class='ocrx_word' id='word_1_880' title='bbox 2338 3073 2430 3099; x_wconf 85' lang='lat' dir='ltr'><strong>addunt</strong></span> <span class='ocrx_word' id='word_1_881' title='bbox 2481 3077 2482 3097; x_wconf 59' lang='lat' dir='ltr'>l</span> 
     </span>
    </p>
   </div>
   <div class='ocr_carea' id='block_1_22' title="bbox 1486 3117 2483 3153">
    <p class='ocr_par' dir='ltr' id='par_1_32' title="bbox 1486 3113 2483 3159">
     <span class='ocr_line' id='line_1_121' title="bbox 1486 3117 2483 3153; baseline -0.005 -6"><span class='ocrx_word' id='word_1_882' title='bbox 1486 3123 1610 3153; x_wconf 73' lang='lat' dir='ltr'><strong>nutura),</strong></span> <span class='ocrx_word' id='word_1_883' title='bbox 1632 3122 1673 3146; x_wconf 75' lang='lat' dir='ltr'><strong>vel</strong></span> <span class='ocrx_word' id='word_1_884' title='bbox 1692 3121 1782 3147; x_wconf 73' lang='lat' dir='ltr'><strong>statim</strong></span> <span class='ocrx_word' id='word_1_885' title='bbox 1801 3120 1915 3153; x_wconf 77' lang='lat' dir='ltr'><strong>scimus,</strong></span> <span class='ocrx_word' id='word_1_886' title='bbox 1937 3121 1993 3146; x_wconf 88' lang='lat' dir='ltr'><strong>cod.</strong></span> <span class='ocrx_word' id='word_1_887' title='bbox 2011 3121 2029 3145; x_wconf 88' lang='lat' dir='ltr'>B</span> <span class='ocrx_word' id='word_1_888' title='bbox 2042 3120 2132 3146; x_wconf 74' lang='lat' dir='ltr'><strong>statim</strong></span> <span class='ocrx_word' id='word_1_889' title='bbox 2152 3121 2256 3145; x_wconf 74' lang='lat' dir='ltr'><strong>tautum</strong></span> <span class='ocrx_word' id='word_1_890' title='bbox 2275 3120 2313 3145; x_wconf 73' lang='lat' dir='ltr'><strong>esc</strong></span> <span class='ocrx_word' id='word_1_891' title='bbox 2335 3117 2431 3143; x_wconf 72' lang='lat' dir='ltr'><strong>ratione</strong></span> <span class='ocrx_word' id='word_1_892' title='bbox 2480 3123 2483 3146; x_wconf 77' lang='lat' dir='ltr'>l</span> 
     </span>
    </p>
   </div>
   <div class='ocr_carea' id='block_1_23' title="bbox 1486 3162 2482 3416">
    <p class='ocr_par' dir='ltr' id='par_1_33' title="bbox 1486 3162 2482 3416">
     <span class='ocr_line' id='line_1_122' title="bbox 1486 3162 2482 3198; baseline -0.006 -7"><span class='ocrx_word' id='word_1_893' title='bbox 1486 3165 1530 3191; x_wconf 71' lang='lat' dir='ltr'><strong>sui</strong></span> <span class='ocrx_word' id='word_1_894' title='bbox 1549 3165 1658 3197; x_wconf 67' lang='lat' dir='ltr'><strong>rtrtute,</strong></span> <span class='ocrx_word' id='word_1_895' title='bbox 1674 3169 1698 3190; x_wconf 86' lang='lat' dir='ltr'><strong>ct</strong></span> <span class='ocrx_word' id='word_1_896' title='bbox 1719 3172 1765 3196; x_wconf 94' lang='lat' dir='ltr'><strong>pro</strong></span> <span class='ocrx_word' id='word_1_897' title='bbox 1785 3166 1946 3198; x_wconf 74' lang='lat' dir='ltr'><strong>quantum...</strong></span> <span class='ocrx_word' id='word_1_898' title='bbox 1968 3164 2036 3190; x_wconf 78' lang='lat' dir='ltr'><strong>mole</strong></span> <span class='ocrx_word' id='word_1_899' title='bbox 2055 3164 2130 3189; x_wconf 83' lang='lat' dir='ltr'><strong>codd.</strong></span> <span class='ocrx_word' id='word_1_900' title='bbox 2146 3164 2164 3188; x_wconf 78' lang='lat' dir='ltr'>R</span> <span class='ocrx_word' id='word_1_901' title='bbox 2177 3164 2192 3188; x_wconf 84' lang='lat' dir='ltr'>S</span> <span class='ocrx_word' id='word_1_902' title='bbox 2205 3164 2224 3188; x_wconf 75' lang='lat' dir='ltr'><strong>&#39;l&#39;</strong></span> <span class='ocrx_word' id='word_1_903' title='bbox 2236 3163 2255 3188; x_wconf 85' lang='lat' dir='ltr'>U</span> <span class='ocrx_word' id='word_1_904' title='bbox 2266 3163 2289 3187; x_wconf 80' lang='lat' dir='ltr'>X</span> <span class='ocrx_word' id='word_1_905' title='bbox 2303 3162 2338 3187; x_wconf 90' lang='lat' dir='ltr'><strong>bb</strong></span> <span class='ocrx_word' id='word_1_906' title='bbox 2355 3166 2431 3194; x_wconf 71' lang='lat' dir='ltr'><strong>quan-</strong></span> <span class='ocrx_word' id='word_1_907' title='bbox 2480 3171 2482 3183; x_wconf 59' lang='lat' dir='ltr'><strong>t</strong></span> 
     </span>
     <span class='ocr_line' id='line_1_123' title="bbox 1488 3207 1664 3234; baseline 0 -1"><span class='ocrx_word' id='word_1_908' title='bbox 1488 3209 1554 3234; x_wconf 81' lang='lat' dir='ltr'><strong>tae...</strong></span> <span class='ocrx_word' id='word_1_909' title='bbox 1577 3207 1664 3234; x_wconf 71' lang='lat' dir='ltr'><strong>motis.</strong></span> 
     </span>
     <span class='ocr_line' id='line_1_124' title="bbox 1557 3246 2481 3284; baseline -0.006 -7"><span class='ocrx_word' id='word_1_910' title='bbox 1557 3252 1568 3268; x_wconf 78' lang='lat'>⁹</span> <span class='ocrx_word' id='word_1_911' title='bbox 1587 3254 1697 3284; x_wconf 81' lang='lat' dir='ltr'><strong>Aristot.‚</strong></span> <span class='ocrx_word' id='word_1_912' title='bbox 1721 3253 1746 3277; x_wconf 90' lang='lat' dir='ltr'><strong>ll.</strong></span> <span class='ocrx_word' id='word_1_913' title='bbox 1778 3252 1810 3277; x_wconf 82' lang='lat' dir='ltr'><strong>de</strong></span> <span class='ocrx_word' id='word_1_914' title='bbox 1838 3253 1942 3282; x_wconf 74' lang='lat' dir='ltr'><strong>Anima,</strong></span> <span class='ocrx_word' id='word_1_915' title='bbox 1964 3254 2021 3276; x_wconf 71' lang='lat' dir='ltr'><strong>text.</strong></span> <span class='ocrx_word' id='word_1_916' title='bbox 2044 3251 2084 3276; x_wconf 69' lang='grc'><strong>41.</strong></span> <span class='ocrx_word' id='word_1_917' title='bbox 2106 3252 2137 3282; x_wconf 86' lang='lat' dir='ltr'><strong>(c.</strong></span> <span class='ocrx_word' id='word_1_918' title='bbox 2159 3251 2207 3283; x_wconf 79' lang='lat'><strong>4.):</strong></span> <span class='ocrx_word' id='word_1_919' title='bbox 2229 3251 2321 3275; x_wconf 82' lang='lat' dir='ltr'><strong>Natura</strong></span> <span class='ocrx_word' id='word_1_920' title='bbox 2348 3250 2430 3273; x_wconf 82' lang='lat' dir='ltr'><strong>autem</strong></span> <span class='ocrx_word' id='word_1_921' title='bbox 2480 3246 2481 3263; x_wconf 66' lang='lat' dir='ltr'>l</span> 
     </span>
     <span class='ocr_line' id='line_1_125' title="bbox 1487 3293 2429 3325; baseline -0.006 -4"><span class='ocrx_word' id='word_1_922' title='bbox 1487 3298 1657 3322; x_wconf 82' lang='lat' dir='ltr'><strong>constantium</strong></span> <span class='ocrx_word' id='word_1_923' title='bbox 1678 3297 1794 3321; x_wconf 87' lang='lat' dir='ltr'><strong>omnium</strong></span> <span class='ocrx_word' id='word_1_924' title='bbox 1815 3296 1940 3321; x_wconf 86' lang='lat' dir='ltr'><strong>terminus</strong></span> <span class='ocrx_word' id='word_1_925' title='bbox 1959 3298 1997 3320; x_wconf 84' lang='lat' dir='ltr'><strong>est</strong></span> <span class='ocrx_word' id='word_1_926' title='bbox 2016 3298 2041 3320; x_wconf 85' lang='lat' dir='ltr'><strong>et</strong></span> <span class='ocrx_word' id='word_1_927' title='bbox 2059 3296 2123 3320; x_wconf 82' lang='lat' dir='ltr'><strong>ratio</strong></span> <span class='ocrx_word' id='word_1_928' title='bbox 2143 3293 2326 3325; x_wconf 83' lang='lat' dir='ltr'><strong>magnitudinis</strong></span> <span class='ocrx_word' id='word_1_929' title='bbox 2350 3294 2374 3316; x_wconf 87' lang='lat' dir='ltr'><strong>et</strong></span> <span class='ocrx_word' id='word_1_930' title='bbox 2391 3296 2429 3315; x_wconf 80' lang='lat' dir='ltr'><strong>au·</strong></span> 
     </span>
     <span class='ocr_line' id='line_1_126' title="bbox 1487 3331 2431 3373; baseline -0.006 -8"><span class='ocrx_word' id='word_1_931' title='bbox 1487 3342 1592 3373; x_wconf 78' lang='lat' dir='ltr'><strong>gmenti.</strong></span> <span class='ocrx_word' id='word_1_932' title='bbox 1613 3355 1647 3358; x_wconf 97' lang='lat'><strong>—</strong></span> <span class='ocrx_word' id='word_1_933' title='bbox 1667 3341 1802 3372; x_wconf 81' lang='lat' dir='ltr'><strong>Aliquanto</strong></span> <span class='ocrx_word' id='word_1_934' title='bbox 1822 3340 1927 3364; x_wconf 83' lang='lat' dir='ltr'><strong>inferius</strong></span> <span class='ocrx_word' id='word_1_935' title='bbox 1956 3346 2003 3370; x_wconf 87' lang='lat' dir='ltr'><strong>pro</strong></span> <span class='ocrx_word' id='word_1_936' title='bbox 2029 3338 2176 3365; x_wconf 67' lang='lat' dir='ltr'><strong>secundum</strong></span> <span class='ocrx_word' id='word_1_937' title='bbox 2195 3338 2342 3367; x_wconf 75' lang='lat' dir='ltr'><strong>staturam,</strong></span> <span class='ocrx_word' id='word_1_938' title='bbox 2363 3331 2431 3366; x_wconf 82' lang='lat' dir='ltr'><strong>quod</strong></span> 
     </span>
     <span class='ocr_line' id='line_1_127' title="bbox 1487 3381 2352 3416; baseline -0.006 -6"><span class='ocrx_word' id='word_1_939' title='bbox 1487 3385 1607 3410; x_wconf 72' lang='lat' dir='ltr'><strong>exhibent</strong></span> <span class='ocrx_word' id='word_1_940' title='bbox 1627 3384 1702 3410; x_wconf 86' lang='lat' dir='ltr'><strong>codd.</strong></span> <span class='ocrx_word' id='word_1_941' title='bbox 1724 3385 1782 3416; x_wconf 85' lang='lat' dir='ltr'><strong>EZ,</strong></span> <span class='ocrx_word' id='word_1_942' title='bbox 1803 3384 1844 3409; x_wconf 86' lang='lat' dir='ltr'><strong>alii</strong></span> <span class='ocrx_word' id='word_1_943' title='bbox 1864 3383 1938 3409; x_wconf 89' lang='lat' dir='ltr'><strong>codd.</strong></span> <span class='ocrx_word' id='word_1_944' title='bbox 1958 3387 1983 3409; x_wconf 87' lang='lat' dir='ltr'><strong>et</strong></span> <span class='ocrx_word' id='word_1_945' title='bbox 2002 3383 2061 3408; x_wconf 89' lang='lat' dir='ltr'><strong>edd.</strong></span> <span class='ocrx_word' id='word_1_946' title='bbox 2081 3381 2227 3408; x_wconf 73' lang='lat' dir='ltr'><strong>secuudum</strong></span> <span class='ocrx_word' id='word_1_947' title='bbox 2246 3382 2352 3407; x_wconf 78' lang='lat' dir='ltr'><strong>statum.</strong></span> 
     </span>
    </p>
   </div>
  </div>
 </body>
</html>
