2483 3882
313 545 347 566 Ad
362 545 445 571 opposi-

354 573 404 591 tum.

307 2332 341 2353 Ad
357 2333 439 2360 opposi-

348 2361 399 2380 tum.

461 237 525 269 734

548 325 575 356 [ι.
601 324 693 361 Item,
719 322 851 364 leprosi,
875 330 911 354 eo
936 322 1002 362 ipso
1025 321 1109 362 quod
1134 319 1266 361 leprosi,
1289 328 1349 351 non
1368 323 1409 351 te-

458 381 573 408 nentur
598 376 636 407 ad
662 374 881 406 continentiam
907 382 963 405 nec
988 376 1118 414 possunt
1142 372 1229 412 cogi:
1260 380 1334 412 ergo
1359 380 1409 403 ne-

459 437 544 460 cesse
568 432 630 465 est,
657 435 774 458 uxores
798 434 907 457 eorum
933 425 978 457 eis
1002 425 1103 457 reddi.

548 480 697 511 CONURA:
726 480 751 509 1.
777 478 900 510 Levitici
927 463 1048 510 decimo
1065 477 1181 509 terti0¹
1201 477 1408 518 praecipitur,

460 536 494 564 ut
518 531 631 572 leprosi
657 534 749 562 extra
772 530 1023 562 communionem
1049 538 1198 562 sanorum
1224 529 1407 561 eiiciantur:

459 593 532 625 ergo
557 592 628 615 cum
654 591 737 614 uxor
761 587 808 614 est
835 591 927 621 sana,
952 582 1044 614 debet
1075 591 1131 623 per
1164 583 1274 623 Legem
1300 590 1409 622 seque-

458 635 550 667 strari
576 635 615 666 ab
640 644 750 667 uxore.

547 689 576 719 02.
602 688 694 725 Item,
727 688 813 728 lepra
845 690 892 719 est
924 687 1054 719 morbus
1086 687 1300 728 contagiosus,
1333 696 1408 728 ergo

458 740 606 778 morbus,
630 749 724 781 quem
744 740 813 771 licet
831 739 948 771 homini
966 739 1091 780 sugere:
1109 748 1184 780 ergo
1201 739 1316 772 mulier
1334 749 1407 772 cum

457 793 525 824 viro
550 792 673 833 leproso
698 801 758 823 non
784 795 908 824 tenetur
929 791 1126 830 cohabitare,
1143 796 1173 824 et
1197 793 1220 824 si
1240 792 1314 824 boc:
1333 800 1407 833 ergo

457 854 513 877 nec
538 845 677 877 debitum
703 845 846 877 reddere.
1168 884 1171 886 .

546 897 574 929 3.
601 898 692 936 item,
718 897 805 938 lepra
829 901 876 929 est
900 897 1031 929 morbus
1056 897 1306 933 hereditarius&
1332 905 1407 938 ergo

457 950 680 982 transmittitur
704 950 742 982 ad
769 950 909 991 prolem:
935 959 1010 991 ergo
1034 959 1106 982 cum
1132 949 1249 988 coitus,
1282 949 1335 991 qui
1360 952 1406 981 est

457 1012 550 1035 causa
575 1003 781 1035 deformitatis
805 1003 834 1034 in
861 1002 965 1044 prole,
990 1003 1029 1034 sit
1053 1006 1161 1034 contra
1190 1002 1305 1034 bonum
1340 1010 1408 1042 pro-

456 1055 510 1093 lis,
534 1059 564 1087 et
589 1055 658 1087 talis
682 1055 722 1087 sit
745 1055 939 1096 prohibitus:
974 1063 1048 1096 ergo
1072 1054 1159 1086 nullo
1185 1054 1277 1086 modo
1302 1054 1406 1086 licebit

456 1108 580 1140 mulieri
605 1108 688 1140 coire
713 1117 785 1140 cum
810 1107 949 1149 leproso,
974 1111 1028 1139 aut
1052 1116 1068 1139 e
1093 1115 1254 1138 converso.

544 1161 574 1192 lt.
600 1161 690 1197 ltem,
716 1160 796 1192 sicut
825 1160 913 1201 lepra
938 1159 1041 1191 reddit
1065 1158 1236 1190 inhabilem
1261 1159 1300 1190 ad
1326 1158 1406 1190 ordi-

455 1214 503 1246 nis
526 1213 773 1254 susceptionem,
805 1213 845 1244 ita
878 1212 981 1244 reddit
1013 1211 1184 1243 inhabilem
1215 1211 1254 1243 ad
1288 1211 1407 1242 ordinis

456 1267 591 1307 suscepti
616 1265 938 1298 administrationem:
965 1273 1039 1305 ergo
1057 1265 1137 1297 sicut
1162 1264 1265 1296 reddit
1290 1264 1407 1296 inhabi-

455 1319 515 1351 lem
533 1319 572 1350 ad
592 1318 779 1349 matrimonii
798 1317 1040 1350 contractionem
1063 1320 1132 1358 post
1149 1317 1315 1358 sponsalia,
1333 1317 1407 1358 quia

455 1372 547 1404 solvit
570 1371 769 1413 sponsalia³;
795 1370 836 1402 ita
861 1370 1003 1408 videtur,
1036 1370 1120 1411 quod
1153 1369 1266 1401 reddat
1291 1369 1409 1401 inhabi-

454 1424 514 1456 lem
539 1424 577 1455 ad
602 1423 697 1455 debiti
723 1423 921 1455 solutionem.

808 1519 1047 1543 CONCLUSIO.

472 1600 600 1632 Coniux
625 1599 773 1640 leprosus
797 1598 891 1630 habet
916 1599 968 1630 ius
990 1598 1121 1640 petendi
1143 1598 1305 1636 debitum,
1331 1599 1387 1629 sect

505 1662 610 1684 astutos
635 1652 708 1693 coyt
729 1661 793 1683 uon
817 1655 938 1693 potest,
963 1656 1000 1682 ut
1024 1651 1156 1683 omniuo
1181 1650 1348 1683 cohabitet.

543 1741 744 1772 itas-Pomm:
771 1739 960 1776 Dicendum,
981 1739 1065 1780 quod
1083 1739 1228 1781 quamvis
1246 1739 1333 1780 lepra
1349 1739 1406 1770 sol-

454 1796 506 1824 vat
529 1792 720 1833 sponsalia,
747 1796 848 1824 tamen
878 1801 938 1823 non
965 1795 1065 1833 potest
1090 1792 1212 1823 solvere
1237 1791 1405 1823 matrimo-

1220 233 1504 265 SENTENTIARUM
1528 232 1595 264 LIB.
1620 232 1667 264 IV.

1472 319 1589 356 niumm
1613 322 1643 351 et
1668 319 1755 357 ide0,
1780 328 1852 351 cum
1885 319 1999 361 aliquis
2030 319 2164 352 efficitur
2197 320 2357 361 leprosus,
2389 324 2419 353 et

1472 371 1594 403 eonium
1618 375 1665 404 est
1688 375 1718 404 et
1742 371 1913 413 leprosus,·
1937 372 1988 404 et⁴
2013 372 2087 413 quia
2111 372 2233 403 eonium
2250 375 2310 410 est,
2327 373 2420 405 habet

1472 424 1522 456 ius
1551 424 1676 465 petendi
1709 424 1849 456 debitum
1874 428 1905 456 et
1929 424 2102 462 reddendi3
2127 424 2200 465 quia
2223 433 2298 456 vero
2322 424 2420 466 lepro-

1471 487 1548 514 sus,
1574 477 1667 509 debet
1689 480 1780 509 extra
1804 486 1895 509 sanos
1913 477 2074 509 habitare:
2093 477 2134 508 ita
2151 477 2237 516 dico,
2254 477 2337 518 quod
2356 486 2419 510 mu·
2431 492 2481 515 eune

1473 529 1531 561 lier
1555 529 1670 570 petenti
1695 529 1834 561 debitum
1861 533 1961 571 potest
1985 529 2123 568 solvere,
2152 529 2206 561 sed
2231 533 2333 561 tamen
2359 539 2419 562 non

1473 581 1567 612 habet
1591 589 1717 613 necesse
1741 581 1921 613 cohabitare
1937 581 2073 613 omnino.
2091 581 2177 614 Unde
2194 581 2278 623 quod
2295 581 2420 621 dicitur,

1473 633 1557 674 quod
1588 633 1676 664 «viri
1702 642 1821 665 uxores
1845 637 2018 675 sequantur
2042 637 2072 666 et
2095 633 2363 672 administrent»,
2380 634 2422 666 di-

1473 686 1554 718 citur
1578 694 1634 727 per
1659 685 1787 717 modum
1813 686 2062 723 admonitionis,
2086 694 2147 717 non
2165 685 2343 727 praecepti;
2366 695 2421 718 nec

1473 738 1540 780 cogi
1565 742 1665 779 potest
1697 747 1792 770 sanus
1824 738 1863 771 ad
1896 739 2000 777 aliud,
2025 747 2118 780 quam
2144 742 2179 770 ut
2202 739 2315 771 reddat
2339 738 2419 770 debi-

1472 795 1539 823 tum
1565 791 1729 829 infirmo⁵,
1753 795 1783 823 et
1807 791 1865 823 hoc
1889 794 2018 833 propter
2046 791 2224 833 periculum
2248 791 2421 823 fornicatio-

1472 844 1529 875 nis.
1547 862 1590 866 ——
1608 843 1642 875 Et
1670 844 1713 876 sic
1738 844 1954 876 concedendae
1979 847 2052 875 sunt
2075 843 2211 876 rationes
2235 843 2419 885 probantes,

1472 896 1556 937 quod
1581 896 1693 928 debeat
1717 896 1840 928 solvere
1865 896 2017 928 debitum.

1565 950 1590 980 1.
1617 950 1645 980 2.
1668 949 1711 980 Ad
1737 949 1872 981 rationes
1896 949 1976 981 duas
2002 949 2041 981 ad
2066 949 2245 991 oppositum
2270 952 2354 990 patet
2377 957 2421 981 re·
2444 964 2483 995 8⁰.st

1473 1001 1616 1043 sponsio:
1643 1001 1716 1043 quia
1742 1011 1802 1033 non
1826 1002 1980 1043 sequitur,
2006 1002 2030 1034 si
2055 1011 2116 1033 non
2148 1004 2272 1034 tenetur
2297 994 2483 1033 cottabi-‘'⁰⁵¹'‘

1473 1058 1561 1091 tare,
1588 1054 1672 1095 quod
1697 1063 1753 1086 nec
1778 1054 1919 1085 debitum
1943 1054 2074 1086 solvere.

1562 1106 1590 1138 3.
1615 1106 1659 1138 Ad
1684 1106 1761 1138 illud
1787 1107 1871 1148 quod
1896 1107 2042 1139 obiicitur
2060 1107 2098 1139 de
2115 1106 2221 1148 prole,
2238 1106 2419 1145 dicendum,

1472 1159 1557 1200 quod
1581 1167 1672 1191 secus
1689 1162 1735 1191 est
1752 1159 1781 1190 in
1799 1159 2014 1191 menstruatis
2031 1163 2061 1191 et
2078 1159 2224 1200 leprosis.
2246 1159 2322 1191 Nam
2340 1168 2420 1191 mert-

1471 1215 1622 1243 strttatae
1645 1211 1705 1243 alio
1731 1215 1870 1253 tempore
1902 1216 2033 1253 possunt
2064 1212 2176 1243 bonam
2208 1212 2330 1253 prolem
2354 1221 2420 1253 pro-

1472 1273 1598 1302 creare,
1615 1264 1670 1296 sed
1695 1264 1816 1306 leprosi
1839 1274 1898 1296 non
1924 1268 2054 1306 possunt
2078 1273 2135 1297 nec
2158 1265 2284 1296 omuino
2305 1265 2420 1297 faciunt

1472 1321 1580 1348 contra
1593 1316 1612 1356 ⁶,
1637 1317 1727 1358 quia,
1753 1321 1906 1359 quantum
1931 1317 1961 1349 in
1987 1326 2019 1349 se
2048 1322 2111 1356 est,
2136 1317 2269 1350 libenter
2297 1326 2420 1359 genera-

1472 1373 1541 1401 rent
1565 1378 1676 1401 sanum
1691 1382 1698 1407 ς
1724 1373 1859 1402 attamen
1885 1370 1964 1411 proli
1989 1374 2154 1411 generatae
2180 1370 2291 1402 melius
2315 1374 2362 1402 est
2378 1370 2419 1402 sic

1471 1431 1539 1455 esse
1563 1432 1658 1464 quam
1683 1423 1809 1454 omnino
1833 1432 1892 1455 uon
1919 1432 1996 1456 esse.

1559 1476 1589 1507 lt.
1614 1476 1657 1508 Ad
1683 1475 1761 1508 illud
1785 1476 1867 1517 quod
1894 1476 2039 1508 obiicitur
2064 1476 2103 1508 de
2120 1475 2361 1517 irregularitate,
2378 1476 2419 1508 di-

1471 1528 1624 1566 cendum,
1657 1528 1741 1569 quod
1774 1537 1833 1559 non
1867 1531 1914 1560 est
1950 1528 2070 1560 simile:
2104 1528 2178 1569 quia
2210 1531 2344 1570 utraque
2375 1532 2419 1560 est

1471 1580 1685 1622 congruitatis,
1703 1580 1820 1613 scilicet
1837 1581 1920 1622 quod
1939 1581 2080 1612 ordinem
2099 1580 2248 1622 suscipiat
2263 1581 2272 1595 ⁷
2290 1585 2320 1612 et
2337 1581 2417 1622 quod

1470 1633 1501 1664 in
1515 1633 1625 1665 ordine
1638 1637 1784 1675 suscepto
1801 1633 2008 1665 administret.
2022 1633 2081 1665 Sed
2100 1633 2332 1665 matrimonium
2351 1643 2419 1665 eon-

1471 1685 1602 1718 trahere
1626 1687 1684 1718 hoc
1710 1686 1862 1718 libertatis
1887 1689 1950 1724 est,
1976 1686 2029 1718 sed
2056 1686 2108 1717 ius
2132 1686 2266 1717 reddere
2291 1686 2347 1718 hoc
2371 1695 2418 1718 ne-

1470 1740 1623 1772 cessitatis
1653 1743 1699 1771 est
1731 1742 1858 1780 propter
1884 1739 2141 1771 insolubilitatem
2167 1739 2293 1771 vinculi.
2321 1739 2354 1771 Et
2377 1739 2418 1771 sic

1470 1795 1554 1833 patet
1578 1791 1654 1824 illud
1681 1792 1765 1833 quod
1790 1792 1927 1824 obiicitss.

1322 1929 1505 1970 QUAESTIO
1522 1929 1554 1960 ll.

830 2042 946 2073 Utrum
972 2041 1046 2084 quis
1071 2045 1218 2072 teneatur
1244 2041 1378 2072 reddere
1402 2040 1564 2078 debitum,
1588 2041 1620 2071 ,st
1642 2040 1724 2072 atter
1747 2040 1807 2081 βαι
1830 2039 2051 2082 fornicarius.

542 2166 684 2198 Secundo
719 2166 901 2207 quaeritur,
938 2168 1046 2197 utrum
1084 2169 1227 2197 teneatur
1263 2165 1404 2197 debitum

453 2219 587 2251 reddere
612 2219 784 2251 fornicanti.
812 2219 846 2250 Et
869 2218 954 2260 quod
979 2218 1039 2257 sic,
1065 2218 1210 2250 videtur:

545 2273 571 2302 ¹1.
597 2272 692 2312 Quia,
717 2271 740 2303 si
767 2275 901 2312 uterque
933 2271 1116 2309 fornicetur,
1141 2271 1220 2303 alter
1249 2271 1339 2302 alteri
1365 2275 1405 2303 te-

453 2325 587 2357 iietur⁹z
613 2333 687 2365 ergo
712 2324 736 2356 si
762 2324 863 2355 maius
896 2324 1013 2355 malum
1048 2333 1109 2356 non
1134 2324 1227 2356 solvit
1259 2328 1403 2355 mutuam

455 2377 638 2415 tentionem,
663 2385 737 2417 ergo
762 2385 818 2408 nec
835 2377 961 2417 quando
978 2379 1099 2407 tantum
1117 2376 1196 2408 alter
1220 2376 1403 2408 fornicatur.

543 2431 571 2461 Ξ.
590 2430 674 2467 item,
691 2429 739 2461 vir
756 2438 881 2470 semper
898 2433 1022 2461 tenetur
1039 2437 1166 2461 servare
1187 2428 1281 2460 fidem
1300 2428 1403 2466 uxori,

453 2482 544 2514 etiam
571 2481 751 2519 fornicanti,
777 2482 851 2523 quia
874 2490 933 2512 non
960 2481 1032 2513 licet
1056 2481 1124 2512 viro
1148 2481 1311 2520 fornicari,
1338 2484 1404 2513 esto

453 2535 537 2576 quod
569 2543 652 2566 uxor
681 2534 873 2571 fornicetur:
899 2534 953 2566 sed
979 2542 1106 2566 servare
1132 2533 1224 2566 fidem
1251 2538 1297 2566 est
1322 2533 1405 2565 debi-

452 2591 518 2619 tum
544 2587 697 2619 reddere:
723 2595 798 2627 ergo
822 2590 879 2618 etc.

541 2640 569 2671 3.
595 2640 688 2678 Item,
713 2649 771 2671 non
797 2639 953 2672 fornicans
978 2642 1079 2681 potest
1102 2643 1226 2681 petere,
1250 2648 1325 2680 ergo
1346 2639 1404 2670 for-

452 2693 558 2724 nicans
584 2696 707 2724 tenetur
730 2692 884 2724 reddere:
911 2701 985 2733 ergo
1010 2692 1103 2724 habet
1121 2692 1170 2723 ius
1187 2691 1331 2732 petendi3
1348 2691 1402 2722 sed

1470 2165 1631 2197 vinculum
1657 2165 1819 2206 coniugale
1844 2168 1890 2197 est
1915 2168 2082 2196 mutuum:
2108 2173 2182 2206 ergo
2207 2169 2341 2207 uterque
2370 2166 2418 2197 lia·

1469 2216 1521 2249 bet
1552 2217 1602 2249 ius
1633 2217 1757 2258 petendi
1773 2217 1812 2247 ¹⁰:
1837 2225 1912 2258 ergo
1937 2216 1960 2249 si
1986 2217 2142 2250 fornicans
2166 2217 2260 2250 habet
2292 2218 2340 2250 ius
2372 2227 2418 2259 pe-

1469 2270 1571 2307 tendi,
1597 2269 1716 2301 iustum
1740 2273 1803 2307 est,
1828 2270 1913 2311 quod
1937 2270 2016 2302 alter
2040 2270 2171 2302 reddat:
2197 2279 2272 2311 ergo
2296 2274 2416 2303 tenetur

1469 2323 1612 2355 reddere.

1558 2375 1705 2407 CoN'rnA:
1734 2377 1760 2407 ¹1.
1786 2376 1887 2408 Potest
1911 2376 2069 2408 dimittere
2092 2385 2226 2409 uxorem
2250 2385 2345 2409 causa
2361 2376 2478 2408 for-runai

1469 2428 1692 2460 nicationis¹¹z
1718 2437 1792 2469 ergo
1817 2437 1877 2460 non
1903 2431 2027 2460 tenetur
2051 2428 2193 2461 debitum
2218 2429 2348 2462 solvere.

1559 2482 1588 2512 2.
1612 2480 1705 2519 Item,
1723 2480 1746 2512 si
1768 2480 1880 2512 mulier
1897 2485 2083 2522 procuraret
2106 2481 2274 2521 aborsum,
2292 2481 2339 2513 vir
2359 2491 2416 2513 non

1470 2534 1599 2565 deberet
1623 2542 1679 2565 nec
1704 2537 1864 2565 teneretur
1888 2534 1915 2566 ei
1941 2534 2082 2566 debitum
2108 2534 2251 2574 reddere,
2268 2535 2341 2576 quia
2356 2534 2416 2576 agit

1469 2589 1578 2618 contra
1603 2586 1718 2618 bonum
1744 2586 1862 2627 prolis3
1888 2586 1940 2619 sed
1967 2586 2123 2619 fornicans
2147 2587 2210 2628 agit
2234 2591 2341 2619 contra
2369 2587 2416 2619 bo-

1469 2647 1544 2670 num
1570 2637 1663 2670 fidei:
1689 2647 1764 2679 ergo
1788 2647 1848 2670 non
1875 2642 2008 2670 tenetur.
2482 2645 2483 2684 t

1558 2690 1587 2722 3.
1613 2690 1705 2728 Item,
1730 2691 1878 2732 coniuges
1907 2691 1953 2723 act
1978 2692 2082 2732 parta
2114 2691 2293 2724 iudicantur
2325 2700 2415 2733 quan-

523 2868 530 2884 ¹
552 2869 624 2893 Vers.
645 2869 668 2892 2.
689 2876 760 2901 seqq.
782 2883 814 2886 —
836 2869 858 2893 lii
880 2869 929 2893 fine
950 2876 1004 2900 arg.
1026 2876 1073 2900 pro
1099 2876 1185 2895 vterere
1212 2869 1268 2894 cod.
1290 2869 1324 2894 lJb
1346 2870 1402 2895 ciro

452 2912 486 2943 (in
507 2916 592 2937 nostra
612 2913 720 2937 lectione
739 2913 849 2944 supple:
870 2913 1006 2944 leprosus).

524 2956 534 2971 2
555 2956 620 2981 Vide
640 2960 700 2981 tom.
727 2957 751 2981 ll.
773 2964 832 2988 pag.
859 2957 925 2987 763,
955 2961 1011 2982 nota
1038 2957 1061 2981 3.
1082 2957 1162 2981 verba
1188 2957 1342 2982 Ax‘icennne.
1369 2971 1402 2975 ——

452 3001 556 3025 Inferius
576 3006 634 3032 post
652 2999 800 3033 prohibitus
819 3000 878 3025 edd.
900 3001 1023 3026 rationein
1044 3001 1155 3025 indicant
1179 3001 1318 3032 allegantes
1338 3001 1401 3025 intra

451 3052 472 3068 a.
494 3044 517 3069 3.
538 3052 562 3076 q.
589 3045 612 3075 l,
633 3043 676 3069 ubi
698 3044 730 3069 de
749 3043 937 3075 vitetistritutt's,
960 3044 992 3068 nd
1007 3051 1072 3076 quas
1087 3045 1110 3068 in
1125 3044 1201 3069 solut.
1218 3045 1294 3069 liuius
1309 3044 1400 3069 obieci.

450 3089 592 3119 respicitur.

522 3130 532 3147 3
551 3131 581 3155 Ut
600 3131 708 3157 liabetur
728 3132 751 3156 in
773 3131 799 3157 C.
821 3131 932 3157 Litteras
953 3131 1014 3164 (3.),
1038 3132 1070 3156 X.
1091 3131 1123 3156 de
1143 3131 1269 3162 Coniugio
1290 3132 1401 3163 leproso-

451 3181 508 3199 rum
529 3174 585 3205 (lib.
608 3175 648 3199 IV.
670 3176 703 3199 tit.
725 3175 770 3207 8.).
790 3188 825 3193 -
846 3175 892 3200 Pro
912 3174 990 3201 solvit
1009 3175 1066 3200 cod.
1088 3175 1123 3200 bb
1142 3174 1294 3201 solvuntur.

521 3216 530 3233 ⁴
551 3218 603 3242 Non
625 3219 699 3249 pauci
719 3218 795 3243 codd.
820 3226 868 3250 pro
888 3220 912 3244 et
930 3218 1088 3244 substituunt
1107 3220 1156 3250 est,
1185 3219 1299 3250 legentes
1320 3218 1401 3251 lepro-

451 3267 497 3284 sus
516 3262 570 3291 est‚·
596 3260 659 3293 quia
678 3261 778 3286 coniux
797 3265 843 3287 etc.
865 3262 970 3287 Inferius
990 3269 1037 3293 pro
1061 3263 1145 3295 potest
1167 3262 1268 3288 solvere
1293 3262 1350 3287 cod.
1378 3263 1399 3287 K

452 3303 495 3333 (la
516 3304 628 3328 secunda
648 3305 737 3337 manu)
757 3306 860 3331 tenetur
878 3305 996 3331 reddere.
1023 3306 1080 3331 Post
1099 3305 1206 3332 omnino
1227 3306 1283 3331 cod.
1304 3307 1321 3330 Z
1341 3313 1399 3337 sup-

451 3346 504 3376 plet
523 3352 581 3371 cnm
602 3353 639 3372 eo.

1538 2869 1548 2885 ⁵
1569 2869 1638 2893 idom
1659 2869 1751 2894 dicitur
1770 2870 1794 2893 in
1817 2868 1912 2895 Glossct
1931 2876 2011 2900 super
2030 2869 2231 2900 praeallegatum
2253 2868 2278 2894 C.
2298 2867 2414 2894 Pervenit

1467 2912 1503 2938 [ul
1521 2919 1577 2938 nos.
1597 2912 1647 2938 Cfr.
1669 2912 1764 2939 Glossa
1784 2914 1807 2937 in
1828 2912 1854 2938 C.
1876 2912 1906 2939 Si
1925 2920 2039 2938 umorem
2060 2913 2139 2946 (ts),
2161 2913 2186 2938 C.
2208 2913 2248 2938 32.
2269 2920 2294 2945 q.
2315 2913 2337 2937 5.

1538 2956 1548 2973 5
1568 2957 1623 2982 Vat.
1644 2964 1703 2982 cuni
1724 2957 1852 2981 nonnullis
1871 2957 1947 2982 codd.
1968 2957 2072 2988 supplet
2091 2956 2189 2982 bonum
2207 2956 2305 2989 prolis,
2331 2956 2369 2981 cui
2389 2956 2410 2979 iu

1467 3000 1523 3025 cod.
1545 2999 1580 3024 bb
1599 3000 1712 3025 secunda
1733 3007 1825 3024 manus
1845 3000 1943 3025 addidit
1963 3000 2015 3026 nist
2033 3001 2165 3033 qttuntwn
2184 2999 2220 3025 acl
2238 3000 2304 3024 bene
2323 3006 2384 3024 esse.

1537 3042 1547 3058 ⁷
1566 3042 1629 3067 Edd.
1649 3049 1704 3068 ηοη
1723 3042 1852 3076 suscipiat
1871 3046 1895 3068 et
1914 3050 1973 3068 mox
1999 3050 2054 3068 non
2079 3042 2210 3068 ministret
2235 3050 2283 3074 pro
2307 3040 2412 3068 adonim*-

1465 3087 1537 3111 stret.
1558 3086 1683 3117 Superius
1703 3093 1750 3117 pro
1770 3088 1884 3120 utraque
1905 3086 2010 3118 (scilicet
2029 3087 2228 3118 irregularitas),
2245 3086 2315 3119 quod
2334 3089 2371 3110 est
2388 3086 2410 3109 iu
2478 3118 2479 3126 ἵ

1467 3130 1542 3156 codd.
1564 3131 1616 3162 lli,
1638 3132 1661 3155 in
1682 3132 1737 3156 aliis
1755 3134 1781 3156 et
1799 3131 1858 3156 edd.
1878 3132 2030 3164 utrumque.
2478 3129 2479 3166 l

1536 3174 1547 3191 Β
1567 3175 1631 3200 Vide
1651 3176 1765 3200 scholion
1786 3175 1818 3200 ad
1840 3176 1862 3199 i.
1883 3175 2059 3206 praecedentis
2078 3175 2175 3200 articuli
2196 3177 2294 3207 quaest.

1536 3217 1546 3231 ⁹
1567 3219 1631 3244 Vide
1650 3219 1676 3245 C.
1698 3219 1772 3246 Ntlttt
1790 3218 1908 3252 iniquius
1929 3219 1993 3251 (l.),
2014 3218 2040 3244 C.
2061 3219 2101 3243 32.
2123 3226 2147 3250 q.
2169 3219 2192 3243 6.

1536 3262 1557 3278 ¹⁰
1577 3263 1664 3288 Plures
1683 3263 1758 3288 codd.
1779 3266 1803 3288 et
1823 3263 1862 3288 ed.
1893 3264 1898 3287 l
1923 3263 2043 3288 omittunt
2062 3269 2125 3296 erqo
2152 3263 2260 3295 aterque
2279 3260 2353 3287 habet
2371 3259 2409 3284 ius

1460 3306 1574 3340 petendi.

1536 3349 1555 3365 ¹¹
1575 3349 1625 3375 Cfr.
1646 3351 1730 3376 Matili.
1756 3351 1799 3382 19,
1820 3351 1844 3375 9.
1861 3364 1894 3367 —
1909 3351 1971 3375 Ante
1990 3350 2078 3376 Potest
2098 3349 2155 3375 cod.
2176 3348 2210 3374 bb
2230 3348 2332 3379 supplet
2350 3345 2396 3372 vt‘r.
