2483 3882
669 241 762 273 DIST.
787 241 887 274 XXIV.
912 241 942 273 P.
966 241 999 273 11.
1022 241 1105 274 ΛΒΤ.
1129 241 1161 273 11.
1186 241 1340 283 QUAEST.
1364 241 1409 273 111.

58 333 117 366 ctio
140 334 170 364 et
192 337 344 362 manuum
367 328 525 370 impositio
552 329 586 361 fit
618 328 649 360 in
681 329 914 361 consecratione
944 329 1006 371 epi—

58 384 140 426 scopi
168 390 262 424 quam
298 380 509 419 sacerdotis¹;
532 381 588 413 sed
612 381 683 413 talis
706 381 845 413 inunctio
869 390 930 413 non
954 391 1005 423 po-

57 439 117 468 test
139 443 206 468 esse
230 441 329 466 vacua
352 441 371 464 a
394 432 619 473 significatione
643 436 673 465 et
697 432 851 471 efficacia,
868 442 940 465 cum
965 433 1005 466 sit

56 496 154 521 novae
181 486 276 527 Iegis:
301 494 376 526 ergo
410 488 457 517 est
488 484 650 525 amplioris
681 484 847 517 efficaciae.
871 485 901 516 Si
930 494 1005 526 ergo

58 539 265 574 sacerdotium
288 541 336 570 est
358 537 455 576 ordo,
479 537 578 569 multo
609 537 722 569 fortius
752 537 895 576 videtur,
920 538 1005 579 quod

56 593 259 635 episcopatus.

141 644 283 676 CONTRA:
312 643 339 674 1.
364 642 509 683 Magister
532 642 619 683 Hugo
643 642 682 674 de
706 645 812 674 sancto
842 641 1005 681 Victore²,

0 696 246 737 ³nta.distingiiens
269 695 387 736 gradus
410 694 576 733 ordinum,
601 695 675 727 dicit
699 695 759 727 sic:
783 694 935 727 «Primus
958 698 1005 727 est

54 749 269 786 ostiariorum,
293 748 452 780 secundus
484 748 660 786 lectorum,
693 748 806 780 tertius
836 748 1005 780 exorcista-

52 810 140 840 rum,
164 804 297 842 quartus
320 800 556 841 acolythorum,
580 800 709 841 quintus
727 799 1004 838 subdiaconorum,

52 857 160 887 sextus
183 853 398 891 diaconorum,
415 853 567 893 septimus
584 852 793 884 sacerdotum.
816 852 868 884 Hic
886 852 1004 893 gradus

52 907 191 948 dispares
215 906 247 937 in
270 905 380 938 eodem
412 905 522 937 ordine
555 905 649 937 habet
673 904 857 945 dignitates,
886 904 1004 937 scilicet

51 958 212 1001 episcopi»
234 961 309 990 etc.:
334 966 409 999 ergo
433 957 633 999 episcopatus
656 957 759 989 solum
778 957 853 990 dicit
874 957 1004 998 dignita-

50 1015 129 1050 tem,
154 1020 214 1043 nou
239 1010 398 1043 ordinem:
424 1019 499 1051 ergo
523 1013 580 1042 etc.

137 1064 166 1094 Ξ.
190 1062 280 1100 ltem,
305 1062 462 1094 distinctio
486 1062 644 1103 graduum
669 1064 700 1094 et
723 1062 871 1094 ordinum
900 1062 1002 1094 omnis

50 1118 95 1148 est
117 1118 245 1156 propter
269 1114 378 1146 altaris
403 1114 630 1153 ministerium,
656 1114 773 1146 scilicet
805 1117 933 1155 propter
957 1123 1003 1147 sa-

50 1167 217 1206 crificium,
241 1167 273 1198 in
297 1176 360 1208 quo
384 1170 431 1199 est
454 1167 683 1199 consummatio
700 1167 801 1199 omnis
825 1167 922 1199 divini
939 1167 1002 1199 cul-

49 1223 125 1255 tuszs
139 1228 214 1261 ergo
237 1228 310 1252 cum
345 1222 534 1261 perventum
571 1223 618 1252 est
641 1219 681 1251 ad
713 1219 817 1258 illam,
841 1219 883 1251 ibi
909 1220 1001 1252 debet

50 1281 115 1306 esse
139 1275 240 1304 status
247 1284 255 1310 3
272 1272 326 1304 sed
344 1272 375 1303 in
392 1271 614 1313 presbyteratu
632 1272 833 1313 pervenitur:
851 1280 926 1313 ergo
942 1276 1000 1304 etc.

135 1324 164 1356 3.
188 1325 282 1363 Item,
306 1324 425 1366 gradus
442 1324 641 1357 ecclesiastici
660 1325 755 1357 talem
780 1325 897 1357 habent
920 1325 1001 1357 ordi-

48 1386 135 1416 nem,
153 1377 237 1418 quod
262 1376 410 1418 possibile
427 1380 473 1409 est
490 1377 697 1418 posteriorem
714 1377 866 1418 accipere,
884 1377 1000 1409 omisso

49 1430 162 1472 priori;
179 1430 262 1471 quod
288 1432 373 1471 patet
396 1438 452 1471 per
469 1430 548 1462 illud
566 1430 650 1471 quod
668 1430 784 1462 dicitur
802 1430 1000 1463 distinctione

48 1482 306 1525 quinquagesima
330 1482 469 1515 secunda
480 1483 500 1521 ³,
525 1482 715 1514 Sollicitudo
740 1486 808 1522 etc.,
830 1487 860 1515 et
886 1483 999 1522 Extra,

48 1536 86 1568 de
108 1535 226 1567 Clerico
249 1544 306 1576 per
330 1535 445 1567 saltum
471 1535 632 1574 ordinato,
658 1536 747 1567 Tuae
771 1535 898 1567 litterae
922 1539 999 1575 etc.;

49 1588 102 1620 sed
118 1587 310 1629 impossibile
332 1592 388 1626 est,
405 1587 540 1629 aliquem
559 1588 738 1629 promoveri
759 1587 788 1619 iu
805 1588 998 1629 episcopum,

48 1640 219 1672 sacerdotio
240 1640 372 1678 omisso,
390 1640 470 1672 sicut
487 1640 602 1672 dicitur
621 1640 733 1679 Extra,
750 1640 789 1672 de
811 1640 998 1673 Excessibus

46 1692 274 1735 praelatorum,
301 1693 352 1724 Ex
376 1692 504 1730 litteris,
530 1695 559 1725 et
593 1693 692 1732 infra,
715 1693 769 1724 ubi
803 1693 878 1725 dicit
913 1694 999 1725 Inno-

47 1746 180 1779 centius:
212 1745 417 1778 «Pontificale
441 1745 581 1778 officium
605 1746 671 1778 sine
691 1746 799 1778 altaris
825 1746 998 1778 ministerio

46 1807 105 1830 non
129 1797 211 1830 valet
234 1797 400 1839 adimpleri
413 1809 443 1829 »ε
469 1806 544 1839 ergo
568 1798 708 1836 videtur,
733 1798 817 1839 quod
842 1798 998 1839 episcopa-

46 1853 95 1884 tus
118 1859 180 1883 non
203 1850 243 1883 sit
266 1850 347 1883 alius
372 1850 450 1883 ordo
474 1860 570 1893 quam
595 1850 817 1883 sacerdotium.

132 1904 161 1935 [ι.
185 1903 279 1942 Item,
303 1906 469 1945 promotus
493 1903 524 1935 in
549 1903 684 1935 Sahbato
713 1903 753 1936 ad
784 1903 927 1936 ordinem
953 1913 998 1937 sa-

48 1965 133 1989 crum
157 1965 219 1988 non
244 1956 337 1988 debet
361 1956 392 1987 in
415 1956 466 1988 die
490 1956 632 1998 sequenti
657 1956 755 1988 alium
780 1956 922 1989 ordinem
952 1966 998 1989 sa-

48 2018 133 2042 crum
159 2009 319 2050 suscipere
333 2008 358 2048 4;
376 2009 431 2041 sed
449 2012 613 2051 promotus
630 2009 660 2040 in
679 2009 873 2041 sacerdotem
896 2013 997 2051 potest

47 2061 76 2093 in
100 2061 149 2094 die
174 2061 329 2103 sequenti,
355 2061 472 2094 scilicet
489 2061 662 2100 dominico,
680 2062 711 2093 in
728 2062 911 2103 episcopum
929 2071 997 2103 pro-

46 2114 178 2146 moveri:
215 2123 289 2156 ergo
324 2114 469 2153 videtur,
505 2114 590 2156 quod
625 2114 824 2156 episcopatus
859 2123 920 2146 non
957 2115 997 2146 sit

48 2167 122 2200 ordo
145 2176 242 2200 sacer.

396 2264 635 2288 CONCLUSIO.

154 2344 371 2386 Episcopatus
392 2344 528 2385 proprie
552 2353 617 2376 uon
641 2348 686 2375 est
710 2344 810 2382 ordo,
835 2344 892 2376 sed

226 2396 355 2429 ordinis
378 2396 554 2429 eminentia
578 2396 626 2428 vel
648 2397 804 2439 diqizitas.

132 2485 327 2517 RESPONDEO:
346 2485 518 2517 Dicendum
530 2510 538 2523 ,
554 2485 638 2526 quod
650 2510 657 2524 ,
675 2485 756 2517 sicut
776 2488 893 2517 tactum
915 2489 962 2516 est
974 2485 994 2523 ⁵,

47 2545 115 2569 cum
147 2537 265 2570 ordinis
296 2541 433 2579 potestas
468 2537 684 2578 principaliter
716 2537 756 2569 sit
787 2537 930 2568 ordinata
955 2537 995 2569 ad

49 2588 305 2630 dispensationem
331 2590 605 2622 Sacramentorum
627 2592 657 2621 et
673 2589 812 2621 maxime
837 2589 922 2621 illius
946 2590 995 2620 Sa-

49 2643 194 2674 cramenti
215 2642 417 2681 nobilissimi,
439 2642 556 2674 scilicet
581 2642 721 2683 corporis
746 2642 884 2680 Domini,
910 2642 994 2683 quod

0 2693 89 2728 >antini
112 2698 157 2726 est
188 2698 286 2727 status
318 2695 477 2736 graduum
510 2698 540 2727 et
563 2694 711 2726 ordinum
743 2694 994 2733 ascendentium,

49 2748 78 2778 et
100 2746 141 2778 ita
163 2747 246 2779 ultra
269 2748 480 2780 sacerdotium
506 2756 567 2779 non
583 2751 630 2779 est
654 2747 772 2788 gradus
789 2747 916 2779 ordinis.
935 2747 994 2779 Sed

49 2800 150 2830 tamen
174 2799 254 2831 intra
278 2800 362 2832 hunc
386 2799 519 2841 gradum
546 2803 576 2831 et
599 2799 743 2831 ordinem
761 2798 910 2840 contingit
927 2807 994 2830 esse

1959 245 2021 278 633

1069 329 1298 362 distinctionem
1323 329 1525 371 dignitatum
1543 332 1573 362 et
1589 329 1794 372 officiorum,
1818 340 1900 372 quae
1918 335 2022 365 tamen

1068 391 1184 414 novum
1210 382 1344 423 gradum
1369 382 1419 414 vel
1443 382 1585 415 ordinem
1610 391 1671 414 non
1688 383 1899 422 constituunt,
1924 388 1959 416 ut
1974 394 2022 417 ar-

1068 434 1301 475 chipresbyter,
1326 434 1506 476 episcopus,
1530 435 1800 477 archiepiscopus,
1826 437 2021 477 patriarcha,

1069 486 1207 519 Pontifex
1233 487 1400 526 Summus,
1425 497 1505 529 quae
1528 488 1613 520 ultra
1636 489 1847 521 sacerdotium
1875 498 1937 521 non
1969 490 2021 522 ad-

1068 538 1149 570 dunt
1171 539 1314 571 ordinem
1339 549 1395 572 nec
1419 540 1578 581 gradum6
1602 550 1737 580 novum,
1762 542 1817 574 sed
1850 542 1952 574 solum
1977 543 2021 574 di-

1068 590 1216 631 gnitatem
1241 595 1271 623 et
1295 592 1443 625 officium.
1469 593 1503 625 Et
1527 593 1569 625 ita.
1593 593 1808 635 episcopatus,
1833 598 1928 635 prout
1952 604 2021 628 con-

1068 642 1168 674 cernit
1202 643 1345 676 ordinem
1381 645 1565 683 sacerdotii,
1590 645 1669 678 bene
1704 650 1806 687 potest
1835 646 1896 679 dici
1919 647 2021 685 ordo;

1069 694 1123 726 sed
1148 699 1242 735 prout
1265 696 1469 737 distinguitur
1493 701 1601 729 contra
1622 698 1852 736 sacerdotium,
1877 699 1952 732 dicit
1976 699 2021 731 di-

1065 747 1225 788 9uitatem
1256 749 1416 790 quandam
1449 750 1498 782 vel
1530 750 1673 793 officium
1699 751 1758 793 ipsi
1786 760 1966 791 annexum,
1991 756 2022 784 et

1068 809 1129 832 ΠοΠ
1153 804 1199 832 est
1221 802 1357 842 proprie
1380 811 1494 834 nomen
1511 803 1648 842 ordinis,
1666 813 1723 836 nec
1740 813 1840 837 novus
1857 805 2020 838 character

1067 852 1279 894 imprimitur,
1303 863 1360 886 nec
1392 864 1473 887 nova
1497 860 1634 897 potestas
1669 857 1780 896 datur,
1805 857 1859 890 sed
1884 861 2021 900 potestas

1067 904 1140 936 data
1163 906 1343 946 ampliatur.
1370 907 1455 939 Unde
1480 907 1560 939 sicut
1584 918 1644 940 non
1669 909 1779 950 recipit
1803 910 1880 942 alias
1904 911 2017 949 claveS,

1067 957 1111 989 sic
1128 966 1185 990 nec
1202 958 1298 990 alium
1313 959 1466 992 ordinem.
1477 961 1563 991 —Et
1578 961 1636 993 hoc
1649 962 1745 993 sensit
1758 963 1907 1003 magister
1923 963 2178 1004 Hugo,c0nfirmaiur.

1067 1010 1125 1042 hoc
1149 1012 1241 1042 etiam
1267 1011 1363 1043 sensit
1387 1012 1532 1053 Magister
1557 1013 1807 1053 Sententiarum,
1832 1015 1912 1047 sicut
1936 1018 2021 1057 patet

1065 1071 1122 1103 per
1146 1062 1177 1094 id
1202 1063 1286 1104 quod
1305 1063 1380 1096 dicit
1404 1064 1434 1095 in
1460 1064 1562 1097 littera
1574 1065 1594 1104 ⁷,
1611 1066 1695 1107 quod
1721 1075 1781 1098 non
1806 1071 1878 1099 sunt
1895 1068 2021 1100 nomina

1065 1115 1242 1153 ordinum,
1267 1116 1323 1148 sed
1358 1116 1580 1158 ctigmitatum;
1604 1118 1663 1150 hoc
1699 1118 1792 1150 etiam
1826 1123 1909 1152 tenet
1940 1129 2021 1153 com-

1066 1167 1170 1199 munis
1194 1168 1315 1209 opinio,
1341 1169 1425 1210 quod
1451 1169 1481 1200 in
1514 1169 1696 1211 episcopatu
1731 1171 1894 1204 character
1918 1182 2020 1205 novus

1065 1229 1125 1251 non
1152 1220 1361 1262 imprimitur,
1379 1222 1434 1254 sed
1459 1222 1503 1254 illi
1528 1223 1634 1264 aliqua
1650 1224 1818 1256 eminentIa
1842 1225 2019 1265 confertur,

1065 1281 1145 1314 quae
1180 1281 1305 1314 semper
1341 1278 1446 1306 manet
1478 1284 1549 1307 cum
1580 1275 1647 1316 ipso
1671 1276 1853 1309 charactere
1882 1278 2019 1317 ordinis,

1064 1325 1167 1357 ablata
1191 1326 1275 1357 omni
1300 1327 1524 1360 iurisdictione.
1550 1329 1631 1361 Hanc
1655 1329 1752 1370 igitur
1775 1330 1953 1371 opinionem
1971 1340 2020 1363 su·
2034 1339 2154 1361 Conclusio.

1064 1378 1207 1410 stinendo
1238 1378 1399 1418 dicamus,
1435 1380 1520 1421 quod
1556 1381 1773 1422 episcopatus,
1804 1383 1944 1423 praecise
1980 1384 2021 1415 10-

1063 1431 1202 1472 quendo,
1227 1440 1289 1463 non
1312 1435 1359 1464 est
1383 1432 1476 1471 ordo,
1494 1433 1549 1465 sed
1574 1433 1694 1466 ordinis
1718 1434 1886 1467 eminentia
1913 1436 1960 1468 vel
1977 1436 2020 1468 di-

1064 1483 1173 1524 gnitas.

1155 1537 1181 1567 I.
1207 1537 1236 1568 Ξ.
1262 1536 1291 1568 3.
1316 1537 1359 1568 Ad
1384 1536 1462 1569 illud
1487 1546 1562 1579 ergo
1587 1538 1670 1579 quod
1689 1539 1792 1579 primo
1809 1539 1955 1572 obiicitur
1980 1541 2018 1573 de
2047 1549 2129 1579 Soiuuo
2144 1555 2181 1576 op-

1062 1588 1181 1620 Isidoro
1205 1594 1235 1621 et
1259 1589 1397 1628 Gelasio,
1422 1590 1609 1629 dicendum,
1635 1591 1720 1632 quod
1752 1592 1791 1623 ad
1824 1601 1935 1625 eorum
1967 1578 2158 1626 aii-mmmm

1063 1642 1222 1674 ctoritates
1246 1645 1276 1673 et
1301 1642 1479 1675 consimiles
1503 1643 1596 1675 unica
1620 1645 1822 1684 responsione
1847 1649 1948 1686 potest
1972 1656 2018 1679 re-

1063 1694 1229 1735 sponderi,
1254 1694 1339 1735 quod
1364 1695 1423 1735 ipsi
1448 1704 1561 1727 nomen
1585 1695 1714 1727 ord-iuis
1738 1696 1890 1737 ampliant
1914 1697 1953 1730 ad
1978 1698 2021 1730 of·
2036 1707 2163 1728 solandum.

1062 1746 1133 1778 ficia
1155 1749 1185 1778 et
1210 1746 1376 1787 dignitates
1385 1759 1393 1785 3
1411 1747 1465 1778 sed
1490 1747 1632 1788 magistri
1658 1748 1754 1780 nostri
1781 1748 1920 1781 strictius
1944 1751 2020 1782 acci-

1061 1799 1169 1840 piunt,
1195 1799 1313 1831 scilicet
1347 1809 1405 1840 pro
1434 1800 1549 1842 gradu
1577 1801 1768 1841 potestatis;
1793 1804 1823 1833 et
1847 1802 1906 1834 hoc
1935 1806 2020 1843 patet

1061 1861 1118 1893 per
1154 1852 1213 1884 hoc
1249 1852 1334 1893 quod
1371 1852 1511 1885 Isidorus
1536 1853 1627 1892 dicit,
1657 1854 1742 1895 quod
1772 1855 2019 1897 «episcoporum

1061 1904 1312 1946 quadripartitus
1343 1908 1389 1936 est
1412 1905 1533 1937 ordo».
1559 1906 1636 1937 Cum
1669 1907 1753 1938 enim
1789 1908 1953 1941 ordinatus
1988 1909 2019 1940 in

1061 1957 1262 1999 episcopum,
1287 1958 1312 1989 si
1337 1961 1519 1990 assumatur
1543 1959 1583 1991 ad
1607 1959 1931 2002 archiepiscopatum,
1957 1971 2018 1993 non

1061 2014 1262 2043 consecretur
1288 2011 1327 2043 de
1351 2020 1449 2050 novo,
1474 2011 1527 2043 sed
1565 2012 1668 2044 solum
1701 2013 1832 2055 accipiat
1868 2014 2018 2055 pallium,

1060 2066 1162 2104 patet,
1187 2063 1272 2105 quod
1297 2073 1358 2096 non
1383 2068 1485 2105 potest
1508 2064 1655 2106 intelligi,
1684 2066 1768 2107 qnod
1794 2075 1895 2099 novus
1920 2067 1960 2099 sit
1977 2068 2019 2099 ihi

1061 2116 1161 2154 ordo,
1187 2117 1241 2149 sed
1267 2116 1370 2149 solum
1395 2116 1542 2159 cIiyuitas
1559 2117 1660 2149 altior.
1687 2118 1716 2149 Si
1734 2127 1809 2160 ergo
1826 2119 1916 2159 dicit,
1933 2120 2018 2162 ipsos

1061 2177 1128 2201 esse
1153 2169 1296 2202 diversos
1320 2169 1464 2208 ordines,
1482 2170 1683 2202 manifestum
1709 2175 1772 2210 est,
1795 2172 1877 2213 quod
1904 2182 2018 2205 nomen

1061 2221 1190 2253 ordinis
1215 2222 1255 2253 ad
1279 2221 1381 2254 officia
1404 2225 1435 2254 et
1459 2222 1626 2263 dignitates
1651 2223 1802 2255 extendit.
1828 2243 1871 2246 —
1895 2225 1930 2256 Et
1961 2234 2018 2266 per

1060 2274 1119 2306 hoc
1144 2277 1227 2315 patet
1251 2274 1337 2306 aliud
1372 2283 1515 2316 sequens.
1542 2275 1628 2307 Sicut
1657 2276 1741 2307 enim
1773 2276 1944 2317 ampliatur
1968 2287 2018 2309 vo-

1061 2327 1210 2358 cabulum
1235 2331 1265 2359 et
1290 2326 1474 2368 significatio
1498 2327 1638 2366 ordinis,
1659 2328 1700 2359 ita
1725 2331 1755 2360 et
1780 2328 1926 2367 verbum,
1944 2338 2017 2361 cum

1060 2380 1192 2412 dicitur:
1218 2379 1275 2412 iste
1300 2380 1466 2412 ordinatur
1490 2380 1520 2412 in
1546 2380 1748 2422 episcopum3
1773 2381 1857 2413 unde
1890 2390 1951 2413 non
1976 2382 2018 2413 ita

1059 2432 1186 2473 proprie
1216 2432 1332 2464 dicitur
1364 2433 1478 2474 aliquis
1510 2433 1685 2470 ordinari,
1713 2442 1785 2465 cum
1810 2437 2017 2474 promovetur

1059 2485 1090 2516 in
1115 2485 1315 2526 episcopum,
1334 2485 1415 2517 sicut
1439 2494 1511 2517 cum
1530 2489 1735 2526 promovetur
1753 2485 1783 2516 in
1809 2486 2016 2525 sacerdotem,

1059 2537 1114 2569 sed
1138 2537 1238 2578 magis
1261 2538 1389 2579 proprie
1414 2537 1530 2569 dicitur
1554 2537 1753 2569 consecrari.
1778 2538 1863 2569 Unde
1888 2542 1918 2570 et
1941 2539 2017 2580 Apo·

1059 2590 1175 2628 stolus,
1194 2590 1324 2631 loquens
1338 2590 1485 2631 proprie,
1504 2589 1578 2621 dicit
1594 2590 1725 2621 Actuum
1748 2590 1899 2631 vigesimo
1911 2590 1937 2621 ⁸:
1956 2591 2017 2622 Po-

1058 2643 1126 2674 suit
1149 2652 1205 2674 vos
1229 2642 1393 2683 episcopos
1423 2645 1479 2674 etc.
1489 2654 1496 2679 ;
1529 2646 1559 2673 et
1589 2642 1710 2683 primae
1743 2642 1782 2674 ad
1815 2643 2015 2675 Timotheum

1058 2695 1166 2727 tertio:
1195 2695 1260 2735 Qui
1282 2695 1504 2736 episcopatum
1529 2694 1694 2726 desiderat
1718 2695 1838 2727 bouum
1862 2705 1944 2737 opus
1968 2697 2017 2728 dc-

1058 2748 1194 2779 sitierat.

1147 2799 1176 2830 [ι.
1202 2799 1245 2830 Ad
1270 2799 1348 2831 illud
1373 2799 1457 2840 quod
1481 2799 1644 2838 obiicitur,
1670 2800 1754 2842 quod
1779 2809 1836 2841 per
1860 2800 2018 2843 episcopa-

118 2961 124 2976 ¹
146 2962 195 2988 Csr.
218 2963 362 2989 Pontificale
382 2964 541 2995 Romanum,
563 2970 585 2989 c.
607 2963 639 2989 de
659 2963 857 2989 Consecrationo
876 2964 948 2989 electi
972 2965 996 2988 in

50 3006 209 3037 episcopum.

117 3049 128 3065 ²
146 3050 212 3076 Libr.
232 3051 258 3076 11.
279 3052 310 3077 de
336 3053 449 3078 Sacram.
475 3060 500 3083 p.
522 3053 556 3076 111.
577 3059 598 3077 c.
624 3052 647 3077 5
669 3052 764 3077 Textus
788 3053 921 3083 originalis
949 3059 996 3083 pro

49 3092 144 3120 scilicet
161 3094 274 3128 episcopi
285 3096 376 3121 hahet:
389 3103 455 3121 itam
473 3097 531 3128 post
549 3095 698 3121 sacerdotes
718 3095 826 3121 altiores
845 3097 908 3121 suut
924 3095 998 3128 prin-

50 3135 116 3169 cipes
134 3138 316 3171 sucemlotum,
338 3139 365 3165 id
383 3141 421 3165 est
440 3139 561 3173 episcopi.

119 3180 130 3196 3
147 3181 206 3206 Can.
228 3183 250 3207 l.
271 3197 304 3200 —
324 3184 382 3215 Seq.
409 3184 481 3208 locus
506 3186 543 3208 cst
563 3184 652 3213 Extra,
670 3183 713 3207 lib.
734 3183 764 3207 V.
791 3184 826 3207 tit.
854 3184 894 3207 29.
922 3189 942 3207 c.
975 3184 994 3208 1.

51 3223 116 3248 Vide
138 3231 216 3256 supra
242 3233 301 3257 pag.
322 3227 386 3257 625,
408 3230 466 3251 nota
486 3227 509 3251 3.
529 3230 554 3251 et
573 3226 597 3251 5.
619 3227 721 3251 Tertius
739 3228 777 3251 est
796 3227 870 3251 Extra
897 3226 940 3251 lib.
965 3227 996 3251 V.

51 3266 85 3291 lit.
106 3267 144 3292 31.
165 3275 186 3293 c.
208 3270 252 3301 10,
274 3271 298 3294 in
325 3277 376 3302 quo
403 3271 523 3302 permulti
549 3270 623 3295 codd.
651 3273 737 3295 contra
764 3272 861 3295 textum
886 3271 997 3301 origina-

51 3309 100 3334 lem
119 3310 228 3338 alterius
247 3320 295 3344 pro
314 3313 417 3339 attaris.

119 3354 129 3370 ⁴
147 3355 178 3380 Ut
196 3356 304 3382 liabetur
329 3357 355 3383 C.
375 3357 490 3383 Litteras
515 3358 617 3383 vestras
638 3358 646 3389 (
658 3358 722 3390 l3.)‚
743 3357 777 3383 X.
805 3357 837 3382 de
864 3358 997 3389 Tempori-

190 3407 218 3433 S.
237 3408 337 3434 Bouav.
357 3423 391 3427 —
410 3410 486 3434 Torn.
508 3409 548 3434 lV.

1062 2964 1112 2989 bus
1131 2964 1323 2989 ordinationum
1343 2967 1388 2988 etc.
1410 2963 1467 2995 (lib.
1495 2964 1509 2987 1.
1536 2964 1570 2988 [it.
1603 2964 1659 2995 11.).
1686 2963 1736 2989 Csr.
1764 2964 1824 2989 ibid.
1847 2964 1873 2989 C.
1901 2964 2017 2990 Dilectus

1060 3007 1132 3040 filius
1152 3008 1227 3039 (15.).
1248 3007 1312 3032 Vide
1332 3008 1408 3032 eliani
1428 3007 1537 3031 (ἐι-011011.
1559 3007 1583 3031 d.
1605 3007 1645 3031 75.
1666 3010 1690 3032 et
1711 3008 1734 3032 [l.
1755 3008 1803 3039 77,
1825 3008 1868 3033 ubi
1890 3008 1921 3033 de
1941 3009 2018 3033 inler-

1062 3052 1134 3076 stitiis
1155 3052 1179 3076 in
1200 3051 1307 3082 singulis
1327 3050 1464 3075 ordinibus
1483 3051 1628 3075 servandis.

1134 3096 1145 3112 ⁵
1162 3096 1287 3120 Fundam.
1309 3096 1331 3119 2.
1352 3094 1401 3120 Csr.
1423 3102 1446 3126 q.
1472 3095 1491 3118 l.
1511 3099 1535 3119 et
1555 3102 1634 3126 supra
1654 3103 1679 3126 p.
1700 3095 1716 3120 1.
1737 3103 1759 3120 a.
1783 3097 1806 3121 2.
1826 3104 1851 3128 q.
1873 3097 1896 3120 2.
1917 3103 1971 3128 seq.

1133 3139 1143 3155 ⁶
1163 3140 1210 3163 Pro
1229 3145 1276 3164 nec
1288 3138 1406 3171 pradum
1419 3138 1494 3162 codd.
1510 3138 1528 3162 Α
1540 3138 1557 3162 E
1570 3138 1589 3162 H
1600 3138 1617 3162 L
1629 3145 1658 3163 aa
1671 3138 1705 3163 bb
1725 3138 1872 3164 secuudum
1887 3138 2013 3172 qradum.

1133 3182 1144 3198 ⁷
1163 3183 1208 3207 llic
1229 3189 1250 3207 c.
1275 3181 1311 3206 lxi.
1332 3189 1404 3214 seqq.
1425 3195 1458 3198 —
1478 3181 1553 3212 Quod
1579 3182 1717 3213 episcopus
1744 3189 1793 3207 non
1815 3183 1920 3214 recipiat
1946 3181 2014 3208 alias

1063 3226 1163 3253 clares,
1185 3226 1281 3250 dictum
1301 3228 1338 3250 est
1357 3232 1436 3256 supra
1457 3224 1481 3249 (l.
1506 3225 1542 3249 19.
1563 3232 1585 3249 a.
1607 3226 1629 3250 2.
1651 3232 1675 3257 q.
1701 3226 1719 3250 1.
1740 3226 1765 3250 in
1786 3233 1858 3257 corp.

1133 3268 1142 3284 8
1164 3269 1234 3294 Vers.
1256 3270 1302 3293 28:
1322 3268 1449 3293 Attendite
1468 3268 1544 3293 vobis
1563 3271 1587 3293 et
1607 3270 1728 3294 universo
1749 3270 1838 3301 gregi,
1854 3271 1878 3294 in
1899 3277 1952 3302 quo
1967 3278 2015 3295 vos

1062 3314 1171 3344 Spiritus
1197 3316 1299 3337 sanctus
1325 3313 1410 3343 posuit
1435 3313 1572 3343 episcopos
1597 3316 1643 3338 etc.
1665 3312 1760 3346 [codd.
1787 3317 1812 3339 et
1836 3314 1896 3339 edd.
1924 3313 2017 3339 Posuit

1061 3356 1131 3389 izos]
1147 3370 1180 3374 —
1194 3357 1252 3388 Seq.
1273 3357 1344 3381 locus
1364 3360 1401 3382 est
1422 3357 1438 3381 1.
1459 3357 1523 3381 Tim.
1545 3357 1574 3388 3,
1600 3357 1623 3382 l:
1644 3358 1668 3381 Si
1689 3359 1746 3390 quis
1766 3359 1946 3390 episcopatum
1966 3362 2014 3384 etc.

1839 3412 1871 3436 80
