2483 3882
296 967 405 989 Conclusio
418 967 437 988 1.

303 1755 413 1776 Conclusio
426 1755 446 1775 2.

454 241 515 274 630

449 338 521 361 mus
545 328 598 359 Dei
623 327 766 358 ordinata
790 325 881 356 debet
905 331 989 360 esse,
1014 322 1156 359 videtur,
1181 320 1265 361 quod
1290 319 1331 350 ibi
1349 319 1399 350 de-

449 382 523 413 bent
546 388 613 412 esse
637 377 788 414 ministri,
806 380 836 407 et
852 383 965 407 rursus
983 373 1116 405 ministri
1134 371 1398 408 ministrantiumg

449 437 479 464 et
503 432 595 473 primi
621 434 694 462 sunt
725 430 754 460 in
791 428 900 459 ordine
936 426 1109 467 superiori,
1134 424 1264 457 secundi
1290 424 1321 455 in
1346 423 1399 454 mi-

449 485 535 516 nori:
561 493 635 524 ergo
660 482 796 513 minores
820 484 850 512 et
874 479 1019 511 maiores.

804 592 1042 617 CONCLUSIO.

563 694 654 725 Recte
678 691 815 734 quidum
840 689 972 721 ordines
997 688 1155 719 (licuntur
1178 687 1289 725 sacri,

754 743 890 786 quidum
915 751 979 773 non
1002 741 1104 773 sacri.

542 851 740 882 ResPONDEo:
766 848 957 886 Dicendum,
981 847 1064 889 quod
1097 847 1333 879 Sacramentum
1358 854 1405 877 or-

454 903 535 935 dinis
559 902 677 943 gradus
701 901 795 933 habet
828 901 998 942 plurimos3
1023 903 1053 931 et
1084 899 1186 940 prima
1209 898 1335 939 quidem
1363 897 1406 929 di-

455 954 577 987 stinctio
612 958 658 986 est
693 962 749 995 per
784 953 903 994 gradus
939 950 1115 993 inferiores
1143 955 1173 983 et
1196 950 1404 991 superiores,

455 1008 520 1040 sive
544 1016 599 1048 per
624 1006 742 1047 gradus
765 1015 881 1037 sacros
905 1008 935 1037 et
958 1014 1024 1036 non
1047 1012 1173 1035 sacros.
1190 1021 1234 1025 —
1250 1002 1336 1034 Ratio
1353 1011 1406 1033 au-

454 1065 516 1093 tem
527 1086 534 1099 ,
551 1069 649 1102 quare
666 1060 725 1091 hoc
741 1059 977 1091 Sacramentum
996 1057 1114 1098 gradus
1131 1056 1242 1094 habet,
1259 1058 1315 1093 est,
1333 1054 1406 1096 quia

454 1113 579 1145 ordinat
602 1113 640 1144 ad
667 1111 913 1153 dispensandum
931 1111 1167 1141 Sacramentum
1185 1107 1404 1148 dignissimum

455 1170 485 1198 et
509 1165 752 1197 ministrandum
778 1164 808 1195 in
834 1163 950 1204 templo
975 1162 1047 1199 Dei;
1064 1161 1101 1193 ad
1129 1160 1337 1192 ministerium
1355 1169 1407 1191 au-

456 1222 518 1251 tem
543 1219 622 1250 illud
653 1219 847 1249 concurrunt
871 1215 1026 1256 quaedam
1051 1213 1152 1245 officia
1176 1212 1351 1254 digniora,
1377 1216 1407 1244 et

456 1271 611 1312 quaedam
635 1269 746 1301 atinus
770 1268 881 1309 dz'yna.
908 1267 969 1299 Etsi
993 1266 1098 1298 omnia
1134 1265 1297 1306 requirant
1321 1264 1408 1296 mini-

456 1328 537 1356 stros
561 1326 700 1361 sanctos,
718 1322 771 1353 illa
797 1324 917 1359 tamen,
934 1329 1014 1362 quae
1038 1319 1245 1351 attenduntur
1270 1317 1351 1350 circa
1368 1318 1409 1349 al-

456 1379 523 1408 tare
546 1379 577 1408 et
600 1375 683 1407 circa
707 1373 913 1415 portationem
932 1381 1080 1404 vasorum
1098 1379 1261 1408 sacrorum
1279 1374 1309 1402 et
1326 1370 1408 1402 circa

456 1428 644 1461 oblationem
677 1426 820 1460 sacrificii
853 1424 1149 1463 consummandam,
1174 1423 1335 1465 potissime
1364 1432 1410 1455 re-

457 1481 588 1524 quirunt
623 1481 782 1513 ministros
818 1483 958 1517 sanctos,
990 1478 1163 1510 secundum
1199 1476 1275 1508 illud
1313 1475 1409 1507 Isaiae

458 1533 717 1576 quinquagesimo
731 1532 868 1564 secundo
879 1531 900 1562 ¹:
917 1529 1129 1562 sllttmlanzz‘m'
1141 1528 1199 1571 qui
1214 1527 1310 1570 fertis
1326 1537 1410 1559 vasa

457 1586 600 1618 Domini.
625 1585 776 1617 Sanctitas
811 1588 917 1616 autem
946 1583 995 1615 vel
1020 1581 1222 1614 sanctificatio
1250 1580 1410 1622 potissime

459 1639 599 1671 consistit
621 1638 652 1669 in
677 1637 883 1675 continentia;
907 1636 977 1668 ideo
1001 1639 1075 1667 sunt
1106 1634 1235 1675 quidam
1268 1633 1410 1670 ordines,

462 1691 514 1732 qui
551 1691 717 1732 requirunt
752 1689 973 1721 continentiam
1010 1688 1041 1719 in
1078 1686 1246 1724 ministriS‚
1282 1685 1410 1727 quidam

462 1752 537 1775 vero
560 1743 698 1775 minime.
717 1742 787 1774 Ideo
809 1744 892 1773 recte
909 1740 1037 1782 quidam
1056 1739 1181 1772 ordines
1197 1738 1291 1770 sacri
1307 1738 1412 1770 dicun-

461 1800 523 1835 tur,
540 1796 669 1838 quidam
692 1804 758 1826 *non
780 1794 884 1832 saort,
909 1803 968 1825 non
994 1793 1115 1825 ratione
1136 1792 1199 1830 sni,
1217 1791 1272 1823 sed
1289 1790 1410 1822 ratione

462 1848 645 1886 ministerii,
669 1848 707 1879 ad
734 1847 818 1888 quod
843 1846 1017 1888 requiritur
1035 1845 1182 1877 sanctitas
1206 1843 1235 1875 in
1259 1843 1412 1875 ministro.

462 1902 496 1933 Et
520 1901 566 1933 sic.
587 1903 672 1942 patet
700 1900 779 1931 ratio
816 1899 911 1931 huius
945 1897 1152 1930 distinctionis
1184 1896 1332 1928 ordinum
1356 1903 1413 1936 per

462 1962 567 1985 sacros
590 1957 621 1985 et
644 1961 705 1984 non
730 1960 835 1984 sacros
844 1963 852 1990 3
877 1955 907 1983 et
931 1950 1149 1983 concedendae
1173 1952 1247 1981 sunt
1277 1948 1414 1979 rationes

461 2007 501 2038 ad
526 2006 594 2038 hoc.
1000 2043 1004 2047 .

553 2060 580 2090 1.
605 2058 649 2090 Ad
672 2057 751 2089 illud
777 2066 851 2098 ergo
886 2056 969 2098 quod
1006 2055 1170 2093 obiicitur,
1195 2053 1279 2095 quod
1314 2052 1416 2084 omnis

1209 232 1493 268 SENTENTIARUM
1517 231 1584 262 LIB.
1609 231 1656 263 lv.

1463 318 1540 349 ordo
1565 322 1612 349 est
1637 317 1889 355 Sacranientuni;
1916 316 2099 354 dicendum,
2123 316 2207 357 quod
2231 325 2339 348 omnes
2366 326 2411 347 or·
2436 325 2469 348 s0=

1464 370 1552 402 dines
1575 370 1672 411 3191111
1697 373 1770 401 sunt
1793 378 1895 400 sacra
1919 372 1949 401 et
1973 368 2023 399 rei
2044 377 2182 405 sacram
2207 369 2260 400 sed
2290 369 2329 400 ab
2353 369 2411 401 hac
2425 358 2462 400 iiiii

1464 423 1583 455 ratione
1606 431 1666 454 non
1692 422 1840 453 dicuntur
1865 420 1990 452 ordines
2007 420 2114 458 sacri,
2133 420 2213 452 sicut
2237 420 2339 451 visum
2356 425 2413 460 est,

1465 475 1519 507 sed
1544 484 1561 506 a
1586 473 1827 505 consecratione
1850 472 2013 510 minimi,
2038 476 2068 505 et
2091 473 2165 514 quia
2201 472 2259 513 ipsi
2290 472 2414 505 ordines

1466 526 1657 568 (11511011111112
1682 526 1720 557 ad
1746 525 1989 566 contingendum
2014 528 2044 557 et
2068 524 2311 557 ministrandum
2341 533 2415 557 vasa

1466 583 1655 612 consecrata.

1556 633 1585 663 ἱ).
1610 632 1653 663 Ad
1678 631 1756 662 illud
1792 631 1877 672 quod
1909 631 2074 669 obiicitur,
2098 630 2182 671 quod
2215 630 2245 661 in
2270 631 2415 663 omnibus
2458 644 2461 647 ·

1468 685 1560 717 datur
1587 687 1721 724 potestas
1745 684 1785 715 ad
1809 683 2055 715 ministrandum
2072 683 2189 724 aliquid
2208 683 2290 714 circa
2314 683 2417 715 Sacra-

1469 741 1608 769 mentum
1642 736 1836 774 maximumg
1872 736 2058 775 dicendum,
2094 736 2176 777 quod
2211 744 2321 767 verum
2354 739 2417 775 est,

1470 794 1571 822 tamen
1598 789 1770 822 secundum
1796 789 1868 830 plus
1892 792 1923 820 et
1946 788 2065 827 minus,
2097 788 2270 821 secundum
2296 789 2418 830 propin-

1469 851 1567 883 quum
1593 845 1623 873 et
1647 845 1813 873 remotum.
1836 840 1898 872 lllis
1921 840 2021 879 enim,
2039 841 2092 882 qui
2117 844 2190 873 sunt
2214 841 2245 872 in
2270 841 2420 872 inferiori-

1471 895 1529 926 bus
1553 894 1729 932 constituti,
1754 902 1815 925 non
1840 893 1911 925 licet
1934 901 2009 925 vasa
2033 896 2212 925 consecrata
2238 897 2363 935 portare
2380 903 2418 926 ex

1470 947 1588 985 officio,
1613 946 1757 988 quamvis
1780 948 1909 987 propter
1943 945 2078 987 inopiam
2111 945 2327 978 ministrorum
2364 946 2420 978 sre-

1470 1004 1603 1041 quenter
1628 998 1743 1030 talibus
1767 998 1978 1039 permittatur.

1560 1051 1588 1083 3.
1614 1051 1657 1083 Ad
1682 1051 1760 1082 illud
1793 1051 1876 1091 quod
1912 1050 2075 1088 obiicitur,
2101 1050 2185 1091 quod
2220 1050 2250 1081 in
2287 1050 2420 1082 Ecclesia

1471 1104 1629 1146 primitiva
1653 1104 1709 1135 soli
1735 1103 1861 1135 ordines
1878 1102 1957 1135 sacri
1975 1103 2117 1141 fuerunt;
2134 1103 2317 1141 dicendum,
2335 1103 2417 1144 quod
2433 1109 2472 1131 Not

1471 1158 1585 1189 salsum
1610 1160 1673 1194 est,
1698 1156 1794 1187 imino
1818 1159 1848 1188 et
1871 1155 1922 1187 alii
1946 1155 2091 1194 fuerunt3
2117 1155 2170 1187 sed
2196 1155 2344 1197 implicite
2373 1156 2422 1187 da-

1472 1210 1586 1241 bantur
1617 1210 1646 1241 in
1680 1209 1875 1249 impositione
1911 1217 2080 1247 manuum,
2103 1208 2250 1249 quoniam
2284 1217 2421 1241 «manus

1472 1266 1519 1294 est
1542 1270 1694 1303 organum
1721 1261 1977 1303 organorum³».
2001 1280 2044 1284 -—
2069 1261 2154 1292 Ratio
2178 1265 2301 1299 autem,
2326 1270 2422 1302 quare
2435 1267 2471 1289 Καὶ

1473 1325 1534 1347 non
1559 1314 1852 1356 distinguebantur,
1877 1318 1944 1346 erat
1968 1317 2097 1355 propter
2122 1314 2312 1355 paucitatem
2338 1314 2421 1345 mini-

1473 1367 1641 1399 strantium
1665 1370 1695 1399 et
1719 1370 1848 1408 propter
1866 1366 2055 1407 paucitatem
2074 1366 2234 1405 fidelium3
2252 1367 2321 1398 ideo
2338 1375 2424 1408 opor-

1475 1421 1574 1458 tebat,
1599 1420 1681 1462 quod
1707 1421 1812 1451 omnia
1836 1419 1937 1451 officia
1954 1419 2107 1451 darentur
2124 1420 2195 1457 uni;
2220 1428 2303 1451 nunc
2320 1423 2423 1451 autem

1475 1473 1702 1514 multiplicatus
1726 1476 1773 1504 est
1797 1472 1922 1504 divinus
1947 1472 2068 1504 cultus:
2087 1472 2156 1504 ideo
2174 1482 2233 1504 non
2252 1475 2299 1504 est
2315 1473 2422 1504 simile.

1563 1526 1593 1557 lt.
1620 1526 1653 1557 Et
1678 1534 1733 1566 per
1759 1525 1817 1557 hoc
1841 1527 1926 1566 patet
1950 1524 2109 1557 ultimum.
2127 1525 2216 1566 Quod
2241 1525 2323 1557 enim
2342 1525 2423 1563 dicit.

2479 1119 2483 1134 1

1476 1578 1559 1620 quod
1578 1577 1794 1609 substantialia
1811 1585 1936 1618 semper
1952 1577 2080 1609 fuerunt
2098 1578 2225 1616 eadem;
2243 1577 2425 1617 dicendum,

1476 1631 1560 1673 quod
1584 1639 1695 1662 verum
1720 1633 1784 1668 est3
1809 1633 1839 1662 et
1870 1638 1994 1671 semper
2023 1630 2073 1662 isti
2105 1630 2231 1662 ordines
2255 1634 2286 1662 et
2309 1630 2425 1671 gradus
2439 1635 2483 1657 Noti

1476 1684 1507 1715 in
1533 1683 1666 1715 Ecclesia
1689 1683 1834 1721 fuerunt,
1852 1682 1922 1714 licet
1938 1692 2000 1714 non
2024 1686 2127 1715 essent
2151 1682 2321 1724 explicati⁴
2338 1686 2368 1714 et
2385 1683 2427 1714 di-

1477 1736 1597 1775 stincti,
1622 1740 1657 1768 ut
1681 1744 1773 1767 nunc.
1798 1735 1863 1767 Non
1889 1735 1991 1767 solum
2024 1736 2107 1767 enim
2139 1744 2222 1767 nunc
2246 1735 2361 1767 debent
2385 1735 2426 1767 di-

1477 1789 1592 1830 stingui
1617 1792 1747 1829 propter
1772 1787 2018 1820 ministrantium
2046 1787 2355 1829 amplificationem,
2374 1787 2425 1819 sed

1477 1842 1569 1873 etiam
1594 1844 1723 1882 propter
1759 1840 2069 1878 manuductionem,
2094 1840 2169 1882 quia
2197 1840 2237 1872 ab
2273 1840 2348 1881 ipsis
2379 1849 2428 1872 cu-

1478 1894 1602 1926 nabulis
1626 1894 1813 1926 ordinantur
1836 1902 1920 1925 nunc
1937 1893 1990 1935 qui
2009 1893 2123 1925 debent
2141 1902 2208 1925 esse
2225 1893 2339 1925 clerici.
2356 1893 2425 1925 Ideo

1479 1947 1653 1979 seeundum
1678 1946 1852 1987 profectum
1877 1946 1986 1978 aetatis
2003 1946 2033 1978 in
2051 1946 2247 1987 susceptione
2271 1946 2427 1987 graduum

1479 1999 1593 2032 debent
1616 2003 1646 2031 et
1670 2003 1801 2040 possunt
1825 1999 2023 2040 promoveri,
2047 2008 2105 2031 nec
2129 1999 2232 2031 statim
2258 1999 2296 2031 ad
2322 2007 2427 2040 supre-

1480 2061 1568 2083 mum
1593 2052 1728 2093 gradum
1752 2052 1883 2093 provehi
1897 2052 1916 2082 ⁵.

1287 2182 1586 2223 SGHOLION.

534 2311 550 2335 1.
570 2310 680 2342 Antiqua
701 2310 794 2335 divisio
814 2309 935 2334 ordinum
958 2309 982 2333 in
1002 2314 1095 2334 sacros
1114 2309 1170 2333 sive
1189 2308 1313 2338 maiores,
1327 2309 1419 2332 0111011

462 2361 554 2381 sacros
574 2356 629 2379 sive
648 2355 762 2379 minores
781 2361 811 2378 ex
830 2354 893 2384 ipsis
912 2353 1014 2384 legibus
1034 2353 1161 2378 Ecclesiae
1187 2350 1313 2383 probatur
1333 2354 1357 2376 et
1377 2358 1415 2375 re-

463 2402 536 2431 cepta
556 2402 594 2424 est
612 2406 625 2423 a
646 2398 759 2423 Concilio
779 2398 894 2422 Trident.
916 2397 993 2429 (Sess.
1014 2396 1102 2421 xxiii.
1123 2403 1144 2421 c.
1160 2397 1182 2420 2.
1198 2399 1222 2421 et
1235 2402 1290 2420 can.
1306 2396 1352 2425 2.).
1367 2394 1416 2419 Csr.

463 2444 526 2468 intra
547 2442 608 2468 dub.
630 2442 652 2467 5.
670 2456 703 2459 ———
722 2441 842 2473 Quaestio
863 2442 886 2465 2.
907 2440 939 2465 ab
960 2440 1014 2465 aliis
1034 2441 1076 2464 vix
1096 2440 1218 2470 tangitur,
1238 2446 1252 2463 a
1272 2439 1296 2463 S.
1317 2438 1417 2462 Thoma

463 2494 526 2512 vero
547 2488 637 2518 paucis
655 2485 743 2511 verbis
763 2486 871 2510 solvitur
892 2485 932 2510 liic
952 2492 975 2516 q.
998 2485 1022 2509 2.
1044 2491 1066 2509 a.
1085 2485 1104 2509 l.
1119 2484 1279 2516 quaestiunc.
1302 2483 1325 2507 2.
1347 2482 1379 2507 ad
1393 2481 1417 2506 5.

463 2530 567 2563 (Suppl.
584 2538 608 2563 q.
623 2530 664 2555 37.
679 2537 700 2555 a.
716 2531 739 2554 2.
753 2529 786 2554 ad
807 2529 856 2561 5.);
871 2529 986 2554 similiter
1006 2535 1019 2553 a
1033 2527 1162 2553 Richardo
1177 2534 1191 2552 a
1205 2527 1281 2558 Med,
1302 2527 1343 2551 hic
1357 2533 1379 2551 a.
1394 2526 1417 2550 3.

465 2582 490 2607 q.
511 2575 534 2599 3.
554 2574 587 2599 ad
609 2575 631 2599 Ἰ1.

535 2619 571 2644 De
592 2619 613 2643 i.
634 2619 797 2651 quaestione:
818 2618 895 2649 Scot,
917 2618 959 2643 hic
978 2625 1002 2649 q.
1024 2618 1097 2642 unica
1118 2623 1142 2641 n.
1165 2617 1206 2640 12.
1221 2629 1254 2633 ——
1267 2616 1292 2640 S.
1313 2615 1416 2646 Thoni„

466 2664 512 2689 loc.
533 2664 574 2688 cit.
593 2664 752 2695 quaestiunc.
774 2663 803 2694 3;
823 2662 913 2693 Suppl.
935 2662 982 2686 loc.
1003 2662 1043 2686 cit.
1064 2668 1086 2685 a.
1107 2661 1131 2685 3.
1152 2674 1185 2677 --
1206 2659 1233 2684 B.
1253 2658 1357 2689 Albert.‚
1380 2659 1420 2683 1110

466 2715 488 2732 a.
508 2708 549 2732 28.
570 2708 610 2732 36.
632 2720 665 2724 —
685 2707 750 2732 Petr.
781 2714 794 2731 a
824 2706 891 2737 Tar„
922 2706 962 2730 hic
981 2713 1005 2737 q.
1027 2705 1050 2730 2.
1071 2712 1094 2729 a.
1118 2704 1141 2729 3.
1162 2704 1321 2735 quaestiunc.
1343 2703 1365 2727 2.

466 2750 588 2781 Durand.,
609 2751 649 2775 hic
667 2758 692 2782 q.
713 2751 736 2775 2.
758 2757 780 2774 n.
803 2749 842 2774 15.
862 2763 897 2767 --
915 2749 1020 2780 Dionys.
1041 2748 1134 2780 Carth,
1155 2749 1197 2773 hic
1216 2755 1240 2779 q.
1262 2747 1285 2772 5.

539 2795 564 2819 11.
586 2794 753 2825 Quaestiones
767 2794 790 2818 3.
804 2796 829 2818 01
847 2793 869 2818 4.
884 2794 972 2818 intime
991 2793 1143 2823 cohaerent,
1159 2794 1184 2816 et
1197 2792 1264 2816 circa
1284 2793 1421 2822 utramque

468 2839 581 2864 breviter
592 2839 654 2863 haec
667 2837 847 2862 observamus.
860 2838 881 2861 1.
893 2837 1021 2861 Numerus
1031 2837 1192 2867 septenarius
1204 2835 1334 2866 ordinum,
1345 2836 1422 2865 prout

468 2883 493 2907 in
513 2888 590 2913 saepe
609 2881 712 2906 laudato
736 2881 842 2905 Decreto
868 2887 915 2911 pro
940 2880 1058 2904 Armenis
1084 2881 1245 2909 recensetur,
1265 2878 1290 2902 in
1309 2878 1421 2902 Ecclesia

469 2926 555 2952 Latina
575 2925 744 2957 perantiquus
763 2926 814 2955 est,
829 2925 909 2948 immo
922 2924 1009 2954 ipsum
1027 2923 1118 2948 saltem
1139 2922 1170 2947 de
1190 2921 1249 2947 iure
1269 2921 1301 2946 ab
1321 2922 1421 2952 origine

469 2971 555 3001 fuisse,
570 2977 584 2994 a
598 2969 759 2993 Scholasticis
772 2968 879 2999 aliisque
894 2967 990 2998 passim
1009 2966 1115 2990 docetur
1126 2964 1182 2996 (cfr.
1198 2965 1238 2989 hic
1252 2971 1276 2996 q.
1293 2964 1315 2988 4,
1329 2963 1362 2988 ad
1377 2964 1421 2994 3.).

470 3014 566 3038 Graeca
585 3016 670 3037 autem
690 3012 801 3037 Ecclesia
821 3018 835 3035 a
855 3011 940 3036 multis
960 3010 1069 3035 saeculis
1082 3015 1133 3033 non
1152 3008 1229 3033 habet
1243 3008 1305 3032 alios
1319 3007 1422 3031 ordines

470 3056 587 3083 minores
606 3057 653 3082 nisi
673 3056 837 3087 lectoratum;
857 3058 881 3080 et
900 3054 1108 3085 controvertitur,
1121 3055 1208 3078 utrum
1228 3052 1367 3083 antiquitus
1381 3051 1421 3075 alii

1482 2306 1537 2331 veri
1559 2305 1663 2330 ordines
1684 2305 1796 2329 minores
1815 2304 1850 2329 ibi
1878 2305 1903 2329 111
1933 2311 1981 2329 11511
2002 2304 2108 2336 suerint,
2129 2308 2153 2330 et
2172 2305 2323 2336 speciatim,
2345 2307 2429 2330 utrum

1482 2349 1560 2374 iidem
1575 2350 1696 2379 minores,
1711 2348 1806 2380 quibus
1823 2349 1901 2373 utitur
1918 2348 2029 2373 Ecclesia
2044 2348 2138 2373 Latina.
2150 2362 2184 2365 —-
2195 2349 2218 2373 2.
2233 2349 2371 2380 supposito
2388 2355 2428 2374 nu-

1483 2400 1554 2418 mero
1568 2393 1713 2424 septenario
1726 2392 1855 2423 ordinum,
1871 2393 1986 2424 quaestio
2001 2392 2095 2423 duplex
2110 2392 2268 2417 discutienda
2285 2396 2323 2418 est
2337 2392 2368 2417 de
2381 2393 2429 2423 epi-

1482 2439 1603 2468 scopatu,
1619 2440 1706 2461 utrum
1720 2437 1751 2461 sit
1768 2435 1833 2461 ordo
1848 2438 1872 2461 et
1885 2434 2100 2462 Sacramentum.
2115 2436 2232 2461 Haercsis
2251 2439 2288 2461 est
2307 2437 2374 2460 enim
2395 2436 2429 2461 di-

1483 2488 1554 2511 cere,
1579 2481 1625 2505 «in
1646 2481 1755 2505 Ecclesia
1776 2480 1898 2505 catholica
1919 2487 1969 2504 non
1989 2487 2046 2505 esse
2066 2481 2236 2505 hierarchiam
2256 2479 2345 2505 divina
2364 2479 2430 2506 ordi-

1482 2524 1589 2550 natione
1613 2525 1769 2555 institutam,
1792 2531 1858 2556 quae
1886 2526 1984 2549 constat
2012 2531 2042 2549 ex
2070 2524 2212 2555 episcopis,
2234 2523 2390 2555 presbyteris
2407 2526 2430 2548 et

1483 2570 1606 2594 ministris
1616 2577 1639 2599 »3
1660 2570 1732 2600 110111,
1758 2569 1917 2599 «episcopos
1937 2575 1987 2592 non
2008 2575 2064 2593 esse
2093 2568 2251 2599 presbyteris
2270 2569 2429 2599 superiores,

1483 2612 1524 2636 vel
1544 2619 1593 2637 non
1615 2611 1710 2636 babere
1731 2614 1883 2642 potestatem
1905 2610 2073 2636 confirmandi
2103 2614 2128 2635 et
2146 2611 2296 2642 ordinandi⁷
2315 2611 2355 2635 vel
2375 2616 2428 2634 eam

1484 2663 1562 2688 quam
1583 2656 1691 2687 habent⁷
1711 2656 1759 2680 illis
1779 2662 1834 2680 esse
1855 2661 1913 2680 cum
1934 2654 2092 2686 presbyteris
2116 2661 2307 2679 communem»
2329 2653 2428 2685 (Concil.

1485 2701 1598 2725 Trident.
1619 2700 1682 2725 ibid.
1702 2707 1759 2725 can.
1781 2700 1805 2724 6,
1825 2702 1850 2724 01
1868 2699 1913 2731 7.).
1938 2699 2002 2723 Η1110
2030 2699 2119 2730 negari
2149 2706 2198 2723 non
2224 2706 2300 2730 posse
2319 2698 2429 2729 videtur,

1485 2745 1555 2777 quod
1575 2745 1753 2776 episcopatus,
1774 2744 1818 2776 qui
1838 2746 1905 2768 tanta
1925 2743 2049 2774 dignitate
2067 2742 2184 2768 distincta
2204 2743 2378 2773 supereminet
2395 2747 2431 2766 ce-

1485 2790 1544 2813 teris
1564 2788 1712 2819 ordinibus,
1733 2789 1765 2813 sit
1783 2790 1807 2812 et
1826 2788 1890 2813 ordo
1910 2787 2044 2812 distinctus
2063 2790 2088 2812 et
2113 2788 2320 2818 sacramentum,
2340 2786 2430 2811 scilicet

1485 2833 1611 2858 ordinatio
1627 2833 1676 2864 illa,
1691 2839 1742 2864 qua
1759 2832 1943 2857 0011101101.-
1953 2832 1976 2856 3.
1991 2831 2057 2856 Inter
2072 2834 2146 2856 notos
2161 2831 2318 2862 antiquiores
2334 2829 2430 2854 Schola-

1485 2877 1562 2902 sticos
1582 2877 1666 2907 solus,
1686 2878 1714 2900 ut
1732 2875 1842 2907 videtur,
1857 2875 1946 2900 Guliel.
1960 2874 2098 2900 Autissiod.
2118 2874 2156 2906 (S.
2170 2882 2194 2905 p.
2211 2875 2240 2899 V.
2261 2878 2291 2899 tr.
2311 2875 2334 2899 8.
2354 2881 2377 2906 q.
2397 2873 2431 2904 4.)

1486 2920 1572 2950 docet,
1594 2926 1688 2944 novem
1708 2926 1765 2944 esse
1788 2919 1905 2949 ordines,
1934 2921 2032 2949 septem
2059 2918 2106 2943 iltis
2131 2918 2277 2949 adiungens
2305 2918 2430 2948 episcopa-

1485 2966 1539 2988 tum
1560 2965 1584 2987 et
1603 2963 1839 2987 archidiaconatum
1853 2962 1897 2994 (!);
1918 2965 2005 2993 postea
2035 2962 2102 2986 Scot.
2123 2961 2181 2992 (hic
2201 2968 2225 2993 q.
2254 2961 2328 2986 unica
2356 2967 2379 2984 n.
2407 2959 2430 2984 5.

1486 3007 1577 3039 seqq).
1599 3007 1656 3031 licet
1676 3013 1724 3030 non
1745 3006 1838 3031 audeat
1857 3005 2006 3037 improbare
2026 3006 2175 3037 opinionem
2195 3005 2284 3036 aliam,
2299 3010 2376 3036 quam
2389 3009 2429 3027 vo-

1486 3054 1525 3075 cat
1544 3056 1728 3081 communem,
1745 3054 1828 3075 tamen
1849 3056 1878 3074 ea
1892 3049 2034 3080 proclamat
2050 3049 2189 3080 principia,
2206 3055 2272 3080 quae
2286 3049 2431 3078 monstrant,

543 3224 550 3240 ¹
572 3225 644 3249 Vers.
669 3225 705 3249 tt.
726 3239 758 3242 —
780 3224 885 3249 inferius
905 3230 952 3255 pro
971 3223 1040 3248 recle
1059 3229 1111 3247 non
1131 3222 1206 3254 pauci
1227 3221 1303 3247 codd.
1324 3221 1400 3247 certe.

544 3266 554 3282 ‹.›
574 3267 641 3291 Multi
662 3267 739 3291 codd.
761 3266 947 3299 disponuntur.

545 3309 556 3325 ³
575 3310 606 3334 Ut
631 3310 690 3335 dicit
715 3311 815 3335 Aristot.
835 3317 913 3341 supra
939 3317 998 3341 pag.
1019 3309 1079 3341 627,
1100 3311 1157 3334 nota
1178 3309 1201 3334 8.
1220 3308 1324 3333 relatus.
1341 3321 1374 3325 —
1387 3307 1421 3332 ln-

474 3351 554 3376 serius
574 3359 620 3383 pro
640 3351 772 3378 darentur
793 3353 878 3383 plures
897 3353 973 3378 codd.
993 3352 1095 3378 durent.

1557 3218 1567 3235 ⁴
1587 3219 1649 3245 Cod.
1669 3226 1700 3243 aa
1719 3217 1845 3251 eupliam.

1556 3262 1567 3278 5
1586 3262 1635 3287 Cir.
1656 3263 1766 3287 Gratian.
1787 3262 1810 3286 d.
1836 3261 1878 3286 77.
1899 3264 1923 3286 et
1942 3261 1967 3286 d.
1987 3260 2028 3285 78.
2051 3274 2084 3278 —
2103 3261 2150 3286 Pro
2170 3259 2307 3293 graduum
2326 3257 2381 3283 cod.
2400 3262 2429 3281 aa

1488 3306 1623 3332 ordinum.
