2483 3882
1 350 12 366 e
29 341 98 368 mgni-

1 375 12 391 e
28 369 96 395 singu.-

0 401 37 417 um.

773 234 867 266 DtST.
891 234 921 265 L.
946 234 976 265 P.
1001 233 1033 264 lt.
1058 233 1139 264 ΛΒΤ.
1164 233 1184 264 Ι.
1210 232 1362 273 ΟΗΑΕΞΤ.
1387 231 1419 263 lt.

112 324 267 367 potentiae
300 315 459 355 rationalis
489 326 536 355 est
567 331 752 364 comparare
785 321 984 354 individuum
1021 321 1060 352 ad

112 377 246 419 speciem
271 379 301 408 et
331 376 472 408 eiusdem
507 375 705 408 considerare
735 383 834 416 genus
866 373 1064 416 generalissi-

117 438 202 462 mum
219 429 244 467 ¹3
268 432 298 461 et
322 429 392 460 ideo
416 427 584 460 abstractio
608 427 639 459 in
664 427 712 459 his
737 427 839 459 tribus
862 426 985 459 actibus
1001 435 1062 458 non

111 485 158 513 est
193 480 351 513 sufficiens
387 479 465 511 ratio
497 480 535 511 ad
573 479 848 512 diversificandum
886 478 1060 520 potentias,

112 534 165 566 sed
192 532 290 574 magis
314 532 490 565 coniunctio
514 532 689 573 peroptima
706 536 736 564 et
760 531 996 569 decentissima⁷
1018 540 1062 563 se-

110 585 250 617 cundum
276 593 370 626 quam
395 583 513 615 factum
538 588 602 622 est,
626 587 661 615 ut
685 584 806 621 anima,
839 583 991 624 quamdiu
1015 586 1063 615 est

114 637 144 669 in
168 645 278 675 carne⁷
310 636 424 668 habeat
449 635 619 676 potentias,
652 636 827 668 secundum
852 644 930 676 quas
959 635 1062 676 allige—

1993 230 2076 261 1047

1127 323 1179 352 tur
1202 324 1233 352 et
1257 319 1465 351 communicet
1488 318 1610 360 corpori
1635 318 1846 359 operationem
1873 326 1962 349 suam
1987 320 2016 349 et
2044 316 2076 348 in

1126 372 1266 414 regyendo
1291 372 1357 404 sive
1385 371 1572 403 vivificando
1596 373 1627 403 et
1652 371 1682 402 in
1707 370 1925 412 cognoscendo
1943 369 1964 400 ².
1982 386 2024 391 ——
2042 369 2077 401 Et

1129 425 1172 457 sic
1196 428 1297 466 patet,
1329 432 1428 465 quare
1458 423 1634 455 intellectus
1665 431 1725 454 non
1758 422 1852 453 habet
1885 422 1941 453 1106
1963 430 2075 462 posse,

1127 477 1280 518 quamdiu
1305 480 1351 509 est
1375 477 1569 514 coniunctus,
1594 479 1722 516 propter
1738 474 1948 515 alligationem
1974 477 2004 505 et
2027 482 2074 504 or-

1128 529 1233 561 dinem
1250 532 1281 560 et
1304 528 1530 560 connexionem
1556 527 1766 569 potentiarum
1791 526 1912 557 animae
1934 525 1973 557 ad
1998 533 2030 557 se
2047 528 2077 557 et

1126 582 1166 614 ad
1191 589 1321 623 corpus3
1337 590 1398 612 non
1423 581 1466 612 sic
1483 584 1603 617 autem,
1628 588 1699 611 cum
1717 584 1762 611 est
1787 582 1960 620 separatus.
1983 596 2026 601 ——
2044 577 2077 609 Et

1127 634 1171 666 sic
1195 638 1279 675 patet
1305 637 1413 665 totum.

946 763 1240 804 SOHOLION.

183 880 199 905 l.
220 880 264 904 1116
284 879 371 904 incidit
390 880 565 904 controversia
584 879 650 904 inter
670 879 790 910 antiquos
810 879 901 909 agitata
922 877 954 902 do
976 878 1061 908 cogni<

113 925 181 950 tione
209 924 355 949 animarum
381 925 572 954 separatarum,
603 922 635 947 de
663 921 759 954 quibus
789 922 907 946 diffusius
931 921 1063 952 disputant

113 969 139 993 S.
159 968 266 999 Thom.,
287 968 327 992 hic
347 975 371 998 q.
393 967 416 991 1.
436 973 458 991 a.
481 966 520 991 11-3
533 974 538 998 ;
553 967 576 990 S.
592 966 609 990 1.
624 973 648 998 q.
663 966 704 990 89.
719 973 742 990 a.
761 966 819 997 «1-83
840 965 872 990 de
887 966 963 990 Verit.
979 973 1005 997 q.
1026 966 1062 996 19,

111 1019 134 1036 a.
164 1012 218 1042 1-23
239 1013 263 1035 et
283 1011 385 1041 scotus,
406 1011 450 1042 qui
475 1010 624 1041 opinionem
644 1010 668 1034 S.
688 1009 884 1033 Bonaventurae
911 1015 958 1033 suo
985 1008 1063 1033 modo

112 1055 196 1085 magis
215 1054 366 1085 explicavit,
386 1061 465 1085 supra
485 1053 510 1078 d.
531 1052 571 1078 44.
592 1061 616 1085 q.
642 1053 696 1084 l-3,
717 1056 741 1078 et
761 1052 786 1076 11.
807 1053 875 1077 Scnt.
896 1052 920 1077 d.
940 1052 964 1077 3.
980 1060 1004 1084 q.
1020 1053 1062 1077 rlO.

112 1098 274 1124 Conveniunt
293 1101 378 1123 autem
399 1098 424 1122 hi
444 1101 495 1122 tres
516 1097 635 1122 doctores
654 1097 737 1128 primo
758 1097 781 1121 in
802 1104 845 1127 eo,
860 1096 944 1128 6111061,
965 1097 1064 1121 reiectis

112 1144 203 1175 primis
222 1142 325 1167 duabus
344 1141 511 1173 opinionibus
530 1142 555 1166 in
584 1142 602 1166 l.
618 1142 767 1173 quaestione
781 1141 879 1171 relatis,
894 1140 999 1172 docent,
1015 1142 1065 1165 ani-

113 1193 182 1212 mam
202 1189 347 1217 separatam
369 1186 437 1210 nullo
458 1186 492 1210 uti
513 1192 589 1216 posse
609 1191 701 1215 sensu,
724 1185 780 1209 sive
800 1184 919 1209 interiore
932 1185 987 1208 sive
1000 1186 1065 1208 exte-

113 1232 188 1256 riore.
207 1244 242 1248 —
261 1229 381 1255 Secundo
401 1229 478 1254 iidem
500 1229 602 1261 dicunt,
624 1228 696 1260 quod
721 1229 820 1259 species
844 1227 1014 1258 intelligibiles
1040 1229 1064 1252 in

114 1275 165 1299 vita
185 1274 326 1305 acquisitae
346 1276 496 1297 remaneant
514 1273 539 1296 in
559 1272 701 1303 intellectu,
722 1271 793 1303 quod
807 1278 866 1296 cum
882 1272 1010 1296 Aviccnna
1026 1278 1065 1295 ne-

113 1322 157 1349 gat
167 1318 243 1342 Henr.
257 1317 372 1341 (landav,
389 1316 491 1347 (Quodl.
506 1316 529 1340 5.
542 1323 565 1348 q.
587 1315 642 1348 14.)1
654 1315 723 1340 unde
737 1314 805 1339 idem
820 1316 895 1339 ctiam
911 1316 1012 1346 penitus
1026 1321 1067 1340 ne-

113 1365 157 1393 gat
170 1353 273 1393 (Quodl.
287 1361 311 1392 6,
323 1368 347 1392 q.
360 1361 403 1391 8.),
418 1360 472 1385 dari
487 1361 640 1385 memoriam
652 1358 845 1384 intellectivam.
859 1360 903 1384 Ast
916 1360 940 1383 S.
956 1359 1065 1390 Thom.,

114 1413 173 1431 eum
196 1408 282 1430 contra
307 1406 411 1429 scotum
437 1404 540 1435 doceat,
561 1403 722 1429 intellectam
742 1410 791 1427 non
813 1410 888 1434 posse
909 1410 1066 1434 cognoscere

113 1448 265 1482 sinqalaria
281 1456 326 1479 per
338 1447 434 1480 species
454 1454 471 1473 a
483 1446 603 1473 sensibus
623 1448 743 1480 (teceptas
761 1457 772 1470 <z
787 1448 833 1471 nisi
847 1447 969 1472 indirecte
983 1450 1007 1472 et
1022 1454 1067 1477 per

115 1493 246 1526 quandam
266 1493 430 1518 reflexionem
444 1501 454 1514 ν)
472 1492 524 1520 (hic
538 1499 562 1523 q.
582 1492 601 1516 l.
615 1498 637 1516 a.
652 1492 681 1522 33
696 1492 722 1516 S.
735 1491 783 1516 loc.
799 1492 840 1516 cit.
856 1498 878 1515 a.
894 1490 923 1522 43
938 1491 973 1515 De
988 1491 1066 1516 Vei-it.

115 1539 161 1563 loc.
176 1538 216 1562 cit.
231 1544 253 1561 a.
269 1537 312 1568 ⁶2.),
327 1536 374 1561 sibi
389 1539 509 1561 constans
522 1536 625 1566 asserit,
640 1535 694 1560 illas
714 1536 814 1560 animas
833 1535 1006 1565 cognitionem
1021 1536 1068 1559 sin-

115 1582 244 1613 gularium
266 1580 365 1611 (saltem
386 1586 432 1611 per
445 1586 471 1604 se
494 1579 634 1611 loquendo)
655 1586 704 1604 non
725 1578 821 1603 habt-re
841 1579 887 1603 nisi
904 1585 951 1609 per
969 1579 1068 1609 species

115 1627 176 1657 ipsis
190 1633 202 1650 a
218 1625 271 1650 Deo
285 1626 397 1655 intusas3
414 1625 472 1648 hinc
484 1623 592 1657 proprie
610 1624 704 1648 dictam
724 1622 882 1649 memoriam
903 1623 926 1647 in
948 1626 1019 1653 parte
1032 1622 1068 1647 in-

115 1668 243 1696 tellectiva
256 1675 306 1693 non
321 1668 393 1699 ponit
407 1667 442 1695 (S.
458 1668 472 1691 l.
488 1675 512 1699 q.
527 1667 568 1692 79.
583 1675 604 1692 a.
625 1668 654 1699 ὃς
670 1675 694 1699 q.
716 1667 756 1691 89.
777 1675 799 1691 a.
820 1667 864 1698 8.).
878 1680 913 1684 —
927 1667 1012 1691 Tertio
1033 1674 1069 1691 as-

116 1716 218 1743 serunt,
239 1712 310 1744 quod
331 1712 431 1736 animae
451 1715 585 1742 separatae
606 1713 767 1742 cognoscunt
786 1710 861 1735 simili
875 1709 966 1741 modo,
982 1712 1009 1733 ut
1022 1709 1069 1733 An-

117 1757 184 1788 geli;
206 1756 237 1781 de
257 1762 369 1788 quorum
390 1756 551 1786 cognitione,
575 1757 601 1779 ut
620 1754 718 1779 dictum
737 1757 775 1779 est
795 1753 820 1777 ll.
841 1754 909 1778 Sent.
928 1753 952 1777 d.
968 1753 992 1777 3.
1008 1760 1030 1777 a.
1045 1753 1068 1776 2.

116 1809 141 1834 q.
163 1802 185 1825 ·1.
205 1801 230 1824 111
250 1800 361 1831 scholio,
382 1800 407 1824 S.
430 1799 544 1824 Thomas
564 1799 636 1824 aliter
656 1798 731 1823 docet
750 1804 779 1822 ac
799 1801 917 1822 auctores
937 1797 1015 1821 nostri
1029 1802 1070 1820 an-

117 1845 188 1877 tiqui.
209 1844 282 1868 1111616
302 1843 334 1868 616
354 1843 491 1874 praedictis
510 1841 647 1867 animabus
667 1842 727 1867 dicit
745 1842 797 1873 (1116
817 1848 841 1872 q.
866 1841 886 1864 l.
901 1847 922 1864 a.
939 1840 982 1872 l.),
999 1839 1070 1871 quod

119 1895 179 1914 cnm
200 1895 250 1913 non
271 1887 382 1912 habeant
401 1886 497 1920 species
519 1887 688 1917 concreatas,
710 1888 769 1917 post
787 1885 976 1916 separationem
996 1886 1071 1908 erunt

118 1932 296 1964 paratissimae
318 1940 330 1954 α
344 1931 377 1956 ad
396 1930 575 1962 recipiendum
595 1930 753 1954 innuendam
782 1935 796 1953 a
825 1927 973 1953 substantiis
996 1934 1071 1958 supe-

118 1976 244 2007 rioribus,
259 1976 355 2000 scilicet
368 1975 420 2000 Deo
439 1974 482 1999 vel
501 1974 605 2005 Angelis
615 1983 639 1998 n.
662 1973 799 1998 Praemittit
818 1973 908 2003 etiam,
929 1971 999 2004 quod
1022 1972 1070 1995 «in

119 2022 167 2046 hac
185 2021 252 2051 vita,
276 2022 372 2051 quanto
392 2019 476 2043 anima
496 2025 510 2043 a
531 2024 640 2049 corpore
655 2017 738 2048 magis
752 2016 922 2047 abstrahitur,
937 2017 1005 2041 tanto
1020 2022 1072 2039 ma—

119 2065 159 2096 gis
178 2071 191 2088 a
212 2062 362 2088 substantiis
390 2061 567 2093 spiritualibus
597 2061 722 2086 influxum
748 2061 902 2092 cognitionis
920 2061 1017 2091 recipit.
1043 2059 1072 2084 Et

118 2107 178 2133 inde
197 2110 247 2138 est,
269 2106 340 2139 quod
360 2106 489 2138 quaedam
510 2105 607 2131 occulta
622 2109 815 2136 cognoscuntur
834 2105 859 2128 in
880 2103 1033 2129 dormiendo
1047 2105 1071 2128 et

1126 877 1149 901 in
1171 884 1275 902 excessu
1297 877 1402 906 mentis,
1423 875 1527 907 quando
1548 876 1632 899 anima
1653 882 1665 899 a
1691 875 1807 905 corporis
1836 873 1954 898 sensibus
1983 872 2077 897 abstra-

1127 921 1195 945 hitur
1210 929 1222 943 »
1244 920 1299 952 (cfr.
1320 920 1425 951 Bonav„
1447 920 1487 944 hic
1506 926 1531 950 q.
1553 920 1576 943 Ξ.
1597 925 1652 949 arg.
1675 919 1697 942 2.
1718 924 1765 949 pro
1785 920 1857 949 parte
1877 917 1970 941 affirm.
1990 920 2015 941 et
2041 923 2078 941 so-

1127 964 1192 996 lut.).
1212 964 1327 988 Breviter
1341 963 1409 987 idem
1424 962 1550 987 concludit
1566 963 1589 986 in
1605 962 1675 986 Sum.
1690 961 1718 993 (1.
1734 968 1758 993 q.
1773 961 1814 986 89.
1829 968 1850 985 a.
1870 961 1888 985 l.
1903 959 1936 984 ad
1954 961 1993 992 l.),
2008 959 2080 991 quod

1132 1009 1242 1033 «anima
1262 1010 1379 1039 separata
1400 1013 1448 1031 non
1470 1007 1585 1038 intelligit
1603 1013 1650 1037 per
1669 1006 1768 1037 species
1788 1006 1886 1029 innatas
1900 1010 1947 1029 nec
1964 1011 2010 1035 per
2024 1010 2079 1034 spe-

1129 1054 1194 1084 cies,
1216 1059 1281 1084 quas
1301 1053 1363 1077 tanc
1383 1051 1519 1081 abstrahit,
1540 1057 1588 1075 nec
1606 1049 1695 1075 solum
1714 1056 1760 1081 per
1774 1050 1875 1080 species
1889 1050 2079 1073 conservatas...

1129 1097 1174 1122 sed
1193 1104 1241 1128 per
1254 1097 1353 1127 species
1367 1103 1396 1120 ex
1411 1096 1540 1120 influentia
1556 1094 1635 1119 divini
1656 1094 1758 1119 luminis
1771 1094 1948 1124 participatas,
1968 1098 2080 1124 quarum

1129 1141 1214 1165 anima
1235 1140 1262 1165 tit
1282 1141 1424 1171 particeps,
1445 1139 1510 1164 sicut
1529 1142 1553 1163 et
1572 1138 1635 1163 aliae
1655 1137 1812 1162 substantiae
1825 1139 1971 1168 separatae,
1993 1141 2082 1168 quam-

1129 1185 1169 1209 vis
1188 1184 1301 1208 interiori
1321 1183 1398 1208 modo
1413 1192 1436 1206 n.
1451 1196 1485 1199 —
1503 1181 1622 1206 Richard.
1643 1188 1657 1205 a
1678 1180 1742 1205 Med.
1763 1181 1815 1211 (hic
1834 1187 1856 1204 a.
1881 1180 1900 1204 l.
1921 1187 1945 1211 q.
1968 1179 2001 1210 l.)
2021 1185 2081 1204 cum

1130 1230 1216 1253 nostro
1236 1230 1340 1252 auctore.
1360 1229 1440 1257 tenet,
1460 1225 1531 1258 quod
1552 1226 1606 1250 talis
1626 1226 1710 1250 anima
1731 1225 1811 1255 possit
1835 1233 1845 1246 α
1861 1231 1906 1255 per
1925 1223 2081 1248 intellectum

1130 1272 1192 1303 <non
1212 1278 1259 1302 per
1279 1271 1418 1302 potentiam
1438 1270 1597 1301 sensitivam)
1618 1268 1747 1294 sensibilia
1776 1270 1800 1292 et
1829 1266 1963 1292 sensibiles
1989 1273 2081 1291 eorum

1130 1315 1223 1340 modos
1243 1320 1438 1345 cognoscere».
1459 1314 1526 1337 Scot.
1546 1319 1610 1337 vero
1630 1311 1719 1343 (supra
1749 1311 1773 1335 d.
1802 1310 1842 1335 tt.
1863 1318 1887 1342 q.
1909 1311 1931 1335 2.
1953 1317 1976 1334 n.
2001 1310 2038 1334 12.
2058 1313 2083 1334 et

1131 1366 1155 1390 q.
1177 1358 1212 1390 4.)
1234 1360 1317 1389 putat,
1339 1358 1438 1382 animas
1457 1359 1588 1388 separatas
1606 1362 1681 1389 posse
1701 1356 1835 1387 acquirere
1855 1354 1969 1379 notitiam
1984 1353 2082 1378 abstra-

1131 1403 1225 1427 ctivam
1246 1404 1270 1426 et
1289 1402 1433 1426 intuitivam
1454 1401 1573 1425 omnium
1593 1399 1753 1424 sensibilium
1774 1402 1798 1423 et
1811 1398 1982 1429 spiritualium
2003 1397 2082 1422 linito-

1131 1453 1203 1477 rum,
1224 1445 1319 1470 scilicet
1344 1443 1522 1470 abstrahendo
1542 1445 1670 1475 speciem,
1691 1443 1711 1467 51
1731 1442 1861 1467 obiectum
1881 1446 1919 1466 est
1937 1440 2081 1470 materiale,

1131 1490 1172 1515 vel
1191 1488 1488 1522 recipiendospeciem,
1508 1489 1529 1513 si
1549 1487 1611 1512 illud
1630 1490 1668 1512 est
1687 1486 1826 1517 spirituale.

1204 1533 1240 1558 De
1264 1534 1283 1558 1.
1304 1533 1454 1565 quaestione
1474 1535 1575 1563 praeter
1596 1531 1729 1555 laudatos:
1751 1530 1814 1554 Petr.
1835 1537 1847 1553 a
1869 1529 1943 1560 Tar.,
1966 1529 2006 1553 liic
2020 1535 2044 1560 q.
2063 1528 2082 1552 l.

1132 1586 1153 1602 a.
1177 1578 1199 1602 l.
1220 1578 1242 1601 2.
1264 1577 1287 1601 3.
1313 1590 1342 1593 —
1362 1576 1465 1607 Dionys.
1486 1574 1585 1605 Carth,
1607 1574 1638 1599 de
1659 1577 1709 1599 toto
1730 1573 1835 1598 articulo
1861 1573 1902 1597 hic
1921 1579 1946 1604 q.
1968 1573 1990 1596 2.
2012 1571 2035 1596 3.

1203 1621 1228 1646 ll.
1250 1621 1285 1645 De
1306 1621 1329 1644 2.
1350 1620 1499 1652 quaestione
1519 1619 1544 1643 S.
1565 1619 1657 1643 Thom.
1678 1617 1714 1649 (S.
1736 1618 1750 1641 l.
1772 1624 1796 1649 q.
1817 1617 1858 1641 89.
1878 1623 1899 1641 a.
1914 1616 1952 1648 8.)
1968 1622 2027 1640 cum
2042 1621 2084 1639 no-

1132 1668 1184 1690 stro
1213 1667 1318 1690 auctore
1346 1663 1463 1693 resolvit,
1494 1662 1564 1694 quod
1589 1661 1758 1686 «secundum
1787 1659 1943 1686 natta-alem
1963 1659 2084 1690 cognitio-

1133 1716 1220 1734 nem...
1241 1709 1342 1733 animae
1362 1711 1526 1731 mortuorum
1546 1707 1663 1731 nesciunt
1682 1712 1749 1737 quae
1764 1705 1804 1729 1116
1817 1707 1956 1735 aguntur»
1978 1703 2033 1730 (cfr.
2045 1703 2085 1727 hic

1134 1760 1158 1785 q.
1180 1753 1203 1777 2.
1224 1760 1246 1777 a.
1267 1753 1292 1776 2.
1314 1751 1472 1783 quaestione.
1498 1751 1522 1781 l;
1543 1750 1632 1781 Suppl.
1653 1757 1677 1781 q.
1698 1750 1739 1774 98.
1760 1756 1782 1773 a.
1803 1749 1846 1780 5.).

1204 1795 1240 1820 De
1258 1794 1349 1820 eadem
1369 1794 1536 1826 quaestione:
1556 1793 1637 1824 Scot,
1659 1793 1720 1817 locis
1740 1792 1829 1816 ultimo
1850 1791 1899 1816 citt.
1919 1793 1944 1815 et
1964 1791 2004 1814 hic
2022 1796 2047 1821 q.
2062 1789 2085 1814 3.

1134 1854 1168 1857 —-
1187 1840 1213 1864 Β.
1234 1839 1345 1870 Athea„
1368 1839 1409 1863 hic
1428 1845 1451 1863 a.
1471 1838 1495 1862 7.
1516 1838 1540 1861 8.
1561 1851 1594 1854 ——
1615 1837 1678 1862 Petr.
1700 1843 1714 1860 a
1734 1836 1809 1866 Tan,
1830 1835 1862 1860 de
1883 1836 1930 1859 hac
1949 1837 1973 1859 et
1992 1841 2046 1865 seq.
2061 1840 2086 1865 q.

1134 1884 1176 1908 1116
1196 1890 1220 1915 q.
1242 1884 1266 1907 2.
1286 1890 1308 1907 a.
1331 1883 1354 1907 ’1.
1375 1883 1402 1907 2.
1421 1895 1457 1899 -
1475 1880 1596 1906 Richard.
1617 1887 1630 1905 a
1651 1879 1731 1911 111661,
1753 1879 1795 1904 1116
1814 1886 1835 1903 a.
1858 1879 1880 1903 3.
1902 1885 1926 1910 q.
1947 1877 2087 1903 2.—Dio‹

1135 1934 1192 1958 nys.
1214 1926 1311 1958 Cartb.,
1332 1926 1364 1951 de
1385 1927 1432 1950 hac
1451 1928 1475 1950 et
1495 1932 1548 1957 seq.
1570 1932 1594 1956 q.
1615 1924 1656 1949 1116
1675 1931 1700 1956 q.
1721 1924 1745 1948 2.
1765 1923 1789 1947 8.

1207 1971 1243 1995 111.
1264 1971 1289 1995 ln
1311 1971 1333 1995 3.
1365 1970 1515 2002 quaestione
1542 1968 1667 1993 solvenda
1696 1971 1814 1993 auctores
1839 1967 1899 1991 satis
1923 1965 2087 1990 conveniunt.

1136 2014 1185 2040 Cir.
1206 2015 1230 2039 S.
1252 2014 1361 2045 Thom.,
1384 2014 1424 2038 1116
1443 2021 1468 2045 q.
1489 2013 1512 2037 2.
1533 2019 1555 2037 a.
1576 2013 1599 2037 2.
1620 2013 1778 2044 quaestiunc.
1808 2011 1832 2035 3.
1859 2012 1883 2035 et
1902 2017 1924 2035 a.
1946 2009 1976 2041 -1;
1998 2009 2088 2040 51111111,

1136 2065 1161 2090 q.
1182 2058 1223 2083 98.
1244 2065 1266 2082 a.
1287 2058 1315 2089 9,
1337 2064 1361 2089 q.
1382 2056 1423 2081 94.
1444 2063 1465 2081 a.
1491 2056 1536 2080 1-3.
1551 2070 1584 2073 —
1599 2056 1624 2080 B.
1639 2055 1748 2086 Albert.,
1763 2055 1803 2079 1116
1823 2061 1845 2079 a.
1870 2054 1906 2078 10.
1921 2067 1954 2070 —
1968 2052 2088 2077 Richard.

1116 2116 1119 2118 -
1137 2109 1151 2127 a
1171 2101 1250 2133 Med,
1271 2102 1313 2126 hic
1332 2108 1354 2126 a.
1375 2101 1398 2125 3.
1419 2108 1443 2132 q.
1465 2101 1488 2125 3.
1509 2114 1543 2118 —
1562 2099 1691 2131 burana„
1712 2099 1753 2124 hic
1772 2106 1796 2131 q.
1817 2099 1840 2122 3.

985 2225 1167 2268 QUAESTIO
1192 2226 1224 2257 11.

501 2328 618 2359 Utrum
643 2326 760 2358 anima
784 2329 943 2367 separata
967 2327 1141 2366 coynoscat
1164 2333 1202 2355 ea
1227 2332 1310 2365 qaae
1334 2322 1426 2354 circa
1451 2331 1510 2353 nos
1532 2325 1706 2362 parantur.

209 2439 353 2472 Secundo
377 2439 541 2481 quaeritur
559 2438 598 2470 de
614 2437 788 2479 cognitione
812 2436 934 2468 animae
952 2444 1074 2476 separa-

78 2497 80 2499 ’
124 2496 172 2525 tae
188 2501 245 2534 per
262 2492 527 2534 comparationem
545 2491 584 2523 ad
609 2494 725 2522 statum
745 2489 921 2526 viatorum;
938 2492 969 2520 et
985 2496 1077 2529 quae-

0 2717 57 2744 argg.
73 2723 110 2744 pro

0 2746 39 2765 itte
55 2744 112 2765 affir-

0 2770 67 2792 iativa.

122 2546 214 2584 ritur,
238 2549 347 2577 utrum
373 2544 478 2576 anima
502 2547 646 2585 separata
662 2545 827 2584 cognoscat
843 2550 879 2573 ea
895 2548 975 2582 quae
993 2540 1076 2572 circa

122 2607 178 2630 nos
203 2601 366 2639 geruntur.
394 2597 427 2628 Et
451 2596 536 2638 quod
561 2595 621 2634 sic,
639 2595 765 2627 videtur
783 2593 891 2626 saltem
910 2593 948 2625 de
974 2591 1075 2623 bonis.

215 2652 241 2682 1.
268 2650 437 2691 Gregorius
455 2648 487 2680 ³:
523 2648 642 2689 «Quid
679 2651 726 2680 est
757 2646 842 2688 quod
874 2655 934 2677 non
971 2645 1076 2677 vident

124 2704 177 2746 qui
203 2703 361 2735 videntem
390 2702 494 2734 omnia
527 2701 636 2733 vident
651 2703 694 2732 »?
718 2700 778 2732 Sed
810 2699 888 2732 tales
919 2702 992 2731 sunt
1015 2697 1077 2729 ani-

125 2765 195 2789 mae
218 2756 343 2788 beatae:
369 2764 444 2796 ergo
468 2758 524 2786 etc.

214 2809 244 2840 2.
268 2808 362 2845 item⁷
386 2807 445 2839 1106
473 2807 565 2839 etiam
591 2806 717 2838 videtur
749 2806 788 2837 de
811 2803 979 2846 reprobis:
1005 2803 1079 2844 quia

127 2860 295 2903 Gregorius
331 2863 439 2891 narrat
474 2859 504 2891 in
539 2858 707 2899 Dialogo⁴‚
743 2857 827 2899 quod
856 2856 984 2898 quidam
1017 2864 1080 2886 ma-

128 2914 179 2946 lus
202 2914 298 2946 honio
323 2912 482 2954 praedixit
507 2911 610 2944 locun]
639 2919 715 2943 suae
747 2910 929 2952 sepulturae
938 2920 946 2947 3
970 2911 1000 2940 et
1024 2907 1081 2939 sol-

128 2967 190 3005 vit⁷
214 2966 298 3008 quod
316 2966 375 2998 hoc
399 2965 457 2997 fuit
475 2965 590 2997 virtute
614 2963 753 3002 animae,
779 2971 860 3004 quae
877 2961 937 2993 iam
963 2959 1081 2992 abstra-

201 3142 208 3158 1
230 3142 296 3167 Vide
315 3145 376 3167 tom.
397 3142 433 3166 111.
453 3148 514 3173 pag.
536 3140 601 3173 375,
623 3142 682 3164 nota
703 3140 726 3164 1.

201 3184 212 3201 ²
231 3185 281 3211 Csr.
300 3185 328 3210 ll.
349 3185 418 3210 Sent.
438 3184 463 3210 d.
485 3183 528 3209 24.
549 3191 575 3215 p.
596 3184 613 3208 1.
638 3190 661 3208 a.
688 3184 710 3207 2.
737 3189 761 3214 q.
784 3182 806 3206 i,
826 3181 858 3206 ad
878 3182 901 3204 S.
922 3194 955 3198 —
976 3180 1081 3205 Interius

131 3235 179 3261 pro
199 3229 356 3255 coniunctus
376 3228 496 3260 permulti
516 3227 592 3252 codd.
612 3225 771 3252 coniunctio.

201 3272 213 3289 ³
232 3273 298 3298 Vide
317 3280 395 3304 supra
416 3279 477 3304 pag.
497 3272 563 3303 953,
586 3273 643 3295 nota
664 3271 687 3294 8.

202 3316 212 3333 ⁴
231 3316 301 3342 Libr.
323 3317 364 3341 lV.
384 3324 405 3341 c.
426 3317 472 3347 26,
492 3315 538 3340 ubi
557 3317 615 3346 post
635 3314 807 3338 narrationem
821 3312 879 3337 sacti
892 3312 965 3337 istius
980 3310 1081 3336 subdit:

133 3361 162 3385 Et
181 3367 241 3386 cum
259 3360 372 3386 eundem
391 3361 477 3385 virum
497 3359 566 3384 curis
585 3357 762 3383 saecularibus
781 3356 923 3388 obligatum
952 3356 1082 3387 lucrisque

1138 2434 1273 2466 bebatur
1297 2443 1315 2465 a
1338 2441 1486 2474 corpore:
1512 2431 1536 2464 si
1569 2440 1643 2473 ergo
1669 2431 1739 2472 plus
1763 2433 1809 2462 est
1833 2438 2021 2471 cognoscere
2044 2429 2090 2461 fu-

1139 2491 1210 2519 tura
1242 2495 1336 2528 quam
1370 2485 1567 2526 praesentia,
1598 2488 1629 2516 et
1661 2487 1746 2515 tanto
1782 2483 1880 2524 magis
1915 2482 2089 2523 cognoscit,

1139 2542 1256 2581 quanto
1281 2539 1379 2580 magis
1404 2541 1451 2570 est
1474 2538 1647 2574 abstracta3
1672 2539 1756 2577 patet
1780 2539 1836 2567 etc.

1230 2591 1258 2623 3.
1284 2591 1377 2629 Item,
1395 2589 1603 2623 communiter
1627 2589 1666 2620 de
1683 2592 1824 2630 atraque
1849 2587 1991 2619 videtur:
2017 2586 2090 2628 quia

1141 2648 1276 2685 utraque
1301 2643 1397 2675 habet
1413 2642 1583 2684 potentiam
1602 2640 1808 2681 intelligendi,
1833 2648 1913 2681 quae
1930 2648 1989 2671 non
2015 2639 2093 2671 indi-

1142 2701 1191 2738 get
1216 2695 1407 2728 adminiculo
1435 2694 1602 2727 exterioris
1627 2693 1755 2725 luminis
1769 2692 1790 2731 ⁵,
1815 2701 1871 2724 nec
1903 2695 1949 2723 est
1972 2695 2092 2724 arctata

1142 2750 1181 2782 ad
1207 2749 1342 2791 aliquid:
1369 2757 1443 2789 ergo
1468 2750 1568 2789 potest
1592 2755 1648 2788 per
1676 2746 1767 2777 istam
1791 2753 1979 2786 cognoscere
2011 2753 2091 2786 quae

1142 2801 1224 2833 circa
1249 2810 1305 2833 nos
1329 2803 1492 2842 geruntur.

1232 2854 1260 2884 ἁ.
1286 2853 1376 2891 Item,
1400 2856 1517 2894 quanto
1542 2851 1715 2884 substantia
1747 2850 1889 2886 liberior,
1915 2853 2000 2881 tanto
2023 2848 2094 2881 faci-

1143 2906 1204 2938 lius
1218 2910 1248 2938 et
1265 2905 1403 2938 certius⁶
1417 2905 1484 2937 exit
1500 2905 1530 2936 in
1554 2908 1659 2936 actum
1678 2912 1788 2936 suum:
1807 2911 1881 2943 ergo
1898 2910 1971 2934 cum
1988 2901 2091 2933 anima

1144 2962 1288 3000 separata
1311 2967 1329 2989 a
1353 2966 1484 2999 corpore
1507 2957 1547 2989 sit
1572 2956 1671 2988 multo
1695 2955 1824 2987 liberior
1847 2962 1942 2996 quam
1970 2954 1996 2986 ei
2026 2962 2094 2985 con-

1145 3136 1252 3161 tet-renis
1265 3135 1405 3160 inhiantem
1419 3135 1497 3159 fuisse
1511 3133 1675 3163 noverimus;
1690 3131 1758 3157 unde
1773 3132 1822 3156 hoc
1835 3129 1984 3162 praedicere
1998 3130 2094 3160 potuit,

1144 3180 1192 3204 nisi
1212 3179 1270 3211 quia
1292 3178 1317 3204 id
1337 3178 1408 3210 quod
1427 3178 1542 3203 futurum
1562 3179 1616 3202 erat
1641 3177 1696 3201 eius
1719 3175 1837 3206 corpori,
1859 3175 1915 3206 ipsa
1935 3174 1975 3199 vis
1994 3174 2095 3198 animae

1144 3229 1174 3247 ac
1193 3222 1319 3247 subtilitas
1338 3221 1525 3253 praevidebat?
1539 3234 1574 3238 —
1587 3220 1693 3245 Interius
1712 3226 1760 3250 pro
1779 3216 1986 3244 abstrahebatur
2003 3216 2060 3242 cod.
2074 3217 2095 3241 H

1145 3265 1345 3292 extrahebatur.
1363 3265 1435 3291 Circa
1452 3265 1528 3290 tinem
1546 3271 1601 3296 arg.
1612 3263 1688 3289 codd.
1699 3266 1723 3288 et
1739 3262 1781 3288 ed.
1793 3263 1801 3286 1
1819 3263 1938 3287 omittunt
1954 3260 2095 3294 coqiioscit.

1216 3309 1228 3326 ⁵
1245 3310 1315 3335 Sicut
1333 3309 1431 3341 indiget
1449 3309 1529 3333 visus.

1216 3353 1227 3369 6
1245 3353 1307 3378 Cod.
1328 3353 1348 3378 H
1370 3351 1454 3379 citius.
