2483 3882
53 625 161 655 Confectio
175 620 297 651 nienter
320 617 509 660 exprimitur
545 617 818 649 Sacramentorun‘i
843 616 1001 659 confectio
1026 621 1054 649 et
1077 617 1124 649 in-

1038 216 1266 249 PROOEMlUM.
2112 222 2130 253 3

174 306 390 343 Sacramenta,
414 305 530 346 quibus
547 305 701 336 formetur
725 303 902 335 Ecclesia».
920 303 991 335 ldeo
1015 303 1121 336 dicun-

173 362 225 390 tur
249 358 349 399 magis
380 358 579 389 Sacramenta
613 355 804 398 profluxisse
839 355 878 387 de
903 355 1003 387 latere
1026 365 1121 397 quam

174 411 212 443 de
236 410 370 452 pedibus
393 410 443 442 vel
478 409 622 441 manibus
645 426 690 430 —
712 417 783 439 cum
809 408 881 440 inde
897 408 905 422 ¹
931 408 1121 449 profluxerit

174 462 300 503 sanguis
325 481 367 485 —
390 464 518 503 propter
546 459 645 501 ipsam
681 459 927 492 convenientiam
954 460 984 491 in
1009 460 1123 501 signifi-

175 514 290 552 cando,
315 514 388 555 qnia
419 512 512 546 simul
546 511 699 553 profluxit
732 511 873 553 scmzgym's
901 516 929 543 et
957 522 1067 554 aqu-m
1092 515 1121 544 et

173 566 326 608 profluxit
357 566 483 607 quidem
519 565 557 596 de
582 564 651 595 iam
686 568 837 601 mortim,-
872 564 902 595 in
928 573 991 606 quo
1015 574 1123 597 conve-

19 654 39 672 et
58 651 161 672 institutio

17 671 308 703 sacramento-stitutio.
344 671 428 702 Sicut
463 669 545 701 enim
583 669 613 700 in
646 669 865 710 promerendo
890 670 1122 702 Sacramentis²

16 710 70 725 rum.

176 723 343 755 efficaciam
368 731 459 753 mors
483 721 588 753 iuncta
612 724 658 753 est
682 730 753 753 cun]
778 721 867 759 vita,
903 722 947 754 sic
981 722 1122 764 sctnyuis

174 775 277 807 vitalis
304 774 380 806 exiit
411 782 483 806 cum
516 783 625 816 aqua:
651 774 695 806 sic
719 783 793 815 ergo
825 775 1024 807 Sacramenta
1049 778 1122 806 sunt

173 827 203 858 in
227 826 322 861 verbo
357 829 387 858 et
421 826 571 858 elemento
605 827 724 867 pariter
748 827 890 858 instituta
900 839 908 865 3
932 830 962 859 et
988 827 1056 859 ideo
1081 827 1119 859 ad

173 879 346 912 sanandum
379 888 439 910 non
472 882 592 911 tantum
616 878 729 921 factet,
755 880 809 911 sed
834 879 927 911 etiam
951 879 1122 921 confecta³

173 931 330 964 dicuntur.

1274 305 1352 337 Haec
1378 305 1472 347 igitur
1496 307 1696 339 Sacramenta
1731 310 1804 339 sunt
1832 308 1979 349 perfecta
2004 309 2136 341 medica·
2155 317 2261 343 Epitossus-

1186 360 1300 396 menta,
1317 367 1397 399 quae
1416 358 1485 391 fecit
1502 359 1730 399 unguentarius
1745 360 1784 391 ad
1796 360 2001 401 placandum
2021 362 2133 399 Deum,

1186 412 1216 440 et
1240 409 1309 441 ideo
1333 413 1406 442 sunt
1427 411 1595 452 piymenta
1611 411 1810 449 sucwz'cacz's;
1826 416 1855 444 et
1879 413 1917 444 ad
1943 413 2134 445 sanandam

1187 459 1346 492 hominem
1373 467 1564 504 aegrotum,
1589 467 1619 495 et
1643 464 1712 495 ideo
1748 468 1821 496 sunt
1844 465 2013 496 unctiones
2047 466 2135 497 3(ωηῖ-

1188 513 1273 544 tatis.
1300 515 1462 547 Unctiones
1479 520 1582 547 autom
1609 517 1749 548 sanitatis
1766 521 1855 555 sunt‚
1873 518 1943 559 quia
1971 519 2135 550 sanitatem

1188 565 1337 598 tribuunt
1361 571 1391 598 et
1415 567 1454 599 ad
1480 568 1642 600 sanitatem
1661 569 1857 610 disponunt:
1884 570 2034 602 tribuunt
2059 573 2136 603 sani-

1187 621 1280 650 tatem
1307 618 1514 658 sufficienter,
1539 629 1619 661 qnae
1644 625 1690 653 est
1707 622 1822 653 sanitas
1836 623 1988 663 yrcttictae,
2014 625 2052 655 de
2074 634 2136 665 qua

1188 670 1218 702 in
1243 671 1402 703 Psalmo⁴z
1431 672 1495 711 Qui
1517 678 1616 704 ,ςαηιιι
1651 674 1807 705 contrilos
1843 675 1940 706 eorde
1968 680 1995 707 et
2019 676 2136 718 αἰίιζᾳαι

1187 723 1396 755 contritiones
1420 734 1555 762 eorum;
1579 726 1757 766 disponunt
1780 727 1819 758 asi
1845 728 2007 760 sanitatem
2039 729 2136 769 perse-

1187 779 1278 814 ctam,
1303 785 1383 817 qnae
1408 780 1454 808 est
1478 777 1594 808 sanitas
1616 777 1762 817 qlorz'ctc,
1787 779 1825 810 de
1850 788 1911 820 qua
1942 779 1970 810 in
1996 780 2133 811 Psalmo:

1189 828 1254 868 Qui
1272 828 1480 869 propitiatur
1515 829 1666 860 omnibus
1702 830 1933 872 iniquitatibus
1962 832 2046 869 luis,
2078 832 2137 874 qui

1186 885 1286 912 scona!
1309 890 1418 912 omnes
1443 881 1654 923 infirmitates
1690 886 1773 914 tuas.
1801 884 1834 915 Et
1858 884 1917 915 hoc
1941 884 2068 925 quidem
2094 885 2135 916 sa-

1187 933 1227 965 cit
1252 934 1280 965 in
1306 934 1414 975 gloria.
1441 935 1474 966 Et
1498 935 1673 967 secundum
1699 936 1756 967 hoc
1781 936 1860 968 liber
1885 936 1965 969 iste⁵
1989 940 2046 969 etc.

794 1854 1511 1887 ww*—

241 3074 249 3090 1
269 3074 331 3100 Cod.
352 3076 374 3100 V
388 3082 448 3101 cum
463 3077 565 3108 tamen,
581 3077 657 3102 codd.
672 3077 688 3102 F
699 3078 719 3102 H
733 3078 754 3109 Q
774 3077 840 3103 bene
860 3085 922 3105 cum
942 3079 1021 3105 etiam
1040 3079 1114 3111 inde,

170 3119 186 3143 i.
206 3125 228 3143 e.
245 3119 365 3151 quamvis
384 3120 459 3144 etiam
479 3119 512 3144 de
531 3120 643 3151 pedibus
663 3121 702 3146 vel
723 3121 850 3147 manibus.
865 3123 921 3147 Mox
934 3126 992 3154 post
1005 3123 1117 3157 sanquis

171 3162 196 3186 in
214 3162 270 3187 cod.
285 3163 306 3194 Q
320 3163 423 3189 additur
441 3163 552 3195 scilicet,
569 3165 593 3189 in
608 3165 664 3190 cod.
684 3168 703 3190 Α
718 3173 856 3198 perperam
870 3168 896 3193 et
907 3174 987 3201 aqua.
1001 3168 1027 3193 In
1041 3175 1114 3200 seqq.

170 3198 305 3237 respicitur
323 3207 390 3232 loan.
412 3207 457 3238 19,
479 3208 519 3232 33.
539 3215 612 3240 seqq.

239 3248 250 3265 ²
268 3249 349 3275 Codd.
369 3251 390 3275 G
401 3251 422 3276 V
442 3250 625 3284 sacramenti,
642 3252 698 3278 cod.
712 3253 734 3277 H
747 3253 996 3280 Sao-ramentorum.
1011 3255 1116 3281 Inferius

172 3291 350 3319 substituimus
368 3301 399 3319 ex
418 3294 493 3320 codd.
513 3295 651 3321 AEHlaa
664 3302 692 3321 cc
711 3296 748 3323 εἰσ
767 3304 830 3330 erqo
849 3305 897 3329 pro
916 3297 953 3324 sic
972 3298 1059 3324 etiam.

240 3336 250 3352 ³
269 3336 318 3362 Csr.
338 3337 365 3363 C.
385 3338 440 3364 Hoc
457 3339 496 3364 esi
514 3338 585 3371 quod
603 3338 714 3365 dicimus
734 3340 798 3374 (48.)
818 3342 850 3367 de
869 3341 1014 3368 Consecrat.
1034 3343 1059 3368 d.
1080 3344 1103 3369 2.

1252 3079 1262 3096 ⁴
1281 3081 1372 3106 Psaiin.
1391 3081 1449 3110 146,
1465 3082 1488 3106 3.
1502 3096 1534 3099 -—
1547 3082 1606 3114 Seq.
1621 3085 1703 3108 textus
1722 3087 1760 3109 est
1775 3084 1811 3109 Ps.
1828 3085 1891 3117 ι102,
1907 3085 1930 3111 3.
1944 3085 1994 3111 Csr.
2006 3087 2114 3119 August.
2125 3108 2133 3119 ‚

1181 3125 1293 3150 Enarrat.
1314 3126 1337 3149 in
1358 3125 1440 3150 dictos
1459 3125 1534 3157 loce„
1555 3126 1599 3151 ubi
1625 3127 1717 3152 eodem
1748 3128 1824 3153 modo
1850 3133 2022 3160 exponuntur.
2041 3144 2076 3149 —
2096 3132 2133 3156 tn·
2182 3135 2190 3136 ‘

1180 3170 1258 3194 serius
1276 3171 1335 3200 post
1353 3168 1498 3201 disponunt*
1515 3169 1575 3194 edd.
1596 3170 1695 3195 addunt
1716 3171 1794 3197 etiam
1822 3176 1846 3198 et
1875 3174 1899 3197 in
1927 3173 1977 3198 fine
2004 3176 2130 3205 prooemii

1180 3212 1337 3238 substituunt
1355 3212 1433 3245 faciet
1452 3220 1499 3244 pro
1517 3212 1589 3246 facit.

1250 3256 1261 3272 5
1280 3257 1305 3281 ln
1325 3257 1401 3281 codd.
1416 3257 1456 3282 liic
1471 3258 1633 3283 continuatur
1652 3260 1809 3291 propositio,
1824 3263 1848 3285 et
1862 3261 2010 3287 immediate
2029 3262 2131 3287 exhibe-

1180 3303 1220 3325 tur
1239 3300 1331 3326 dicz'sz‘o
1351 3301 1452 3329 temtus.
1468 3303 1496 3325 ut
1509 3302 1585 3326 etiam
1604 3302 1668 3327 infra
1689 3302 1782 3328 dicitur
1796 3311 1856 3335 pag.
1877 3305 1919 3336 to,
1934 3309 1993 3330 nota
2019 3306 2036 3330 i.
2052 3306 2130 3331 Nobis

1178 3347 1263 3369 autem
1284 3351 1344 3369 cum
1365 3344 1485 3370 Vaticana
1504 3346 1695 3372 interiiciendus
1715 3351 1769 3373 erat
1789 3351 1870 3373 textus
1890 3349 2010 3380 Magistri.
