2483 3882
0 510 11 532 t(
19 507 83 528 udum.

8 1454 79 1476 Aliter.

1 2458 76 2481 tinctio.

859 253 952 285 DtsT.
977 253 1051 286 xtv.
1076 253 1106 285 P.
1131 253 1163 285 11.
1188 253 1308 286 DUBIA.

101 344 238 379 amatae,-
263 349 338 381 ergo
362 341 387 372 si
405 340 567 382 poenitens
592 340 727 372 multum
746 341 905 373 desiderat
928 341 1049 380 dolere,

100 394 239 432 videtur,
265 394 348 435 quod
375 394 400 426 si
426 393 561 426 inultum
590 393 690 428 dotet,
715 394 830 434 gaudet
858 394 1049 435 simpliciter.

188 446 390 478 Respouneo:
415 445 611 483 Dicendum,
636 446 719 486 quod
745 449 918 488 utrumque
942 450 988 478 est
1020 447 1049 478 in

100 507 173 531 vere
207 497 401 540 poenitente,
437 497 555 530 scilicet
585 497 678 529 dolor
710 502 740 529 et
773 498 959 539 gyamlinnm
994 507 1051 530 nec

101 560 199 583 unuin
224 550 371 583 diminuit
395 550 549 588 alterum,
575 551 627 583 sed
646 550 787 592 perficit;
811 551 892 583 sicut
907 550 984 582 velle
1000 551 1052 582 cto-

99 605 162 637 lere
196 603 244 636 vel
277 603 469 636 desiderium
503 603 620 635 doloris
652 603 792 636 dolorem
825 613 884 635 non
916 602 1049 641 minuit,

99 657 195 689 immo
224 659 335 697 auget3
360 656 403 688 sic
428 659 458 688 et
480 655 654 697 yaudium.
679 655 754 687 Nam
780 655 810 687 in
843 655 1050 697 poenitentia,

100 718 171 742 cum
196 709 235 741 sit
260 709 375 747 virtus,
400 718 459 740 nou
497 712 618 740 tantum
642 712 689 741 est
718 708 830 746 dolor,
867 708 920 740 sed
958 707 1050 739 dolor

98 761 329 799 ὐοίιιηίανὶιιδς
353 765 383 793 et
406 770 478 793 cum
504 761 575 803 quis
600 761 693 793 habet
725 761 809 803 quod
833 764 918 792 amat
946 765 976 792 et
1001 760 1051 791 de-

100 814 230 852 siderat,
256 814 431 846 necessario
457 814 588 855 gaudet:
607 813 676 846 ideo
700 814 876 855 poenitens,
901 821 973 845 cum
1000 812 1051 844 ha-

99 867 150 900 bet
174 867 329 906 dolorem,
354 875 447 908 quem
466 866 641 905 desiderat,
666 867 799 908 gaudet3
817 875 873 898 nec
897 865 1049 907 gaudium

98 924 240 953 removet
264 920 420 959 dolorem,
444 920 540 952 immo
564 920 702 961 perficit,
728 923 758 951 et
776 919 871 951 simul
895 923 943 951 est.
960 919 1049 951 dolor

98 977 128 1006 et
162 973 331 1014 gaudium,
365 973 446 1005 sicut
468 973 660 1014 Augustinus
692 973 731 1005 de
766 981 799 1004 se
832 972 906 1005 dicit
935 975 1049 1013 quarto

97 1026 331 1058 Confessionum
348 1025 368 1064 ¹,
386 1026 470 1067 quod
494 1025 607 1057 «solus
631 1025 724 1057 fletus
742 1028 809 1057 erat
826 1024 884 1056 sibi
903 1024 1005 1056 dulcis
1018 1037 1048 1063 »,

98 1080 229 1120 loquens
253 1079 292 1111 de
316 1079 416 1111 amico
441 1082 582 1117 mortuo,
607 1083 638 1110 et
662 1079 720 1110 lioe
744 1081 812 1110 erat
836 1081 964 1119 propter
998 1077 1049 1109 do·

99 1132 173 1164 loris
198 1131 444 1169 vehementiam3
471 1131 514 1164 sic
537 1135 568 1163 et
593 1131 623 1163 in
648 1131 818 1173 proposito.

184 1184 274 1225 Quod
291 1193 365 1226 ergo
382 1184 559 1226 quaeritur:
574 1184 732 1225 quomodo
749 1183 896 1225 possibile
914 1187 960 1216 est
980 1192 1049 1216 esse

97 1237 214 1270 simul?
239 1237 298 1269 dici
316 1240 431 1278 potest,
448 1237 532 1279 quod
558 1237 605 1269 vel
631 1246 692 1269 non
717 1241 791 1269 sunt
815 1237 844 1268 in
870 1237 979 1268 eadem
999 1246 1049 1277 po-

97 1291 206 1329 tentia,
231 1290 286 1322 sed
312 1290 340 1321 in
366 1290 517 1329 diversis,
542 1294 577 1322 ut
608 1290 697 1322 dolor
722 1290 761 1322 sit
786 1291 815 1322 in
845 1289 1048 1322 sensualitate

96 1347 126 1376 et
149 1343 300 1385 gaudium
326 1343 356 1375 iu
382 1343 518 1382 ratione3
543 1347 573 1375 et
598 1347 671 1375 tunc
695 1343 819 1375 nullum
838 1347 884 1375 est
909 1343 1049 1385 impossi-

95 1396 170 1435 hile,
195 1396 278 1438 quod
305 1406 368 1428 una
393 1396 439 1427 vis
463 1396 598 1437 gaudeat
623 1396 661 1428 de
697 1396 805 1428 dolore
838 1396 991 1428 existente
1016 1396 1046 1427 in

94 1449 154 1481 alia
169 1449 189 1481 ².
206 1468 251 1472 —
274 1450 328 1481 Vel
354 1449 537 1487 dicendum,
562 1450 646 1491 quod
680 1453 753 1482 suut
790 1450 817 1481 in
852 1450 962 1482 eadem
996 1449 1046 1488 vi,

95 1503 268 1535 secundum
294 1503 377 1544 quod
411 1511 508 1544 supra
540 1511 572 1534 se
601 1503 814 1539 convertunt-3
847 1503 930 1534 unde
967 1503 1047 1534 sicut

96 1565 155 1587 non
181 1565 252 1587 cum
288 1559 360 1588 actu
385 1555 535 1597 simplici,
567 1555 620 1587 sed
654 1555 826 1597 composito
857 1555 907 1586 vis
932 1555 1047 1586 intelle-

96 1608 182 1640 ctiva
206 1609 401 1640 convertitur
418 1617 516 1650 supra
532 1611 695 1649 peccatum
721 1612 750 1640 et
768 1617 864 1649 supra
890 1608 1046 1646 dolorem:

96 1661 140 1694 sic
169 1671 223 1694 nec
249 1660 395 1704 affectus.
422 1661 507 1694 Unde
539 1662 619 1694 sicut
648 1661 677 1692 in
709 1661 943 1693 ratiocinatione
975 1661 1047 1693 dici-

94 1723 182 1752 mus,
207 1714 290 1755 quod
323 1718 370 1746 est
402 1718 490 1746 actus
515 1723 615 1751 uuus,
641 1718 743 1746 tamen
777 1713 953 1746 intellectus
977 1723 1046 1745 eon-

97 1767 190 1799 vertit
214 1776 246 1799 se
272 1776 369 1808 supra
394 1766 504 1808 plura,
528 1775 609 1808 quae
634 1767 845 1799 diversimode
870 1766 1045 1807 cognoscit3

94 1820 136 1852 sic
161 1824 190 1852 et
214 1820 344 1852 affectus
380 1828 574 1861 consequens
598 1819 664 1852 sine
699 1819 804 1861 aliqua
837 1819 1045 1860 repugnantia

93 1873 304 1906 diversimode
327 1872 472 1905 afficitur.
499 1873 533 1904 Et
557 1872 600 1905 sic
626 1876 731 1914 patent
754 1871 910 1904 obiecta³.

483 1979 557 2010 Due.
583 1978 655 2011 Vtu.

180 2085 253 2117 ltein
273 2084 437 2126 quaeritur
454 2084 493 2116 de
515 2084 572 2116 lioc
589 2084 674 2125 quod
691 2084 766 2116 dicit
782 2084 941 2126 Magister,
959 2084 1043 2125 quod

93 2138 193 2170 istud:
213 2137 418 2169 Poe-nitentia
436 2141 483 2169 est
502 2137 650 2169 vindicta
666 2147 792 2178 semper
813 2137 954 2179 puniens
971 2141 1043 2177 eto..

93 2191 287 2234 intell-tynam·
300 2191 337 2222 cle
352 2190 552 2232 poenitentia
567 2189 799 2232 perfectorum.
814 2190 946 2223 Videtur
959 2191 1042 2223 enim

91 2244 173 2277 male
190 2244 312 2282 dicere,
337 2243 409 2285 quia
427 2243 619 2285 Augustinus
633 2244 643 2258 ⁴¹
668 2243 759 2282 dicit,
778 2243 861 2285 quod
893 2255 908 2273 «
925 2243 949 2275 si
974 2252 1045 2285 poe-

92 2298 219 2330 nitentia
243 2297 370 2335 finitur‚
394 2297 472 2329 nihil
504 2297 695 2338 relinquitur
719 2297 757 2329 de
790 2297 881 2329 venia
905 2309 938 2328 »ς
968 2306 1043 2338 ergo

92 2360 215 2392 semper
240 2350 352 2392 punire
376 2353 496 2391 spectat
519 2350 558 2382 ad
583 2358 702 2382 omnes.

181 2404 378 2436 RESPONDEO:
405 2403 598 2441 Dicendum,
623 2403 707 2444 quod
736 2402 904 2445 perfectus
928 2403 1044 2435 dicitur

92 2456 275 2499 dupliciter:
301 2460 356 2488 aut
380 2460 533 2498 quantum
563 2455 603 2488 ad
629 2456 784 2497 temporis
813 2456 1043 2495 (iurationem,

2004 257 2066 290 343

1116 346 1170 373 aut
1194 344 1347 383 quantum
1373 342 1412 374 ad
1436 346 1544 374 status
1567 342 1811 375 sublimitatem.
1838 344 1940 375 Prima
1972 345 2069 385 perse·

1116 394 1176 426 ctio
1200 398 1263 433 est,
1288 404 1368 436 quae
1393 395 1605 428 condividitur
1629 400 1737 428 contra
1762 396 1951 438 incipientes
1976 397 2068 439 prost-

1116 447 1231 480 cientes
1256 448 1430 480 secundum
1460 449 1635 490 protectum
1662 450 1811 491 temporis
1826 450 1848 481 ⁵.
1874 450 1937 482 Alia
1970 451 2068 492 perte-

1116 500 1176 532 ctio
1200 500 1339 533 consistit
1364 501 1393 533 in
1412 501 1564 543 operibns
1587 502 1900 544 supererogationis.
1922 503 2066 544 Magister

1115 555 1222 584 autem
1247 552 1390 594 intelligit
1407 554 1445 585 de
1471 554 1658 594 perfectione
1672 554 1784 596 primo
1809 555 1902 587 inodo
1923 558 1953 587 et
1978 559 2067 587 vocat

1113 602 1337 645 perfectorum
1368 606 1618 646 poenitentiam,
1654 616 1734 648 quae
1759 607 1854 639 durat
1890 616 1991 649 usque
2027 607 2067 639 ad

1116 656 1208 688 finem
1235 657 1334 695 vitae;
1358 662 1388 689 et
1417 659 1456 690 de
1481 659 1538 691 liae
1563 659 1637 692 dicit
1663 659 1789 701 intelligi
1825 660 1901 692 illud
1927 660 2068 702 Augusti-

1116 708 1163 746 ni,
1188 709 1272 750 quod
1296 719 1423 751 semper
1446 711 1552 751 punit.
1570 729 1613 734 —-
1629 712 1806 744 Notandum
1835 716 1950 744 tamen.
1983 712 2066 754 quod

1114 770 1240 802 semper
1263 762 1385 802 punire
1409 763 1501 795 debet
1526 773 1584 795 non
1611 764 1808 805 simpliciter,
1834 765 1887 797 sed
1913 766 2066 807 quamdiu

1115 813 1210 845 durat
1234 814 1337 855 culpa.
1364 815 1397 847 Et
1420 816 1464 847 sic
1490 820 1573 857 patet
1597 817 1674 849 illud
1691 818 1712 849 θ.

1516 922 1590 954 Duss.
1623 923 1668 954 lx.

1203 1026 1378 1059 Notandum
1397 1036 1493 1069 super
1511 1028 1568 1060 hoc
1586 1029 1670 1070 quod
1688 1030 1779 1068 dicit,
1804 1030 1888 1071 quod
1913 1030 2066 1063 solemnis

1113 1079 1311 1121 poenitencia
1339 1079 1376 1121 fit
1406 1085 1502 1112 extra
1534 1081 1721 1120 ecclesiam,
1747 1082 1800 1114 ubi
1833 1088 1969 1124 quatuor
1993 1087 2065 1116 sunt

1115 1132 1267 1164 notanda:
1293 1132 1412 1174 primo,
1437 1133 1547 1176 qucilis
1578 1134 1618 1165 sit
1649 1135 1714 1167 sive
1743 1144 1823 1176 quae
1848 1136 1887 1168 sit
1910 1136 1977 1168 eius
2006 1136 2065 1168 for-

1115 1194 1183 1223 mag
1219 1188 1250 1217 et
1274 1185 1458 1225 dicendum,
1494 1187 1576 1228 quod
1615 1188 1803 1228 poenitentia
1838 1188 1990 1221 solemnis
2019 1192 2066 1221 est

1115 1237 1304 1278 poenitentia
1328 1238 1447 1270 addens
1471 1248 1567 1280 super
1588 1240 1776 1281 publicam,
1813 1241 1887 1282 quia
1917 1252 1978 1274 non
2004 1246 2067 1274 tan—

1114 1295 1180 1321 tuin
1206 1295 1253 1323 est
1277 1291 1307 1322 in
1333 1292 1510 1330 manifesto,
1536 1293 1588 1324 sed
1615 1293 1688 1334 quia
1713 1293 1747 1325 sit
1770 1303 1842 1326 euni
1868 1295 2064 1327 solemnitate

1114 1344 1261 1385 quadam.
1280 1344 1310 1376 ln
1335 1345 1435 1387 capite
1460 1346 1542 1377 enim
1560 1347 1826 1388 Quadragesimae
1851 1348 1974 1380 eiicitur
1996 1357 2065 1390 poe-

1114 1398 1215 1430 nitens
1232 1401 1325 1430 extra
1341 1398 1504 1430 ecclesiam
1522 1408 1578 1431 nec
1594 1399 1771 1432 admittitur
1799 1410 1899 1442 usque
1921 1401 1959 1433 ad
1982 1402 2065 1434 diem

1113 1450 1246 1489 Coeuae,
1272 1455 1302 1482 et
1326 1455 1399 1483 tunc
1423 1452 1515 1483 etiam
1544 1462 1602 1483 non
1621 1453 1841 1485 communicat.
1869 1454 1994 1486 Eiicitur
2015 1464 2067 1487 au-

1113 1508 1173 1536 tem
1192 1514 1208 1536 a
1227 1513 1360 1546 persona
1377 1506 1573 1544 authentica,
1592 1506 1672 1539 sicut
1688 1507 1727 1538 ab
1744 1508 1905 1549 episcopO,
1925 1517 2067 1549 praeseu-

1113 1557 1196 1589 tibus
1221 1558 1447 1597 sacerdotibus,
1473 1559 1525 1600 qui
1550 1563 1708 1591 noverunt
1732 1560 1870 1601 culpam.

1200 1611 1344 1642 Secundo
1368 1612 1504 1643 notanda
1533 1616 1580 1644 est
1614 1612 1703 1644 ratio
1727 1612 1824 1645 liuius
1859 1613 2064 1645 solemnitatis

1112 1663 1242 1704 triplex:
1268 1673 1331 1695 una
1355 1668 1401 1695 est
1425 1664 1465 1696 ad
1490 1668 1650 1696 terrorem
1667 1665 1832 1703 aliorum,
1858 1666 1919 1697 alia
1936 1671 2064 1708 propter

1110 1716 1366 1748 erubescentiam
1385 1716 1619 1759 delinqiieiztiS,
1645 1721 1675 1750 et
1700 1718 1790 1750 tertia
1814 1723 1942 1760 propter
1966 1720 2066 1761 siyni-

1109 1768 1294 1810 fi'eciiionem
1328 1770 1492 1801 eiectionis
1517 1770 1612 1802 Adae
1644 1771 1683 1803 de
1708 1771 1862 1812 paradise.
1889 1772 1975 1804 Unde
2008 1773 2065 1805 hoc

1110 1822 1203 1855 dehet
1225 1832 1297 1855 cum
1315 1823 1436 1855 crebris
1460 1824 1606 1865 suspiriis
1624 1824 1810 1856 denuntiare
1836 1825 2016 1867 episcopus,
2036 1830 2066 1858 et

1110 1875 1152 1907 ita
1176 1876 1313 1912 eiicitur,
1339 1876 1420 1908 sicut
1446 1876 1540 1908 Adam
1565 1877 1684 1909 eiectus
1708 1877 1766 1909 fuit
1784 1878 1822 1910 de
1846 1878 2011 1920 paradiso;
2036 1882 2066 1912 et

1110 1928 1180 1961 ideo
1210 1938 1270 1960 non
1295 1933 1342 1961 est
1368 1929 1518 1962 iteranda.
1546 1930 1580 1962 Et
1603 1930 1641 1962 de
1666 1931 1725 1963 hoc
1751 1931 1886 1963 habetur
1915 1932 2066 1973 quinqua-

1110 1982 1228 2023 gesima
1245 1982 1457 2021 distinctione,
1472 1983 1609 2025 capitulo
1625 1984 1828 2015 Poenitentes
1844 1984 1864 2023 ⁷,
1882 1987 1912 2016 et
1928 1985 2065 2026 capitulo

1110 2034 1266 2075 sequenti,
1284 2037 1315 2067 et
1331 2035 1440 2067 eadem
1467 2035 1663 2068 distinctione
1681 2037 1818 2078 capitulo
1844 2037 1881 2069 Si
1903 2037 1977 2080 quis
1992 2042 2065 2078 post

1108 2087 1351 2126 remissionem,
1376 2089 1577 2130 paragrapho
1602 2089 1711 2121 Potest
1735 2094 1764 2122 et
1787 2090 1894 2122 aliter.

1198 2141 1374 2174 Notandum
1393 2146 1440 2174 est
1456 2142 1565 2179 etiam,
1590 2143 1674 2185 quod
1697 2143 1773 2175 haec
1799 2144 1987 2185 poenitentia
2004 2154 2065 2176 uon

1109 2194 1282 2235 imponitur
1306 2195 1365 2227 nisi
1391 2204 1448 2237 pro
1473 2196 1561 2237 gravi
1587 2200 1617 2228 et
1641 2196 1761 2228 enormi
1788 2197 1895 2238 culpa,
1926 2197 2065 2230 maxime

1108 2256 1166 2288 pro
1195 2248 1306 2289 culpa,
1330 2257 1411 2290 quae
1437 2252 1531 2281 totam
1557 2249 1669 2281 urbem
1694 2250 1877 2288 commovit,
1907 2250 1988 2282 sicut
2011 2250 2065 2282 ihi-

1109 2299 1180 2332 dem
1197 2300 1207 2315 ³
1233 2300 1358 2332 dicitur.
1382 2301 1443 2333 Nec
1469 2302 1657 2343 imponenda
1681 2306 1728 2335 est
1751 2303 1968 2336 sacerdotibus
1996 2312 2065 2345 pro-

1108 2356 1178 2394 pter
1203 2354 1411 2386 reverentiam
1436 2354 1578 2393 Ordinis;
1595 2359 1696 2396 potest
1720 2355 1847 2397 quidem
1872 2355 1986 2397 imponi
2005 2366 2064 2397 pti.-

1109 2405 1193 2438 bliect
1218 2406 1408 2447 poenitentia
1433 2417 1489 2448 pro
1513 2411 1641 2449 peccato
1666 2409 1839 2441 manifesto.

1196 2459 1315 2499 Quarto
1339 2460 1528 2499 notandum,
1553 2461 1637 2502 quod
1663 2462 1824 2503 poenitens
1842 2471 1902 2493 non
1928 2462 2063 2495 reconci-

92 2613 148 2631 cera
160 2606 327 2631 delectatione
339 2606 463 2631 delectant
474 2605 512 2639 [S.
526 2606 628 2637 Thom.y
643 2607 683 2631 liic
694 2614 718 2638 q.
735 2607 755 2631 l.
768 2614 792 2631 a.
807 2606 830 2631 4.
844 2608 1006 2638 quaestiunc.
1020 2608 1042 2632 2.

93 2651 156 2676 haec
174 2650 255 2675 verba
276 2650 364 2675 tribuit
383 2650 488 2675 Glossae
508 2649 675 2675 interlineari
692 2651 716 2674 in
738 2651 806 2675 liunc
826 2650 896 2683 loe.].
916 2650 967 2676 Cfr.
991 2651 1044 2676 Ari-

92 2698 158 2725 stoi„
180 2694 196 2718 1.
217 2694 297 2719 Educ.
319 2701 341 2718 c.
364 2694 393 2725 83
415 2694 441 2718 ll.
462 2700 484 2718 c.
507 2694 531 2725 3,
553 2697 577 2718 et
598 2693 622 2718 ll.
636 2693 751 2725 Magnor.
766 2694 854 2719 Moral.
870 2701 891 2719 c.
906 2694 929 2718 8.
944 2695 978 2726 (c.
993 2694 1042 2726 7.).

161 2737 169 2754 ¹
189 2737 251 2769 Cap.
268 2737 292 2763 4.
310 2745 334 2763 n.
352 2738 382 2762 9:
398 2737 473 2762 Solus
493 2738 566 2762 fletus
585 2740 640 2762 erat
659 2737 741 2762 dulcis
762 2738 822 2762 milii
842 2740 866 2762 et
885 2742 1045 2763 successerat

92 2782 174 2806 amico
194 2788 253 2806 meo
272 2782 297 2806 in
318 2781 416 2806 deliciis
435 2781 512 2805 animi
534 2782 593 2806 mei.
615 2780 666 2806 Csr.
688 2789 709 2806 c.
729 2781 753 2806 7.
775 2789 798 2806 11.
824 2782 862 2806 12.

161 2825 172 2840 2
191 2825 259 2850 Alex.
280 2825 343 2856 Hal„
364 2826 390 2850 S.
412 2833 437 2857 p.
459 2825 500 2850 lV.
523 2832 547 2857 q.
570 2825 610 2850 Ἰ17.
630 2832 664 2850 ni.
686 2826 708 2850 2.
730 2832 753 2850 a.
776 2827 799 2850 2.
820 2826 834 2857 ξ
855 2826 879 2850 2.
896 2826 919 2850 in
940 2825 989 2850 tine
1009 2826 1045 2850 111·-

92 2869 140 2894 tert
164 2869 294 2901 quandam
320 2869 437 2895 Glossam
464 2869 520 2901 (cfr.
540 2869 628 2894 Glossu
655 2869 796 2895 ordinaria
822 2870 846 2893 in
872 2869 952 2894 Lerit.
974 2869 997 2901 li,
1022 2870 1042 2894 1.

93 2916 175 2938 sumta
200 2920 230 2938 ex
250 2913 373 2945 Origene,
394 2914 486 2938 ttomit.
507 2915 532 2938 2.
554 2921 578 2938 u.
600 2915 628 2945 2,
657 2915 681 2938 in
706 2921 757 2946 qua
787 2914 915 2939 distinctio
940 2914 1046 2945 ponitur

93 2957 157 2982 inter
174 2957 295 2983 animam
314 2962 339 2983 ct
356 2957 511 2991 spiritum):
526 2958 616 2983 Anima
635 2958 717 2990 dotet,
732 2959 838 2990 spiritus
857 2958 962 2990 gaudet.
980 2958 1044 2983 Vide

92 3002 168 3026 etiam
189 3002 223 3026 111.
243 3003 313 3027 Sent.
336 3002 361 3028 d.
386 3003 424 3027 16.
446 3010 469 3027 a.
486 3004 509 3027 2.
529 3010 555 3035 q.
572 3003 600 3034 2,
617 3002 661 3028 ubi
681 3003 772 3028 similis
791 3003 823 3028 (le
843 3003 932 3028 dolore
952 3002 1044 3029 Christi

94 3046 208 3077 quaestio
233 3047 350 3072 solvitur.
368 3047 477 3072 -Mox
505 3054 551 3078 pro
576 3053 604 3072 se
629 3046 794 3073 convertitur
818 3048 890 3073 multi
916 3047 992 3073 codd.
1017 3055 1045 3073 se

94 3089 221 3115 convertit
238 3089 302 3123 [ςο]

161 3132 173 3149 ³
192 3134 294 3159 Praeter
320 3135 389 3160 Alex.
409 3135 464 3160 Ital.
490 3137 514 3159 et
540 3135 566 3160 S.
589 3135 695 3167 Tliom.,
718 3135 779 3160 loce.
800 3136 860 3167 citt.,
883 3135 951 3160 idem
978 3135 1042 3160 dub.

94 3176 170 3201 solvit
189 3177 215 3202 Β.
235 3178 339 3210 Albert,
363 3179 403 3203 liic
423 3186 445 3203 a.
465 3179 512 3210 263
534 3179 599 3204 Petr.
621 3186 634 3203 a
656 3179 730 3210 Tar„
751 3180 791 3204 hic
811 3180 876 3204 circa
898 3179 932 3204 lit.

164 3219 174 3236 ⁴
193 3221 262 3246 Libr.
282 3221 314 3247 de
335 3222 402 3247 Vera
422 3226 447 3247 et
466 3222 526 3247 salsa
548 3222 704 3247 Poenitentia
718 3222 794 3253 (inter
813 3229 892 3254 opera
912 3223 1042 3255 Angust.)‚

94 3270 116 3289 c.
141 3265 178 3289 13.
198 3273 223 3290 n.
245 3267 287 3291 ⁶28.
310 3266 375 3292 Vide
395 3267 435 3292 liic
455 3267 489 3292 lit.
509 3267 634 3298 Magistri,
654 3273 677 3291 c.
699 3267 723 3291 2.
742 3267 810 3292 circa
831 3266 918 3292 tinem.

164 3308 175 3324 ⁵
193 3308 244 3335 Cir.
269 3311 386 3342 Gregor.,
409 3310 504 3335 XXlV.
532 3310 618 3335 Moral.
639 3317 661 3335 c.
686 3310 722 3335 ll.
744 3317 769 3335 n.
792 3311 838 3342 283
858 3314 883 3336 et
909 3311 985 3343 Epist.
1012 3311 1044 3336 ad

94 3351 194 3378 Fratres
218 3353 251 3379 de
276 3354 359 3380 Monte
384 3355 426 3379 Dei
451 3355 526 3387 (inter
551 3361 630 3386 opera
657 3354 793 3387 Bernard.)
819 3362 840 3380 c.
861 3355 886 3380 ὅ.
911 3363 935 3381 n.
957 3357 1046 3380 «12.—

95 3395 154 3422 Post
173 3395 321 3430 incipientes
341 3398 399 3424 cod.
420 3399 440 3423 Y
460 3398 531 3423 addit
550 3399 582 3424 et.

1178 2608 1188 2624 6
1209 2608 1277 2633 idom
1304 2609 1368 2634 dub.
1390 2610 1466 2634 solvit
1491 2611 1517 2634 Β,
1537 2609 1642 2641 .1111ε“1·1.,
1670 2611 1710 2635 liic
1735 2618 1757 2635 a.
1779 2611 1825 2641 27;
1846 2612 1871 2636 S.
1892 2612 1995 2642 Thom„
2021 2613 2061 2638 liic

1109 2653 1174 2677 circa
1196 2653 1230 2677 lit.

1179 2696 1189 2711 ⁷
1209 2696 1272 2727 Cap.
1294 2697 1335 2721 63.
1350 2710 1384 2714 —
1398 2698 1458 2729 seq.
1480 2705 1538 2729 cap.
1560 2698 1648 2729 incipit
1667 2699 1698 2724 ln
1718 2698 1802 2731 capite
1823 2699 2059 2733 Quaclraqesimae,

1109 2741 1133 2764 in
1147 2748 1200 2772 quo
1213 2745 1386 2772 exponuntur,
1402 2748 1468 2773 quae
1482 2741 1646 2766 observanda
1667 2743 1716 2767 sint
1735 2743 1759 2767 in
1779 2743 1887 2768 solemni
1908 2746 2061 2775 poenitentia

1110 2785 1175 2816 (scil.
1196 2792 1224 2809 ea
1247 2792 1313 2817 quae
1338 2785 1415 2815 paulo
1440 2786 1560 2816 superius
1579 2793 1592 2810 a
1613 2786 1637 2810 S.
1658 2786 1755 2812 Bonav.
1776 2787 1848 2812 allata
1872 2789 1952 2820 sunt).
1975 2789 2062 2815 Tertio

1110 2836 1168 2860 cap.
1189 2828 1220 2855 Si
1239 2828 1298 2862 quis
1316 2829 1377 2862 post
1394 2828 1577 2855 remissionem
1596 2830 1663 2862 (61.)
1683 2830 1819 2856 Gratianus
1844 2832 1907 2860 haec
1931 2832 2061 2859 adiunxit:

1110 2874 1194 2898 Potest
1212 2876 1237 2897 et
1263 2873 1334 2898 aliter
1360 2873 1474 2904 intelligi.
1496 2874 1537 2898 Est
1563 2874 1692 2906 quaedam
1719 2875 1888 2907 poenitentia,
1909 2883 1976 2908 quae
2001 2878 2063 2903 sole-

1110 2917 1177 2942 mnis
1196 2917 1349 2949 appellatur,
1370 2924 1437 2949 quae
1456 2917 1536 2942 semel
1557 2920 1654 2942 tantum
1675 2918 1700 2942 in
1720 2918 1829 2944 Ecclesia
1851 2920 2009 2952 conceditur,
2031 2921 2063 2946 de

1110 2967 1160 2992 qua
1179 2959 1332 2985 Ambrosius
1351 2961 1399 2985 ait:
1419 2961 1489 2985 Sicut
1508 2967 1589 2985 unum
1609 2960 1738 2992 baptisma
1759 2966 1805 2986 etc.
1827 2962 1882 2990 (cfr.
1901 2963 1942 2988 hic
1961 2963 1995 2988 lit.
2016 2965 2063 2989 Ma-

1110 3004 1196 3035 gistri,
1211 3011 1232 3028 c.
1247 3004 1291 3036 3.).
1304 3018 1340 3022 —
1353 3005 1372 3029 A
1392 3004 1468 3029 codd.
1488 3005 1613 3036 allegatur
1632 3003 1683 3032 526.
1707 3004 1809 3037 Causa,
1824 3008 1925 3039 qztczesl.
1939 3005 1968 3032 6.
1984 3014 2006 3033 c.
2021 3007 2062 3033 ‘ul-

1110 3047 1182 3079 timo,
1205 3049 1229 3072 iu
1256 3055 1309 3080 quo
1334 3048 1418 3073 solum
1445 3048 1546 3079 dicitur,
1575 3048 1645 3080 quod
1671 3048 1815 3080 presbyter,
1841 3050 1986 3075 inconsulto
2011 3052 2063 3083 cpi-

1109 3099 1203 3124 scopo,
1220 3099 1270 3117 non
1285 3093 1430 3118 reconciliet
1449 3093 1637 3125 poenitentem,
1654 3094 1701 3118 nisi
1716 3094 1802 3118 ultima
1817 3095 1955 3120 necessitas
1972 3100 2061 3128 cogat;

1110 3140 1134 3161 et
1153 3136 1225 3169 quod
1238 3137 1276 3167 ci,
1292 3137 1366 3161 cuius
1382 3137 1478 3161 crimen
1500 3136 1633 3167 publicum
1654 3140 1678 3162 et
1697 3137 1907 3168 vulgatissimum
1921 3142 1973 3169 est,
1989 3140 2020 3164 ita
2035 3143 2062 3165 ut

1110 3182 1259 3206 universam
1279 3181 1451 3206 commoverit
1469 3181 1607 3206 Ecclesiam
1629 3181 1714 3208 (aliast
1730 3181 1843 3213 urbem),
1866 3187 1923 3208 ante
1943 3183 2061 3209 absidam

1110 3231 1203 3249 manus
1222 3225 1371 3255 imponatur
1390 3224 1446 3255 (cfr.
1467 3223 1544 3255 paulo
1564 3224 1689 3256 interius).

1180 3267 1191 3284 ⁸
1210 3267 1272 3299 Cap.
1298 3267 1403 3293 Placuit
1428 3269 1458 3293 ut
1480 3267 1640 3301 poenitentes
1665 3268 1739 3301 (68.)‚
1765 3269 1780 3301 g
1807 3270 1830 3294 2.
1856 3269 1883 3295 d.
1911 3270 1954 3296 50.
1981 3276 2006 3297 et
2031 3271 2059 3297 C.

1109 3310 1257 3345 Presbyter,
1286 3310 1435 3337 inconsulto
1460 3310 1580 3345 episcopo
1606 3312 1682 3345 (ta).
1704 3312 1730 3338 C.
1752 3314 1793 3338 26.
1816 3321 1842 3346 q.
1865 3315 1889 3339 6.
1916 3314 1977 3347 (Cir.
2002 3322 2061 3341 nota

1108 3354 1252 3387 praeced).
1267 3369 1300 3372 —
1315 3355 1350 3380 De
1369 3362 1423 3388 seq.
1444 3362 1549 3388 propos.
1569 3357 1614 3382 cfr.
1634 3356 1662 3382 (ἶ.
1685 3356 1906 3391 confirmandum
1925 3359 1963 3384 est
1981 3359 2059 3392 (65.).

1109 3407 1182 3432 seqq.
1205 3400 1230 3425 (1.
1252 3399 1294 3424 50.

2098 1142 2170 1171 Qualis
2185 1142 2213 1171 sit

2081 1170 2213 1195 poenitentia

2081 1195 2187 1216 solemnis.

2114 1619 2176 1639 Ratio

2081 1645 2176 1666 eiusdem

2082 1672 2166 1698 triplex.

2084 2147 2127 2168 Pro
2143 2153 2184 2173 quo
2199 2148 2227 2168 im

2094 2177 2191 2201 ponatur.

2077 2464 2094 2485 A
2102 2470 2142 2490 quo
2150 2469 2222 2485 recon-

2090 2491 2182 2512 citietur.
