2483 3882
662 255 755 287 DtST.
780 255 876 289 XLIV.
902 255 931 286 Ρ.
956 254 988 286 11.
1014 254 1152 287 DIVISIO
1176 254 1330 287 TEXTUS.

14 345 72 378 fuit
94 344 248 386 perfecta,
273 343 328 376 sed
353 343 478 382 vitiata3
503 346 533 375 et
561 343 631 376 ideo
654 346 778 384 oportet
809 346 882 375 tunc
914 343 964 375 de-

14 397 113 435 trahi,
139 396 187 429 vel
211 395 302 434 addi,
327 404 387 427 non
412 396 452 427 ad
476 399 621 427 naturae
648 395 882 432 mutationem,
908 395 963 427 sed

15 450 117 491 potius
141 449 179 482 ad
205 447 395 480 vitiositatis
418 447 626 479 ablationem.

103 502 136 534 Et
160 502 203 534 sic
227 504 326 533 totum
351 503 452 542 patet,
478 499 552 541 quia
576 500 767 541 Augustinus
782 500 790 515 ¹
814 500 963 542 loquitur,

15 555 100 588 salva
123 553 299 595 integritate
324 557 354 585 et
379 551 567 593 perfectione
600 556 740 584 naturae.
766 553 851 585 Unde
876 561 964 594 gene-

14 607 120 640 raliter
145 606 318 647 intelligere
342 605 412 643 dat,
436 604 521 646 quod
546 608 699 645 quantum
729 605 768 636 ad
800 605 964 647 quantita-

16 664 76 692 tem
112 657 255 690 rationis
286 666 342 689 nec
378 656 431 688 fiet
454 656 573 688 additio
604 665 660 688 nec
692 656 880 695 subtractio,
904 657 961 689 nisi

14 713 106 746 etiam
130 711 225 743 fuerit
248 710 313 742 vitii
339 709 534 742 deformatio.
552 710 710 749 Quantum
735 710 774 742 ad
800 710 965 752 quantita-

16 768 73 796 tem
98 762 194 794 motis
209 762 262 794 fiet
279 761 405 793 additio
422 761 453 792 in
472 761 521 793 his
531 787 544 803 ,(
556 761 587 792 in
604 761 719 802 quibus
744 771 802 793 non
822 762 880 794 fuit
897 771 965 803 per-

15 816 108 848 ducta
134 815 172 847 ad
201 814 417 857 quantitatem
444 813 607 850 rationis,·
636 822 692 846 nec
719 819 854 855 oportet,
879 815 964 856 quod

14 869 165 901 Dominus
181 867 318 899 adducat
334 867 498 899 materiam
516 866 644 898 aliunde
662 867 701 898 ad
720 867 963 908 perficiendum,

14 922 68 954 sed
92 920 240 963 possibile
264 923 327 958 est,
352 919 434 961 quod
454 919 492 951 de
517 919 569 950 illo
593 928 657 950 uno
674 922 774 951 totum
799 920 964 957 extraham

14 974 93 1007 sicut
116 973 266 1011 creditur,
290 972 373 1014 quod
399 971 538 1013 quinque
562 980 659 1013 panes
684 972 750 1003 sine
771 972 964 1013 appositione

14 1026 93 1058 inter
116 1025 256 1067 quinque
281 1024 379 1056 millia
396 1024 559 1056 homiuum
586 1024 805 1066 multiplicavit
826 1034 882 1066 per
905 1025 965 1057 vir-

14 1082 110 1111 tutem
133 1077 284 1109 infinitam
300 1076 321 1107 ².
334 1095 378 1099 —
391 1077 492 1109 Potest
513 1080 616 1108 tamen
633 1085 719 1115 esse,
736 1077 819 1118 quod
837 1077 964 1110 aliunde

13 1131 124 1169 addat,
148 1133 178 1162 et
194 1129 326 1161 fortasse
351 1129 380 1161 in
406 1129 467 1161 illis
483 1129 618 1171 panibus
642 1129 727 1168 fecit,
745 1133 775 1161 et
792 1133 964 1172 utrumque

13 1183 200 1216 miraculum
225 1182 293 1214 fuit.
317 1182 408 1214 Aliud
433 1185 536 1214 tamen
562 1182 758 1223 probabilius
782 1183 918 1215 videtur.

409 1287 485 1319 DUB.
512 1287 558 1318 IV.

101 1394 174 1426 Item
200 1393 364 1435 quaeritur
389 1393 427 1425 de
451 1393 510 1425 isto
533 1392 681 1434 exemplo
699 1393 875 1434 Augustini:
902 1393 965 1425 Sed

14 1446 300 1490 qztew'zactmodum,
324 1445 356 1477 si
377 1449 491 1477 statua
527 1445 700 1477 cuiuslibet
725 1445 874 1477 solubilis
904 1456 965 1477 me-

13 1498 85 1531 tatti
105 1501 162 1531 etc.
180 1498 311 1531 Videtur
329 1498 411 1530 enim
436 1498 521 1530 istud
543 1498 726 1539 exemplum
751 1507 811 1530 non
838 1499 962 1530 valere:

13 1552 86 1594 quia
110 1551 197 1584 aliud
221 1555 268 1583 est
284 1551 484 1583 artificiatum
517 1544 547 1583 et
563 1550 648 1582 aliud
679 1544 782 1582 statua
799 1551 866 1589 illa,
884 1560 965 1592 quae

12 1605 113 1646 primo
137 1604 196 1636 fuit
226 1604 313 1642 fusa,
344 1607 375 1636 et
400 1603 452 1635 illa
480 1612 562 1645 quae
586 1607 656 1644 post
687 1603 756 1636 fusa
787 1603 861 1636 fuit:
888 1613 963 1645 ergo

13 1657 148 1696 videtur,
173 1657 197 1689 si
222 1657 305 1689 Deus
329 1657 373 1689 sic
397 1661 541 1698 reparat,
567 1656 651 1698 quod
676 1656 757 1689 alius
788 1656 847 1688 fuit
871 1657 965 1689 hoino

10 1714 82 1752 post
106 1719 199 1752 quam
225 1714 306 1742 ante.

100 1762 145 1794 Ad
169 1762 228 1794 hoc
252 1761 361 1793 volunt
393 1761 490 1802 aliqui
515 1761 633 1799 dicere,
667 1761 751 1802 quod
781 1761 963 1802 exemplum

0 1815 176 1857 ,Augustini
192 1814 330 1856 perfecte
346 1814 505 1846 conforme
522 1817 576 1853 ¹est
596 1817 749 1855 quantum
767 1814 807 1846 ad
830 1814 965 1846 modam

0 1864 44 1901 'et
67 1867 266 1899 identitatem
291 1867 498 1908 reparationis
523 1870 553 1899 et
577 1867 728 1908 reparati:
754 1871 909 1908 quantum
926 1867 965 1899 ad

14 1920 164 1958 modum,
188 1921 263 1961 quia
286 1929 347 1951 non
373 1923 495 1961 oportet
520 1919 644 1961 singula
668 1919 707 1951 ad
733 1928 790 1951 sua
822 1920 889 1952 loca
921 1929 966 1952 re-

15 1973 95 2011 dire;
113 1976 266 2014 quantun]
290 1972 330 2004 ad
347 1972 565 2010 identitatem,
582 1972 746 2014 quoniam,
763 1972 844 2004 sicut
860 1972 890 2004 in
909 1975 966 2004 sta-

15 2029 68 2058 tua
86 2025 216 2058 materia
232 2025 372 2057 subiecta
388 2028 435 2057 est
452 2025 561 2057 eadem
579 2024 676 2057 semel
697 2029 727 2057 et
750 2026 865 2057 iterum
882 2024 965 2063 fusa,

15 2072 69 2112 sed
86 2078 186 2111 forma
202 2078 374 2111 artificialis
387 2077 397 2092 ³
416 2081 463 2110 est
479 2077 557 2116 alia,
583 2078 627 2110 sic
650 2077 681 2110 in
706 2086 838 2119 corpore
863 2086 966 2109 resur-

14 2131 158 2164 rectionis
182 2132 293 2164 eadem
317 2134 365 2163 est
381 2130 529 2169 materia,
554 2131 609 2163 sed
627 2130 729 2162 forma
752 2131 855 2163 carnis
873 2133 903 2162 et
919 2139 966 2163 ac-

15 2184 146 2217 cidentia
167 2188 314 2226 generata
331 2187 404 2216 sunt
428 2183 503 2222 alia;
521 2183 575 2215 sed
600 2187 703 2215 tamen
723 2183 817 2215 homo
841 2192 901 2215 non
919 2186 966 2215 est

1915 257 1978 288 919

1028 342 1118 381 alius,
1143 342 1217 383 quia
1241 342 1342 374 forma
1358 342 1469 374 ultimo
1493 342 1680 384 completiva
1697 346 1728 375 et
1751 343 1902 384 primaria
1919 352 1980 376 ma-

1029 395 1107 427 teria
1130 394 1305 427 secuudum
1323 395 1529 427 substantiam
1555 399 1601 427 est
1625 404 1688 427 una
1705 399 1735 427 et
1755 395 1875 427 eadem.
1894 396 1978 428 Unde

1028 447 1052 479 si
1078 450 1180 479 statua
1213 447 1343 479 haberet
1374 447 1530 486 animam,
1564 448 1630 489 ipsa
1654 448 1788 480 diceret:
1818 456 1875 489 ego
1908 457 1978 480 sum

1028 503 1194 537 renovata,
1219 500 1292 541 quia
1325 499 1455 532 baberet
1478 500 1609 532 eandem
1643 500 1819 532 materiam
1849 504 1879 532 et
1911 509 1980 532 ean-

1028 552 1098 584 dem
1123 551 1269 594 formam
1292 553 1464 591 uttimam,
1482 553 1627 594 quamvis
1651 562 1711 585 non
1731 554 1860 586 baberet
1884 553 1981 585 inter-

1028 605 1166 636 medias.
1190 605 1238 637 Sic
1263 608 1293 637 et
1317 605 1347 637 in
1372 605 1532 647 proposito
1556 605 1665 638 dicunt
1689 615 1721 638 se
1738 606 1868 645 babere,
1895 607 1979 648 quod

1028 657 1147 689 formae
1182 658 1394 690 intermediae
1429 659 1558 690 iteratae
1594 662 1666 690 sunt
1701 659 1812 697 atiae;
1841 663 1979 692 attamen

1028 710 1122 742 bomo
1147 710 1229 742 idem
1254 715 1318 749 est,
1343 711 1481 743 maxime
1505 711 1625 743 ratione
1648 710 1797 753 formae,
1824 711 1898 754 quia
1918 715 1981 744 tota

1029 763 1107 795 ratio
1131 763 1361 804 personalitatis
1385 764 1469 796 venit
1493 773 1532 796 ex
1558 768 1647 806 parte
1670 765 1802 797 animae.

1117 816 1176 848 Sed
1201 820 1305 848 tamen
1330 816 1413 848 istud
1439 825 1499 848 non
1525 817 1659 855 sufficit,
1684 826 1741 858 pro
1765 826 1802 849 eo
1825 818 1910 859 quod
1934 827 1981 850 re·
1996 834 2137 856 Nonsuffim

1029 869 1181 900 surrectio
1206 868 1321 901 dicitur
1345 878 1413 901 esse
1437 878 1615 911 corporum
1640 870 1852 902 humanorum
1880 871 1981 912 magis

1028 923 1155 962 proprie
1180 930 1274 963 quam
1307 921 1557 954 eonitmetoram
1577 922 1599 953 ⁴.
1624 922 1652 954 Si
1685 931 1759 964 ergo
1788 923 1979 955 resurrectio

1029 973 1121 1005 debet
1145 982 1213 1006 esse
1241 974 1401 1012 eiusdem,
1429 983 1556 1006 necesse
1584 977 1647 1012 est,
1677 974 1760 1016 quod
1786 984 1900 1016 corpus
1924 975 1980 1007 hu-

1029 1035 1157 1058 manum
1191 1026 1230 1058 sit
1254 1026 1356 1064 idem,-
1379 1027 1434 1059 sed
1466 1035 1629 1068 nunquam
1660 1032 1706 1059 est
1738 1028 1819 1060 idem
1846 1037 1977 1070 corpus,

1029 1079 1085 1111 nisi
1105 1080 1143 1111 sit
1167 1079 1275 1112 eadem
1296 1089 1395 1111 earo:
1420 1088 1495 1120 ergo
1511 1083 1646 1121 oportet,
1672 1081 1754 1121 quod
1774 1090 1873 1119 earo,
1898 1090 1979 1122 quae
1995 1098 2120 1120 Notandum,

1028 1136 1075 1164 est
1098 1132 1198 1163 forma
1223 1132 1437 1169 intermedia,
1456 1133 1495 1164 sit
1518 1132 1647 1170 eadem;
1664 1133 1731 1174 pari
1758 1134 1876 1166 ratione
1893 1134 1978 1167 etde

1028 1184 1096 1216 aliis
1121 1185 1229 1217 formis
1258 1185 1473 1223 intermediis;
1498 1188 1528 1217 et
1557 1185 1582 1217 si
1607 1189 1746 1227 oportet,
1782 1187 1863 1228 quod
1899 1197 1978 1219 earo

1028 1237 1067 1269 sit
1090 1237 1218 1276 eadem,
1243 1242 1379 1279 oportet,
1405 1238 1487 1279 quod
1509 1242 1624 1279 partes
1649 1238 1819 1281 officiales,
1852 1244 1887 1272 ut
1918 1250 1980 1272 ma-

1028 1298 1087 1321 nus
1112 1293 1142 1321 et
1165 1299 1234 1331 pes,
1264 1291 1325 1322 sint
1354 1290 1493 1322 eaedem.
1523 1309 1563 1314 —
1592 1291 1760 1332 Amplius,
1790 1292 1841 1324 lob
1858 1293 1979 1326 decimo

1028 1351 1108 1373 nono
1124 1342 1134 1356 ⁵
1156 1351 1306 1384 expresse
1323 1342 1451 1375 dicitur:
1469 1343 1509 1375 Iit
1525 1353 1626 1375 earne
1642 1353 1714 1376 mea
1729 1344 1841 1377 videbo
1859 1346 1978 1385 Deam,

1029 1394 1235 1426 Salvatorem
1259 1404 1383 1426 meam:
1408 1404 1483 1437 ergo
1500 1396 1610 1427 eadem
1632 1396 1691 1428 erit
1708 1405 1790 1428 caro.
1814 1397 1877 1429 Nou
1903 1407 1978 1440 ergo

1028 1450 1149 1478 rectum
1175 1447 1300 1478 videtur
1325 1448 1508 1489 exemplum
1533 1449 1705 1490 Augustini.

1119 1499 1151 1530 Et
1187 1499 1257 1531 ideo
1293 1500 1461 1532 dicendum
1494 1501 1531 1532 ad
1570 1501 1644 1540 hoc,
1677 1502 1760 1543 quod
1794 1511 1889 1544 opera
1923 1503 1978 1535 Dei
1994 1519 2074 1540 smmi„
2089 1525 2125 1540 aa-

1029 1560 1089 1582 non
1115 1551 1278 1584 inveniunt
1302 1553 1469 1594 perfectam
1500 1553 1737 1586 similitudinem
1771 1555 1800 1586 in
1829 1555 1979 1597 operibus
2007 1546 2078 1567 emm*

1029 1605 1161 1643 nostris,
1186 1605 1325 1637 maxime
1349 1606 1448 1644 istud,
1466 1615 1538 1638 cum
1556 1607 1595 1639 sit
1610 1616 1718 1649 supra
1741 1612 1903 1640 naturam
1927 1609 1979 1641 ite-

1030 1665 1101 1689 rare
1126 1657 1257 1689 eandem
1282 1657 1414 1689 formam
1439 1667 1573 1691 numero
1588 1659 1618 1697 8;
1643 1659 1714 1691 ideo
1739 1669 1799 1692 non
1825 1664 1871 1692 est
1895 1661 1981 1693 intel-

1030 1709 1206 1749 ligendum,
1223 1710 1307 1742 istud
1333 1711 1515 1752 exemplum
1533 1711 1645 1744 adduci
1672 1716 1824 1753 quantum
1849 1713 1887 1745 ad
1907 1714 1979 1752 hoc,

1030 1762 1084 1794 sed
1110 1762 1211 1794 solum
1229 1766 1381 1804 quantum
1407 1763 1445 1795 ad
1464 1764 1536 1803 hoc,
1561 1764 1645 1805 quod
1663 1765 1743 1797 sicut
1767 1765 1882 1797 artifex
1898 1775 1980 1799 crea-

1029 1818 1081 1846 tus
1098 1818 1225 1856 reparat
1241 1815 1280 1847 de
1298 1816 1428 1847 materia
1452 1816 1593 1849 eiusdem
1612 1820 1733 1849 statuae
1757 1821 1892 1850 statuam
1910 1828 1981 1850 eon-

1029 1867 1188 1906 simitem,
1219 1868 1261 1899 ita
1285 1868 1369 1910 quod
1401 1878 1462 1901 non
1494 1873 1633 1910 oportet,
1659 1874 1764 1911 partes
1795 1871 1834 1903 ad
1870 1871 1979 1903 eadem

1030 1920 1097 1952 loca
1121 1920 1245 1959 redire,
1278 1921 1321 1953 sic
1345 1921 1429 1954 Deus
1461 1926 1587 1963 reparat
1611 1923 1649 1955 de
1681 1924 1813 1956 materia
1841 1924 1980 1965 corporis

1030 1973 1076 2004 tui
1102 1966 1234 2014 corpus,
1259 1974 1345 2014 quod
1370 1983 1429 2006 non
1448 1978 1568 2007 tantum
1593 1975 1718 2013 simite,
1744 1975 1799 2007 sed
1824 1975 1909 2008 idem
1933 1979 1979 2009 est

1029 2024 1060 2056 in
1085 2025 1276 2064 substantia;
1302 2035 1357 2058 nec
1381 2030 1519 2068 oportet,
1544 2027 1667 2068 singula
1684 2028 1723 2059 ad
1745 2028 1869 2069 singula
1886 2037 1981 2060 mem—

1030 2077 1087 2109 bra
1111 2077 1232 2116 redire,
1257 2078 1311 2110 ubi
1336 2083 1382 2111 est
1407 2080 1736 2121 superexcrescentia,
1758 2089 1839 2122 quae
1855 2090 1981 2123 genera-

1030 2134 1077 2162 ret
1101 2131 1325 2170 indecentiam,
1351 2132 1423 2173 quia
1440 2136 1593 2173 quantum
1619 2133 1659 2165 ad
1683 2133 1741 2165 hoc
1768 2133 1907 2175 loquitur
1925 2134 1980 2166 Au-

1029 2183 1191 2224 gustinus,
1216 2187 1250 2215 ut
1275 2188 1358 2225 patet
1385 2185 1413 2216 ln
1438 2185 1541 2217 littera
1556 2185 1576 2216 ⁷.

325 2328 821 2383 COMMENTARIUS
859 2328 929 2382 IN
965 2328 1459 2383 DISTINOTIONEM
1495 2330 1666 2384 XLIV.

921 2431 1002 2463 PARS
1027 2431 1058 2462 Il.

191 2516 373 2562 Quomodo
401 2516 488 2566 ignis
518 2516 758 2554 damnatorum
789 2528 931 2566 corpora
959 2521 991 2552 et
1020 2515 1204 2553 daemones
1233 2516 1435 2567 animasque
1464 2524 1639 2568 separatas
1669 2518 1805 2556 cruciat.

258 2609 295 2642 Si
324 2619 401 2642 vero
431 2609 606 2652 quaeritur
638 2609 676 2641 de
708 2608 903 2650 corporibus
932 2607 1119 2646 matorum,
1151 2609 1311 2651 quomodo
1336 2610 1371 2641 in
1402 2610 1475 2652 igne
1506 2611 1649 2643 ardeant
1679 2615 1736 2643 etc.

542 2711 705 2734 TEXTUM
737 2710 934 2733 MAGISTRI
965 2710 1058 2732 Vlnn
1090 2710 1220 2733 SUPRA
1252 2712 1340 2734 PAG.
1374 2704 1446 2735 905.

839 2792 977 2825 DIVISIO
1001 2793 1155 2826 TEXTUS.

102 2897 204 2938 Supra
228 2896 448 2929 determinavit
471 2897 633 2938 Magister,
657 2899 774 2937 quanta
798 2898 828 2927 et
859 2894 963 2936 qualia

19 2953 90 2982 sunt
113 2950 345 2991 resurgentium
371 2958 513 2991 corpora.
531 2949 562 2981 ln
579 2949 639 2981 hac
656 2951 745 2990 parte
761 2947 963 2985 determinat,

19 3002 173 3043 quomodo
197 3002 417 3034 damnatorum
443 3011 575 3043 corpora
599 3001 638 3033 ab
662 3001 732 3042 igne
756 3004 829 3033 sunt
849 3008 965 3031 crema-

1028 2886 1119 2926 bilia,
1137 2893 1167 2920 et
1184 2893 1286 2921 tamen
1309 2893 1382 2921 suut
1399 2889 1596 2921 immortalia.
1616 2890 1651 2922 Et
1666 2890 1813 2931 quoniam
1832 2889 1884 2922 ille
1900 2890 1980 2931 ignis

1029 2946 1147 2975 cremat
1169 2951 1317 2984 corpora,
1335 2946 1454 2974 cremat
1471 2943 1656 2981 daemones,
1674 2946 1792 2975 cremat
1809 2943 1900 2974 etiam
1918 2943 1980 2974 ani-

1029 3004 1095 3027 mas
1120 3000 1280 3037 separatas
1294 3008 1301 3034 3
1328 2996 1397 3028 ideo
1422 3004 1494 3037 pars
1521 2996 1577 3027 ista
1601 2995 1696 3027 habet
1719 2999 1792 3027 tres.
1817 2995 1848 3026 ln
1876 2995 1978 3037 prima

85 3156 93 3173 ¹
115 3157 139 3182 ln
159 3160 226 3183 textu
247 3158 323 3182 buius
344 3157 423 3182 dubii.
442 3171 476 3174 —
495 3157 620 3187 Superius
639 3155 709 3187 edd„
731 3161 778 3186 pro
797 3153 862 3179 adeo
881 3154 965 3185 posito

19 3198 50 3225 ab
68 3207 113 3233 ea,
129 3200 239 3226 subinde
252 3202 372 3226 omittunt
383 3200 435 3234 fait
454 3199 632 3230 occasionem,
648 3200 672 3224 et
685 3198 740 3230 (cfr.
755 3197 819 3223 dub.
833 3196 963 3229 praeced„

19 3241 62 3268 uhi
81 3243 173 3269 eodem
192 3251 270 3270 seusu
290 3244 382 3270 dicitur
401 3245 494 3269 semina
515 3244 555 3268 vir
580 3241 786 3272 occasionatus).

86 3286 97 3303 ²
114 3288 199 3314 Mattb.
215 3288 261 3321 114,
286 3289 326 3314 115.
349 3296 422 3321 seqq.
441 3291 466 3314 et
485 3288 552 3313 loan.
581 3288 608 3319 6,
630 3288 653 3311 9.
673 3293 746 3318 seqq.
761 3300 794 3303 —
809 3285 842 3310 Ex
862 3284 928 3324 cod.v
948 3284 965 3309 F

20 3330 195 3357 substituimus
222 3332 291 3358 inter
309 3339 357 3364 pro
375 3331 411 3358 in.
432 3333 557 3364 Superius
582 3338 629 3362 pro
647 3329 775 3363 perducta
797 3329 868 3354 multi
889 3328 964 3353 codd.

18 3374 154 3406 producta.
174 3389 206 3393 -—
226 3375 296 3401 Idem
315 3375 378 3401 dub.
399 3376 507 3401 solvitur
526 3382 540 3400 a
560 3375 584 3399 S.
607 3374 709 3404 Tbom.,
730 3373 771 3397 bic
790 3373 857 3397 ctrca
877 3372 910 3397 lit.

1098 3152 1109 3168 ³
1130 3152 1162 3176 lta
1183 3151 1259 3177 codd.
1273 3151 1352 3175 RST
1373 3150 1418 3182 bb,
1440 3149 1496 3175 cod.
1512 3149 1531 3175 O
1551 3149 1670 3183 artificii,
1693 3150 1717 3174 in
1738 3150 1793 3174 aliis
1812 3152 1837 3174 et
1855 3149 1914 3175 edd.
1934 3156 1979 3175 ar-

1030 3194 1112 3229 tificis.
1134 3195 1198 3220 lnsra
1219 3201 1266 3226 pro
1285 3195 1415 3220 renovata
1434 3193 1491 3218 Vat.
1511 3194 1642 3219 revocata.

1100 3238 1109 3255 ⁴
1129 3238 1191 3264 Cod.
1201 3246 1230 3263 aa
1238 3238 1309 3263 addit
1316 3239 1340 3263 et
1347 3237 1395 3263 hoe
1402 3238 1446 3269 est,
1458 3236 1521 3270 quia
1531 3243 1629 3271 corpus
1636 3236 1724 3262 solam
1733 3236 1852 3270 resurgit
1860 3236 1977 3270 proprie.

1100 3281 1111 3298 ⁵
1130 3282 1202 3306 Vers.
1224 3282 1264 3306 26.
1285 3281 1394 3312 Vulgata
1415 3281 1506 3305 omittit
1525 3279 1701 3306 Salvatorem.
1929 3276 1934 3282 '

1099 3326 1110 3342 ⁶
1129 3325 1178 3351 Crr.
1198 3333 1277 3357 supra
1298 3326 1322 3350 d.
1343 3324 1384 3350 43.
1404 3332 1426 3349 a.
1452 3325 1470 3350 1.
1491 3332 1516 3357 q.
1537 3323 1559 3349 4.
1579 3327 1604 3349 et
1623 3324 1648 3350 5.

1100 3370 1110 3387 7
1130 3371 1174 3395 llic
1193 3377 1213 3395 c.
1235 3371 1259 3394 2.
1275 3383 1310 3388 —
1324 3369 1373 3394 (Ifr.
1393 3376 1471 3400 supra
1491 3376 1513 3393 a.
1534 3370 1559 3394 2.
1581 3376 1604 3401 q.
1627 3370 1655 3400 2;
1671 3369 1697 3393 B.
1717 3368 1820 3400 Albert.,
1841 3369 1881 3393 hic
1895 3375 1916 3393 a.
1936 3369 1978 3400 ll;
