2483 3882
285 369 319 390 Ad
333 369 417 396 opposi-

326 397 377 416 lum.

298 1792 420 1813 Distinctio.

275 1898 387 1920 Conclusio
401 1898 420 1919 1.

276 2057 388 2079 Conclusio
401 2058 421 2079 ⁶3.

432 216 496 249 404

520 305 664 337 CONTRA:
692 306 719 335 l.
744 304 788 335 De
811 312 861 341 θο,
879 302 918 334 de
942 310 1005 343 quo
1022 301 1103 332 iuste
1127 299 1274 340 arguitur
1291 299 1385 330 honio

431 358 470 390 ab
487 358 562 396 alio,
580 358 660 389 iuste
676 357 822 397 arguitur
838 365 856 386 a
873 364 906 387 se
930 354 1011 395 ipso,
1029 353 1084 385 sed
1101 351 1294 393 Augustinus
1311 351 1386 383 dicit

431 412 462 443 in
488 411 568 442 libro
585 411 623 442 de
640 408 838 441 Cori-ectione
855 411 885 439 et
909 407 1009 448 gratia
1021 406 1038 443 ¹,
1056 405 1140 446 quod
1166 407 1310 445 peccator
1327 412 1385 445 pro

432 463 575 505 originali
592 466 639 494 est
655 460 854 502 arguendus:
873 468 948 500 ergo
972 461 1117 499 peccator
1134 457 1227 489 debet
1250 464 1385 497 arguere

433 525 466 548 se
491 517 613 557 ipsinn3
638 514 692 546 sed
718 513 812 544 horno
836 512 875 544 de
899 511 992 553 culpa
1016 510 1121 552 arguit
1150 518 1183 542 se
1207 509 1311 551 ipsum
1330 517 1385 550 per

430 568 670 611 poenitentiam:
695 575 770 607 ergo
795 569 852 597 etc.

520 622 550 652 02.
577 621 668 657 ΙῖθιΠ,
694 619 775 651 sicut
799 618 855 649 ira
876 626 936 658 per
959 616 1070 648 zelum
1095 616 1270 647 detestatur
1291 614 1386 646 honio

431 682 556 707 omnem
581 672 765 704 iniustitiam
796 671 826 702 in
861 670 940 708 alio,
972 669 1014 701 ita
1039 668 1228 710 poenitentia
1259 675 1384 699 omnem

431 727 616 759 iniustitiam
641 725 671 757 in
697 734 729 757 se
754 724 863 765 ipso²;
892 723 946 755 sed
979 721 1131 763 originale
1155 724 1202 753 est
1234 719 1386 752 iniustitia

430 781 463 813 in
487 780 629 812 homine:
663 787 738 819 ergo
763 780 809 809 est
841 775 1025 808 detestanda
1057 782 1113 815 per
1145 772 1385 815 poenitentiam,

432 838 462 865 et
487 833 530 865 sic
554 836 611 864 etc.

521 885 550 917 3.
576 885 668 922 ltein,
693 883 795 915 omnis
823 882 876 924 qui
909 881 978 913 vult
1002 881 1065 912 Deo
1094 878 1304 917 reconciliari,
1337 887 1387 910 ne-

432 947 518 972 cesse
544 937 636 970 babet
654 935 802 969 detestari
827 944 919 967 omne
936 934 1020 976 quod
1046 943 1064 965 a
1080 933 1143 965 Deo
1167 935 1306 974 separat3
1331 931 1385 963 sed

433 991 584 1033 originale
609 994 747 1032 separat:
773 998 848 1030 ergo
873 992 930 1021 etc.

521 1045 550 1076 [i.
573 1044 663 1082 ltein,
681 1044 719 1075 de
737 1045 879 1084 peccam,
896 1042 935 1074 de
952 1050 1014 1082 quo
1032 1040 1112 1072 iuste
1126 1039 1257 1081 punitur
1274 1048 1292 1070 a
1310 1038 1386 1076 Deo,

434 1098 527 1131 dehet
554 1097 717 1139 poenitens
741 1095 854 1138 punire
879 1104 912 1127 se
936 1095 1058 1135 ipsuiu;
1083 1093 1138 1125 sed
1162 1101 1220 1133 pro
1244 1091 1388 1133 originali

435 1152 516 1184 iuste
541 1151 671 1192 punitur
690 1150 783 1181 hoino
807 1158 825 1180 a
842 1148 905 1180 Deo
929 1156 1029 1188 poena
1046 1145 1219 1183 carentiae,
1244 1153 1325 1186 quae
1342 1147 1389 1176 est

435 1204 576 1236 maxima
593 1212 705 1245 poena,
731 1202 804 1243 quia
822 1200 997 1232 i'naxinunn
1020 1199 1172 1231 damnum
1185 1197 1208 1229 ³:
1235 1206 1310 1238 ergo
1331 1206 1388 1238 pro

434 1266 471 1290 eo
495 1257 588 1289 debet
613 1265 645 1288 se
668 1255 791 1296 punire.

790 1367 1028 1392 CONCLUSIO.

439 1468 556 1509 Quoad
579 1467 710 1500 cultellos
734 1466 880 1504 scientes,
898 1475 931 1497 se
956 1464 1074 1497 hahere
1094 1467 1266 1506 peceatum
1292 1462 1391 1504 oripi-

523 1521 617 1559 nale,
643 1529 831 1562 congraum
862 1523 925 1557 cst,
951 1522 987 1550 ut
1011 1517 1069 1549 ltoc
1101 1517 1146 1549 eis
1178 1520 1256 1548 acta
1281 1514 1390 1557 displi-

524 1579 613 1612 ceat,
640 1577 837 1605 tamennon
869 1575 913 1603 est
943 1571 989 1602 eis
1021 1569 1247 1601 necessarium
1281 1568 1319 1600 [lc
1356 1577 1390 1599 eo

524 1627 649 1659 conteri
672 1631 701 1658 el
721 1625 892 1667 poenitere.

524 1734 724 1765 Ruspoxnno:
750 1731 939 1769 Dicendum,
976 1730 1060 1771 quod
1086 1729 1124 1761 de
1156 1728 1299 1770 originali
1324 1736 1392 1769 pec-

436 1791 504 1820 cato
530 1790 577 1819 est
601 1786 686 1827 loqui
712 1784 928 1816 commuitz'ler
961 1788 991 1815 et
1020 1782 1216 1824 specialiter.
1244 1782 1393 1814 Comma-

435 1841 540 1879 m'ler,
566 1843 601 1871 ut
625 1842 671 1871 est
701 1839 730 1870 in
761 1837 948 1876 omnibus&
972 1840 1003 1869 et
1027 1836 1070 1869 sic
1094 1836 1134 1868 ad
1166 1836 1235 1868 eius
1267 1835 1393 1867 deletio-

436 1903 508 1926 nem
532 1902 593 1925 non
620 1892 794 1934 requiritur
819 1891 932 1932 aliquis
956 1893 1046 1922 actus
1070 1898 1112 1921 ex
1135 1892 1225 1931 parte
1250 1889 1335 1927 eius,
1362 1888 1391 1919 in

435 1956 498 1989 quo
523 1951 583 1985 θεῖ,
616 1950 652 1977 ut
677 1949 761 1987 patet
794 1944 823 1976 in
853 1943 997 1985 parvule.
1027 1961 1070 1965 —
1099 1942 1150 1974 Est
1180 1941 1275 1974 etiam
1307 1941 1390 1983 loqui

437 1999 641 2042 specialiter,
679 2001 833 2040 quantuni
869 1997 908 2029 ad
937 1996 1080 2035 adultos,
1117 1996 1170 2037 qui
1207 2003 1239 2027 se
1275 1995 1393 2026 babere

437 2053 607 2090 nescium,-
632 2056 662 2084 et
679 2055 830 2093 quantuni
857 2051 896 2082 ad
915 2050 972 2082 'nos
997 2058 1057 2081 non
1076 2052 1216 2090 oportet,
1241 2048 1325 2089 quod
1341 2047 1393 2079 ali-

438 2107 509 2148 quis
533 2109 621 2138 actus
654 2103 868 2137 detestationis
893 2101 1089 2134 interveniat.
1117 2120 1160 2124 —
1189 2101 1241 2133 Est
1276 2101 1391 2132 iterum

437 2159 521 2201 loqui
547 2161 701 2200 quantuni
734 2157 773 2188 ad
798 2156 941 2194 adultos,
974 2155 1027 2196 qui
1053 2163 1086 2186 se
1118 2154 1236 2186 habere
1259 2154 1393 2191 seruum

1193 211 1477 244 SENTENTIARUM
1502 211 1569 242 LIB.
1595 211 1641 243 IV.

1449 302 1480 330 et
1503 303 1656 340 quantum
1682 298 1721 330 ad
1748 298 1825 330 tales
1849 308 2035 340 congraum
2060 302 2123 337 θεῖ,
2148 303 2184 330 ut
2207 299 2265 331 sibi
2290 281 2472 341 displi-cons·

1450 355 1538 388 ceat,
1564 360 1758 391 congruunt,
1791 351 1937 391 inquam,
1970 351 2055 392 quod
2090 351 2254 392 displiceat
2286 353 2400 385 nonin

1448 403 1605 444 special&
1640 403 1695 435 sed
1731 403 1761 434 in
1795 403 1963 445 yenerati,
1999 403 2073 444 quia
2108 404 2201 436 debet
2236 404 2401 446 displicere

1450 465 1543 488 omne
1567 456 1652 497 quod
1676 465 1694 487 a
1718 456 1781 487 Deo
1806 459 1952 497 separat;
1977 456 2102 488 conteri
2129 461 2234 488 autem
2264 466 2324 489 non
2356 463 2402 491 est

1450 509 1664 540 necessarium
1676 509 1696 539 ⁵.

1541 561 1627 593 Ratio
1650 566 1771 600 aulem,
1796 571 1894 603 quare
1919 570 1978 593 non
2004 566 2051 594 est
2075 571 2216 600 necesse,
2241 566 2275 594 ut
2303 567 2461 599 COnte-Rati

1451 618 1558 653 ratur,
1583 617 1646 652 est,
1671 614 1745 655 quia
1769 623 1830 645 ΠοΠ
1862 619 1908 646 θεῖ
1938 618 2011 647 actu
2042 619 2148 647 nostro
2180 615 2402 655 cominissun1;

1450 671 1481 699 et
1502 667 1563 705 sic,
1583 667 1653 699 licet
1678 667 1706 698 in
1732 667 1840 699 adulto
1857 667 1897 699 sit
1914 667 1984 699 talis
2000 668 2161 708 originalis
2178 667 2402 708 displicentia,

1450 729 1511 751 non
1538 723 1639 752 taiuen
1665 724 1712 751 est
1732 720 1950 761 poenitentia,
1975 720 2049 762 quia
2082 720 2291 761 poenitentia,
2324 721 2403 753 sicut

1450 776 1611 804 ostensum
1636 772 1718 810 est⁶,
1741 773 1876 814 proprie
1899 777 1946 805 θεῖ
1970 778 2116 814 respectu
2142 773 2238 804 voliti.

1540 825 1683 857 Rationes
1707 825 1802 866 igitur
1827 826 2014 866 probantes,
2039 825 2123 867 quod
2149 834 2209 857 non
2231 829 2278 857 θεῖ
2302 823 2480 869 neces-imi}¹

1451 879 1534 911 saria
1552 879 1742 920 poenitentia
1758 879 1796 910 ad
1816 878 2002 910 deletionem
2021 878 2197 919 originalis,
2224 887 2316 910 verae
2333 881 2405 910 sunt

1450 936 1481 963 et
1505 931 1733 963 concedendae.
1760 932 1904 963 Rationes
1928 940 2037 963 omnes
2061 931 2101 963 ad
2126 930 2304 973 oppositum
2338 940 2406 972 pro-

1451 985 1597 1016 cedentes
1622 984 1773 1025 probant,
1798 985 1882 1026 quod
1907 993 2082 1026 congruum
2108 988 2171 1023 θεῖ,
2197 988 2232 1016 ut
2255 983 2405 1025 originale

1452 1036 1623 1078 displiceat
1654 1036 1782 1075 adulto,
1814 1046 1853 1069 ne
1885 1037 1959 1069 velit
1990 1037 2128 1078 amplius
2159 1037 2189 1068 in
2223 1037 2276 1069 illo
2308 1046 2406 1069 rema·

1453 1100 1527 1123 nere
1542 1091 1570 1129 ⁷3
1596 1090 1651 1122 sed
1675 1090 1759 1132 quod
1785 1094 1930 1122 teneatur
1953 1099 1987 1122 se
2010 1090 2177 1133 affligere,
2202 1100 2263 1122 non
2285 1089 2406 1123 conclu-

1453 1144 1548 1182 dunt,
1574 1143 1624 1176 vel
1648 1144 1742 1175 etiam
1762 1143 1935 1185 poenitere.

1546 1198 1573 1229 l.
1598 1196 1687 1238 Quod
1712 1195 1795 1228 enim
1831 1196 1991 1235 obiicitur,
2026 1196 2111 1238 qnod
2146 1196 2330 1238 arguendus
2361 1199 2407 1228 est
2433 1208 2468 1240 sni

1455 1259 1512 1291 pro
1529 1249 1691 1290 originali;
1716 1258 1777 1280 non
1795 1249 1998 1290 intelligitur,
2023 1249 2097 1290 quia
2114 1249 2218 1290 ipsum
2236 1248 2407 1288 contraxit,
2420 1237 2483 1290 ΜΤ

1455 1303 1509 1335 sed
1536 1311 1574 1334 ne
1600 1302 1629 1334 in
1654 1303 1721 1343 ipso
1746 1302 1821 1334 velit
1844 1311 2040 1343 permanere.

1544 1357 1572 1387 Ξ).
1598 1356 1641 1387 Ad
1666 1355 1745 1387 illud
1770 1355 1854 1396 quod
1887 1355 2048 1393 obiicitur,
2080 1355 2164 1396 quod
2194 1354 2383 1397 poenitentia
2399 1355 2408 1372 ⁸

1455 1412 1501 1442 θεῖ
1526 1409 1746 1441 detestandum
1772 1417 1864 1441 omne
1889 1408 2007 1440 malum
2035 1413 2196 1446 nostruin3
2221 1408 2407 1447 dicendum,

1455 1462 1540 1503 quod
1565 1470 1675 1493 verum
1701 1464 1767 1493 est:
1786 1466 1918 1499 (tetum,
1936 1470 1995 1492 non
2021 1464 2249 1498 commentam
2265 1460 2407 1493 similiter

1455 1515 1581 1547 videtur
1606 1515 1645 1546 de
1670 1514 1725 1546 ira
1745 1524 1806 1555 per
1830 1514 1941 1546 zelam
1968 1514 1996 1545 in
2022 1514 2178 1555 proximo.
2370 1503 2375 1504 ⁷

1545 1568 1574 1599 3.
1599 1567 1642 1599 Ad
1667 1567 1746 1599 illud
1764 1567 1848 1609 quod
1866 1567 2027 1603 obiicitur,
2046 1568 2127 1608 quod
2152 1567 2244 1599 debet
2261 1567 2409 1599 detestari

1456 1630 1548 1654 omne
1574 1621 1710 1659 malum,
1736 1621 1819 1662 quod
1838 1625 1963 1662 separat
1987 1630 2004 1652 a
2029 1621 2105 1653 Deo:
2124 1620 2308 1658 dicendum,
2325 1620 2409 1661 quod

1456 1684 1568 1708 verum
1593 1679 1657 1713 θεῖ,
1683 1675 1708 1706 si
1735 1674 1813 1706 illud
1838 1674 1877 1706 sit
1902 1683 1942 1706 ex
1968 1676 2096 1715 propria
2125 1673 2286 1705 voluntale
2317 1673 2410 1705 intro-

1457 1729 1606 1767 ductunig
1631 1731 1661 1760 et
1685 1731 1751 1759 esto
1783 1727 1868 1769 quod
1893 1727 2083 1764 detestetur,
2108 1736 2169 1758 non
2198 1731 2327 1768 propter
2352 1726 2409 1758 boc

1452 1781 1620 1824 poenitens
1644 1781 1770 1813 dicitur.

1545 1835 1575 1866 lt.
1601 1834 1644 1866 Ad
1670 1833 1749 1866 illud
1773 1833 1858 1875 quod
1883 1833 2046 1871 obiicitur,
2072 1832 2156 1874 quod
2182 1832 2275 1864 debet
2299 1841 2332 1864 se
2348 1827 2410 1874 ‘pu-

1457 1889 1525 1921 nire
1550 1888 1589 1920 de
1613 1888 1696 1920 omni
1723 1897 1776 1927 θο,
1801 1887 1841 1919 de
1865 1896 1928 1928 quo
1952 1887 2033 1918 iuste
2060 1886 2190 1928 punitur
2213 1895 2231 1918 a
2263 1886 2345 1924 Deo;
2369 1886 2411 1918 di-

1457 1942 1611 1980 cendum,
1636 1941 1721 1983 quod
1743 1941 1801 1973 boc
1818 1949 1929 1972 verum
1955 1944 2054 1978 esset,
2072 1939 2095 1971 si
2124 1939 2206 1971 Dens
2229 1948 2329 1980 poena
2345 1948 2411 1971 scre

1456 2004 1515 2026 sits
1547 1994 1691 2035 puniret,
1727 1993 1777 2025 vel
1802 1993 1895 2025 etiam
1931 1992 2108 2034 baptismus
2140 2001 2201 2023 non
2231 1991 2410 2030 sufficeret3

1458 2056 1541 2079 nunc
1566 2050 1671 2079 autent
1697 2047 1781 2078 Deus
1804 2055 1866 2078 non
1891 2046 1982 2090 punit
2007 2054 2105 2087 poena
2133 2054 2268 2082 sensas,
2300 2048 2331 2077 et
2362 2044 2410 2076 ba-

1457 2100 1591 2142 ptismus
1616 2100 1682 2131 sine
1705 2099 1789 2131 omni
1823 2108 1921 2140 poena
1946 2098 2152 2131 satisfactoria
2181 2098 2247 2130 sive
2271 2102 2409 2130 assumta

1457 2153 1607 2192 absolvit,
1633 2153 1713 2185 sicut
1737 2152 1851 2184 melius
1875 2152 1995 2193 supra⁰
2020 2152 2121 2183 visun]
2147 2155 2203 2183 est.

1273 2278 1572 2319 seiioHoN.

510 2400 525 2423 l.
545 2399 685 2424 Prneeunte
706 2397 850 2422 Alexandri>
870 2397 923 2421 Hal.
944 2396 979 2427 (S.
1001 2403 1024 2427 p.
1046 2396 1086 2420 lv.
1107 2403 1131 2427 (Ι.
1157 2395 1193 2419 15.
1215 2401 1247 2419 in.
1268 2395 1287 2419 i.
1302 2401 1325 2419 a.
1342 2394 1389 2425 1,),

439 2445 463 2468 S.
484 2443 576 2467 Thom.
598 2442 649 2471 (liic
669 2448 693 2473 q.
720 2442 737 2465 l.
759 2448 781 2465 a.
797 2442 821 2465 2.
838 2441 999 2472 walesdune.
1016 2440 1048 2469 ·2;
1072 2439 1117 2464 cfr.
1131 2439 1222 2469 Suppl.
1239 2445 1263 2470 q.
1279 2439 1303 2463 2.
1319 2445 1340 2463 a.
1357 2438 1390 2469 Ξ.)

439 2487 572 2518 distinguit
592 2486 774 2517 poenitentiam
794 2483 901 2517 proprie
921 2484 1016 2508 dictam
1036 2490 1049 2507 a
1071 2482 1145 2516 laryc
1165 2482 1246 2514 dicta,
1269 2489 1335 2514 quae
1355 2484 1393 2506 est

1434 2498 1437 2500 ψ
1459 2482 1533 2506 docet
1552 2482 1578 2506 5.
1600 2482 1709 2513 Bonav.,

1456 2395 1540 2419 omnis
1560 2393 1720 2424 displicentia
1740 2393 1799 2417 mali
1820 2393 1958 2423 praeteriti.
1978 2392 2077 2422 Prima,
2101 2396 2128 2416 ut
2147 2391 2222 2422 dicit,
2244 2389 2319 2416 nullo
2333 2389 2409 2415 modo

1456 2438 1539 2470 pole-sl
1558 2444 1615 2462 esse
1636 2437 1667 2462 de
1687 2437 1819 2468 originali,
1840 2436 1954 2461 secunda
1968 2443 2031 2460 vero
2052 2434 2125 2460 (lebet
2145 2442 2210 2459 esse.
2231 2434 2299 2459 idem
2321 2440 2411 2465 reapse

1741 2480 1870 2513 quidquid
1890 2480 1957 2505 dicat
1977 2480 2059 2505 Estius
2080 2480 2130 2510 (bic
2150 2480 2164 2512 S
2186 2480 2232 2511 6.),
2253 2479 2297 2511 qni
2317 2485 2377 2503 cum
2397 2485 2409 2503 a

510 2621 517 2636 ¹
539 2620 599 2652 Cap.
621 2620 645 2644 ὓ.
668 2627 691 2644 Π.
712 2620 741 2643 si:
767 2628 777 2641 t<
790 2620 827 2643 An
847 2625 910 2643 vero
940 2618 998 2643 ideo
1016 2616 1138 2650 pravitas
1157 2616 1209 2643 isla
1229 2616 1392 2647 corripienda

439 2672 489 2690 non
510 2670 547 2689 est
567 2665 591 2688 in
612 2664 729 2693 bomine,
751 2664 810 2694 quin
832 2669 882 2687 non
907 2663 962 2686 eius
988 2662 1094 2693 propria
1117 2662 1162 2693 qui
1182 2661 1327 2692 corripitur,
1347 2660 1392 2685 sed

439 2710 585 2734 communis
605 2712 643 2733 est
661 2707 800 2732 omnibus?
822 2707 902 2731 innuo
931 2713 995 2731 vero
1024 2706 1178 2737 corripiatur
1197 2709 1222 2730 et
1240 2705 1265 2729 in
1286 2704 1394 2735 singulis

439 2753 511 2785 quod
537 2756 574 2777 cst
593 2753 735 2777 oninium...
762 2751 920 2782 Corripialui·
941 2757 1004 2781 ergo
1031 2751 1104 2781 origo
1124 2749 1293 2780 damnabilis,
1314 2752 1341 2773 ut
1363 2755 1393 2773 ex

440 2797 529 2822 dolore
560 2796 729 2826 correptionis
758 2795 876 2819 voluntas
905 2794 1108 2825 regenerationis
1137 2794 1268 2818 oriatur».
1302 2793 1392 2817 Ultima

440 2840 520 2866 verba
542 2840 645 2871 respicit
664 2839 688 2864 S.
709 2839 804 2863 Bonnv.
826 2839 849 2862 in
870 2838 945 2863 solut.
966 2838 1043 2862 liuius
1062 2837 1153 2861 obieet.

511 2885 520 2900 *2
542 2884 607 2909 'vide
627 2890 705 2914 supra
727 2890 786 2914 pag.
808 2883 867 2913 321,
888 2886 947 2907 noia
970 2882 1009 2906 Ἰ10,

510 2928 521 2944 3
539 2928 589 2954 Cir.
611 2929 634 2952 ll.
656 2929 723 2952 Sent.
745 2927 770 2951 d.
791 2927 832 2952 333.
853 2934 876 2951 a.
909 2927 933 2951 3.
953 2933 977 2958 q.
1003 2926 1021 2950 1.
1042 2932 1095 2957 seq.
1118 2939 1151 2943 —
1170 2925 1195 2949 In
1216 2924 1315 2950 onaiori
1336 2927 1394 2955 post

437 2973 553 3007 punitur
572 2973 629 2997 cod.
649 2979 679 2997 aa
699 2972 803 3002 supplet
822 2970 908 2996 homo.

511 3017 520 3033 ⁴
540 3018 608 3042 Alex.
631 3017 692 3048 ilai,
715 3017 739 3041 S.
761 3023 785 3047 p.
806 3016 846 3040 lv.
868 3022 892 3047 (1.
917 3015 953 3039 iij.
974 3021 1009 3039 in.
1029 3014 1049 3038 i.
1071 3021 1093 3038 a.
1119 3015 1143 3038 l:
1164 3015 1195 3038 ut·
1212 3014 1250 3039 est
1272 3012 1391 3043 morbus,

441 3070 507 3095 quae
529 3063 602 3087 lectio
621 3063 645 3086 in
666 3062 769 3093 antiqua
791 3061 917 3091 scriptura
942 3066 1034 3091 parum
1062 3059 1145 3084 dist'ert
1164 3066 1176 3083 a
1198 3062 1297 3088 nostra,
1318 3060 1343 3082 et
1361 3061 1394 3082 at-

442 3111 509 3132 tento
530 3114 607 3137 supra
629 3107 712 3137 posito
734 3106 756 3129 3.
778 3105 960 3135 fundamento,
981 3103 1127 3129 verisimilis
1147 3110 1203 3127 esse
1228 3102 1339 3127 videtur.
1361 3102 1394 3126 ln-

442 3152 520 3176 serius
546 3151 633 3175 verbis
658 3157 685 3175 se
711 3148 806 3175 habere
828 3150 904 3180 (quae
928 3148 967 3173 bis
990 3147 1139 3179 occurrunt)
1160 3147 1228 3172 Alex.
1249 3146 1301 3171 Hal.
1323 3153 1394 3177 prae-

442 3195 517 3219 mittit
535 3193 690 3219 huiusmodi
709 3192 841 3219 iambum.

512 3238 522 3254 ⁵
542 3239 574 3262 lta
596 3238 652 3262 eod.
673 3238 705 3268 X,
726 3239 800 3263 cuius
829 3238 902 3261 lectio
932 3236 1098 3261 confirmatur
1121 3238 1176 3260 tum
1199 3242 1229 3260 ex
1257 3234 1392 3265 subnexis,

442 3286 497 3307 tuin
516 3289 547 3306 ex
566 3282 642 3306 codd.
664 3282 720 3312 FG,
744 3282 787 3313 qui
808 3282 894 3306 minus
924 3281 989 3305 bene
1016 3283 1115 3312 ponunt
1135 3278 1236 3305 conteri
1254 3280 1345 3304 autem
1364 3277 1394 3303 de

443 3325 499 3357 ipso
519 3324 666 3357 specialiter
687 3332 739 3349 nou
759 3326 796 3349 est
825 3324 1084 3356 r11cccssa)ium‚·alii
1115 3323 1192 3349 codd.
1224 3323 1265 3348 vel
1294 3324 1319 3348 et
1345 3321 1394 3348 hoc

444 3368 511 3402 [scil.
526 3367 675 3401 displicere]
695 3369 732 3394 est
751 3367 929 3394 newsum-iiim
947 3368 1007 3400 (non
1022 3371 1089 3400 apte,
1104 3375 1164 3393 cuni
1178 3370 1236 3393 ante
1251 3367 1283 3392 de
1302 3367 1393 3392 eadem

1456 2624 1484 2641 re
1505 2617 1604 2641 dicatur
1624 2622 1776 2649 congruant
1796 2616 1853 2647 est),
1870 2614 1910 2639 vel
1931 2621 1990 2639 curn
2011 2613 2070 2639 edd.
2086 2619 2223 2644 perperam
2243 2619 2290 2638 uec
2310 2612 2378 2644 [cod.
2393 2611 2410 2636 E

1456 2660 1524 2693 ozon]
1538 2662 1576 2686 est
1593 2659 1789 2691 necessarium,
1806 2659 1862 2691 vel,
1879 2662 1907 2683 ut
1926 2658 2002 2683 codd.
2018 2658 2037 2682 Μ
2051 2657 2085 2689 O,
2100 2659 2163 2682 naec
2182 2657 2262 2682 verba
2283 2657 2408 2681 omittunt.

1527 2705 1538 2721 6
1557 2705 1583 2729 ln
1604 2704 1719 2729 fundam.
1749 2705 1772 2728 2.
1800 2717 1833 2720 ——
1861 2704 1978 2734 August,
2009 2702 2041 2726 de
2067 2701 2235 2732 Correptione
2263 2705 2287 2726 et
2316 2701 2408 2732 gratia,

1458 2756 1479 2774 c.
1501 2750 1524 2773 6.
1545 2756 1569 2774 Π.
1590 2749 1617 2773 9:
1641 2757 1652 2771 «
1666 2749 1715 2773 Nec
1735 2747 1882 2778 attendunt,
1902 2747 1923 2771 si
1952 2746 2068 2770 nondum
2097 2746 2240 2776 regenerati
2269 2747 2340 2775 sunt,
2362 2744 2410 2775 pri-

1458 2800 1527 2818 mam
1548 2800 1604 2817 esse
1618 2799 1737 2822 causam,
1759 2798 1805 2816 cur
1825 2790 1962 2822 obiurgari,
1983 2789 2053 2822 quod
2074 2789 2123 2813 sint
2144 2788 2321 2813 inobedientes
2342 2789 2406 2820 Deo,

1457 2836 1507 2862 sibi
1534 2835 1643 2862 debeant
1675 2834 1827 2868 displicere,
1859 2835 1920 2867 quin
1955 2834 2013 2859 fecit
2045 2833 2116 2858 Deus
2144 2832 2278 2858 hominem
2306 2833 2410 2858 rectam

1459 2879 1553 2913 [Eccle.
1574 2881 1604 2911 7,
1628 2878 1683 2912 30]
1704 2879 1736 2904 ab
1756 2879 1826 2903 initio
1847 2880 1976 2903 humanae
1996 2881 2137 2907 creaturae,
2149 2880 2173 2901 et
2188 2883 2237 2901 non
2258 2880 2295 2901 est
2315 2874 2410 2909 iniqui-

1458 2925 1499 2949 tas
1519 2923 1591 2956 ripiicl
1610 2923 1717 2948 Deum»
1742 2922 1826 2955 [Rom.
1848 2923 1877 2953 9,
1903 2920 1962 2955 it.].
1983 2922 2051 2946 Haec
2070 2921 2151 2946 verba
2166 2921 2304 2952 praemittit
2323 2922 2408 2951 Augu-

1458 2969 1540 2993 stinus
1560 2969 1602 2999 iis,
1626 2974 1692 2999 qnae
1712 2967 1832 2998 superius
1853 2967 1960 2997 allegata
1979 2969 2046 2991 sunt.

1528 3011 1539 3027 ⁷
1559 3010 1608 3036 Csr.
1629 3018 1707 3042 supra
1729 3016 1788 3036 nota
1811 3011 1832 3035 l.

1528 3055 1538 3071 ⁸
1558 3056 1638 3081 Codd.
1660 3056 1679 3080 n
1693 3056 1712 3080 'l'
1733 3063 1839 3081 sensnm
1859 3056 1896 3080 sic
1909 3056 2057 3086 exprimunt
2071 3061 2119 3087 per
2130 3053 2333 3088 poenitentiam,
2350 3052 2408 3078 edd.

1458 3101 1547 3132 legunt
1568 3099 1724 3133 poenitentia
1745 3101 1783 3125 est
1802 3098 1837 3125 ml
1855 3098 2046 3124 cletestawdum.
2068 3098 2173 3122 inferius
2194 3101 2252 3128 post
2270 3096 2409 3123 dicendam

1458 3144 1639 3168 substituimus
1659 3144 1794 3168 lectionem
1822 3143 1898 3168 codd.
1920 3143 1939 3167 M
1953 3142 2004 3167 OT
2022 3142 2083 3172 UX,
2104 3142 2127 3165 iu
2148 3142 2203 3166 aliis
2227 3145 2252 3166 et
2271 3141 2330 3165 edd.
2351 3140 2408 3171 legi-

1458 3193 1511 3213 tur:
1531 3188 1602 3221 quod
1620 3195 1715 3214 ‘oerum
1733 3189 1779 3219 esl,
1811 3189 1929 3213 attamen,
1954 3193 2008 3212 non
2036 3187 2205 3212 contractam
2225 3186 2281 3216 (cfr.
2302 3189 2362 3210 toni.
2383 3184 2407 3208 ll.

1458 3240 1518 3264 pag.
1538 3233 1603 3264 767,
1624 3236 1682 3257 noia
1703 3233 1726 3257 (3.
1746 3235 1771 3257 et
1790 3239 1850 3263 pag.
1872 3232 1936 3262 826,
1958 3235 2015 3256 nota
2038 3230 2081 3262 4.).

1528 3277 1538 3293 0
1559 3278 1620 3302 Dist.
1644 3276 1666 3302 i.
1687 3284 1712 3308 p.
1734 3277 1749 3301 Ι.
1769 3284 1791 3301 a.
1814 3277 1836 3300 l.
1863 3283 1888 3308 q.
1915 3277 1940 3300 2.
1962 3289 1994 3292 —
2015 3275 2141 3306 Superius
2167 3281 2214 3305 pro
2239 3273 2296 3299 sine
2321 3270 2405 3303 omni,

1458 3321 1527 3354 quod
1549 3320 1670 3346 exhibent
1692 3320 1767 3345 codd.
1788 3322 1806 3344 A
1819 3319 1980 3344 FGlOUX
1993 3319 2026 3351 Z,
2054 3318 2094 3342 alii
2115 3318 2190 3343 codd.
2211 3320 2236 3342 et
2254 3317 2313 3341 cdd.
2332 3317 2406 3341 etiam

1458 3365 1525 3391 bene
1543 3364 1576 3391 ab
1596 3364 1676 3390 anani.
1698 3365 1723 3389 ln
1744 3365 1871 3396 principio
1890 3363 1965 3389 solut.
1985 3363 2057 3388 multi
2077 3361 2153 3387 codd.
2174 3362 2293 3386 omittunt
2311 3367 2328 3385 a
2349 3359 2405 3384 Deo.
