2483 3882
325 1419 480 1440 Fundamenta.

339 2265 372 2286 Ad
388 2266 470 2292 opposi-

380 2295 430 2312 tuin.

1291 420 1554 458 ARTICULUS
1583 421 1642 457 ΠΙ.

1245 236 1528 268 SENTENTIARUM
1552 235 1619 267 LIB.
1644 235 1691 268 iv.

1137 536 1181 567 De
1205 534 1333 577 defecta
1356 545 1395 567 ex
1416 540 1513 577 parte
1538 535 1632 568 liberi
1655 535 1800 567 arbitrii.

572 675 805 715 Consequenter
833 678 986 714 quantum
1023 673 1061 705 ad
1100 672 1225 704 tertium
1264 672 1434 704 articulum

485 728 649 769 quaeritur
678 727 715 759 de
749 727 871 759 defectu
907 727 973 758 sive
1006 726 1247 768 impedimento,
1272 725 1325 767 qui
1351 726 1435 757 venit

484 790 524 813 ex
561 785 648 821 parte
685 780 773 812 liheri
809 779 941 811 arbitrii.
980 779 1014 811 Et
1050 779 1132 811 circa
1168 779 1226 811 hoc
1256 779 1319 811 duo
1344 788 1436 820 quae-

484 837 609 865 runtur.

1590 672 1692 704 Primo
1717 662 1880 713 quaeritur
1905 672 1944 704 de
1969 673 2174 714 perversitate
2199 672 2345 712 rationis,
2368 682 2449 715 quae

1501 730 1547 757 est
1573 725 1600 756 in
1626 725 1763 757 furiosis.

1589 777 1749 816 Secundo,
1782 777 1820 809 de
1852 777 2079 810 subversione¹
2110 778 2280 810 voluntatis
2315 778 2345 810 in
2370 778 2448 811 ince-

1501 830 1625 863 stuosis.

1355 996 1537 1037 Quaesrio
1563 996 1582 1026 1.

1118 1107 1233 1139 Utrum
1258 1106 1356 1148 faria
1381 1107 1538 1149 impediat
1561 1106 1825 1138 matrimonium.

573 1248 731 1288 Quantum
756 1255 831 1287 ergo
866 1246 905 1278 ad
943 1246 1080 1287 primum
1113 1245 1295 1287 quaeritur,
1328 1248 1436 1277 utrum

483 1300 566 1332 furia
591 1299 740 1341 impediat
764 1299 1011 1331 matrimonium.
1037 1299 1071 1331 Et
1095 1298 1181 1340 quod
1206 1298 1266 1337 sic,
1292 1298 1434 1330 videtur:

577 1353 602 1384 l.
620 1351 698 1393 Quia
716 1351 951 1383 matrimonium
966 1354 1012 1383 est
1026 1354 1146 1382 tantum
1161 1350 1433 1389 consentientium,

488 1409 517 1438 et
540 1414 711 1437 consensus
735 1408 781 1437 est
810 1405 929 1437 ratione
961 1404 1135 1443 utentium;
1160 1404 1215 1436 sed
1240 1403 1348 1436 furiosi
1374 1413 1435 1435 non

484 1462 618 1490 utuntur
644 1458 779 1490 ratione:
805 1466 880 1499 ergo
904 1461 961 1490 etc.

573 1513 602 1544 2.
627 1512 719 1549 item,
745 1511 816 1553 plus
841 1511 921 1543 tollit
957 1520 1144 1543 consensum
1181 1510 1313 1543 stultitia
1338 1519 1434 1552 quam

483 1574 590 1603 error,
608 1565 662 1597 sed
688 1574 777 1597 error
796 1565 926 1606 impedit
945 1565 1181 1596 matrimonium
1195 1563 1225 1595 2:
1243 1573 1317 1605 ergo
1334 1564 1435 1596 multo

483 1618 582 1660 magis
606 1618 696 1650 furia.

572 1671 600 1703 3.
625 1671 715 1709 item,
740 1671 879 1703 furiosus
904 1680 962 1703 non
981 1674 1082 1712 potest
1099 1674 1181 1703 stare
1200 1670 1228 1702 in
1248 1670 1362 1702 iudicio
1379 1678 1435 1702 nec

485 1725 660 1764 testificari,
685 1734 760 1765 ergo
784 1734 840 1757 nec
865 1727 1060 1756 contractum
1086 1724 1203 1763 facere;
1228 1724 1282 1756 sed
1300 1723 1371 1765 plus
1388 1726 1435 1756 est

485 1782 678 1810 contractum
705 1778 805 1810 facere
822 1777 941 1809 ratione
959 1777 1006 1809 sui
1025 1777 1165 1818 corporis
1189 1786 1284 1818 quain
1310 1785 1434 1809 rerum:

484 1840 558 1872 ergo
583 1831 607 1863 si
634 1830 868 1862 matrimonium
886 1833 933 1862 est
950 1834 1128 1862 contractus
1145 1833 1292 1871 respectu
1316 1830 1436 1872 proprii

484 1882 638 1924 corporis,
664 1886 749 1924 patet
772 1885 829 1914 etc.

572 1937 602 1968 li.
626 1936 720 1974 item,
744 1935 882 1967 furiosus
906 1944 966 1967 non
992 1939 1132 1967 meretur
1157 1943 1213 1967 nec
1238 1935 1437 1974 demeretur,

484 1988 538 2021 sed
571 1989 673 2021 omnis
708 1989 761 2030 qui
798 1988 927 2030 suscipit
963 1988 1218 2026 Sacramentum,
1243 1986 1372 2028 suscipit
1396 1987 1436 2019 ad

485 2042 654 2080 meritum,
680 2041 729 2073 vel
758 2041 965 2079 demeritum,
992 2040 1040 2073 vel
1066 2040 1169 2081 digne,
1206 2039 1254 2072 vel
1292 2039 1434 2081 indigne:

484 2103 558 2135 ergo
583 2094 721 2125 furiosus
745 2103 805 2125 non
831 2097 932 2135 potest
957 2093 1116 2134 suscipere
1141 2093 1389 2131 Sacramentum,
1408 2096 1437 2125 et

485 2146 528 2179 sic
552 2156 609 2179 nec
633 2146 880 2178 matrimonium.

573 2199 716 2232 Comae:
746 2201 772 2231 1.
796 2199 1028 2231 Matrimonium
1054 2202 1101 2231 est
1131 2199 1169 2231 ad
1208 2199 1436 2240 procreandam

485 2252 605 2294 prolem
630 2252 669 2284 ad
694 2252 814 2284 cultum
842 2252 909 2290 Dei,
934 2261 1009 2294 ergo
1033 2252 1086 2293 qui
1120 2255 1219 2293 potest
1243 2251 1302 2283 hoc
1334 2251 1437 2283 facere

484 2309 585 2348 potest
610 2305 844 2337 matrimonium
870 2305 1070 2342 contrahere3
1095 2304 1149 2337 sed
1174 2304 1312 2336 furiosus
1337 2307 1438 2345 potest

484 2368 651 2401 generare:
677 2368 752 2400 ergo
776 2362 832 2391 etc.

574 2413 602 2444 Ξ.
628 2412 721 2449 item.
746 2411 827 2443 furia
852 2411 995 2453 provenit
1019 2411 1270 2449 accidentaliter3
1296 2411 1351 2443 sed
1377 2420 1438 2442 ma—

484 2464 667 2496 trimonium
693 2468 739 2496 est
764 2464 925 2496 vinculum
960 2463 1141 2496 insolubile:
1168 2472 1242 2505 ergo
1267 2463 1350 2495 suria
1375 2473 1436 2495 non

484 2517 614 2559 impedit
638 2517 884 2549 matrimonium.

574 2570 603 2602 3.
628 2570 721 2608 Item,
738 2570 763 2602 si
788 2580 805 2602 a
828 2569 911 2602 suria
935 2573 1035 2611 polest
1052 2570 1122 2612 quis
1141 2569 1278 2608 liherari,
1296 2572 1326 2601 et
1343 2578 1435 2601 nemo

484 2626 585 2664 potest
608 2622 705 2659 scire,
732 2626 839 2654 utrum
868 2621 1088 2663 sitperpetua;
1105 2621 1159 2654 sed
1185 2621 1366 2662 impotentia
1391 2631 1438 2654 co-

484 2675 578 2707 eundi
606 2683 664 2706 non
691 2675 840 2716 impedit,
864 2675 921 2707 nisi
948 2675 987 2706 sit
1011 2678 1163 2716 perpetua
1187 2674 1363 2706 secuudum
1389 2683 1437 2707 ve-

486 2728 626 2766 ritatem,
652 2728 700 2760 vel
726 2728 930 2769 probabiliter
954 2727 1173 2759 coniiciatiir³:
1192 2736 1266 2768 ergo
1290 2730 1347 2759 etc.

572 2781 602 2812 li.
628 2781 717 2818 item,
742 2780 880 2813 furiosus
904 2783 1006 2821 potest
1031 2779 1182 2821 baptizari
1206 2784 1236 2812 et
1261 2779 1371 2821 recipit
1389 2780 1438 2811 Sa-

485 2837 680 2865 cramentum
708 2833 870 2874 baptismi:
896 2842 970 2874 ergo
1006 2833 1159 2865 consimili
1193 2833 1311 2865 ratione
1336 2837 1437 2874 potest

486 2886 720 2917 matrimonium
746 2886 941 2918 contrahere.

1857 1253 2095 1277 CONCLUSIO.

1502 1349 1612 1381 Faria
1637 1350 1860 1382 concomitans
1892 1354 1970 1382 aeta
1994 1350 2250 1383 contractionem
2285 1350 2453 1383 matrimo-

1590 1403 1640 1434 nii
1663 1403 1797 1444 impedit
1832 1404 2105 1442 matrimonium,
2130 1413 2195 1436 uon
2226 1414 2301 1436 vero
2325 1404 2357 1436 si
2385 1408 2452 1436 caii-

1592 1461 1660 1488 tam
1686 1456 1800 1489 habita
1820 1457 2004 1498 praecedit,
2029 1457 2079 1489 vel
2100 1457 2132 1489 si
2153 1461 2323 1500 sequatur.

1591 1563 1793 1595 Respounssoz
1828 1562 2019 1601 Dicendum,
2044 1563 2129 1604 quod
2154 1563 2236 1595 circa
2265 1563 2323 1595 hoc
2348 1562 2452 1595 distin-

1501 1615 1662 1656 guendum
1699 1619 1762 1654 est,
1798 1615 1871 1657 quia
1906 1615 1989 1647 furia
2023 1620 2078 1647 aut
2113 1615 2372 1654 concomitatur,
2397 1618 2450 1648 aut
2462 1630 2479 1651 ι)

1499 1668 1682 1709 praecedit,
1709 1668 1756 1700 vel
1773 1668 1932 1711 sequitur.
1950 1669 1978 1700 Si
2001 1668 2241 1700 concomitatur
2251 1681 2262 1706 ;
2279 1672 2363 1708 tunc,
2380 1669 2452 1711 quia
2465 1683 2479 1705 c

1500 1721 1640 1753 furiosus
1664 1730 1725 1753 non
1750 1721 1844 1753 hahet
1868 1724 2053 1763 potestatem
2089 1721 2320 1760 consentiendi,
2346 1725 2375 1753 et
2400 1722 2452 1753 im-

1500 1774 1586 1815 pedit
1611 1774 1845 1806 matrimonium
1871 1778 1901 1806 et
1926 1774 2047 1806 nullum
2074 1778 2138 1811 est;
2168 1775 2192 1807 si
2217 1778 2324 1807 autem
2357 1784 2449 1816 prae-

1500 1827 1601 1865 cedit,
1626 1830 1656 1859 et
1680 1827 1732 1860 ille
1757 1827 1851 1860 habet
1875 1827 1979 1860 lucida
2004 1827 2185 1866 intervalla,
2212 1827 2260 1860 vel
2284 1827 2453 1870 sequitur,-

1502 1881 1737 1913 matrimonium
1763 1890 1823 1912 non
1849 1880 2009 1922 inipedit⁴.
2035 1899 2078 1904 —-
2101 1880 2245 1913 Rationes
2280 1889 2354 1922 ergo
2386 1889 2479 1922 pro-A

1503 1933 1625 1972 hantes,
1649 1933 1734 1975 quod
1759 1933 1906 1975 impedit,
1931 1933 2107 1975 procedunt
2131 1942 2167 1965 ea
2192 1933 2258 1971 via,
2283 1942 2345 1974 qua
2373 1932 2454 1965 furia

1502 1989 1548 2018 est
1573 1990 1714 2027 tempore
1738 1995 1914 2018 consensa-s
1938 1989 1968 2018 et
1993 1986 2168 2018 secundum
2185 1989 2317 2023 actuum
2335 1986 2358 2017 si
2378 1994 2452 2018 vero

1502 2047 1563 2070 non
1588 2042 1669 2070 esset
1693 2042 1771 2070 acta
1795 2038 1948 2077 furiosus,
1973 2038 2027 2071 sed
2053 2037 2188 2076 habita,-
2204 2039 2297 2070 etiam
2321 2038 2345 2070 si
2364 2038 2478 2074 habe-0

1502 2095 1549 2123 ret
1574 2091 1714 2123 lucidum
1749 2091 1968 2131 intervallum,
2005 2101 2065 2123 non
2102 2091 2231 2124 deberet
2267 2092 2453 2123 contrahere

1502 2148 1631 2186 propter
1655 2144 1850 2186 periculum,
1868 2145 1942 2186 quia
1962 2145 2031 2177 talis
2056 2145 2176 2186 prolem
2202 2145 2301 2177 nescit
2317 2144 2453 2177 educare

1503 2207 1559 2230 nec
1583 2207 1655 2230 cum
1680 2207 1782 2230 uxore
1806 2198 1910 2230 debite
1935 2198 2133 2237 cohabitare3
2159 2202 2261 2230 tamen
2287 2198 2312 2230 si
2337 2201 2454 2230 contra·

1503 2251 1608 2290 heret,
1633 2255 1828 2283 contractum
1853 2255 1943 2284 esset.

1594 2305 1621 2335 1.
1646 2304 1689 2336 Ad
1714 2304 1793 2336 illud
1818 2313 1892 2336 vero
1917 2305 2001 2347 quod
2025 2304 2171 2337 obiicitur
2192 2304 2223 2336 in
2248 2304 2450 2343 contrarium,
2476 2320 2478 2337 ι

1502 2357 1586 2399 quod
1612 2361 1713 2399 potest
1738 2366 1905 2399 procreare
1930 2357 2068 2399 prolem;
2092 2357 2276 2396 dicendum,
2302 2357 2387 2399 quod
2411 2350 2478 2389 se-¹'

1503 2409 1641 2441 cundum
1679 2412 1794 2441 statum
1829 2409 1955 2442 furiae⁵
1986 2419 2045 2441 non
2084 2413 2200 2451 potest,
2234 2410 2307 2452 quia
2342 2410 2453 2449 nescit,

1503 2463 1573 2504 quis
1598 2462 1637 2494 sit
1654 2463 1708 2494 Dei
1726 2463 1847 2501 cultus;
1865 2463 1963 2495 nescit
1983 2463 2076 2495 etiam
2095 2462 2175 2495 filios
2192 2463 2337 2496 educare.
2356 2464 2453 2495 Prae-

1503 2519 1609 2554 terea,
1634 2515 1658 2548 si
1685 2516 1742 2548 hoc
1767 2519 1887 2557 posset,
1914 2525 1974 2548 non
1999 2520 2200 2558 sequeretur,
2217 2516 2292 2558 quia
2316 2516 2375 2549 hoc
2391 2525 2450 2548 non

1503 2568 1576 2601 dicit
1602 2572 1702 2601 totum
1726 2578 1793 2601 esse
1817 2568 2018 2600 matrimonii.

1592 2621 1620 2652 Ξ.
1645 2621 1689 2652 Ad
1714 2620 1793 2653 illud
1818 2620 1901 2662 quod
1927 2620 2087 2659 obiicitur,
2113 2620 2197 2662 quod
2221 2621 2451 2653 accidentaliter

1503 2673 1587 2705 venit
1610 2677 1641 2705 et
1665 2674 1800 2712 recedit;
1824 2673 2010 2712 dicendum,
2035 2673 2119 2715 quod
2144 2674 2200 2706 etsi
2219 2674 2451 2706 matrimonium

1502 2728 1541 2759 sit
1565 2731 1760 2760 contractum
1793 2736 1848 2768 per
1877 2727 2009 2766 furiam,
2035 2727 2120 2759 non⁶
2146 2727 2296 2766 solvitur,
2322 2727 2377 2760 sed
2402 2727 2453 2759 im·
2482 2749 2483 2768 i

1502 2779 1602 2822 pediri
1627 2783 1742 2821 potest,
1764 2783 1803 2811 nt
1827 2789 1887 2811 non
1913 2780 2135 2818 contrahatur3
2160 2783 2190 2812 et
2214 2780 2238 2811 si
2269 2779 2362 2812 etiam
2387 2788 2452 2812 con·
2482 2812 2483 2824 ¹

1502 2833 1664 2870 trahatur,
1690 2832 1767 2864 nihil
1793 2832 1843 2870 iit,
1869 2832 1926 2864 nisi
1952 2833 2153 2874 postmodum
2179 2833 2365 2871 consentiat,
2382 2840 2451 2865 cum
2482 2837 2483 2867 l

1504 2885 1615 2917 habuit
1640 2885 1804 2917 intervalla
1830 2885 1943 2917 lucida.
2482 2882 2483 2952 Ῑ

557 3192 562 3208 ¹
585 3193 645 3218 Cod.
667 3195 685 3217 ti
705 3193 890 3226 perversitate,
917 3193 988 3226 quod
1014 3195 1090 3219 etiam
1117 3194 1181 3219 infra
1207 3194 1232 3218 in
1258 3195 1313 3225 ipsa
1339 3197 1436 3225 quaest.

486 3236 553 3261 idem
575 3238 631 3262 cod.
653 3245 700 3269 pro
717 3237 887 3270 perversione
906 3238 1044 3264 substituit.

556 3280 566 3296 ²
586 3280 634 3306 Cir.
656 3289 734 3313 supra
755 3282 779 3307 d.
801 3283 841 3306 30.
863 3290 886 3314 q.
912 3283 929 3307 l.

556 3324 566 3339 3
587 3325 616 3350 L't
635 3330 765 3350 ostensum
792 3331 829 3351 est
853 3333 931 3357 supra
958 3334 980 3351 a.
1002 3328 1024 3351 2.
1046 3334 1069 3358 q.
1095 3327 1114 3351 l.
1135 3331 1159 3352 et
1186 3328 1208 3351 2.
1230 3340 1263 3344 —
1289 3327 1314 3351 ln
1340 3325 1439 3351 maiori

486 3368 599 3392 secunda
619 3375 710 3393 monus
730 3370 753 3393 in
774 3370 849 3394 codd.
870 3371 906 3394 El
927 3370 1019 3395 delevit
1039 3370 1071 3396 si.

1572 3194 1582 3210 ⁴
1604 3195 1668 3219 Vide
1689 3194 1813 3221 Glossam
1833 3195 1857 3219 in
1877 3193 1903 3219 C.
1924 3193 2013 3227 Neque
2032 3193 2153 3227 furiosus
2173 3194 2251 3226 (260,
2273 3193 2299 3219 C.
2320 3194 2361 3218 32.
2381 3200 2405 3225 q.
2423 3190 2447 3216 7.
2480 3189 2482 3225 j

1505 3252 1535 3255 —
1556 3239 1614 3263 Post
1631 3238 1673 3263 rel
1691 3238 1747 3263 cod.
1768 3238 1788 3263 U
1809 3239 1899 3269 repetit
1917 3237 1948 3263 si.
2480 3232 2481 3248 ³

1572 3281 1582 3297 ⁵
1602 3283 1649 3307 Pro
1667 3281 1857 3315 furitic‚(1uod
1876 3281 1917 3306 alii
1937 3281 2013 3307 codd.
2035 3286 2059 3307 et
2079 3281 2120 3307 ed.
2141 3282 2150 3306 l
2173 3282 2305 3313 omittunt,
2321 3279 2395 3306 codd.
2410 3278 2446 3303 lK
2480 3290 2481 3311 l

1502 3325 1586 3351 illam.
1608 3326 1722 3351 Subinde
1742 3333 1789 3358 pro
1808 3325 1867 3359 quis
1886 3325 1961 3351 codd.
1982 3326 2065 3351 ΑΕΚ
2086 3325 2157 3359 qaid.

1572 3369 1582 3385 ⁶
1602 3369 1665 3394 Edd.
1686 3376 1740 3395 uon
1760 3370 1855 3395 tumen.
1876 3370 1931 3395 Mox
1951 3377 1999 3402 pro
2017 3368 2047 3403 fit
2066 3369 2122 3395 cod.
2142 3370 2161 3394 A
2180 3368 2253 3402 facit.
