2483 3882
0 541 44 564 iosi-

8 1747 38 1768 in-

722 230 816 262 DIST.
840 230 991 264 XXXVIII.
1016 230 1096 262 ART.
1122 231 1141 262 Ι.
1167 231 1319 272 QUAEST.
1344 232 1363 263 Ι.

58 317 232 352 voluntaria
241 329 249 356 3
266 317 321 349 sed
347 317 453 350 nullus
478 317 665 359 obligatione
690 317 867 350 voluntaria
890 318 1004 360 obliga-

60 376 117 410 tur,
134 370 192 402 nisi
216 370 291 403 velit
314 370 464 412 obligari,
481 374 511 402 et
532 370 640 403 nullus
657 370 725 403 vult
741 371 872 413 obligari
892 371 1004 410 verbo,

57 424 114 457 nisi
139 423 191 465 qui
217 423 348 455 intendit
373 432 405 456 se
429 423 584 464 obligare:
609 432 684 465 ergo
707 427 764 456 etc.

142 475 289 508 CONTRA:
315 475 497 507 ostenditur
521 476 606 516 quod
626 475 806 517 promissio
830 485 892 508 non
909 476 948 508 sit
965 476 1004 509 de

57 536 168 571 genere
192 527 274 559 voti:

147 581 173 611 i.
199 579 255 611 Per
278 579 373 611 aliam
403 579 614 611 definitionem
640 579 702 612 voti
718 579 748 612 ¹:
781 581 924 613 «Votum
958 585 1004 613 est

58 632 195 666 melioris
218 632 290 664 boni
315 632 475 673 conceptio
500 640 571 663 cum
597 632 821 664 deliberatione
845 632 997 665 firmata»

56 705 98 709 —
119 685 195 717 haec
219 684 358 717 definitio
382 684 457 716 dicit
481 684 542 716 voti
568 684 774 716 substantiam
800 704 842 707 —
866 686 920 718 sed
945 686 1003 718 hoc

56 740 154 770 totum
178 739 279 778 potest
303 745 371 768 esse
395 736 461 768 sine
485 736 710 777 promissione:
736 745 811 778 ergo
835 740 892 769 etc.

143 790 172 821 2.
203 789 297 828 Item,
321 788 490 830 Gregorius
523 797 617 830 super
643 788 881 821 Ezecliielem²z
912 790 1003 830 «Qui

57 842 187 875 meliora
210 850 303 883 agere
334 841 509 874 deliberant
532 845 562 873 et
586 841 758 874 deliberata
781 850 841 873 non
866 842 1002 881 faciunt,

55 895 129 928 dum
154 903 186 927 se
210 894 350 932 elevant,
375 894 492 926 cadunt
507 906 537 926 »z
563 903 638 935 ergo
662 894 846 926 deliberatio
864 894 1002 927 melioris

54 947 169 989 obligat
191 947 231 979 ad
255 946 450 986 faciendum,
475 946 614 988 alioquin
638 956 699 979 non
722 950 804 979 esset
821 956 929 985 casus;
947 947 1002 980 sed

54 1009 115 1032 non
138 1002 185 1032 est
208 999 251 1031 ibi
275 999 336 1031 alia
359 999 506 1041 obligatio
530 1009 625 1041 quam
650 1000 733 1032 voti:
764 1008 839 1041 ergo
863 1000 928 1032 sola
953 1001 1003 1032 de-

56 1052 197 1085 liberatio
221 1051 288 1084 sine
312 1051 518 1093 promissione
543 1055 590 1084 est
613 1055 741 1084 votum:
765 1061 826 1084 non
843 1061 918 1094 ergo
935 1062 1003 1094 pro-

54 1105 160 1138 missio
183 1108 230 1137 est
253 1105 292 1137 de
316 1105 450 1137 essentia
474 1104 547 1137 voti.

142 1158 216 1190 Item
229 1183 236 1196 ,
261 1157 346 1199 quod
370 1166 427 1190 nec
452 1157 490 1190 sit
507 1157 676 1199 obligandi
691 1157 843 1196 intentio,
861 1157 999 1190 videtur:

140 1210 168 1242 3.
194 1209 271 1251 Quia
296 1209 410 1252 aliquis
433 1213 597 1251 promotus
613 1210 653 1242 ad
670 1219 776 1242 sacros
797 1210 941 1249 ordines,
959 1211 1001 1242 in-

51 1262 180 1295 tendens
196 1262 322 1294 ordines
346 1262 505 1304 suscipere
529 1267 559 1295 et
584 1262 670 1294 nullo
694 1262 787 1295 modo
804 1262 935 1304 obligari
960 1263 999 1295 ad

51 1315 239 1354 castitatem,
268 1314 472 1347 nihilominus
496 1315 670 1356 obligatur,
694 1324 729 1347 ac
754 1315 779 1347 si
803 1315 998 1347 intenderet:

50 1377 124 1409 ergo
148 1367 283 1406 videtur,
301 1367 385 1409 quod
409 1367 448 1400 de
474 1367 647 1400 substantia
661 1367 671 1382 ³
693 1368 754 1399 voti
777 1377 839 1399 non
864 1368 903 1400 sit
926 1368 1000 1400 obli-

51 1420 142 1463 gandi
167 1420 304 1453 intentio.

135 1473 165 1504 [ι.
189 1473 283 1512 Item,
308 1473 333 1505 si
358 1473 472 1514 aliquis
496 1473 580 1505 iurat
604 1473 715 1513 alicui,
741 1483 801 1506 non
835 1474 998 1507 intendens

50 1534 82 1558 se
105 1525 244 1567 obligare
268 1526 307 1558 ad
331 1526 362 1558 id
387 1526 471 1567 quod
497 1526 593 1558 verba
622 1526 813 1568 significant,
839 1527 998 1559 iudicatur

50 1578 253 1610 nibilominus
277 1579 319 1610 ita
343 1578 515 1620 obligatus,
533 1587 568 1611 ac
586 1579 610 1611 si
629 1579 819 1611 intenderet:
838 1588 912 1620 ergo
929 1580 997 1621 pari

49 1631 168 1664 ratione
192 1631 318 1664 videtur
342 1631 371 1663 in
397 1635 486 1670 voto,
511 1631 595 1673 quod
620 1631 655 1664 fit
679 1632 744 1664 sine
768 1632 947 1664 intentione.

136 1684 228 1723 Item,
254 1693 325 1717 cum
350 1685 409 1717 ista
434 1685 496 1717 duo
521 1684 664 1717 similiter
685 1684 798 1717 faciant
814 1685 853 1717 ad
871 1695 938 1717 esse
955 1685 998 1717 iu-

51 1738 203 1776 ramenti,
239 1737 355 1770 scilicet
391 1738 557 1779 promissio
592 1741 622 1769 et
656 1737 814 1779 obligandi
850 1738 996 1778 intentio,

48 1790 227 1832 quaeritur,
253 1798 333 1831 quae
358 1790 397 1822 sit
420 1789 604 1822 differentia.

397 1903 635 1927 CONcLuslo.

51 2000 97 2032 De
120 2000 259 2032 essentia
281 2000 350 2032 voti
363 2004 441 2032 sunt
454 2000 632 2042 promissio
657 2003 686 2032 et·
708 2000 878 2042 obliyandi
898 2000 997 2032 inten-

135 2053 198 2090 tio;
214 2056 243 2084 et
266 2052 302 2084 in
324 2056 396 2084 voto
420 2052 566 2094 simplici
584 2052 771 2095 requiritur
793 2052 929 2084 verbum
951 2052 996 2084 in-

134 2105 247 2144 terius,
273 2104 308 2137 in
331 2104 471 2137 solemni
492 2105 646 2137 exterius.

132 2212 335 2244 RespoNnno:
360 2211 554 2250 Dicendum,
578 2211 663 2253 quod
687 2211 745 2243 ista
771 2211 834 2243 duo
859 2214 932 2244 sunt
955 2211 994 2244 de

0 2283 1 2291 1
28 2265 181 2298 .essentia
204 2265 284 2303 voti,
309 2264 426 2297 scilicet
446 2264 624 2306 promissio
649 2268 678 2297 et
703 2264 873 2307 obligandi
896 2265 994 2296 inten-

45 2318 96 2350 tio.
124 2318 202 2350 Cum
236 2320 342 2349 votum
372 2317 412 2349 sit
441 2317 594 2359 obligatio
618 2327 704 2349 nova
728 2320 759 2349 et
782 2316 994 2355 voluntaria,

45 2370 117 2413 quia
140 2370 178 2402 de
198 2379 281 2401 nouo
304 2373 352 2402 est
376 2370 598 2411 superaddita,
620 2369 799 2411 promissio
823 2373 870 2402 est
893 2378 996 2402 neces-

45 2423 147 2462 saria,
177 2422 247 2465 quia
281 2431 357 2455 vero
388 2422 600 2461 voluntaria,
633 2426 771 2464 oportet,
804 2423 889 2464 quod
921 2422 995 2454 velit

46 2476 204 2519 obligari,
222 2479 253 2508 et
268 2476 311 2507 ita
324 2475 350 2515 ⁴,
373 2476 457 2517 quod
475 2484 508 2508 se
524 2475 664 2517 obligare
681 2475 831 2508 intendat.
849 2476 909 2508 Sed
926 2485 995 2508 con-

44 2530 133 2572 tingit
163 2529 347 2571 promittere
377 2528 470 2561 alicui
496 2528 614 2570 duplici
639 2528 753 2567 verbo,
778 2528 896 2560 scilicet
920 2527 995 2559 inte-

113 2711 120 2727 ¹
140 2711 190 2737 Cir.
212 2719 290 2743 supra
312 2718 372 2743 pag.
403 2710 467 2742 1156,
488 2713 547 2736 nota
566 2710 590 2736 5.
611 2724 645 2728 —-
664 2710 713 2735 Pro
734 2709 851 2736 melioris
880 2709 942 2736 boni
969 2711 994 2735 in

45 2755 101 2781 cod.
121 2756 139 2780 E
158 2755 271 2781 secunda
292 2762 385 2780 manus
404 2754 534 2780 substituit
563 2753 681 2780 melioris
703 2753 835 2788 propositi
853 2754 908 2786 (cfr.
930 2755 994 2780 infra

45 2801 69 2824 in
88 2800 179 2832 corp.),
199 2803 223 2825 et
251 2806 299 2831 pro
328 2805 390 2825 cum
418 2798 477 2824 edd.
497 2797 589 2824 (inimi.
618 2799 743 2830 Superius
768 2805 816 2829 pro
844 2797 875 2824 de
899 2805 995 2831 genere

46 2842 120 2868 codd.
140 2843 195 2868 KV
215 2842 233 2875 (l
253 2850 267 2867 a
287 2842 402 2868 secunda
422 2841 512 2873 manu)
532 2841 563 2867 cle
581 2839 738 2867 substantia.

114 2886 125 2904 2
142 2885 210 2912 Libr.
230 2887 246 2910 1.
270 2887 357 2911 homil.
379 2887 402 2911 3.
422 2893 447 2911 n.
469 2886 514 2917 18,
535 2885 579 2911 ubi
599 2885 723 2917 ostendit,
744 2885 825 2910 verba
845 2885 947 2918 (Ezech.
971 2886 993 2918 ri,

47 2929 97 2962 9.);
116 2929 177 2956 Non
196 2928 405 2961 revertebantur,
428 2936 490 2956 cum
514 2928 664 2955 incederent
681 2932 737 2961 etc.²
757 2936 805 2954 nec
823 2929 856 2954 de
880 2931 995 2961 peccato-

46 2972 117 2998 ribus
144 2973 243 2999 bonum
267 2973 483 3005 cognoscentibus
502 2977 528 2998 et
547 2973 579 2998 de
598 2974 655 3005 ipso
676 2973 878 2998 deliberantibus
897 2980 944 2998 nec
964 2973 996 2998 de

45 3017 199 3048 imperfectis
218 3017 318 3043 bonum
339 3017 445 3050 quidem
464 3017 629 3049 facientibus,
650 3017 697 3042 sed
721 3017 828 3042 meliora
853 3016 995 3042 deliberata

45 3060 247 3093 relinquentibus
266 3061 407 3093 verificari,
427 3061 473 3086 sed
494 3064 593 3086 tantum
612 3060 644 3086 de
665 3062 792 3092 perfectis.

114 3103 125 3120 3
143 3105 178 3129 lta
198 3105 254 3130 cod.
274 3105 307 3136 U,
328 3105 385 3130 cod.
406 3105 427 3130 V
447 3112 461 3130 a
480 3104 594 3130 secunda
620 3111 699 3130 manu
724 3103 846 3137 essentia,
868 3106 945 3130 ceteri
970 3107 995 3130 et

46 3146 106 3171 edd.
126 3147 251 3173 mendose
270 3147 439 3182 obligatione,
460 3150 488 3173 ut
507 3147 619 3179 videtur,
639 3154 686 3179 pro
706 3147 816 3173 ratione.

114 3189 125 3206 ⁴
144 3190 224 3216 Codd.
244 3192 321 3223 PQS
340 3193 364 3217 et
382 3191 470 3217 etiam.

113 3233 125 3250 ⁵
143 3235 213 3260 Libr.
235 3236 250 3260 1.
271 3236 334 3267 Reg.
355 3236 402 3268 l16,
422 3236 452 3260 7:
472 3235 555 3260 Homo
575 3236 644 3260 enim
663 3235 734 3260 videt
752 3242 781 3260 ea
803 3242 869 3267 quae
889 3237 992 3268 parent,

49 3277 171 3303 Dominus
190 3282 276 3304 autem
295 3280 408 3305 intuetur
427 3286 479 3304 cor.

114 3320 126 3337 ⁶
145 3322 246 3348 Praeter
274 3322 463 3354 definitionem,
490 3329 568 3354 quam
597 3322 717 3353 Magister
741 3323 783 3347 hic
810 3322 835 3347 in
864 3322 899 3347 Iit.
928 3329 948 3347 c.
970 3323 993 3348 l.

47 3366 182 3398 proponit,
208 3367 234 3392 B.
263 3366 358 3392 Albert.
388 3367 440 3398 (hic
467 3373 489 3391 a.
517 3366 551 3398 si.)
580 3369 718 3398 sequentes
743 3366 828 3392 affert:
856 3366 931 3398 Hugo
961 3366 994 3392 de

1957 235 2020 266 815

1069 319 1158 351 riori
1180 322 1210 351 et
1233 319 1398 352 exteriori.
1432 320 1598 353 promissio
1630 323 1782 363 quantum
1812 321 1851 353 ad
1884 321 2017 354 verbum
2033 328 2175 351 Conclusioz‘.

1070 371 1211 403 interius
1235 372 1428 414 cogitationis
1452 376 1482 405 et
1507 373 1740 406 deliberationis
1764 377 1810 406 est
1828 374 1866 406 de
1890 374 2021 407 necessi-

1069 426 1132 455 tate
1156 424 1219 456 voti
1240 424 1420 466 simplicis,
1438 425 1522 466 quod
1539 425 1656 467 obligat
1673 429 1826 467 quantum
1844 426 1884 458 ad
1900 426 2000 459 Deum
2012 452 2019 466 ,

1068 476 1122 517 qui
1148 476 1294 509 intuetur
1319 487 1375 509 cor
1390 477 1410 508 ⁵.
1436 478 1495 510 Sed
1520 479 1685 520 promissio
1709 483 1861 521 quantum
1887 479 1927 512 ad
1950 486 2174 512 ver-Conuusio3⁴

1069 527 1145 559 bum
1171 528 1220 560 vel
1245 529 1368 571 signum
1394 530 1539 562 exterius
1562 534 1609 563 est
1633 531 1671 563 de
1694 531 1876 563 necessitate
1892 531 1955 563 voti
1972 540 2019 563 so-

1069 578 1203 618 lemnis,
1228 581 1312 622 quod
1337 582 1454 623 obligat
1478 586 1631 624 quantum
1656 583 1695 615 ad
1720 583 1830 616 faciem
1847 584 2017 622 Ecclesiae,

1067 640 1148 672 quae
1182 632 1299 666 iudicat
1330 634 1505 666 secundum
1532 644 1568 667 ea
1592 644 1672 677 quae
1696 639 1812 677 patent.
1838 636 2016 668 Secundum

1068 685 1126 717 hoc
1152 685 1271 727 duplex
1297 686 1390 719 datur
1415 687 1554 720 definitio
1579 688 1617 720 de
1642 692 1734 727 voto3
1760 689 1812 721 illa
1828 689 2017 731 magistralis

1068 739 1098 768 et
1122 738 1298 770 communis
1322 742 1369 771 est
1392 739 1431 771 de
1455 744 1526 772 voto
1551 740 1705 782 simplici:
1737 753 1751 770 ‹<
1768 741 1933 783 Conceptio
1956 750 2017 774 me-

1068 789 1155 822 lioris
1179 791 1330 832 propositi
1345 791 1356 806 ⁶
1373 803 1388 820 »
1418 796 1474 824 etc.

1159 843 1186 873 1.
1211 843 1240 873 Q.
1266 843 1308 874 Ad
1334 843 1413 875 illud
1438 844 1521 885 quod
1553 845 1699 876 obiicitur
1723 853 1778 886 per
1804 845 2015 877 definitionem
2043 854 2173 885 soiuttoop.

1068 894 1129 926 voti
1160 897 1189 926 et
1220 895 1436 927 auctoritatem
1463 896 1621 938 Gregorii,
1649 898 1678 929 in
1703 897 1768 929 sola
1793 897 2016 930 deliberatione
2032 883 2156 908 ‘mmmm'

1067 950 1175 978 votum
1201 947 1391 986 consistere;
1416 948 1603 988 dicendum,
1628 950 1713 991 quod
1734 959 1795 982 non
1813 950 1989 992 intelligunt
2003 951 2013 966 ⁷
2029 959 2157 981 Notandum.

1067 999 1106 1031 de
1130 1000 1269 1041 qualibet
1301 1000 1543 1041 deliberatione,
1568 1002 1622 1034 sed
1655 1003 1693 1035 de
1725 1003 1778 1034 illa
1807 1012 1887 1045 quae
1911 1004 2016 1036 firmat

1066 1052 1284 1093 propositum3
1317 1056 1347 1085 et
1371 1053 1448 1086 haec
1471 1058 1518 1086 est
1542 1064 1622 1096 quae
1647 1056 1811 1088 consensui
1836 1056 1923 1088 addit
1946 1065 2015 1098 pro-

1066 1105 1268 1145 missionem;
1293 1106 1384 1138 aliter
1408 1116 1468 1138 non
1493 1106 1616 1146 firmat,
1641 1108 1725 1140 unde
1750 1108 1868 1140 licitum
1894 1112 1940 1141 est
1957 1109 2015 1141 dis-

1066 1158 1190 1191 sentire.
1897 1174 1900 1177 ⁴

1155 1211 1184 1242 3.
1208 1210 1252 1243 Ad
1277 1211 1354 1244 illud
1381 1213 1466 1254 quod
1489 1212 1652 1251 obiicitur,
1677 1214 1761 1255 quod
1791 1214 1948 1255 obligandi
1974 1214 2015 1246 in-

1065 1263 1160 1295 tentio
1184 1272 1245 1295 non
1270 1267 1317 1296 est
1341 1266 1534 1304 necessaria,
1560 1266 1640 1298 sicut
1664 1269 1749 1308 patet
1773 1267 1804 1298 in
1829 1267 1956 1305 ordine;
1973 1267 2016 1299 di-

1064 1316 1216 1355 cendum,
1242 1317 1326 1358 quod
1352 1318 1479 1349 intentio
1504 1321 1649 1360 respectu
1670 1319 1804 1351 alicuius
1829 1323 1930 1361 potest
1946 1328 2014 1352 esse

1064 1369 1251 1410 dupliciter:
1276 1373 1331 1401 aut
1361 1370 1585 1412 principaliter,
1610 1371 1683 1413 quia
1707 1371 1746 1403 de
1772 1371 1822 1403 ilio
1848 1372 1960 1413 cogitat
1984 1374 2014 1404 et
2029 1378 2150 1400 Distinetio.
2192 1392 2195 1394 -

1064 1421 1142 1453 illud
1160 1422 1278 1463 placet,
1298 1426 1353 1455 aut
1369 1423 1442 1464 quia
1459 1423 1591 1455 intendit
1607 1424 1725 1465 aliquid
1742 1424 1929 1456 antecedens
1944 1424 1954 1439 ὃ
1976 1424 2016 1456 ad

1063 1473 1160 1513 illud,
1184 1474 1234 1506 vel
1259 1474 1442 1516 simpliciter
1468 1475 1510 1507 illi
1539 1484 1723 1514 annexum,
1749 1476 1829 1508 sicut
1853 1477 1877 1509 si
1902 1476 2016 1518 aliquis

1063 1526 1196 1558 intendit
1227 1536 1341 1560 vovere
1373 1528 1515 1570 regulam
1549 1529 1794 1568 monachorum,
1823 1538 1879 1570 per
1912 1538 2017 1562 conse-

1063 1588 1162 1620 quens
1186 1582 1217 1611 et
1240 1580 1279 1612 ad
1304 1580 1525 1612 continentiam
1543 1580 1674 1622 obligari
1694 1581 1825 1613 intendit
1842 1584 1872 1613 et
1888 1582 1928 1614 ad
1945 1581 2014 1614 obe-

1063 1632 1212 1664 dientiam
1226 1645 1234 1671 ;
1266 1633 1404 1674 alioquin
1430 1633 1525 1665 stulte
1549 1634 1668 1675 appetit
1692 1637 1722 1665 et
1746 1634 1822 1666 vult.
1848 1634 2015 1673 Similiter,

1063 1685 1136 1726 quia
1165 1685 1265 1717 ordini
1296 1694 1385 1717 sacro
1413 1694 1576 1717 annexum
1600 1689 1647 1717 est
1671 1690 1798 1724 votum,
1827 1686 1852 1718 si
1881 1685 2015 1718 intendit

1061 1737 1204 1769 ordinem
1222 1746 1347 1769 sacrum
1365 1737 1542 1779 suscipere,
1559 1747 1616 1779 per
1634 1747 1828 1779 consequeus
1844 1741 1875 1770 et
1891 1739 1930 1770 ad
1948 1747 2016 1770 con-

1061 1789 1223 1822 tinentiam
1252 1790 1382 1831 obligari
1408 1790 1633 1831 principaliter,
1651 1790 1701 1822 vel
1724 1799 1765 1822 ex
1790 1790 2015 1832 consequenti;

1061 1842 1145 1883 quod
1163 1842 1187 1874 si
1205 1842 1292 1874 nullo
1312 1842 1403 1874 modo
1421 1843 1578 1882 intendat,
1603 1851 1664 1875 non
1681 1846 1728 1875 est
1745 1846 1853 1875 votum
1868 1855 1875 1881 ;
1897 1843 1940 1875 sic
1957 1852 2014 1875 nec

1064 1894 1311 1927 matrimonium.

1148 1949 1178 1980 Δ.
1204 1948 1246 1980 Ad
1273 1948 1351 1980 illud
1383 1948 1465 1990 quod
1491 1948 1655 1988 obiicitur,
1680 1949 1764 1990 quod
1789 1949 1842 1990 qui
1867 1949 1951 1981 iurat
1983 1948 2013 1980 in

1061 2001 1132 2033 dolo
1165 2004 1311 2039 tenetur;
1340 2001 1528 2040 dicendum,
1552 2002 1637 2043 quod
1663 2002 1783 2044 duplex
1816 2005 1862 2034 est
1890 2002 2012 2040 forum,

1061 2053 1177 2085 scilicet
1202 2053 1358 2085 iudiciale
1382 2057 1412 2085 et
1433 2053 1669 2095 poenitentiale.
1703 2055 1734 2086 ln
1766 2054 1833 2086 foro
1858 2053 2012 2086 iudiciali
2024 2063 2100 2084 Forum
2117 2063 2154 2084 du-

1059 2106 1219 2139 iudicatur
1244 2106 1419 2139 secundum
1444 2107 1621 2146 exteriora,
1646 2107 1677 2139 in
1702 2107 1768 2139 foro
1786 2106 2013 2149 poenitentiali
2066 2090 2121 2116 pm

1060 2158 1235 2192 secundum
1250 2159 1480 2192 conscientiam.
1494 2160 1525 2191 In
1539 2160 1606 2192 foro
1620 2159 1792 2198 iudiciali,
1808 2160 1881 2201 quia
1900 2172 1914 2189 «
1924 2159 2010 2191 fraus

1060 2213 1138 2245 nulli
1164 2212 1256 2245 debet
1280 2213 1468 2254 patrocinari
1484 2212 1495 2227 ⁹
1512 2226 1542 2252 »,
1563 2213 1762 2255 accipiuntur
1786 2213 1884 2245 verba
1906 2221 2013 2245 secun-

1060 2265 1137 2298 dum
1161 2265 1354 2298 intellectum
1379 2274 1578 2298 communem
1596 2269 1626 2297 et
1643 2274 1773 2304 sanum,
1790 2268 1820 2297 et
1836 2264 1910 2306 quia
1926 2265 2013 2297 fraus

1060 2328 1120 2350 non
1146 2318 1238 2350 debet
1266 2318 1292 2350 ei
1322 2318 1528 2359 patrocinari,
1559 2318 1717 2350 iudicatur
1741 2318 1857 2356 teneri,
1883 2317 1963 2349 sicut
1987 2317 2012 2349 si

1060 2371 1234 2404 secundum
1270 2370 1472 2403 intentionem
1509 2374 1627 2403 rectam
1662 2370 1759 2402 verba
1799 2370 1939 2402 dixisset.
1976 2369 2009 2401 In
2024 2378 2153 2400 Notandum.

1059 2422 1126 2454 foro
1146 2422 1390 2464 poenitentiali,
1416 2423 1469 2455 ubi
1495 2426 1541 2455 est
1572 2423 1725 2455 iudIcium
1759 2423 1931 2455 secundum
1962 2430 2012 2454 ve-

1059 2474 1201 2514 ritatem,
1226 2475 1401 2514 iudicatur,
1426 2475 1520 2507 istum
1545 2484 1691 2517 peccasse
1716 2476 1746 2507 in
1771 2475 1860 2514 dolo,
1885 2475 1939 2507 sed
1961 2484 2012 2507 ne-

1060 2537 1219 2569 quaquam
1237 2537 1277 2560 ex
1295 2527 1348 2560 illa
1371 2528 1578 2570 promissione
1595 2537 1663 2561 esse
1679 2528 1851 2570 obligatum
1867 2527 1891 2542 ¹⁰
1901 2540 1909 2567 ς
1926 2527 2010 2560 unde

1059 2711 1084 2736 S.
1105 2711 1169 2736 Vict.
1189 2711 1214 2735 in
1235 2710 1301 2735 libro
1320 2710 1352 2735 de
1371 2710 1558 2741 Sacramentis,
1580 2712 1652 2741 parte
1672 2709 1723 2741 XII,
1744 2710 1781 2734 sic
1801 2709 1888 2734 desinit
1907 2712 2010 2735 votum:

1061 2755 1157 2780 Votum
1176 2756 1215 2779 est
1233 2754 1338 2785 sponsio
1357 2754 1435 2778 animi
1454 2753 1606 2778 voluntaria.
1627 2753 1656 2777 Et
1675 2753 1782 2785 quidam
1802 2754 1940 2785 iurisperiti
1960 2754 2010 2779 sic:

1060 2799 1156 2824 Votum
1177 2801 1214 2823 est
1233 2798 1340 2823 alicuius
1358 2797 1420 2822 boni
1440 2804 1500 2822 cum
1520 2796 1702 2822 deliberatione
1716 2798 1780 2822 iacta
1800 2798 1946 2828 promissio.
1960 2799 2012 2822 An-

1060 2843 1123 2875 tiqui
1144 2844 1229 2867 autom
1250 2841 1368 2866 doctores
1388 2841 1533 2871 theologiae
1552 2841 1602 2865 sic:
1622 2840 1718 2865 Votum
1738 2844 1776 2866 est
1795 2842 1930 2873 conceptio
1949 2841 2011 2866 boni

1059 2886 1186 2918 propositi
1206 2892 1266 2910 cum
1290 2884 1474 2909 deliberatione
1499 2883 1613 2915 firmata,
1634 2891 1685 2916 qua
1715 2884 1773 2915 quis
1800 2884 1833 2908 ad
1862 2884 1959 2916 aliquid
1978 2885 2011 2909 sa-

1059 2930 1180 2956 cicndum
1200 2930 1241 2954 vel
1261 2936 1312 2954 non
1341 2928 1488 2954 faciendum
1516 2935 1543 2953 se
1572 2928 1625 2964 Deo
1644 2927 1749 2959 obligat.
1778 2928 1825 2953 Alii
1854 2931 1939 2954 autem
1959 2929 2009 2954 sic:

1062 2974 1158 2999 Votum
1177 2976 1215 2999 cst
1234 2973 1373 3005 promissio
1392 2972 1505 2997 melioris
1523 2971 1585 2997 boni
1605 2979 1634 2997 ex
1655 2971 1837 2997 deliberatione
1857 2972 1964 2997 firmata.

1129 3018 1140 3034 ⁷
1159 3017 1241 3043 Codd.
1262 3017 1280 3041 E
1292 3016 1340 3041 FG
1359 3015 1522 3049 intelligitur.

1129 3061 1141 3078 8
1160 3061 1223 3087 Edd.
1244 3060 1319 3087 alind
1337 3066 1506 3093 consequens.
1527 3058 1600 3085 Circa
1621 3059 1697 3084 tinem
1718 3059 1792 3084 solut.
1812 3065 1861 3090 pro
1876 3058 2010 3092 principa-

1059 3104 1119 3131 liter
1138 3105 1195 3130 cod.
1214 3105 1235 3129 H
1263 3103 1426 3137 simpliciter,
1448 3107 1473 3129 et
1491 3106 1549 3134 post
1574 3101 1693 3128 intendat
1720 3102 1796 3128 codd.
1816 3102 1865 3127 FG
1890 3104 2009 3134 repetunt

1058 3148 1094 3174 ad
1112 3147 1301 3174 continentiam
1320 3146 1440 3180 obligari.

1128 3190 1139 3207 ⁹
1160 3191 1224 3216 Vide
1244 3198 1323 3222 supra
1343 3197 1404 3222 pag.
1436 3190 1498 3221 680,
1519 3193 1578 3215 nota
1604 3191 1627 3215 2.
1647 3204 1681 3208 ——
1702 3190 1759 3215 Post
1787 3196 1870 3221 pauca
1898 3189 2008 3215 vocibus

1058 3235 1121 3269 quia
1139 3234 1218 3268 finus
1237 3242 1268 3260 ex
1288 3234 1345 3259 cod.
1365 3234 1383 3258 L
1403 3234 1586 3265 praemisimus
1604 3235 1643 3265 et,
1664 3241 1711 3265 pro
1732 3240 1783 3266 quo
1804 3233 1860 3259 cod.
1881 3233 1904 3258 Y
1923 3233 1948 3266 (a
1970 3240 2006 3259 se-

1059 3279 1143 3305 cunda
1163 3279 1252 3310 manu)
1273 3278 1350 3304 habet
1368 3277 1414 3304 secl
1432 3277 1503 3311 quia.

1130 3322 1151 3338 ¹⁰
1170 3322 1219 3347 Csr.
1240 3322 1274 3346 III.
1295 3322 1362 3347 Sent.
1384 3321 1408 3347 d.
1429 3322 1469 3347 39.
1491 3328 1514 3347 a.
1535 3322 1559 3347 3.
1581 3329 1605 3354 q.
1627 3322 1650 3346 11.
