2483 3882
486 285 550 316 894
1243 280 1526 312 SENTENTIARUM
1551 280 1618 311 ΗΒ.
1641 280 1688 312 IV.

1589 366 1623 397 Et
1646 367 1690 398 510
1707 370 1808 407 patet,
1825 366 1910 408 quod
1927 367 2043 399 anima
2059 367 2153 399 habet
2169 368 2396 401 ordinationem
2413 373 2442 401 et
2455 381 2483 409 Ep

1499 419 1690 460 appetitum,
1704 427 1759 459 per
1773 428 1866 460 quem
1884 419 2048 451 ordinatur
2065 419 2104 451 ad
2118 419 2195 451 illud
2210 429 2333 461 corpus,
2351 430 2444 462 quan-

576 372 616 402 Ec
639 371 670 402 si
694 375 728 402 tu
752 378 915 411 quaeras,
933 376 1030 409 quare
1047 367 1164 399 anima
1187 369 1314 408 appetat
1336 366 1435 407 magis

324 435 471 464 Deappetitu
486 423 565 455 illud
590 431 684 464 quam
709 421 813 459 aliud,
838 430 909 452 cum
935 420 1022 452 nulla
1039 419 1077 451 sit
1094 419 1281 460 praeelectio
1305 422 1434 460 propter

337 466 427 482 ammae.

485 475 751 510 uniformitatem
776 473 964 510 dicendum,
987 471 1071 513 quod
1098 471 1196 512 magis
1220 471 1338 512 appetit
1365 480 1434 512 pro-

484 530 554 567 pter
579 524 804 566 colligantium
822 528 852 556 et
868 523 1116 556 coniunctionem
1128 548 1135 561 ,
1152 532 1247 564 quam
1266 522 1376 554 habuit
1393 522 1432 554 ad

346 590 468 617 Explicatio.
484 578 572 610 illud.
586 596 630 599 —
642 577 677 609 Et
695 577 754 609 1100
771 580 855 618 patet
872 576 925 608 sic.
943 576 1051 607 Anima
1067 576 1149 607 enim
1168 575 1342 614 rationalis,
1360 575 1433 616 quia

484 633 530 662 est
554 629 689 666 anima,
715 629 819 661 differt
842 629 882 660 ab
905 628 1019 669 Angelo
1043 631 1074 660 et
1097 627 1243 660 convenit
1267 636 1337 659 cum
1363 627 1432 659 aliis

484 682 667 720 animabus,
689 685 718 713 et
736 690 792 723 per
809 681 867 713 1100
885 681 979 713 habet
996 680 1226 713 inclinationem
1243 680 1283 712 ad
1301 688 1433 721 corpus3

484 735 558 776 quia
580 734 771 772 rationalis,
797 734 837 766 ad
862 742 977 775 corpus
1002 733 1195 771 humanum,
1213 733 1287 774 quia
1303 732 1433 770 nobilis,

483 788 522 819 ad
548 787 685 819 nobilius
709 787 924 828 organizatum
940 787 968 824 ¹3
990 786 1045 818 sed
1069 786 1108 818 ad
1134 786 1192 818 hoc
1214 785 1314 827 magis
1338 794 1431 826 quam

482 841 522 872 ad
546 840 632 872 aliud
663 844 790 881 propter
819 839 1098 877 coniunctionem,
1123 848 1217 880 quam
1250 838 1362 870 habuit
1393 838 1433 870 ad

337 904 467 930 Exemplum.
483 892 573 925 illud.
597 911 641 915 -—
664 892 853 933 Exemplum
882 895 948 924 est:
982 891 1005 923 si
1038 891 1109 932 quis
1142 891 1217 923 velit
1248 891 1433 922 contrahere

483 955 554 978 cum
580 945 705 977 duabus
729 944 905 986 virginibus
921 944 1130 976 existentibus
1151 952 1250 985 aeque
1268 943 1387 984 pulcris
1403 946 1434 974 et

481 998 587 1036 bonis,
613 1002 643 1030 et
666 997 796 1039 paribus
820 997 1050 1029 conditionibus
1081 996 1211 1035 ceterisg
1234 996 1285 1028 hic
1309 995 1368 1028 erit
1392 995 1434 1026 in-

482 1050 628 1082 differens
652 1053 796 1091 respectu
822 1049 998 1091 utriusque.
1023 1049 1082 1081 Sed
1099 1053 1181 1087 esto,
1199 1048 1282 1089 quod
1308 1047 1434 1080 coniun-

482 1106 574 1144 gatur
597 1102 706 1141 alteri,
731 1102 798 1144 ipsa
822 1102 998 1134 coniunctio
1023 1101 1084 1132 iam
1109 1101 1249 1142 alligabit
1273 1100 1351 1132 adeo
1368 1100 1433 1139 isti,

480 1156 505 1187 51
530 1154 614 1187 fuit‘2
639 1164 679 1187 ex
703 1163 829 1193 amore,
852 1158 888 1186 ut
919 1155 980 1185 iam
1013 1163 1073 1185 nou
1106 1153 1285 1185 consoletur
1315 1153 1433 1185 habere

479 1208 573 1240 aliam
597 1216 654 1240 nec
678 1208 767 1239 daret
792 1208 871 1239 hanc
895 1216 953 1248 pro
977 1206 1037 1238 alia
1062 1206 1212 1248 pulcriori
1237 1209 1268 1237 et
1298 1205 1430 1238 meliori.

480 1260 528 1292 Sic
552 1260 656 1292 anima
681 1263 765 1292 tanto
796 1259 908 1291 affectu
942 1258 1051 1290 unitur
1082 1258 1276 1291 substantiae
1309 1258 1430 1296 carnis,

481 1322 575 1355 quam
592 1313 681 1354 prius
698 1312 884 1350 vivificavit,
902 1312 986 1353 quod
1004 1321 1064 1343 non
1088 1311 1241 1352 complete
1258 1311 1285 1343 ei
1303 1310 1431 1350 satisfit,

480 1366 538 1398 nisi
565 1366 617 1398 illa
641 1366 768 1404 eadem,
793 1365 986 1406 ubicumque
1010 1365 1120 1403 lateat,
1145 1367 1320 1405 reparetur.

1499 474 1704 512 tumcumque
1727 470 1796 503 aliis
1820 471 2055 510 conformetur3
2072 471 2125 503 sed
2150 480 2271 513 eorpus
2289 472 2381 504 habet
2398 482 2443 505 or-

1498 522 1687 554 dinationem
1712 523 1841 554 ratione
1865 522 1997 555 divinae
2019 523 2254 564 providentiae.
2280 524 2368 565 Quod
2393 534 2444 558 au-

1499 578 1560 606 tem
1579 574 1692 607 habeat
1708 584 1763 616 per
1780 575 1898 617 aliquid
1910 601 1917 614 ,
1935 575 2019 617 quod
2036 576 2080 607 sit
2094 576 2129 607 in
2145 585 2196 614 se,
2218 585 2258 609 ex
2276 586 2338 618 quo
2354 577 2443 619 plene

1499 627 1672 658 resolutum
1691 631 1754 664 est;
1772 636 1831 659 non
1849 627 1954 659 audeo
1971 637 2119 659 asserere
2135 632 2264 670 propter
2281 629 2354 667 hoc,
2371 630 2483 671 quiatud

1498 688 1554 711 000
1579 680 1658 711 ratio
1675 688 1730 712 nec
1747 680 1917 712 auctoritas
1934 689 1990 713 nec
2006 680 2086 713 fides
2103 681 2269 723 compellit.
2287 682 2425 715 Attamen
2437 710 2444 723 ,
2465 670 2483 690 ⁰¹

1499 731 1572 773 quia
1596 734 1697 772 potest
1720 740 1804 770 0550,
1828 732 1913 773 quod
1938 732 2021 764 Deus
2045 732 2147 771 dedit,
2172 742 2232 765 non
2257 734 2361 765 audeo
2374 744 2444 776 per-

1499 784 1651 816 tiuaeiler
1682 794 1812 826 ueyare.
1842 784 1914 816 ldeo
1946 788 2066 817 certum
2100 789 2258 824 tenentes,
2289 786 2442 819 incertum
2457 797 2483 820 ru

1497 837 1756 878 profundioribus
1780 837 2004 878 relinquamus.
2030 837 2105 869 Nam
2128 841 2211 876 esto,
2228 838 2313 880 quod
2330 848 2390 870 non
2407 840 2444 872 sit

1498 890 1528 921 in
1554 889 1738 931 pulveribus
1762 890 1937 931 appetitus,
1954 893 1984 922 et
2000 891 2084 932 quod
2102 890 2155 922 fiat
2179 891 2329 924 resolutio
2346 901 2444 934 usque

1497 942 1537 974 ad
1562 942 1693 980 ultima,
1718 951 1778 974 11011
1804 942 1884 983 perit
1908 942 2045 984 aliquid,
2074 943 2159 984 quod
2183 944 2223 975 ad
2247 945 2446 977 resurrectio-

1497 1004 1568 1027 nem
1593 998 1728 1036 spectet,
1752 999 1880 1036 propter
1904 996 1963 1027 hoc
1988 995 2090 1036 quod,
2116 996 2196 1028 sicut
2217 996 2291 1028 dicit
2308 997 2446 1038 Augusti-

1497 1048 1599 1086 nus³‚
1630 1057 1722 1079 «0011
1754 1048 1836 1089 110111
1866 1048 1930 1080 Deo
1962 1051 2087 1080 terrena
2120 1049 2282 1087 materies,
2315 1049 2353 1082 de
2385 1059 2445 1091 qua
2476 1079 2483 1081 s

1498 1100 1678 1132 mortalium
1703 1104 1828 1132 creatur
1852 1109 1934 1132 caro.
1959 1100 2019 1132 Sed
2044 1100 2074 1132 in
2092 1101 2263 1142 quemlibet
2280 1102 2442 1143 pulverem

1497 1153 1674 1185 cineremve
1691 1152 1849 1191 solvatur,
1868 1153 1897 1184 10
1914 1153 2069 1194 quoslibet
2094 1153 2210 1186 halitus
2234 1163 2367 1187 aurasve
2391 1156 2443 1188 dif-

1496 1205 1609 1246 fugiat,
1634 1205 1664 1236 in
1689 1214 1923 1246 quamcumque
1947 1205 2082 1237 aliorum
2111 1215 2280 1247 corporum
2304 1207 2443 1240 substan-

1496 1259 1570 1291 tiam
1582 1284 1589 1297 ,
1614 1258 1663 1290 vel
1685 1258 1714 1289 in
1733 1258 1796 1299 ipsa
1816 1258 1969 1290 elementa
1986 1262 2147 1297 vertatur,
2164 1259 2195 1290 in
2212 1268 2442 1302 quemcumque

1497 1312 1602 1344 cibum
1626 1315 1706 1348 etc.;
1731 1310 1774 1342 1111
1806 1311 1929 1343 animae
1960 1311 2052 1343 etiam
2086 1312 2116 1343 in
2148 1316 2264 1353 puncto
2296 1315 2442 1355 temporis

1495 1363 1594 1402 redit,
1619 1371 1699 1404 quae
1724 1363 1823 1404 ipsam
1849 1363 1995 1404 primitus
2019 1364 2169 1396 animavit
2185 1364 2236 1396 ⁴».

1336 1483 1519 1524 0111115110
1543 1483 1591 1516 vi.

1098 1582 1188 1622 Quae
1211 1581 1255 1613 sit
1278 1590 1383 1613 eausa
1407 1584 1540 1612 uestrae
1564 1580 1828 1612 resurrectionis.

568 1691 662 1722 Sexto
679 1689 858 1731 quaeritur,
875 1697 955 1730 quae
973 1688 1012 1720 sit
1029 1697 1124 1721 causa
1141 1691 1266 1721 nostrae
1292 1696 1431 1720 resurre-

480 1743 609 1781 ctionis;
633 1747 664 1774 et
687 1742 771 1783 quod
794 1741 995 1773 resurreetio
1021 1740 1146 1773 Christi
1154 1766 1163 1778 ,

571 1797 596 1827 1.
622 1795 702 1827 Dicit
725 1795 833 1827 Glossa
850 1803 945 1836 super
962 1793 1041 1826 illud
1059 1794 1098 1825 ad
1117 1794 1270 1826 Romanos
1286 1793 1428 1835 primo⁵:

327 1849 531 1880 Fundamenta.Eoe
555 1847 794 1879 resurreetione
817 1850 1026 1878 mortuorum
1051 1847 1125 1878 Iesu
1145 1846 1270 1878 Christi
1282 1857 1291 1877 .·
1314 1858 1329 1875 «
1346 1845 1431 1877 Chri-

480 1902 518 1933 sti
543 1900 732 1933 resurrectio
757 1904 896 1932 nostram
915 1899 1008 1932 efficit
1025 1899 1203 1941 generalem
1228 1899 1431 1931 resurrectio-

479 1961 550 1985 nem
568 1965 599 1983 ».
624 1952 706 1984 Idem
733 1952 836 1993 ipsum
863 1951 938 1983 dicit
961 1951 1068 1983 Glossa
1092 1959 1189 1992 super
1206 1950 1284 1983 illud
1302 1950 1428 1982 Psalmi:

480 2006 534 2037 Aa
555 2014 726 2047 vesperum
751 2003 978 2036 demorabitur
999 2003 1103 2044 fletus.

569 2060 597 2090 Ξ).
623 2058 716 2096 Item,
739 2057 869 2089 ratione
894 2057 1035 2095 videtur,
1057 2057 1131 2098 quia
1147 2056 1311 2098 Apostolus
1327 2056 1431 2098 arguit

480 2111 562 2144 sic⁶:
588 2111 611 2143 si
637 2110 780 2142 Christus
804 2110 1000 2148 resurrexit,
1017 2113 1047 2142 01
1064 2118 1119 2141 005
1136 2117 1358 2150 resurgemus;
1376 2109 1431 2141 sed

479 2164 549 2196 talis
573 2164 803 2204 argumentatio
827 2172 888 2194 non
914 2162 1048 2201 valeret,
1073 2162 1130 2194 nisi
1156 2161 1261 2203 aliqua
1278 2161 1431 2193 habitudo

479 2216 670 2249 causalitatis
699 2219 780 2248 esset
804 2215 1043 2248 resurrectionis
1075 2214 1188 2246 Christi
1220 2214 1257 2246 ad
1292 2223 1431 2246 resurre-

477 2269 611 2301 ctionem
637 2271 796 2300 nostram:
821 2276 896 2309 ergo
920 2271 977 2299 etc.

566 2322 658 2359 Item,
682 2321 825 2358 videtur,
850 2320 934 2362 quod
958 2329 1021 2351 vooe
1048 2318 1172 2351 Christi
1194 2319 1234 2351 sit
1257 2328 1362 2352 causa.

567 2374 595 2406 3.
620 2374 720 2415 Super
745 2373 823 2405 illud
847 2373 957 2405 Psalmi
972 2374 997 2404 ⁷:
1016 2372 1117 2404 Dabit
1131 2372 1204 2404 voci
1223 2381 1305 2404 suae
1320 2381 1429 2404 vocem

476 2427 629 2464 virtutis,
655 2427 730 2459 dicit
753 2426 877 2458 Glossa:
909 2425 1111 2458 «suscitandi
1136 2428 1324 2457 mortuos».

565 2481 595 2512 lt.
620 2480 712 2518 Item,
738 2480 795 2511 hoc
818 2479 920 2520 ipsum
939 2479 1065 2511 videtur
1081 2488 1139 2520 per
1155 2478 1338 2510 rationem.-
1355 2478 1429 2520 quia

476 2533 555 2566 illud
579 2537 626 2565 est
650 2542 745 2565 causa
769 2532 965 2565 excitationis
983 2531 1012 2563 in
1032 2531 1224 2569 dormiente,
1242 2540 1304 2572 quo
1321 2531 1429 2563 audito

476 2586 649 2624 excitatur,
675 2585 792 2618 50111001
816 2594 879 2616 vox
904 2584 1066 2622 vocantis;
1091 2583 1145 2616 sed
1171 2583 1286 2615 mortui
1312 2583 1341 2615 in
1367 2592 1428 2615 mo-

476 2639 635 2671 numentis
648 2639 872 2671 excitabuntur
886 2637 996 2670 auditu
1013 2637 1097 2669 vocis
1110 2636 1176 2668 Filii
1191 2636 1261 2669 Dei:
1279 2645 1354 2677 ergo
1370 2640 1427 2669 etc.

1495 1687 1603 1718 Minor
1628 1690 1711 1728 patet
1735 1687 1843 1728 quinto
1867 1687 2030 1719 Ioannis⁸z
2059 1688 2176 1720 Omnes
2200 1689 2258 1732 qui
2279 1689 2313 1721 iu
2334 1699 2442 1722 monu—

1494 1740 1611 1771 mentis
1633 1744 1729 1777 sum,
1753 1739 1891 1771 audient
1912 1749 2020 1771 uocem
2045 1740 2127 1772 Filii
2148 1741 2216 1773 Dei.

1583 1792 1642 1824 Suo
1666 1801 1805 1824 CONTRA:
1831 1793 1921 1833 Quod
1945 1793 2144 1825 resurreetio
2171 1793 2295 1826 Christi
2321 1804 2381 1827 non
2405 1795 2483 1828 sitm

1495 1854 1590 1877 causa
1614 1845 1719 1886 aliquo
1743 1845 1853 1883 modo,
1878 1845 2024 1877 videtur:

1586 1899 1612 1929 1.
1631 1897 1710 1938 Quia
1727 1897 1816 1935 illud,
1834 1898 1899 1930 sine
1917 1907 1979 1939 quo
1997 1907 2047 1930 res
2064 1903 2155 1938 esset,
2172 1908 2231 1931 non
2250 1903 2296 1932 est
2313 1901 2440 1940 causa⁹;

1495 1950 1549 1983 sed
1567 1951 1591 1982 si
1610 1950 1753 1982 Christus
1777 1950 1871 1982 etiam
1896 1959 1957 1982 non
1975 1951 2220 1990 resurrexisset,
2239 1956 2341 1984 tamen
2367 1962 2441 1985 11101-

1496 2003 1540 2035 tui
1557 2006 1776 2044 resurgerent,
1802 2003 1876 2044 quia
1901 2012 2025 2036 necesse
2049 2007 2133 2042 erat,
2158 2005 2256 2036 malos
2273 2005 2382 2037 saltem
2399 2014 2441 2038 re-

1496 2056 1655 2088 munerari
1680 2057 1709 2088 111
1735 2056 1839 2088 anima
1864 2060 1894 2088 et
1918 2065 2048 2097 corpore
2072 2058 2137 2089 sive
2163 2058 2285 2099 puniri,
2314 2062 2344 2090 et
2371 2058 2439 2091 boni

1495 2109 1606 2148 etiam,
1631 2109 1683 2151 qui
1708 2112 1903 2141 meruerunt.

1584 2163 1613 2193 Ξ.
1639 2162 1730 2200 item,
1755 2161 1779 2193 si
1804 2165 1851 2193 051
1875 2170 1985 2200 causa,
2010 2170 2144 2203 quaero,
2169 2162 2200 2194 in
2225 2171 2287 2204 quo
2309 2166 2440 2205 genere?
2482 2153 2483 2176 ³

1495 2214 1559 2246 Non
1584 2213 1744 2257 efficiens;
1776 2217 1912 2252 constat,
1942 2213 2014 2255 quia
2039 2214 2152 2246 Christi
2178 2215 2367 2248 resurrectio
2396 2219 2439 2248 est

1495 2267 1684 2308 praeterita3
1710 2266 1764 2298 sed
1789 2266 1944 2308 quidquid
1969 2266 2174 2307 praeteritum
2192 2271 2255 2306 est,
2274 2277 2332 2299 non
2350 2267 2439 2300 efficit

1494 2319 1525 2351 id
1551 2319 1635 2361 quod
1659 2319 1802 2351 futurum
1835 2322 1890 2350 est.
1923 2318 1987 2350 Non
2018 2318 2131 2360 finalis
2155 2328 2211 2352 nec
2235 2320 2417 2352 materialis
2427 2332 2438 2358 ,·
2479 2341 2480 2348 .

1494 2376 1633 2404 constat:
1666 2380 1740 2413 ergo
1774 2375 1820 2403 est
1850 2371 2058 2413 eoefflnplarz's.
2089 2372 2149 2404 Sed
2181 2376 2319 2404 eontra.-
2349 2381 2438 2405 causa

1493 2425 1692 2466 exemplaris
1717 2434 1775 2457 non
1802 2425 1894 2457 infert
1916 2433 2009 2456 suum
2034 2424 2202 2463 effectum;
2226 2426 2280 2458 sed
2306 2434 2438 2458 resurre-

1493 2477 1553 2510 ctio
1578 2477 1690 2509 Christi
1716 2477 1809 2509 infert
1834 2480 1971 2509 nostram
1986 2477 2026 2508 ¹⁰:
2052 2486 2126 2519 ergo
2151 2481 2207 2509 etc.

1583 2530 1612 2562 3.
1637 2530 1729 2569 ltem,
1754 2529 1909 2561 malorum
1938 2530 2126 2562 resurrectio
2158 2539 2218 2561 non
2251 2530 2437 2562 assimilatur

1494 2583 1716 2616 resurrectioni
1742 2583 1873 2615 Christi:
1899 2592 1974 2624 ergo
1998 2592 2058 2614 non
2083 2587 2130 2615 est
2154 2583 2317 2625 exemplar
2340 2591 2436 2615 resur-

1493 2636 1638 2669 rectionis
1663 2636 1838 2675 malorum,
1856 2644 1931 2677 ergo
1949 2644 2006 2668 000
2022 2636 2176 2677 generalis
2193 2635 2434 2668 resurrectionis.
2473 2653 2475 2678 2

548 2794 554 2809 ¹
576 2794 641 2819 Vide
662 2794 688 2818 11.
717 2795 784 2819 50111.
805 2794 829 2818 d.
862 2795 880 2818 1.
906 2801 931 2825 p.
951 2794 976 2817 11.
997 2800 1019 2818 a.
1047 2794 1069 2817 3.
1091 2800 1115 2825 q.
1136 2794 1158 2817 ⁶2.
1180 2807 1213 2810 ——
1233 2793 1359 2824 Superius
1378 2800 1426 2825 pro

476 2837 617 2863 animabus
637 2845 686 2863 non
708 2838 783 2869 pauci
804 2837 879 2862 codd.
899 2835 1070 2862 animalibus.

546 2882 557 2897 2
575 2881 637 2906 Cod.
663 2882 681 2905 L
706 2880 761 2914 siat.
783 2881 841 2905 Post
865 2880 923 2913 ipsa
947 2879 1097 2906 coniunctio
1123 2880 1182 2905 edd.
1209 2880 1331 2911 supplent
1354 2887 1424 2905 eum.

475 2926 611 2957 Aliquanto
631 2926 736 2950 inferius
756 2932 802 2956 pro
822 2924 945 2950 eudem...
966 2925 1109 2957 reparetur
1128 2924 1200 2955 (cod.
1221 2924 1241 2948 Μ
1266 2923 1426 2956 reperietur)

475 2970 534 2995 edd.
554 2969 669 2995 eidem...
691 2969 795 2994 unitur.

545 3013 556 3029 ³
576 3013 788 3038 Ε11011111(1.0.88.
803 3020 828 3038 n.
845 3013 885 3037 23.
901 3026 934 3030 -—
948 3012 995 3037 Pro
1008 3011 1130 3037 solvatur
1149 3012 1253 3043 plurimi
1273 3011 1348 3036 codd.
1369 3018 1427 3037 ver—

475 3057 558 3086 tatur,
578 3060 664 3081 contra
680 3059 776 3080 textum
790 3055 955 3086 originalem,
975 3054 1120 3080 seeundum
1135 3061 1213 3086 quem
1227 3054 1283 3079 cod.
1305 3062 1334 3079 aa
1349 3055 1426 3079 etiam

475 3100 549 3131 legit:
568 3099 596 3125 iu
615 3106 846 3133 qztorimzcmuque
864 3098 1024 3125 animalium
1038 3099 1063 3124 et
1081 3097 1135 3131 [ed.
1156 3099 1263 3130 August.
1283 3097 1375 3131 etiam]
1395 3097 1427 3124 ei-

476 3142 538 3168 bum
558 3142 632 3169 cedat
651 3150 811 3176 carnemque
829 3143 960 3174 mutetur,
982 3141 1023 3167 illi
1041 3141 1147 3167 animae
1166 3141 1224 3175 [ed.
1249 3142 1357 3173 August.
1377 3141 1426 3166 hu-

475 3193 572 3211 manae
591 3193 637 3217 1110
658 3185 783 3219 etiam]...
799 3193 866 3219 quae
884 3185 960 3211 illam
970 3185 1098 3218 primitus
1112 3185 1195 3217 [seqq.
1216 3184 1336 3210 exhibent
1349 3185 1426 3209 etiam

476 3230 551 3254 codd.
572 3230 653 3261 GN]y
676 3231 706 3255 ut
723 3229 801 3255 homo
819 3229 905 3263 fieret,
927 3229 1041 3261 vireret,
1064 3230 1205 3260 cresceret,
1228 3228 1367 3255 animavit.

546 3272 555 3288 ⁴
576 3273 641 3297 Vide
661 3273 775 3298 scholion
796 3273 828 3297 ad
849 3273 1047 3304 praecedentem
1068 3276 1167 3304 quaest.

546 3315 557 3331 5
578 3316 649 3340 Vers.
671 3315 693 3340 4.
713 3330 747 3334 -
766 3316 869 3347 Glossa,
885 3323 951 3348 quae
970 3320 1008 3341 est
1027 3315 1167 3341 ordinaria
1180 3315 1249 3347 apud
1270 3316 1334 3340 Deir.
1354 3315 1426 3340 Lom-

477 3358 549 3383 bard.
569 3362 593 3383 et
612 3359 755 3390 Lyranum,
776 3364 859 3385 sumto
879 3365 917 3385 est
936 3367 966 3384 ex
985 3360 1128 3385 Comment.
1154 3361 1176 3384 in
1204 3361 1272 3385 hunc
1298 3360 1344 3384 loc.
1365 3359 1425 3384 011111

476 3402 613 3427 Ambrosio
640 3402 747 3428 tributo:
770 3404 931 3428 Resurrectio
957 3403 1048 3428 Christi
1068 3404 1214 3435 generalem
1236 3403 1323 3429 tribuit
1341 3410 1427 3428 resur-

1491 2793 1640 2818 rectionem.
1656 2806 1688 2809 —-
1703 2793 1761 2823 Seq.
1776 2792 1892 2816 Glossnm
1908 2792 1931 2815 in
1947 2792 1985 2816 Ps.
2001 2791 2046 2821 29,
2063 2791 2086 2815 6.
2100 2791 2160 2816 vide
2180 2794 2241 2816 tom.
2257 2791 2292 2816 111.
2308 2797 2365 2822 pag.
2380 2789 2432 2817 247.
2471 2787 2473 2814 ἐ

1491 2839 1548 2862 notu
1570 2837 1593 2861 3.

1560 2881 1571 2897 6
1591 2882 1667 2911 Epist.
1690 2881 1704 2905 1.
1725 2880 1782 2905 Cor.
1809 2880 1850 2910 15,
1871 2880 1910 2904 12.
1932 2886 2004 2911 seqq.

1560 2924 1571 2941 7
1591 2925 1681 2949 l‘salm.
1702 2924 1749 2955 67,
1770 2923 1811 2948 34.
1831 2937 1865 2940 -
1884 2924 1973 2947 Glossa
1992 2925 2030 2948 est
2057 2922 2197 2948 ordinaria
2223 2923 2293 2954 apud
2319 2921 2431 2947 Strabum
2469 2953 2470 2960 ἵ

1490 2971 1515 2993 01
1533 2968 1671 2998 Lyranum.
1692 2967 1791 2998 Haymo
1811 2967 1834 2991 in
1856 2967 1924 2991 hunc
1944 2966 1990 2991 loc.
2011 2967 2058 2991 ait:
2083 2976 2093 2988 a
2108 2966 2163 2998 Qua
2182 2973 2247 2991 voce
2267 2966 2350 2990 omnia
2369 2970 2432 2989 10511-
2469 2961 2470 2973 ³

1489 3011 1651 3037 scitabuntur
1676 3018 1823 3042 corpora».
1841 3010 1936 3034 Eadem
1967 3011 2089 3035 sententia
2119 3009 2228 3035 habetur
2256 3010 2280 3034 in
2308 3007 2431 3034 Breviario

1490 3061 1568 3085 super
1587 3055 1626 3079 Ps.
1647 3055 1722 3085 (inter
1742 3060 1820 3085 opera
1840 3054 1954 3085 Hieron.)
1975 3056 1998 3078 et
2018 3053 2086 3084 apud
2108 3052 2252 3078 cassiodor.
2266 3054 2290 3077 in
2310 3051 2430 3077 1111110100.
2467 3056 2468 3087 j

1560 3097 1571 3114 8
1592 3098 1663 3122 Vers.
1684 3098 1724 3122 28.

1560 3140 1571 3157 ⁹
1590 3141 1639 3166 Csr.
1660 3148 1737 3172 supra
1759 3148 1818 3172 pag.
1843 3141 1902 3172 102,
1923 3144 1981 3165 nota
2002 3140 2025 3164 3.
2045 3153 2080 3158 —
2099 3140 2204 3165 Inferius
2224 3139 2280 3164 cod.
2300 3140 2318 3163 A
2347 3137 2430 3162 omittit
2465 3169 2467 3173 y

1490 3185 1584 3211 saltem
1597 3188 1622 3210 et
1636 3192 1682 3216 pro
1697 3184 1758 3210 boui
1770 3184 1841 3217 [cod.
1858 3185 1875 3208 B
1890 3183 1983 3217 bonos]
1998 3183 2084 3214 etiam,
2108 3183 2155 3217 qui
2172 3184 2327 3209 meruerunt
2341 3181 2393 3207 cod.
2411 3180 2429 3205 U
2465 3178 2466 3211 1

1490 3228 1619 3254 substituit
1639 3227 1719 3254 boues
1738 3228 1867 3254 similiter.
1887 3228 1950 3253 Edd.
1972 3228 2072 3259 legunt:
2092 3233 2195 3253 necesse
2215 3227 2286 3257 erat,
2308 3224 2384 3251 bonos
2396 3229 2429 3249 re-

1490 3271 1632 3298 munerari
1650 3272 1677 3297 iu
1696 3272 1786 3298 anima
1806 3273 1831 3297 et
1849 3278 1973 3304 corpore,
1995 3270 2065 3297 sicut
2095 3271 2265 3301 meruerunt,
2285 3270 2319 3294 ⁴et
2351 3265 2429 3293 malos
2464 3267 2465 3273 ¹

1488 3316 1594 3350 puniri,
1614 3317 1682 3343 sicul
1700 3316 1751 3350 ipsi
1768 3316 1964 3342 demeruerunt.

1561 3360 1582 3376 ¹0
1601 3360 1667 3385 Vide
1687 3367 1765 3391 supra
1791 3359 1905 3384 fundam.
1926 3360 1948 3383 ²2.
1970 3373 2003 3376 ——
2022 3359 2046 3383 ln
2073 3359 2198 3389 principio
2222 3364 2277 3388 arg.

1490 3401 1602 3436 efficiens
1622 3402 1678 3428 cod.
1700 3402 1716 3426 F
1736 3402 1796 3429 Non
1816 3401 1955 3436 efficientis.

2304 3362 2350 3388 1110
2373 3354 2428 3381 Non
