2483 3882
649 249 742 281 DIST.
768 249 828 281 XX.
853 249 883 281 P.
908 249 941 281 11.
965 249 1047 282 ART.
1073 250 1203 283 UNICUS
1226 250 1379 292 QUAEST.
1404 252 1438 284 V.

55 336 90 371 ‘et
114 338 226 370 bonam
250 335 461 374 voluntatem,
486 336 511 368 si
536 336 629 377 plena
654 340 701 369 est
725 339 755 369 et
779 346 840 368 non
864 337 1006 377 deficiat,

51 393 210 433 ·quantum
235 389 266 420 in
290 397 323 420 se
346 391 408 426 est,
434 391 560 429 reputat
584 397 641 430 pro
665 389 745 421 facto
760 389 779 420 ¹.

409 485 647 508 CONCLUSIO.

52 562 56 565 ’
87 562 313 605 Indztlyentiae
331 562 513 605 praecipue
534 562 612 604 sieri
634 563 745 595 debent
764 573 829 605 pro
847 563 976 596 actibus

416 615 643 647 exterioribus.

144 704 340 735 RESPONDEO:
366 703 558 743 Dicendum,
583 704 667 745 quod
692 704 773 736 sicut
805 704 950 737 videmus
975 705 1005 736 in

56 757 187 800 politicis
209 761 239 788 et
263 755 541 788 communitatibus
574 757 739 795 humanis,
764 757 848 798 quod
882 757 1006 789 thesau-

3 820 47 842 finis
57 818 111 842 rus
134 808 324 850 reipublicae
349 813 477 850 propter
502 809 565 840 duo
589 809 728 841 maxime
752 809 915 841 consuevit
938 819 1007 850 pro-

0 847 48 869 iuris

0 874 22 895 is.
51 863 128 896 ⁴ferri
153 865 182 894 et
206 861 429 894 communicari
462 860 621 899 exterius3
646 861 690 893 sic
727 862 755 893 in
785 861 1005 903 spiritualibus

3 1243 39 1262 tur.

2 1770 37 1792 sio.

0 2142 35 2161 201¹.

55 914 300 956 intelligendum.
326 914 486 946 Profertur
511 923 646 955 namque
663 914 833 946 thesaurus
857 918 949 946 extra
965 915 1004 947 ad

56 966 298 1009 dispergendum
323 970 453 1008 propter
482 966 628 1008 oleriani
650 967 835 1008 principis,
860 967 941 999 sicut
965 968 1006 999 fa-

55 1021 139 1054 ciunt
162 1028 251 1060 reges
275 1019 427 1058 curiales,
445 1019 525 1052 sicut
542 1020 613 1052 fecit
637 1020 791 1052 Assuerus
817 1020 927 1052 Esther
945 1021 1004 1062 pri-

50 1083 105 1107 mo
116 1073 142 1111 ²3
156 1072 216 1104 alio
231 1072 323 1104 modo
340 1076 468 1114 propter
484 1072 660 1104 utilitatem
673 1073 922 1105 communitatis
938 1074 1004 1106 sive

54 1125 291 1163 necessitatem,
308 1129 344 1157 ut
371 1125 497 1166 quando
527 1125 662 1157 laeditur
691 1126 910 1163 communitas,
936 1136 1005 1168 pro-

51 1180 197 1213 feruntur
221 1178 373 1219 stipendia
399 1182 429 1210 et
453 1178 601 1210 donativa
624 1178 794 1216 militibus,
818 1181 854 1210 ut
877 1183 948 1211 eant
964 1180 1003 1211 ad

53 1240 199 1275 pugnam.
224 1231 272 1263 Sic
296 1231 466 1263 thesaurus
491 1231 644 1263 Ecclesiae
668 1231 707 1262 ab
731 1231 781 1263 his
804 1231 858 1272 qui
888 1231 1004 1264 habent

54 1285 247 1326 dispensare,
265 1284 383 1325 duplici
400 1292 441 1315 ex
466 1293 561 1316 causa
586 1283 679 1316 debet
703 1284 860 1322 distribui,
886 1284 1004 1316 scilicet

51 1340 179 1380 propter
212 1336 357 1378 qtoriam
388 1335 555 1377 principis
590 1339 621 1367 et
656 1336 783 1368 laudem
794 1348 802 1375 3
826 1340 857 1368 et
881 1337 949 1368 laus
974 1340 1004 1368 et

48 1390 150 1422 'honor
175 1389 227 1421 Dei
252 1392 299 1421 est
323 1389 353 1420 in
371 1389 491 1421 Sanctis
515 1389 580 1421 suis
593 1389 613 1427 ³,
638 1392 668 1421 et
685 1388 786 1421 Sancti
806 1389 1004 1421 honorantur

50 1443 81 1475 in
104 1441 334 1475 constructione
360 1442 572 1480 basilicarum,
590 1442 765 1474 visitatione
790 1442 1003 1481 basilicarum,

51 1495 347 1528 commemoratione
371 1495 525 1527 virtutum
550 1503 700 1531 suarum,
724 1498 754 1527 et
790 1495 872 1528 idem
903 1496 937 1527 fit
973 1496 1002 1527 in

50 1547 333 1590 praedicationibus
357 1551 388 1579 et
416 1548 631 1580 sermonibus:
658 1548 727 1580 ideo
752 1558 809 1590 pro
834 1549 883 1580 his
907 1549 1003 1580 omni-

51 1602 109 1634 bus
132 1601 345 1642 indulgentiae
368 1606 453 1633 recte
480 1601 568 1633 fiunt.
595 1601 786 1633 Commzmis
810 1605 917 1633 autem
942 1601 1004 1633 uti-

51 1655 142 1687 litas⁴
159 1660 206 1687 est
223 1654 362 1687 defensio
379 1655 495 1686 Terrae
512 1658 654 1692 sanctae,
671 1654 811 1687 defensio
828 1655 917 1691 fidei,
934 1664 1003 1696 pro-

51 1708 144 1739 motio
160 1707 255 1739 studii
273 1711 302 1739 et
319 1707 510 1745 consimilia3
528 1711 558 1739 et
579 1707 649 1739 ideo
673 1707 778 1739 adhuc
804 1717 862 1749 pro
886 1707 1002 1740 talibus

51 1760 163 1793 debent
187 1760 265 1792 fieri.
291 1760 325 1792 Et
349 1760 497 1801 quoniam
523 1760 600 1792 haec
625 1760 799 1792 consistunt
823 1760 854 1792 in
879 1760 1002 1792 actibus

51 1813 277 1851 exterioribus,
302 1812 372 1845 ideo
398 1813 536 1844 maxime
560 1822 617 1854 pro
641 1813 764 1844 actibus
788 1813 1002 1846 exterioribus

51 1865 163 1898 debent
186 1865 254 1898 fieri
279 1865 503 1906 indulgentiae.

140 1920 166 1950 l.
192 1918 234 1951 Ad
258 1918 338 1950 illud
370 1927 445 1960 ergo
477 1919 561 1960 quod
593 1918 758 1957 obiicitur,
782 1919 867 1960 quod
892 1922 939 1952 est
963 1919 1001 1951 si-

30 1971 168 2010 -·monia‚
193 1971 267 2012 quia
291 1971 386 2003 datur
422 1971 585 2013 spirituale
608 1981 667 2013 pro
691 1972 874 2013 temporali3
899 1972 1002 2004 dicen-

51 2025 141 2064 dum,
166 2025 250 2067 quod
274 2025 387 2057 falsum
413 2029 476 2063 est,
502 2025 598 2056 immo
624 2025 722 2056 maior
746 2034 846 2066 poena
863 2034 1001 2057 commu-

51 2081 133 2110 tatur
157 2078 186 2109 in
210 2078 382 2117 minorem,
408 2082 437 2110 et
462 2078 626 2110 residuum
653 2077 745 2109 solvit
770 2082 876 2120 pastor
902 2078 1001 2110 Eccle-

50 2131 111 2163 siae
146 2132 184 2163 de
217 2131 326 2173 gratia.
357 2149 402 2154 ——
425 2131 480 2163 Vel
513 2131 700 2170 dicendum,
733 2131 817 2172 quod
851 2141 910 2163 non
947 2132 1001 2164 dat

41 2183 273 2226 *indulgentiam
299 2194 356 2226 pro
380 2184 577 2226 eleemosyna
609 2184 760 2217 exteriori
797 2185 1000 2217 considerans

50 2236 181 2274 datam,
206 2237 258 2269 sed
284 2236 448 2279 fructum,
474 2237 620 2270 videlicet
644 2238 718 2279 quia
752 2246 792 2270 ex
818 2238 923 2270 radice
949 2238 1000 2270 bo-

49 2289 106 2321 nae
129 2289 298 2322 voluntatis
322 2290 472 2331 procedit.

135 2343 164 2374 2.
189 2342 232 2374 Ad
249 2342 329 2374 illud
346 2343 430 2384 quod
448 2342 612 2382 obiicitur,
630 2343 713 2385 quod
732 2343 905 2385 spiritualis
922 2344 999 2376 elee-

1962 253 2024 285 537

1072 347 1201 379 mosyna
1236 338 1336 371 maior
1370 342 1434 378 est3
1460 339 1645 378 dicendum,
1670 339 1754 382 quod
1791 340 1821 372 in
1857 341 2023 374 donatione
2038 351 2166 373 Notandum.

1072 391 1284 432 indulgentiae
1309 401 1370 424 non
1395 392 1613 424 consideratur
1629 393 1734 434 operis
1751 393 1923 432 nobilitas,
1951 395 2025 437 quia

1073 446 1146 475 tunc
1172 444 1270 485 magis
1295 444 1423 476 deberet
1448 445 1516 476 dari
1554 445 1738 477 docentibus
1768 455 1862 487 quam
1888 448 2023 489 peregri—

1071 496 1236 535 nantibus3
1269 497 1323 529 sed
1360 498 1579 530 consideratur
1615 498 1690 536 hoc,
1716 499 1800 540 quod
1834 499 1912 531 illud
1945 509 2025 541 opus

1071 548 1110 580 sit
1134 558 1244 581 merae
1259 549 1456 588 votzmcatz'S,
1474 560 1535 582 non
1554 552 1763 591 necessitatis,
1781 552 1820 584 sit
1836 553 1929 584 etiam
1948 553 2025 594 quid

1072 600 1232 639 taaectbite,
1258 602 1298 634 sit
1321 603 1415 634 etiam
1440 603 1545 644 aliquo
1563 604 1655 636 modo
1670 605 1824 646 poenale;
1848 606 1925 638 haec
1941 606 2024 638 enim

1070 653 1175 685 omnia
1199 655 1376 687 considerat
1400 656 1453 697 qui
1479 656 1706 697 indulgentiam
1732 661 1880 698 praestat.

1161 706 1189 738 3.
1214 707 1257 739 Ad
1282 707 1360 739 illud
1386 709 1469 749 quod
1495 709 1640 741 obiicitur
1665 710 1704 742 de
1728 710 1820 742 ruina
1849 711 2023 753 spirituali,

1071 757 1258 797 dicendum,
1283 754 1385 801 q'uod,
1410 761 1491 793 sicut
1515 765 1632 793 tactum
1657 767 1704 795 est
1715 763 1735 802 ⁵,
1760 772 1818 804 pro
1842 764 1959 797 talibus
1983 769 2167 797 te-Notaudurn-

1069 814 1163 842 netur
1187 811 1281 843 homo
1304 821 1406 844 orare.
1431 814 1626 852 Praeterea,
1651 824 1713 847 non
1737 820 1785 848 est
1809 817 1926 849 bonum
1951 818 2026 850 talia

1069 863 1250 904 publicare;
1276 865 1399 897 ruinam
1425 870 1531 898 autem
1561 868 1756 900 materialem
1788 870 1942 903 Ecclesiae
1971 880 2026 913 pu-

1069 915 1187 948 blicare
1214 926 1276 948 non
1294 917 1368 950 dicit
1384 918 1511 960 aliquod
1531 919 1648 952 malum
1667 930 1722 953 nec
1740 922 1909 955 infamiam.
1924 924 2025 956 Prae-

1070 972 1176 1006 terea,
1201 970 1300 1011 magis
1325 974 1426 1011 potest
1450 972 1544 1003 homo
1568 973 1737 1006 subvenire
1758 976 1798 1007 ad
1818 976 2024 1009 relevandum

1069 1021 1206 1063 inopiam
1232 1023 1385 1055 Ecclesiae
1413 1033 1508 1065 qnam
1541 1025 1579 1056 ad
1616 1027 1797 1066 ponendum
1831 1029 1871 1060 ibi
1901 1039 2026 1062 concor-

1070 1074 1171 1114 diam,
1195 1075 1269 1116 quia
1293 1076 1431 1117 primum
1457 1080 1504 1109 est
1528 1086 1608 1119 opus
1633 1079 1823 1119 humanum,
1848 1083 2024 1115 secundum

1069 1135 1145 1159 vero
1168 1131 1215 1160 est
1239 1137 1319 1169 opus
1344 1129 1497 1161 divinum.

1158 1181 1188 1212 [ι.
1213 1181 1257 1213 Ad
1280 1181 1360 1214 illud
1385 1182 1470 1224 quod
1493 1183 1639 1216 obiicitur
1664 1185 1703 1217 de
1728 1185 1871 1226 ingressu
1897 1187 1927 1218 in
1955 1188 2025 1220 reli-

1069 1233 1210 1273 gionem,
1236 1234 1420 1273 dicendum,
1445 1236 1529 1277 quod
1554 1236 1635 1268 sicut
1659 1237 1871 1279 indulgentiae
1896 1249 1956 1272 non
1974 1241 2024 1273 de-

1069 1285 1143 1318 bent
1167 1286 1236 1318 dari
1260 1286 1427 1329 iectionis,
1453 1288 1495 1320 ita.
1532 1298 1587 1321 nec
1623 1289 1739 1322 debent
1763 1291 1832 1323 dari
1856 1293 1913 1324 nisi
1939 1293 2021 1325 iacti·
2038 1297 2165 1319 Notandum·

1066 1338 1237 1379 cenubio&
1262 1340 1327 1371 veri
1364 1344 1470 1372 autem
1503 1341 1659 1383 religiosi,
1685 1343 1738 1384 qui
1765 1347 1881 1376 statum
1917 1354 2026 1387 aggre-

1069 1391 1201 1423 diuntur
1236 1392 1452 1433 perfectionis,
1490 1394 1594 1435 potius
1630 1395 1807 1436 spiritualia
1844 1397 1925 1429 bona
1953 1399 2022 1431 aliis

1069 1444 1263 1486 largiuntur,
1289 1454 1384 1487 quam
1409 1446 1536 1478 aliunde
1562 1448 1749 1481 mendicent.
1776 1449 1862 1482 Unde
1888 1451 1937 1482 hic
1962 1460 2024 1483 ma-

1068 1497 1154 1529 xime
1178 1506 1290 1530 verum
1327 1502 1374 1530 est
1405 1499 1490 1540 quod
1525 1500 1641 1532 dicitur
1669 1501 1800 1533 Actuum
1832 1503 2022 1544 vigesimo⁶:

1069 1550 1205 1581 Beatias
1230 1554 1276 1582 est
1298 1550 1407 1592 magis
1432 1551 1515 1583 dare
1538 1562 1639 1595 quam
1664 1554 1821 1595 accipere.
1847 1555 1878 1586 ln
1905 1559 2021 1597 tempo-

1069 1603 1188 1635 ralibus
1212 1607 1318 1635 autem
1343 1613 1404 1635 non
1430 1604 1524 1637 habet
1548 1606 1727 1645 veritatem,
1753 1607 1811 1639 nisi
1829 1609 1956 1649 quando
1973 1609 2025 1641 do-

1068 1665 1145 1688 nans
1170 1656 1223 1688 dat
1248 1656 1286 1688 de
1311 1657 1439 1698 proprio
1464 1657 1588 1696 labore,
1613 1662 1644 1690 et
1667 1660 1823 1701 accipiens
1848 1661 1960 1703 accipit
1981 1671 2022 1695 ex

1068 1712 1205 1750 torpore.

1157 1762 1199 1793 Ad
1224 1761 1303 1793 illud
1328 1762 1413 1804 quod
1445 1764 1610 1805 quaeritur
1642 1764 1681 1796 de
1719 1765 1770 1797 illo
1802 1766 1856 1807 qui
1881 1767 1934 1799 dat
1958 1768 2023 1800 sola
2040 1773 2072 1803 Afi
2087 1776 2170 1820 signast-

1067 1814 1242 1853 voluntate,
1268 1815 1455 1854 dicendum,
1481 1817 1566 1858 quod
1602 1818 1779 1850 secundum
1815 1820 1934 1860 peritos
1962 1830 2023 1853 non
2053 1806 2117 1821 '⁰⁰¹'

1066 1868 1161 1900 habet
1197 1872 1297 1900 totam
1328 1868 1573 1910 indulgentiam,
1598 1871 1754 1912 quidquid
1790 1872 1840 1904 isti
1873 1873 2022 1915 vulgares

1065 1920 1299 1962 praedicatores
1334 1921 1457 1960 dicant;
1492 1925 1594 1954 tamen
1630 1923 1713 1955 valet
1749 1924 1793 1957 eis
1830 1928 1892 1957 tam
1918 1927 2021 1960 nobile

1067 1974 1260 2014 propositum
1287 1975 1326 2006 ad
1351 1978 1557 2016 augmentum
1591 1976 1730 2009 caritatis
1760 1981 1790 2010 et
1825 1987 1882 2020 per
1917 1988 2022 2012 conse-

1065 2035 1165 2068 quens
1190 2027 1402 2067 contritionis,
1427 2032 1456 2060 et
1485 2029 1527 2060 ita
1562 2029 1601 2060 ad
1638 2030 1856 2063 remissionem
1892 2041 2019 2073 poenae.

1065 2079 1281 2121 Indulgentiae
1313 2080 1397 2112 enim
1433 2090 1494 2112 non
1528 2081 1749 2123 intelliguntur
1774 2083 1843 2116 dari
1868 2094 1926 2126 pro
1949 2085 2020 2118 sola

1064 2132 1247 2171 voluntate,
1272 2133 1328 2165 sed
1352 2143 1410 2175 pro
1434 2133 1567 2176 effecum
1592 2135 1677 2167 unde
1701 2136 1755 2177 qui
1789 2137 1883 2169 habet
1910 2138 2022 2170 volun-

1065 2189 1162 2217 tatem
1187 2189 1216 2217 et
1238 2184 1385 2228 effectam
1409 2187 1638 2228 indulgentiam
1672 2189 1894 2231 consequitur,
1919 2191 2017 2230 alius,

1064 2238 1116 2280 qui
1142 2239 1237 2271 habet
1273 2239 1466 2271 voluntatem
1501 2240 1617 2279 solam,
1650 2250 1692 2273 ex
1724 2241 1889 2275 devotione
1925 2243 2018 2275 habet

1064 2292 1214 2324 meritum
1239 2301 1404 2333 magnum,
1429 2293 1500 2325 licet
1523 2303 1585 2325 non
1609 2294 1834 2327 omnimodum
1851 2305 2019 2338 consequa-

1064 2347 1117 2376 tur
1141 2344 1287 2377 effectum
1300 2346 1319 2376 ⁷.

915 2468 1098 2509 QUAESTIO
1123 2469 1157 2502 V.

168 2568 285 2600 Utrum
308 2568 533 2600 relaxationes·
552 2569 680 2610 possint
703 2568 780 2611 fieri
802 2569 954 2601 existenti
975 2570 1009 2602 in
1031 2570 1252 2613 purqatorio,
1279 2580 1325 2603 αη
1348 2571 1455 2603 sotum
1479 2572 1600 2603 viventi
1622 2571 1656 2603 in
1682 2571 1740 2604 ltoc
1763 2573 1905 2605 saeculo.

133 2683 246 2724 Quinto
271 2684 453 2726 quaeritur,
471 2684 521 2716 cui
539 2684 751 2716 relaxationes
775 2685 895 2726 possint
911 2685 998 2723 fieri,

47 2737 77 2766 et
99 2736 280 2777 quaeritur,
305 2740 414 2769 utrum
440 2737 586 2769 existenti
613 2737 642 2768 in
668 2737 869 2778 purgatorio,
893 2747 932 2769 an
955 2747 1000 2769 so-

47 2786 111 2819 lun]
128 2788 244 2820 viventi
268 2789 299 2820 in
325 2790 383 2821 hoc
407 2790 543 2821 saeculo.
564 2790 596 2822 Et
613 2790 697 2831 quod
715 2790 888 2822 extendant
909 2800 942 2823 se
959 2791 998 2822 ad

48 2848 99 2872 eos
123 2841 174 2883 qui
199 2846 273 2874 sunt
297 2842 327 2874 in
352 2843 555 2884 purgatorio,
580 2843 727 2875 videtur:

1156 2687 1182 2717 1.
1207 2686 1286 2727 Quia
1311 2685 1385 2718 dicit
1402 2686 1644 2728 Chrysostomus
1661 2696 1757 2729 super
1774 2688 1853 2720 illud
1871 2689 2016 2722 Matthaei
2049 2702 2111 2728 Argg.
2127 2708 2166 2733 ppo

1066 2738 1187 2770 decimo
1211 2739 1343 2770 sextos:
1377 2739 1448 2771 Tibi
1471 2739 1555 2771 [tabo
1580 2739 1686 2772 claues
1710 2741 1805 2782 reyni
1825 2741 2015 2774 caelorum:
2032 2730 2166 2775 Βιῖἳῖῗῃῗὼμ

1071 2791 1222 2823 «Homini
1248 2792 1371 2823 mortali
1390 2792 1466 2824 caeli
1492 2795 1522 2824 et
1546 2796 1649 2825 terrae
1673 2796 1703 2825 et
1727 2794 1869 2825 omnium
1888 2795 2016 2836 quaein

1066 2851 1102 2875 eo
1127 2846 1217 2882 sunt,
1242 2847 1426 2884 potestatem
1452 2844 1607 2876 commisit
1631 2845 1783 2878 Dominus
1801 2849 1830 2878 et
1849 2847 2016 2879 Ecclesiam

116 2990 124 3006 ¹
144 2991 175 3016 Ut
193 2992 304 3018 insinuat
322 2992 467 3018 Cassiodor.
487 3001 566 3025 supra
593 3001 652 3025 pag.
674 2993 737 3025 423,
764 2998 822 3019 nota
844 2995 886 3020 lo.
905 2995 997 3026 allega-

46 3036 93 3059 tus.
113 3049 146 3053 -—
164 3036 288 3067 Superius
307 3044 355 3068 pro
376 3039 438 3064 tunc
457 3037 623 3071 trzdulqentia
641 3038 672 3072 fit
690 3038 747 3064 cod.
768 3039 785 3063 F
808 3038 914 3064 videtur
933 3040 997 3065 tunc

47 3076 237 3112 indulgentiam
255 3080 321 3115 fieri.

117 3123 126 3138 ²
146 3124 217 3149 Vers.
233 3124 256 3149 4.
269 3139 301 3142 —
313 3126 359 3150 Pro
373 3125 501 3158 principis
520 3126 597 3151 codd.
618 3126 636 3150 Α
649 3127 668 3150 H
680 3127 702 3151 K
714 3127 735 3151 V
755 3126 970 3159 principalitatis.

115 3165 126 3182 ³
144 3167 237 3193 psalm.
263 3168 321 3200 150,
353 3170 376 3193 l:
402 3169 514 3194 Laudate
541 3170 678 3194 Dominum
705 3170 730 3194 in
750 3171 848 3194 Sanctis
875 3171 938 3195 eius.
963 3185 997 3188 —

47 3208 93 3233 Pro
112 3209 234 3236 distribui
258 3212 314 3236 cod.
336 3212 353 3236 F
371 3212 454 3244 solvi,
482 3212 558 3237 codd.
581 3213 642 3236 EW
661 3212 777 3244 absolui,
810 3214 852 3238 alii
878 3213 994 3239 dissolvi.

46 3251 137 3278 Verbis
156 3255 180 3279 et
199 3253 258 3280 laus
278 3256 335 3280 cod.
349 3256 369 3280 G
383 3257 509 3281 interserit
528 3255 672 3289 quoniam‚·
687 3257 755 3281 idem
776 3257 834 3282 cod.
851 3258 871 3282 G
890 3259 995 3283 interius

46 3301 94 3326 pro
111 3296 258 3324 visitatione
277 3298 452 3325 basilicarum
472 3299 602 3324 substituit
621 3299 769 3325 visitatione
787 3299 975 3334 reliquiarum.

115 3339 125 3356 ⁴
145 3341 206 3367 Edd.
226 3342 287 3368 Alia
311 3350 395 3369 causa
414 3344 451 3368 est
477 3343 626 3369 commanis
651 3343 768 3375 utilitas,
796 3351 864 3378 quae
889 3345 995 3378 quidem

46 3381 154 3408 utilitas.
174 3384 229 3409 Mox
250 3392 297 3416 pro
316 3385 399 3411 studii
417 3386 474 3411 cod.
495 3386 511 3410 F
529 3385 597 3419 fidei.

186 3436 214 3462 S.
234 3438 333 3463 Bonae.
354 3452 387 3456 ——
407 3439 482 3463 Tom.
503 3439 542 3464 lV.

1133 2995 1144 3011 ⁵
1154 2996 1237 3026 Supra
1249 3003 1272 3027 q.
1286 2995 1432 3020 Mundam.
1445 2995 1501 3020 5.et
1514 2995 1547 3020 ad
1561 2996 1584 3026 6,
1599 3003 1623 3028 q.
1641 2997 1664 3021 2.
1678 2997 1703 3021 in
1715 3003 1786 3028 corp.
1802 3000 1826 3022 et
1839 3004 1863 3029 q.
1879 2998 1902 3022 3.
1917 2997 1949 3022 ad
1958 2998 1980 3022 3.
1991 2997 2014 3022 4.

1133 3038 1143 3055 ⁶
1164 3040 1237 3065 Vers.
1258 3040 1299 3064 35.
1314 3053 1345 3057 —-
1361 3040 1485 3070 Superius
1505 3046 1552 3070 pro
1571 3039 1629 3065 veri
1646 3041 1736 3065 autem
1760 3047 1810 3065 non
1835 3042 1911 3072 pauci
1937 3042 2013 3067 codd.

1061 3081 1114 3108 viri
1132 3084 1234 3113 autem,
1263 3086 1287 3108 et
1313 3083 1424 3108 subinde
1450 3090 1496 3114 pro
1516 3082 1663 3109 mendicent
1688 3084 1774 3115 plures
1800 3085 1876 3109 codd.
1903 3088 1927 3110 et
1953 3085 2013 3111 edd.

1061 3126 1199 3153 vindicent.
1222 3127 1246 3152 ln
1266 3127 1316 3151 fine
1335 3127 1411 3151 solut.
1427 3134 1474 3158 pro
1494 3128 1600 3159 torpore
1619 3128 1676 3153 cod.
1691 3129 1713 3153 K
1734 3129 1780 3157 (la
1795 3129 1909 3154 secunda
1924 3131 2013 3163 manu)

1060 3170 1221 3196 necessitate.

1132 3214 1142 3231 ⁷
1161 3214 1222 3239 Cod.
1243 3215 1265 3239 K
1293 3213 1350 3240 licet
1369 3221 1422 3239 non
1448 3214 1556 3240 omniuo
1576 3217 1756 3249 consequatur
1782 3215 1906 3250 [supplez
1933 3218 2014 3244 indul-

1060 3256 1200 3290 gentiam}
1221 3258 1345 3289 Superius
1371 3262 1429 3289 post
1454 3258 1500 3284 sed
1523 3265 1572 3292 pro
1592 3259 1684 3293 effectu
1705 3260 1762 3286 Vat.
1789 3261 1860 3286 addit
1883 3268 1945 3288 cum
1970 3269 2015 3288 vo—

1061 3301 1169 3327 luntate.
1191 3315 1224 3318 —
1244 3301 1309 3326 Vide
1329 3302 1444 3327 scholion
1466 3303 1497 3327 ad
1518 3304 1716 3334 praecedentem
1737 3309 1835 3337 quaest.

1129 3345 1141 3361 ⁸
1161 3346 1232 3371 Vers.
1260 3346 1299 3370 19.
1319 3359 1354 3364 —-
1379 3346 1463 3371 Verba
1489 3346 1619 3378 Chrysost.
1647 3348 1774 3374 habentur
1799 3350 1824 3374 in
1850 3350 1942 3375 Homil.
1968 3349 2010 3375 54.

1060 3389 1136 3421 (alias
1156 3388 1208 3421 55.)
1230 3390 1254 3413 in
1274 3390 1358 3415 Matth.
1373 3396 1397 3414 n.
1413 3391 1441 3414 2:
1457 3390 1532 3416 Filius
1550 3390 1649 3424 [Dei]...
1664 3392 1760 3417 bomini
1781 3394 1881 3418 mortali
1895 3395 2012 3419 omnium

1838 3447 1870 3471 68
