2483 3882
682 263 774 294 DIST.
800 263 893 295 XLIII.
919 263 999 295 ΛΒΤ.
1025 263 1044 294 Ι.
1071 263 1223 304 QUAEST.
1249 263 1296 296 IV.

15 357 75 386 tum
100 350 272 384 secundum
298 349 362 381 Filii
390 350 462 389 Dei,
487 350 568 382 sicut
597 359 695 391 poena
727 351 883 383 carentiae
915 351 956 383 vi-

15 403 124 439 sionis¹
148 411 249 444 usque
272 402 313 434 ad
336 402 508 434 adventum
544 403 693 444 primum.
725 403 758 435 Et
790 404 868 435 ratio
900 404 956 436 hu-

14 459 60 491 ius
81 458 143 494 est,
168 454 241 497 quia
264 463 373 487 omnes
397 454 491 487 simul
515 454 634 487 fuimus
659 455 688 487 in
713 465 777 487 uno
802 456 955 498 principio

13 508 134 553 peccati.

97 560 238 593 Secunda
261 559 340 592 ratio
364 563 410 592 est
434 559 589 591 meritum
611 559 703 601 fidei,
721 569 802 601 qnae
819 561 955 592 multum

0 617 148 648 ,meretur
171 613 202 644 in
227 612 402 651 credendo,
426 621 482 644 nos
506 613 718 651 remunerari,
735 613 788 654 qui
810 613 956 645 videmur

16 666 127 701 similes
150 665 256 698 bestiis
280 665 310 697 in
336 665 537 704 moriend023
562 665 646 707 quod
671 665 694 698 si
727 665 806 698 illud
834 667 957 708 experi-

15 722 113 753 mento
135 718 270 756 videret,
294 727 355 749 non
380 717 511 750 haberet
536 717 698 756 meritum,
720 718 794 760 quia
819 719 957 751 humana

15 772 88 805 ratio
111 770 168 803 sibi
192 770 358 811 praeberet
382 770 646 811 experimentum.

96 822 199 855 Tertia
222 823 301 854 ratio
325 826 372 855 est
394 822 508 854 unitas
532 822 683 864 corporis
706 823 855 865 mystici:
884 823 958 865 quia

0 877 90 910 ,enim
114 884 222 911 omnes
245 884 351 907 unum
374 884 495 916 corpus
515 884 633 907 sumus
656 875 691 906 in
709 874 838 907 Christo
848 875 870 913 ³,
888 875 957 908 ideo

14 937 133 963 necesse
156 932 217 967 est,
241 928 326 970 quod
350 932 504 970 quantum
528 928 568 960 ad
589 927 740 970 aliquam
763 928 894 970 gloriani
912 937 958 961 re-

15 990 176 1024 surgamus
200 981 311 1018 simul;
333 981 387 1013 sed
411 989 472 1012 non
497 984 651 1022 quantum
675 981 713 1013 ad
732 981 864 1022 gloriam
889 982 958 1013 ani-

14 1043 95 1072 mae,
119 1033 193 1075 quia
224 1033 266 1065 ibi
296 1037 378 1065 esset
411 1033 586 1064 maximum
624 1033 775 1064 damnum
805 1037 835 1065 et
867 1034 956 1075 quasi

14 1085 221 1129 importabile:
247 1094 321 1127 ergo
346 1088 499 1127 quantum
524 1085 563 1117 ad
589 1085 721 1126 gloriam
747 1086 907 1127 coo-poris.

97 1139 212 1180 Quarta
228 1138 307 1170 ratio
320 1141 367 1170 est
382 1137 569 1170 subsidium
582 1137 790 1179 infirmitatis
806 1142 956 1170 nostrae:

0 1193 81 1235 quia
104 1191 218 1229 Sancti,
244 1191 321 1223 dum
346 1200 403 1223 sua
426 1191 606 1223 desiderant
630 1199 775 1232 corpora,
793 1192 957 1224 vehemen-

14 1246 71 1278 tius
94 1245 184 1277 etiam
210 1244 390 1276 desiderant
421 1244 554 1276 salutem
586 1248 743 1282 nostram;
769 1245 854 1276 unde
883 1245 957 1286 Apo-

15 1298 106 1331 stolus
129 1297 203 1329 dicit
226 1297 265 1329 ad
289 1296 444 1329 Hebraeos
467 1296 672 1329 undecim0⁴2
699 1298 763 1329 Deo
785 1307 848 1339 pro
864 1297 956 1329 nobis

15 1350 136 1394 aliquid
159 1350 274 1381 inclitis
296 1350 502 1391 providente,
527 1360 566 1382 ne
588 1350 658 1382 sine
692 1350 785 1382 nobis
809 1360 957 1383 consum-

14 1407 190 1436 marentzcr.

96 1456 209 1497 Quinta
234 1456 312 1488 ratio
336 1459 384 1488 est
401 1455 626 1498 manifestatio
644 1456 776 1488 divinae
793 1457 955 1488 iustitiae.-

0 1510 83 1552 .quia
104 1508 184 1541 enim
210 1509 356 1541 omnihus
380 1508 473 1541 debet
496 1517 564 1541 esse
588 1513 715 1547 notum,
732 1513 848 1551 quanta
873 1509 957 1541 iusti-

15 1562 53 1595 tia
74 1561 199 1594 damnet
222 1561 321 1593 malos
345 1566 376 1593 et
400 1561 499 1593 salvet
523 1561 634 1599 bonos;
658 1562 728 1594 ideo
753 1562 896 1594 ultimam
915 1562 957 1594 di-

15 1614 223 1647 stributionem
244 1615 254 1632 ⁵
290 1614 412 1647 distulit
446 1623 547 1656 usque
586 1615 626 1647 ad
661 1615 885 1654 novissimum,
921 1618 957 1647 ut

16 1675 118 1700 omnes
140 1670 367 1708 comparerent.

97 1721 190 1753 Sexta
213 1723 243 1752 et
268 1720 379 1752 ultima
395 1720 475 1752 rano
491 1724 538 1752 est
555 1720 794 1752 consummatio
808 1720 955 1762 ytoriae:

0 1775 83 1817 ·quia
105 1773 185 1806 enim
212 1772 316 1814 Angeli
340 1773 445 1804 adhuc
470 1776 543 1804 sunt
566 1772 702 1805 viatores
737 1776 890 1814 quantum
916 1773 955 1805 ad

15 1826 325 1864 administrationem,
343 1825 496 1866 quamdiu
521 1825 664 1857 homines
690 1825 813 1863 vivunt;
838 1829 868 1857 et
884 1834 957 1866 gau-

986 1667 989 1861 1

1908 266 1971 297 887

1019 351 1106 383 dium
1133 360 1257 393 semper
1273 351 1385 384 crescit
1409 351 1584 384 secundum
1601 351 1837 384 multitudinem
1862 352 1971 384 electo-

1020 412 1110 441 rum;
1127 412 1189 436 non
1213 403 1322 436 debuit
1346 404 1481 445 perfecte
1506 404 1605 445 gloria
1628 404 1842 436 consummari
1866 405 1897 436 in
1921 404 1973 436 ali-

1019 465 1082 498 quo
1106 456 1317 498 singulariter,
1342 457 1440 489 donec
1472 460 1746 489 consummaretur
1770 457 1800 489 in
1826 457 1972 490 omnibus

1019 510 1124 541 stmul.

1111 564 1138 594 1.
1164 563 1208 595 Ex
1235 563 1283 595 his
1309 566 1413 604 patent
1436 563 1565 596 obiecta.
1590 563 1665 595 Nam
1695 563 1884 596 resurrectio
1908 572 1973 596 cor·
2001 574 2081 604 sunno
2096 580 2132 601 op-

1020 624 1134 656 porum
1159 624 1219 647 non
1241 615 1413 648 attenditur
1430 615 1605 648 secundnm
1621 616 1885 648 resurrectionem
1903 615 1973 648 ani·
1987 603 2110 628 ¹³⁰⁵¹²⁰r⁰¹²

1020 676 1103 699 mete.
1128 668 1270 700 Anima-e
1293 668 1375 700 enim
1401 669 1591 701 resurrectio
1612 668 1727 710 prima
1741 669 1752 684 ⁶
1776 669 1904 711 respicit
1926 677 1974 701 re-

1021 720 1246 753 surrectionem
1273 729 1329 762 per
1353 721 1500 762 gratiam,
1518 725 1548 753 et
1565 721 1641 754 haec
1658 724 1705 753 est
1722 721 1752 753 in
1770 721 1834 760 via3
1851 725 1881 753 et
1903 721 1973 754 ideo

1021 773 1209 804 successive.
1232 792 1278 797 —-
1293 773 1385 812 item,
1410 774 1533 806 animae
1556 773 1741 815 glorificatio
1765 774 1973 806 substantiam

1022 825 1171 867 importat
1194 826 1344 867 praemii,
1369 835 1449 868 quae
1473 826 1498 859 si
1523 826 1714 865 differretur,
1739 836 1890 868 magnum
1922 826 1974 859 da-

1023 887 1132 910 mnum
1157 882 1238 911 esset
1266 880 1479 920 exspectanti;
1503 888 1564 912 non
1597 879 1640 912 sic
1664 879 1703 912 de
1727 888 1875 921 corpore,
1900 879 1974 921 quia

1022 938 1083 961 non
1108 930 1244 962 multum
1262 934 1372 972 gravat
1388 935 1573 973 exspectare
1597 940 1731 973 corpus,
1756 932 1831 964 dum
1850 931 1973 964 animae

1022 985 1128 1014 tenent
1151 983 1261 1015 Deum.

1111 1037 1140 1067 2.
1164 1036 1208 1068 Ad
1225 1036 1303 1068 illud
1321 1037 1406 1078 qnod
1423 1037 1569 1069 obiicitur
1585 1037 1624 1069 de
1642 1038 1872 1070 resurrectione
1889 1038 1974 1070 Chri-

1021 1088 1078 1126 sti,
1102 1092 1187 1130 patet
1211 1090 1389 1130 responsio:
1415 1090 1489 1131 quia
1513 1098 1569 1122 nec
1586 1090 1746 1122 concurrit
1762 1090 1803 1121 ibi
1822 1090 1972 1123 severitas

1022 1141 1144 1180 indicii,
1170 1151 1241 1173 cum
1266 1151 1327 1173 non
1353 1146 1433 1174 esset
1457 1151 1553 1184 super
1585 1151 1658 1174 eum
1690 1142 1818 1175 inducta
1848 1143 1974 1175 maledi-

1023 1194 1100 1232 ctio;
1123 1203 1180 1226 nec
1203 1194 1319 1227 faceret
1342 1195 1383 1227 ad
1408 1195 1555 1227 meritum
1580 1194 1670 1234 fidei,
1695 1195 1792 1227 immo
1816 1204 1833 1227 e
1854 1199 1972 1227 contra-

1023 1246 1069 1278 rio
1093 1250 1140 1278 est
1164 1247 1194 1278 in
1218 1246 1291 1279 fidei
1316 1247 1508 1279 adiutorium
1524 1248 1545 1279 ⁷.

1110 1299 1140 1331 3.
1164 1300 1207 1331 Ad
1232 1299 1310 1332 illud
1336 1300 1420 1341 quod
1445 1300 1607 1338 obiicitur,
1632 1300 1716 1342 quod
1733 1300 1910 1342 praemium
1928 1309 1973 1332 re-

1022 1352 1153 1393 spondet
1178 1352 1310 1390 merito;
1332 1352 1519 1390 dicendum,
1537 1353 1621 1394 quod
1639 1361 1750 1385 verum
1768 1357 1815 1385 est
1831 1362 1888 1395 pro
1905 1353 1972 1385 loco
1987 1362 2115 1384 Notandum.

1021 1409 1051 1437 et
1075 1409 1237 1446 tempore;
1262 1408 1292 1437 et
1316 1406 1493 1446 praemium
1517 1405 1685 1437 essentiale
1700 1406 1847 1447 competit
1864 1410 1900 1438 ut
1916 1409 1974 1438 sta—

1021 1457 1076 1488 tim
1101 1457 1270 1496 reddatur,
1295 1458 1350 1489 sed
1374 1457 1458 1489 stola
1481 1458 1649 1489 secztndass
1666 1458 1758 1490 debet
1780 1458 1971 1500 exspectari,

1021 1517 1187 1551 quousque
1210 1518 1282 1541 cum
1307 1509 1503 1542 solemnitate
1526 1513 1556 1542 et
1581 1510 1811 1551 magnificentia
1827 1514 1857 1543 et
1873 1510 1972 1552 gloria

1021 1562 1124 1593 dantis
1148 1562 1336 1594 conferatur.

1109 1615 1139 1646 [ι.
1164 1615 1207 1647 Ad
1232 1615 1309 1647 illud
1335 1615 1419 1656 quod
1436 1615 1600 1654 obiicitur,
1617 1615 1700 1657 quod
1719 1616 1818 1648 maior
1834 1619 1882 1648 est
1898 1617 1972 1648 unio

1020 1671 1051 1699 et
1074 1668 1290 1700 convenientia
1313 1668 1491 1700 animarum
1505 1680 1513 1706 3
1538 1668 1724 1706 dicendum,
1749 1669 1833 1710 quod
1857 1669 1973 1702 falsum

1020 1724 1085 1758 est,
1118 1721 1213 1752 immo
1237 1721 1357 1759 minor,
1382 1730 1440 1762 pro
1463 1729 1500 1753 eo
1524 1721 1608 1762 quod
1641 1722 1746 1753 omnia
1778 1730 1910 1763 corpora
1942 1722 1972 1754 in

1020 1782 1083 1805 uno
1108 1782 1239 1815 corpore
1262 1774 1406 1811 fuerunt,
1431 1774 1486 1806 sed
1511 1783 1572 1806 non
1597 1782 1706 1806 omnes
1722 1775 1845 1806 animae
1863 1775 1893 1806 in
1910 1784 1973 1807 una

1020 1825 1124 1857 anima
1136 1825 1155 1856 ⁹.

860 1971 1043 2012 QUAas'rio
1072 1972 1118 2004 ιν.

375 2082 492 2115 Utrum
515 2082 715 2114 resurrectio
738 2082 783 2114 sit
805 2082 982 2114 eorundem
1007 2092 1185 2124 corporum
1208 2083 1389 2116 secundum
1414 2093 1602 2116 numerum.

95 2195 211 2236 Quarto
235 2194 409 2236 quaeritur,
433 2197 541 2226 utrum
568 2193 758 2226 resurrectio
783 2193 822 2225 sit
846 2202 956 2225 eorun-

15 2246 79 2280 dem
103 2247 275 2280 secundum
301 2255 480 2279 numerum.
508 2247 541 2278 Et
565 2246 649 2288 quod
674 2246 734 2285 sic,
759 2246 896 2278 videtur.

98 2302 124 2332 l.
147 2301 199 2333 Iob
227 2300 349 2333 decimo
380 2309 462 2332 nono
477 2300 522 2330 ¹⁰:
547 2300 587 2331 In
611 2309 712 2331 carne
743 2309 816 2331 mea
843 2299 954 2331 videbo

0 2353 121 2391 toeum,
146 2353 352 2385 Salvatorem
376 2362 502 2390 meum,
525 2362 619 2395 quem
635 2352 773 2384 visurus
799 2362 874 2384 sitm
898 2362 954 2394 690

16 2405 86 2447 ipse,
103 2410 130 2438 et
149 2416 213 2438 iton
237 2405 346 2443 alius;
362 2410 499 2444 constat,
516 2406 601 2447 quod
628 2415 688 2437 non
713 2405 788 2437 dicit
804 2405 893 2437 alius
910 2414 954 2437 se-

15 2458 144 2491 cundum
162 2459 295 2500 speciem
307 2485 314 2498 ,
332 2458 387 2491 sed
404 2458 578 2491 secundum
601 2466 789 2490 numerum:
805 2467 879 2499 ergo
896 2461 953 2490 etc.

94 2513 122 2543 2.
147 2512 239 2551 Item,
256 2511 464 2553 Philosophus
478 2511 519 2542 ¹¹:
543 2511 604 2542 «Si
628 2520 668 2543 ex
689 2511 813 2543 mortali
831 2510 885 2542 fiat
900 2510 955 2542 im-

1019 2193 1169 2232 mortale,
1194 2203 1256 2225 non
1281 2194 1433 2233 dicimus,
1458 2203 1532 2226 eum
1553 2195 1647 2227 aliam
1673 2195 1769 2227 vitam
1794 2204 1920 2228 sumere
1936 2207 1972 2234 »ς

1019 2255 1093 2287 ergo
1118 2246 1141 2278 si
1167 2256 1227 2278 non
1260 2250 1307 2278 est
1339 2247 1399 2278 alia
1430 2247 1511 2285 vita,
1543 2256 1599 2279 nec
1623 2247 1710 2279 aliud
1734 2248 1864 2287 vivens,
1897 2256 1972 2289 ergo

1019 2298 1121 2331 idem:
1147 2308 1221 2340 ergo
1245 2302 1301 2331 etc.

1108 2351 1136 2383 3.
1162 2352 1251 2390 Item,
1276 2352 1405 2384 ratione
1428 2352 1570 2384 videtur:
1596 2353 1670 2394 quia
1694 2353 1840 2386 identitas
1861 2354 1905 2386 rei
1924 2362 1974 2385 ve—

1020 2404 1065 2435 nit
1090 2404 1129 2435 ab
1153 2404 1315 2436 identitate
1347 2405 1575 2446 principiorum
1607 2405 1884 2444 substantialium;
1917 2406 1970 2438 sed

1019 2457 1102 2489 idem
1135 2461 1181 2488 est
1217 2457 1408 2499 principium
1441 2458 1603 2490 materiale
1635 2462 1665 2490 et
1697 2458 1779 2490 idem
1820 2458 1970 2491 formale:

1019 2519 1093 2551 ergo
1118 2509 1199 2541 idem
1225 2510 1319 2542 homo
1343 2511 1395 2552 qni
1422 2511 1519 2552 prius.

78 2740 84 2756 ¹
105 2740 183 2767 Codd.
203 2743 251 2767 RS
271 2743 392 2774 supplent
411 2741 459 2768 Dei
476 2742 533 2775 (cfr.
555 2743 589 2767 Ill.
611 2743 679 2767 Seni.
699 2742 725 2767 d.
747 2743 789 2767 22.
812 2750 836 2774 q.
852 2742 897 2774 6.).
920 2741 954 2766 ln-

15 2783 86 2809 terius
109 2792 155 2816 pro
179 2786 279 2819 peccati
302 2786 362 2811 odd.
380 2787 510 2819 peccante.

77 2828 87 2844 ²
105 2829 183 2854 Eccle.
202 2830 232 2862 3,
256 2831 296 2855 ⁴8.
316 2837 404 2862 seqq.:
423 2830 478 2855 Dixi
497 2831 522 2855 in
547 2830 625 2855 cordo
651 2837 709 2855 meo
735 2830 767 2855 de
793 2830 850 2855 filiis
872 2830 955 2855 homi-

16 2877 85 2903 num,
104 2876 130 2897 ut
147 2872 269 2904 probaret
287 2880 332 2899 eos
351 2874 419 2898 Dens
438 2876 463 2898 et
486 2873 633 2899 ostenderet
656 2873 752 2898 similes
776 2880 833 2898 esse
858 2873 954 2899 bestiis.

15 2913 103 2940 Idcirco
128 2923 195 2942 unus
222 2918 337 2943 interitus
365 2920 403 2943 est
421 2918 533 2942 hominis
551 2920 577 2942 et
594 2918 770 2943 iumentorum
795 2923 842 2943 etc.
867 2931 901 2934 —-
921 2918 955 2942 In-

14 2956 86 2983 serius
111 2961 243 2991 respicitur
270 2961 382 2986 verbum
410 2961 535 2993 Gregor.‚
565 2962 592 2987 II.
620 2962 712 2987 Homil.
738 2962 763 2986 in
789 2962 886 2992 Evang.
913 2962 955 2986 ho-

16 3002 62 3027 mil.
76 3004 114 3029 26.
128 3011 151 3029 n.
167 3005 194 3030 l:
215 3005 265 3030 Nec
284 3005 348 3030 fldes
368 3005 445 3030 habet
464 3006 598 3037 meritum,
619 3007 660 3031 cui
680 3007 793 3031 humana
807 3007 870 3031 ratio
884 3013 955 3037 prae·

15 3043 54 3071 het
70 3048 278 3078 experimentum.
299 3062 332 3066 -
345 3049 394 3074 Pro
408 3048 587 3082 eoeperimeizto
602 3049 661 3075 edd.
671 3056 723 3082 per
744 3049 954 3082 eaperimentum

16 3086 94 3115 homo.

78 3132 88 3148 ³
106 3133 177 3160 Rom.
198 3136 244 3167 «12,
266 3135 289 3160 5.
310 3135 358 3161 Csr.
379 3136 395 3160 1.
416 3136 473 3161 Cor.
495 3137 540 3168 12,
563 3137 603 3162 112.
624 3143 696 3169 seqq.
722 3150 756 3155 -
780 3137 887 3161 Inferius
906 3143 954 3168 pro

15 3173 170 3208 importabile
189 3179 246 3205 Vat.
266 3179 535 3213 improportionabile.

79 3219 89 3236 ⁴
108 3222 178 3247 Vers.
198 3223 243 3255 40,
263 3224 307 3249 ubi
328 3225 438 3256 Vulgata
459 3226 487 3250 itt
506 3231 560 3250 non
580 3232 629 3256 pro
649 3231 688 3250 ne.
709 3224 759 3250 Cir.
779 3231 857 3256 supra
872 3224 896 3249 d.
912 3225 953 3249 2¹.

16 3268 38 3292 p.
55 3263 70 3288 I.
88 3271 110 3289 a.
129 3266 152 3291 3.
171 3274 195 3299 q.
216 3268 239 3292 2.
259 3268 292 3293 ad
314 3269 335 3293 l.
355 3272 379 3293 et
398 3269 421 3294 3.

79 3307 90 3324 ⁵
106 3308 410 3344 Commentationum,
416 3313 471 3338 Vat.
479 3311 690 3339 distributionem
698 3312 739 3338 vel
744 3311 953 3338 retributionem.

80 3350 90 3366 ⁶
109 3351 188 3378 Codd.
210 3354 255 3378 FR
268 3355 283 3379 S
302 3355 390 3388 primo
419 3356 581 3387 (glorificatio
609 3360 647 3382 est
671 3356 824 3381 resurrectio
853 3356 953 3381 animae

16 3393 144 3427 secunda).
164 3397 189 3422 ln
210 3398 258 3423 fine
277 3399 351 3424 solut.
366 3406 414 3431 pro
428 3401 514 3426 tenent
527 3400 585 3425 cdd.
601 3399 698 3426 timent.

1089 2740 1099 2757 ⁷
1119 2741 1154 2765 De
1174 2748 1226 2773 quo
1246 2740 1307 2765 vide
1326 2748 1404 2772 supra
1425 2748 1450 2773 q.
1476 2742 1493 2765 Ι.
1514 2742 1538 2766 in
1559 2748 1630 2773 corp.

1088 2784 1099 2801 8
1119 2785 1178 2811 Sive
1207 2785 1337 2816 corporis,
1357 2791 1425 2816 quae
1449 2785 1613 2816 distinguitur
1638 2793 1651 2810 a
1678 2786 1760 2817 gloria
1788 2786 1889 2811 animae
1917 2787 1972 2811 sive

1018 2829 1081 2854 stola
1103 2829 1197 2859 prima.
1218 2827 1268 2853 Csr.
1288 2833 1349 2853 torn.
1371 2828 1405 2853 III.
1426 2835 1485 2860 pag.
1507 2829 1571 2860 390,
1592 2832 1650 2854 nota
1670 2829 1694 2854 4.

1090 2870 1099 2883 ⁹
1119 2871 1181 2896 Cod.
1201 2878 1230 2896 aa
1251 2871 1337 2897 addit:
1356 2871 1421 2905 quia
1441 2878 1496 2898 non
1515 2874 1579 2898 sunt
1598 2879 1632 2898 ex
1651 2872 1762 2899 traduce
1781 2873 1836 2906 (cfr.
1858 2874 1883 2898 ll.
1904 2875 1971 2899 Sent.

1019 2916 1044 2941 d.
1066 2916 1106 2940 118.
1127 2923 1149 2940 a.
1170 2916 1193 2940 2.
1215 2923 1240 2948 q.
1261 2916 1284 2940 3.
1305 2919 1329 2941 et
1348 2916 1374 2941 d.
1397 2916 1438 2941 31.
1458 2924 1480 2941 a.
1502 2917 1524 2942 l.
1546 2924 1570 2949 q.
1591 2918 1636 2949 11.).
1658 2932 1691 2935 —
1711 2918 1777 2943 Vide
1804 2919 1919 2944 scholion
1939 2918 1971 2944 ad

1021 2961 1044 2985 l.
1068 2961 1145 2985 huius
1163 2960 1262 2985 articuli
1284 2963 1382 2991 quaest.

1090 3003 1111 3019 ¹0
1131 3005 1203 3029 Vers.
1224 3004 1265 3028 26.
1285 3011 1338 3036 seq.
1360 3004 1469 3035 Vulgata
1490 3005 1582 3030 omittit
1600 3004 1784 3037 Salvatorem,
1798 3008 1823 3030 et
1841 3009 1899 3037 post
1919 3005 1972 3039 ipse

1019 3047 1104 3072 addit:
1124 3048 1148 3073 et
1167 3046 1239 3073 oculi
1258 3047 1309 3072 mei
1328 3047 1494 3080 conspecturi
1511 3049 1582 3074 sunt.

1089 3090 1109 3106 Η
1130 3091 1198 3116 Libr.
1213 3092 1253 3117 IV.
1268 3092 1334 3122 Top.
1355 3098 1375 3116 c.
1397 3091 1427 3116 ὃς
1448 3092 1609 3124 Quandoque
1630 3096 1716 3117 autem
1737 3095 1857 3124 peccant,
1872 3096 1896 3117 et
1916 3100 1971 3124 pas·

1019 3136 1117 3160 sionem
1137 3135 1164 3167 [i.
1184 3142 1208 3161 e.
1230 3135 1428 3169 proprietatem]
1448 3137 1472 3161 in
1493 3143 1588 3167 genere
1611 3137 1667 3162 eius
1693 3137 1765 3169 quod
1790 3143 1896 3168 passum
1917 3141 1968 3169 est,

1020 3183 1157 3210 ponentes,
1179 3182 1207 3203 ut
1226 3179 1442 3204 immortalitatem
1462 3181 1543 3205 vitam
1563 3181 1747 3211 sempiternam
1768 3180 1881 3205 dicentes
1900 3187 1970 3211 esse3

1019 3224 1104 3254 passio
1125 3224 1194 3247 enim
1212 3224 1281 3248 vitae
1299 3226 1324 3248 et
1343 3223 1463 3249 accidens
1482 3224 1660 3250 immortalitas
1683 3224 1787 3249 videtur
1811 3231 1875 3249 esse.
1897 3224 1972 3256 Quod

1018 3270 1104 3292 autem
1124 3274 1216 3292 verum
1237 3268 1268 3292 sit
1282 3267 1352 3299 quod
1367 3267 1472 3299 dicitur,
1494 3269 1656 3293 manifestum
1678 3268 1716 3300 fit,
1732 3269 1752 3293 si
1767 3269 1825 3300 quis
1843 3268 1968 3300 admittat7

1018 3312 1129 3344 aliquem
1150 3318 1180 3336 ex
1199 3312 1299 3336 mortali
1319 3312 1373 3337 fiori
1394 3312 1580 3343 immortalem3
1605 3312 1690 3337 nullus
1709 3313 1778 3337 enim
1805 3313 1873 3344 dicit,
1896 3313 1971 3338 aliam

1017 3356 1097 3380 vitam
1117 3362 1177 3380 euin
1197 3362 1315 3387 sumere,
1337 3355 1382 3380 sed
1402 3355 1521 3381 accidens
1541 3356 1647 3388 aliquod
1670 3356 1712 3381 vel
1738 3357 1885 3387 passionem
1913 3357 1972 3383 huic

1017 3400 1102 3424 cidem
1122 3399 1246 3424 advenire
1265 3402 1312 3425 etc.
1333 3414 1366 3417 —
1385 3400 1449 3425 Edd.
1469 3401 1589 3425 omittunt
1607 3406 1740 3426 sumere...
1761 3400 1817 3426 alia
1836 3400 1900 3427 vita.
