2483 3882
10 639 16 675 1

0 765 8 787 lv

4 767 18 831 j.—

0 818 9 860 uz«

891 213 1101 246 DISTINCTIO
1126 214 1211 246 xvii.

1970 216 2033 248 415

982 391 1063 423 PARS
1088 392 1119 422 lI.

479 513 546 544 Car.
571 514 602 543 ΙΙ.

275 611 327 640 An
347 609 478 651 sufficiat
498 611 559 640 solz'
578 612 638 641 Deo
661 610 805 650 confiteri.

146 708 205 738 Ian]
227 707 393 738 secundum
418 708 603 746 quaestionis
626 707 787 738 articulum
811 707 1017 746 inspiciamus,

15 752 183 787 21.scilicet
215 759 314 786 utrum
344 756 474 786 sufficiat
495 760 621 794 peccata
643 756 779 786 confiteri
802 755 856 785 soli
880 756 958 791 Deo,
981 764 1017 785 an

22 811 57 832 .et
70 808 204 844 oporteat
215 805 350 847 confiteri
368 804 526 834 sacerdoti.
539 821 579 826 —
590 804 775 840 Quibusdam
789 804 886 834 visum
903 808 947 834 est
962 804 1019 834 suf-

69 854 172 888 ficere,
188 853 213 882 si
236 846 291 883 soli
315 853 375 882 Deo
399 853 448 882 fiat
463 853 611 882 confessio
628 853 692 882 sine
709 853 821 882 iudicio
837 852 1016 882 sacerdotali

72 901 294 933 etconfessione
307 901 476 938 Ecclesiae;
490 901 561 939 quia
574 901 668 931 David
685 900 774 930 dixit¹
787 911 793 930 :
806 900 892 935 Diaei,
904 901 1018 940 confice-

71 950 122 980 [ιον
143 949 335 991 Dominmet
357 954 387 979 tu
410 948 556 978 remisisti
577 952 652 985 etc.;
676 958 734 978 non
751 949 791 978 ait
806 948 966 984 sacerdoti,
989 952 1017 979 et

0 1003 54 1027 nius.
69 1003 163 1029 tamen
187 999 344 1027 remissum
368 997 424 1027 sibi
448 1001 607 1036 peccatum
630 997 712 1027 dicit.
736 997 806 1027 Item
823 997 1016 1027 Ambrosius:

0 2266 54 2288 sper.

0 2807 22 2822 lm
37 2801 55 2822 4.

11 1148 54 1169 112.

1 1873 54 1895 1113.

73 1047 166 1077 «Ideo
188 1046 270 1076 flevit
294 1047 412 1083 Petrus,
436 1046 506 1084 qnia
529 1046 618 1084 culpa
652 1045 786 1084 obrepsit
814 1046 860 1081 ei;
890 1054 947 1075 non
978 1046 1018 1075 in-

69 1096 168 1131 venio,
191 1095 263 1133 qnid
287 1094 417 1131 dixerit3
442 1094 577 1131 invenio,
600 1095 680 1132 quod
704 1094 828 1124 fleverit.
854 1095 1016 1133 Lacrymas

70 1145 132 1175 eins
152 1144 235 1182 lego,
259 1144 491 1173 satisfactionem
526 1152 582 1173 non
615 1143 690 1181 lego.
713 1143 769 1173 Sed
794 1143 875 1181 quod
897 1144 1015 1173 defendi

67 1202 122 1227 non
146 1197 243 1232 potest
265 1193 346 1222 ablui
379 1196 486 1231 potest.
519 1193 633 1222 Lavant
667 1192 820 1232 lacrymae
852 1192 1015 1229 delictum,

67 1242 144 1281 quod
168 1250 241 1271 voce
263 1241 362 1280 pudor
385 1245 429 1271 est
451 1241 597 1271 confiteri.
619 1241 656 1270 Et
678 1241 783 1271 veniae
805 1240 892 1270 fletus
912 1249 1017 1271 consu-

0 1281 101 1341 lljsffissffl
128 1293 156 1320 et
183 1289 425 1320 verecundiae».
458 1290 520 1319 Hoc
549 1290 627 1319 idem
651 1290 741 1319 etiam
763 1289 933 1319 Maximus-2
957 1291 1016 1328 epi-

68 1347 176 1378 scopus
208 1338 300 1374 dicit;
323 1338 392 1368 item
419 1338 543 1367 Ioannes
565 1337 817 1377 Chrysostomns:
845 1338 937 1368 «Non
962 1338 1013 1368 tibi

66 1388 148 1424 dieo,
171 1390 202 1416 nt
225 1391 252 1416 te
274 1387 386 1425 prodas
409 1387 436 1416 in
459 1387 631 1425 publicum,
653 1395 751 1425 neque
774 1387 854 1425 apud
883 1387 958 1416 allos
988 1391 1015 1417 te

65 1444 202 1471 accuseS,
225 1436 276 1465 sed
300 1435 424 1465 obedire
447 1440 475 1465 te
492 1435 558 1465 volo
575 1436 744 1474 Prophetae
759 1435 869 1465 dicenti
885 1446 890 1464 z
906 1436 1015 1465 Revela

63 1486 121 1515 Deo
154 1484 236 1514 viam
264 1489 356 1514 tuam.
379 1485 453 1514 Ante
477 1485 569 1514 Deum
594 1492 664 1521 ergo
699 1487 747 1514 tua
778 1484 920 1514 confitere
948 1493 1016 1523 pec-

66 1538 145 1570 cata,
167 1533 246 1571 apud
270 1541 374 1562 verum
399 1533 528 1562 iudicem
563 1541 632 1562 cum
666 1533 802 1562 oratione
825 1533 935 1562 delicta
966 1537 1014 1563 tua

64 1582 238 1621 pronuntia,
262 1590 318 1610 non
348 1581 466 1619 lingna,
489 1580 541 1611 sed
575 1581 780 1611 conscientiae
812 1585 881 1611 tuae
907 1589 1017 1611 memo-

65 1631 126 1668 ria3
149 1633 177 1660 et
199 1634 269 1660 tnnc
286 1630 405 1659 demum
422 1638 527 1668 spera,
545 1633 571 1659 te
588 1630 827 1660 misericordiam
843 1638 932 1668 posse
948 1638 1016 1659 eon-

66 1679 157 1718 sequi.
180 1678 208 1708 Si
226 1678 369 1708 habueris
385 1681 509 1717 peccata
528 1682 577 1708 tua
600 1679 628 1707 in
652 1682 751 1708 mente
774 1679 924 1713 continue,
942 1687 1016 1708 nnn-

66 1735 153 1766 quam
177 1726 286 1756 malum
309 1726 455 1756 adversus
478 1726 649 1764 proximum
685 1726 712 1755 in
746 1726 838 1756 corde
865 1730 915 1755 tuo
938 1730 1016 1756 tene-

66 1774 110 1804 bis
126 1788 151 1805 ».
173 1774 296 1805 ldem3:
325 1775 477 1804 «Peccata
503 1778 551 1804 tua
575 1775 683 1811 dicito,
703 1778 735 1804 ut
751 1774 852 1804 deleas
875 1775 933 1804 ilia.
957 1775 1014 1804 Sed

66 1824 90 1854 si
112 1824 301 1854 confunderis
317 1824 407 1853 alicui
425 1823 543 1860 dicere,
560 1823 652 1853 dicito
668 1832 702 1854 ea
718 1824 853 1861 quotidie
870 1824 898 1852 in
915 1824 1015 1853 anima

70 1877 135 1910 tua,
158 1881 215 1902 non
237 1873 322 1908 dico,
345 1876 378 1902 ut
398 1873 570 1902 confitearis
593 1880 628 1902 ea
651 1880 798 1902 conservo
823 1876 889 1907 tuo,
913 1876 945 1902 ιιι
962 1872 1013 1902 tibi

67 1922 244 1960 exprobret,
267 1921 359 1951 dicito
382 1921 453 1957 Deo,
475 1921 527 1959 qui
550 1925 636 1951 curat
657 1929 701 1951 ea.
725 1921 787 1951 Nec
810 1921 899 1957 enim,
915 1921 938 1950 si
957 1929 1015 1951 non

66 1970 190 2005 dixeris,
213 1970 329 2007 ignorat
345 1977 395 1999 ea:
412 1978 479 1999 cum
496 1969 628 1999 faciebas
644 1978 693 2005 ea,
710 1973 829 2008 praesto
853 1973 929 2004 ei·at;
946 1977 1014 1999 cum

67 2018 236 2048 admitteres
269 2026 318 2054 ea,
346 2022 537 2057 cognoverat.
560 2018 704 2057 Nunquid
727 2026 761 2047 ea
785 2018 849 2047 vult.
871 2026 885 2047 a
915 2022 941 2047 te
970 2026 1017 2047 co-

67 2068 229 2104 gnoscere?
261 2067 391 2096 Peccare
423 2067 500 2096 enim
536 2075 593 2096 non
627 2066 791 2102 erubuisti,
822 2070 851 2096 et
879 2066 1014 2096 confiteri

67 2116 240 2145 erubescis?
261 2116 358 2145 Dicito
381 2116 409 2145 in
434 2116 491 2145 hac
514 2116 591 2150 vita,
613 2120 646 2145 ut
668 2116 695 2145 in
719 2115 776 2145 alia
808 2116 943 2154 requiem
967 2116 1017 2145 ha-

66 2164 153 2202 beas3
172 2165 263 2194 dicito
285 2165 483 2202 ingemiscens
506 2169 535 2194 et
556 2165 737 2204 lacrymans.
760 2165 790 2194 ln
814 2165 920 2194 codiee
942 2164 1017 2193 scri-

66 2216 115 2251 pta
136 2217 204 2243 sunt
225 2218 348 2252 peccata
372 2217 441 2249 tua,
464 2214 589 2252 spongia
612 2216 806 2252 peccatorum
835 2217 954 2243 tuorum
978 2213 1017 2242 la-

69 2271 188 2302 crymae
210 2268 277 2294 tuae
298 2265 398 2294 sint».
420 2264 492 2294 Item
516 2264 683 2302 Prosper4:
703 2277 715 2290 α
730 2264 773 2293 1111
793 2272 922 2303 quorum
946 2273 1016 2303 pec-

67 2315 132 2342 cata
153 2312 312 2342 humanam
337 2313 472 2342 notitiam
494 2313 603 2349 latent,
635 2322 693 2343 non
723 2313 760 2342 ab
785 2313 858 2352 ipsis
880 2313 1015 2343 confessa

68 2368 121 2390 nec
142 2361 179 2390 ab
201 2361 267 2391 aliis
288 2361 459 2399 publicata,
493 2363 516 2391 si
550 2370 585 2392 ea
607 2362 742 2392 confiteri
779 2362 823 2391 vel
855 2362 1016 2391 emendare

69 2408 230 2445 noluerint,
252 2410 363 2446 Deum,
396 2418 485 2449 quem
508 2410 620 2440 habent
644 2414 765 2445 testem,
787 2410 886 2448 ipsum
910 2414 938 2439 et
967 2410 1016 2439 ha-

68 2456 155 2487 bituri
188 2462 256 2488 sunt
289 2458 424 2488 ultorem.
448 2458 557 2493 Quodsi
591 2459 648 2496 ipsi
681 2459 725 2488 sui
751 2458 866 2487 iudices
889 2459 961 2487 fiant
987 2461 1014 2487 et

68 2505 157 2535 veluti
179 2515 251 2536 suae
273 2507 439 2545 iniquitatis
472 2507 584 2537 ultores
617 2507 667 2536 hic
699 2507 728 2536 in
761 2515 793 2536 se
815 2506 1014 2536 voluntariam

69 2561 192 2591 poenam
215 2556 424 2584 severissimae
447 2555 718 2584 animadversionis
741 2558 919 2589 exerceant;
948 2558 1017 2583 tem-

69 2602 221 2639 poralibus
244 2603 348 2642 poenis
370 2604 530 2633 mutabunt
556 2607 677 2633 aeterna
699 2603 848 2641 supplicia
871 2606 900 2632 et
922 2603 1017 2641 lacry-

68 2650 123 2679 mis
138 2659 174 2681 ex
190 2660 258 2681 vera
279 2652 379 2682 cordis
398 2653 578 2682 contritione
595 2651 756 2681 fluentibus
772 2652 952 2688 restringent
968 2659 1016 2680 ae-

69 2698 141 2727 terni
165 2699 239 2736 ignis
269 2700 450 2730 incendia».
473 2701 509 2730 Et
533 2700 625 2729 infra:
656 2700 813 2729 «Facilius
836 2699 891 2728 sibi
920 2699 1014 2728 Deum

69 2746 227 2784 placabunt
250 2748 290 2778 illi
313 2749 365 2787 qui
388 2753 439 2778 aut
472 2749 603 2787 propriis
635 2748 873 2778 confessionibus
901 2749 1015 2777 crimen

70 2795 213 2832 produnt,
235 2801 302 2834 aut,
324 2798 528 2827 nescientibus
550 2797 626 2833 aliis,
650 2797 705 2835 ipsi
731 2797 758 2826 in
781 2805 812 2826 se
830 2796 1016 2826 voluntariae

69 2845 385 2875 excommunicationis
408 2846 584 2875 sententiam
608 2845 720 2881 serunt,
743 2849 772 2875 et
794 2845 831 2875 ab
854 2845 950 2881 altari,
967 2845 1015 2874 cui

1084 515 1310 552 ministrabant,
1342 525 1399 545 non
1424 517 1539 553 animo,
1562 517 1614 546 sed
1638 512 1737 546 officio
1760 517 1910 555 separati,
1943 518 2033 547 vitam

1083 571 1167 592 suam
1191 564 1275 601 quasi
1300 567 1448 594 mortuam
1472 565 1632 603 plangunt,
1648 566 1736 601 certi,
1752 566 1831 604 quod
1849 566 2034 596 reconciliati

1083 611 1139 640 sibi
1163 611 1295 641 efficacis
1319 612 1520 650 poenitentiae
1541 613 1705 648 fructibus,
1728 622 1742 644 a
1766 615 1827 644 Deo
1851 623 1907 643 non
1937 615 2034 644 solum

1083 659 1192 689 amissa
1225 660 1388 698 recipiant,
1411 661 1463 690 sed
1487 661 1576 691 etiam
1600 670 1749 700 supernae
1772 662 1903 692 civitatis
1925 662 2032 699 gaudia

1083 708 1271 745 recipiant».
1294 725 1334 730 —-
1356 709 1407 737 His
1429 710 1660 740 auctoritatibus
1688 711 1854 740 innituntur
1876 711 1926 749 qui
1957 711 2035 740 suffi—

1083 764 1151 785 cere
1173 756 1359 786 contendnnt
1381 758 1441 787 Deo
1464 758 1598 788 confiteri
1623 763 1746 797 peccata
1781 760 1845 789 sine
1868 760 2034 790 sacerdote.

1083 804 1191 833 Dicunt
1207 805 1301 840 enim,
1318 805 1399 843 qnod
1422 806 1445 835 si
1470 806 1538 844 quis
1561 807 1679 844 timens,
1696 807 1793 846 detegi
1811 807 1932 846 culpam
1948 816 2034 837 suam

1083 852 1163 890 apud
1187 853 1339 889 homines,
1363 862 1399 883 ne
1429 854 1497 883 inde
1530 855 1695 893 opprobrio
1728 856 1886 891 habeatur,
1909 856 1953 885 vel
1984 857 2033 886 alii

1082 909 1137 930 suo
1158 901 1297 940 exemplo
1320 901 1357 931 ad
1381 903 1569 941 peccandum
1590 904 1794 940 accingantur,
1811 908 1838 933 et
1856 905 1921 934 ideo
1939 908 2036 934 taceat

1082 950 1195 979 homini
1218 953 1246 979 et
1269 950 1379 980 revelet
1403 951 1480 987 De0;
1503 952 1699 991 consequitur
1722 953 1849 983 veniam.

1487 1064 1555 1094 CAP.
1578 1065 1623 1094 ΙΙΙ.

1165 1174 1250 1211 Quod
1269 1184 1333 1205 ozon
1352 1175 1464 1214 sufficit
1483 1176 1544 1206 soli
1564 1177 1623 1206 Deo
1647 1177 1800 1216 confiteri,
1823 1178 1851 1208 si
1869 1179 1964 1218 possit

1400 1224 1538 1263 confiteri
1556 1225 1713 1255 sacerdoli.

1161 1336 1219 1366 Sed
1241 1337 1323 1376 quod
1345 1338 1555 1369 sacerdotibus
1575 1340 1711 1370 confiteri
1734 1345 1888 1379 oporteat,
1911 1351 1967 1372 non
1991 1352 2032 1372 so⁴
2049 1347 2126 1373 Opinio
2141 1348 2196 1369 Ἀεὶ

1082 1385 1142 1415 lum
1167 1386 1215 1416 illa
1238 1387 1417 1417 anctoritate
1449 1388 1591 1417 Iacohi⁵:
1626 1389 1821 1429 Confitendum·
1850 1391 2034 1421 allel-ueram
2064 1380 2120 1395 vem.

1079 1440 1199 1475 peecata
1221 1440 1320 1465 vestra
1342 1440 1415 1472 etc.,
1438 1437 1488 1466 sed
1514 1437 1603 1467 etiam
1636 1438 1763 1468 aliorum
1793 1439 1931 1477 pluribus
1955 1441 2035 1470 testi-

1081 1484 1189 1513 moniis
1212 1484 1437 1522 comprobatur.
1456 1485 1503 1514 Ait
1519 1486 1596 1514 enim
1614 1485 1818 1523 Augustinus:
1847 1500 1858 1512 «
1875 1488 1988 1517 iudicet
2003 1496 2034 1517 se
2049 1493 2185 1519 Augustinus-

1083 1532 1181 1570 ipsum
1205 1532 1295 1562 homo
1318 1533 1500 1569 voluntarie,
1516 1534 1586 1563 dum
1604 1538 1716 1572 potest,
1740 1540 1768 1564 et
1792 1544 1890 1565 mores
1913 1545 2035 1565 conver-

1082 1584 1123 1610 tat
1146 1581 1173 1610 in
1198 1581 1321 1616 melius,
1344 1590 1395 1618 ne,
1418 1590 1486 1612 cmn
1510 1583 1568 1612 iam
1599 1591 1656 1612 non
1689 1584 1815 1621 poterit,
1839 1589 1958 1622 praeter
1989 1594 2035 1614 vo-

1080 1629 1224 1660 luntatem
1248 1639 1264 1660 a
1287 1631 1413 1660 Domino
1437 1631 1606 1667 indicetur3
1630 1636 1658 1661 et
1678 1641 1747 1661 cum
1771 1633 1798 1662 in
1821 1642 1852 1662 se
1876 1635 2035 1671 protulerit

1080 1679 1290 1708 severissimae
1312 1679 1494 1715 medleinae,
1517 1680 1568 1709 sed
1593 1683 1690 1710 tamen
1715 1681 1892 1710 utilissimae
1921 1686 2035 1711 senten-

1082 1728 1169 1763 tiam;
1193 1728 1293 1757 veniat
1316 1728 1351 1757 ad
1377 1729 1539 1764 antistites,
1569 1738 1624 1767 per
1645 1737 1721 1767 quos
1745 1730 1785 1759 illi
1808 1730 1909 1759 claves
1933 1731 1959 1759 in
1986 1732 2036 1760 Ec-

1081 1776 1172 1806 clesia
1194 1776 1412 1806 ministrantur.
1435 1777 1589 1815 Tanquam
1613 1777 1709 1807 bonus
1732 1778 1791 1807 iam
1807 1778 1954 1817 incipiens
1969 1787 2036 1809 esse

1082 1825 1176 1861 filius,
1211 1829 1415 1854 maternorum
1448 1825 1651 1855 membrorum
1686 1827 1791 1856 ordine
1823 1828 1989 1863 custodito,
2019 1837 2036 1858 a

1080 1874 1263 1912 praepositis
1285 1874 1548 1904 Sacramentorum
1572 1875 1701 1913 accipiat
1728 1876 1941 1906 satisfactionis
1964 1885 2036 1906 snae

1082 1923 1223 1959 modum,
1246 1923 1273 1952 in
1297 1923 1450 1953 offerendo
1473 1924 1623 1954 sacrificio
1647 1924 1842 1955 contribulati
1865 1926 1967 1955 cordis
1988 1926 2037 1955 de-

1082 1975 1169 2001 votus
1191 1975 1219 2001 et
1241 1971 1380 2010 supplex.
1402 1972 1433 2001 Id
1459 1976 1556 2001 tamen
1580 1976 1664 2009 agat,
1687 1973 1766 2011 quod
1792 1982 1849 2002 non
1866 1974 1962 2003 solum
1979 1974 2034 2004 sihi

1081 2020 1176 2058 prosit
1199 2020 1236 2049 ad
1259 2020 1404 2056 salutem,
1426 2020 1478 2050 sed
1502 2021 1590 2051 etiam
1608 2022 1717 2051 ceteris
1733 2021 1769 2051 ad
1787 2022 1977 2060 exemplum:
1995 2026 2035 2057 ut,

1081 2069 1105 2097 si
1129 2073 1288 2107 peccatum
1312 2069 1376 2098 eius
1403 2077 1460 2098 non
1485 2069 1574 2099 modo
1598 2070 1626 2099 iu
1649 2070 1732 2108 gravi
1764 2070 1829 2100 eius
1857 2071 1949 2107 malo,
1982 2071 2035 2100 sed

1082 2118 1171 2147 etiam
1189 2118 1217 2146 in
1235 2121 1315 2147 tanto
1331 2117 1474 2147 scandalo
1491 2122 1535 2148 est
1551 2118 1695 2154 aliorum,
1712 2122 1802 2157 atque
1819 2119 1876 2148 hoc
1893 2119 2036 2158 expedire

1082 2166 1201 2196 utilitati
1215 2166 1370 2196 Ecclesiae
1383 2166 1502 2196 videtur
1513 2167 1635 2197 antistiti
1646 2190 1654 2202 ,
1670 2167 1698 2196 in
1715 2167 1849 2196 notitiam
1864 2168 2036 2204 multorum,

1082 2215 1129 2244 vel
1153 2215 1243 2244 totius
1265 2215 1362 2253 plebis
1384 2223 1473 2252 agere
1507 2216 1722 2254 poenitentiam
1756 2225 1813 2246 non
1836 2221 1972 2252 recuset,
2003 2226 2039 2247 ne

1082 2263 1162 2293 letali
1186 2264 1292 2302 plagae
1324 2272 1378 2302 per
1410 2264 1558 2302 pudorem
1591 2265 1682 2294 addat
1716 2268 1908 2295 tumorem».
1937 2266 2036 2296 «Cmn

1082 2315 1163 2342 tanta
1187 2316 1231 2341 est
1254 2312 1341 2350 plaga
1374 2313 1491 2351 peccati
1515 2317 1543 2342 et
1566 2314 1696 2351 impetus
1719 2314 1833 2350 morbi,
1856 2319 1888 2344 ιιι
1910 2315 2038 2346 medica-

1082 2363 1182 2390 menta
1204 2361 1342 2399 corporis
1365 2364 1393 2390 et
1416 2361 1570 2398 sanguinis
1586 2362 1703 2391 Domini
1721 2362 1884 2391 differenda
1902 2363 1973 2397 sint,
1990 2371 2038 2392 au-

1081 2410 1220 2439 ctoritate
1242 2410 1383 2439 antistitis
1407 2409 1497 2439 debet
1518 2418 1550 2439 se
1572 2410 1701 2448 quisque
1725 2419 1881 2440 removere
1897 2411 1934 2440 ab
1950 2410 2035 2440 altari

1081 2458 1118 2487 ad
1141 2458 1287 2495 agendam
1311 2458 1526 2496 poenitentiam
1544 2462 1572 2487 et
1588 2458 1693 2488 eadem
1711 2459 1899 2488 reconciliari
1917 2471 1942 2487 ».
1964 2459 2035 2488 item

1080 2507 1140 2535 Leo
1164 2506 1286 2544 Papas’:
1316 2519 1327 2532 «
1342 2506 1499 2545 Multiplex
1530 2507 1738 2537 misericordia
1764 2508 1813 2536 Dei
1839 2508 1877 2536 ita
1901 2507 2036 2545 lapsibus
2052 2512 2100 2533 Leo-

1081 2554 1221 2583 subvenit
1244 2555 1398 2590 humanis,
1430 2559 1461 2584 nt
1484 2563 1540 2584 non
1564 2555 1653 2584 modo
1676 2563 1730 2593 per
1754 2555 1953 2593 baptismum,
1983 2556 2034 2585 sed

1082 2603 1170 2633 etiam
1195 2611 1249 2640 per
1271 2603 1485 2641 poenitentiam
1507 2611 1578 2640 spes
1602 2603 1680 2632 vitae
1702 2608 1876 2641 reparetur,
1898 2604 1942 2633 sie
1965 2604 2038 2633 divi-

1082 2659 1137 2680 nae
1161 2651 1321 2680 voluntatis
1344 2651 1505 2689 praesidiis
1520 2651 1682 2685 ordinatis,
1704 2656 1735 2681 ut
1752 2652 1966 2689 indulgentiam
1984 2653 2034 2682 Dei
2053 2657 2143 2678 Dubium
2160 2658 2180 2678 5-

1082 2700 1138 2729 nisi
1171 2699 1446 2738 supplicationibus
1481 2700 1673 2729 sacerdotum
1707 2705 1858 2738 nequeant
1890 2701 2035 2731 obtinere.

1080 2747 1216 2777 Christus
1239 2749 1316 2777 enim
1340 2748 1417 2777 hanc
1442 2749 1624 2786 praepositis
1650 2749 1805 2779 Ecclesiae
1839 2750 1962 2780 tradidit
1985 2759 2037 2788 po-

1082 2799 1235 2831 testatem,
1258 2800 1290 2825 ιιι
1321 2796 1533 2825 confitentibus
1567 2797 1768 2834 poenitentiae
1801 2798 2034 2828 satisfactionem

1081 2844 1186 2873 darent
1209 2848 1237 2873 et
1259 2844 1397 2881 eosdem,
1425 2844 1539 2874 salubri
1571 2845 1774 2875 satisfactione
1806 2850 1967 2884 purgatos,
1997 2847 2034 2876 ad

139 3008 147 3024 ¹
168 3009 257 3034 psalm.
278 3011 319 3042 31,
336 3011 359 3035 5.
373 3025 408 3029 -
421 3011 505 3036 Locus
525 3011 653 3036 Ambrosii
674 3016 712 3037 est
733 3012 763 3036 X.
785 3012 895 3043 Exposit.
917 3013 1015 3043 Evang.

71 3057 119 3075 sec.
139 3052 246 3084 Lucam,
266 3060 290 3078 n.
311 3054 357 3083 883
378 3053 404 3079 C.
424 3054 520 3079 Petrus
540 3054 625 3080 doluit
645 3055 702 3087 (1.),
724 3054 785 3079 ibid.
806 3055 830 3080 d.
857 3056 875 3079 l.

139 3095 150 3110 2
168 3096 258 3121 Homil.
280 3097 326 3129 »333
347 3098 418 3122 locus
438 3098 567 3129 Chrysost.
596 3101 634 3123 est
659 3099 751 3122 Homil.
777 3098 817 3122 31.
839 3099 861 3122 in
887 3099 963 3129 Epist.
984 3098 1017 3123 ad

71 3138 146 3164 Hehr.
167 3147 191 3164 u.
213 3141 242 3171 3;
262 3141 306 3166 cfr.
327 3143 446 3173 Gratiam,
466 3149 546 3173 super
565 3141 591 3167 C.
614 3141 678 3172 Quis
698 3141 842 3174 aliquando
864 3142 937 3174 (ST),
954 3142 1015 3167 ibid.

71 3181 86 3214 S
113 3183 133 3214 1,
154 3184 178 3208 in
204 3191 255 3216 quo
281 3188 349 3211 textu
375 3187 511 3217 respicitur
537 3186 575 3210 l's.
602 3186 648 3215 36,
670 3185 693 3210 5.
718 3199 754 3203 —-
779 3185 859 3210 Codd.
884 3190 908 3211 et
937 3186 1018 3217 pluri-

73 3232 129 3251 mae
148 3228 206 3252 edd.
227 3230 346 3254 omittunt
365 3229 417 3255 Deo
439 3233 463 3254 et
485 3230 646 3260 coniungunt
664 3231 725 3255 ante
745 3229 831 3254 Deum
851 3236 909 3254 cnm
930 3230 1018 3255 verbis

73 3269 143 3296 vium
163 3273 244 3297 tumn.

142 3315 152 3330 3
171 3316 261 3341 Homil.
282 3319 305 3342 Ξ.
326 3319 350 3342 in
371 3318 409 3342 ps.
431 3318 471 3343 50.
493 3325 516 3342 n.
537 3318 561 3342 5.
585 3318 659 3346 (inter
679 3319 786 3349 spuria).

142 3357 152 3374 ⁴¹
172 3359 239 3384 Libr.
260 3361 285 3385 ll.
307 3361 338 3386 de
368 3362 424 3387 Vita
453 3362 616 3393 contemplat.
638 3368 658 3386 c.
684 3362 708 3386 7.
730 3369 753 3386 n.
775 3363 803 3393 Ως
824 3361 850 3387 C.
870 3362 957 3387 Porro
978 3361 1019 3387 illi

1080 3012 1155 3045 (3l.),
1180 3012 1241 3037 ibid.
1262 3026 1291 3029 -—
1315 3012 1338 3035 ln
1363 3012 1412 3035 fine
1442 3018 1489 3042 pro
1516 3010 1675 3043 rcstrinqent
1698 3011 1774 3035 codd.
1798 3012 1875 3035 ABE
1899 3015 1923 3036 et
1948 3012 2036 3043 plures

1081 3056 1139 3080 edd.
1161 3055 1341 3088 resti-inarcnt,
1357 3055 1501 3085 refragante
1523 3055 1648 3085 originali.
1664 3069 1697 3071 —
1712 3055 1769 3086 Seq.
1785 3055 1856 3080 loeus
1876 3055 1938 3080 ibid.
1960 3063 1982 3080 n.
2004 3057 2034 3087 3;

1081 3099 1107 3124 C.
1127 3099 1246 3125 Facilius
1267 3099 1339 3130 (32),
1361 3098 1423 3123 ibid.

1152 3143 1162 3159 ⁵
1182 3143 1242 3173 (lap.
1265 3143 1288 3173 5,
1314 3143 1352 3167 16.
1380 3143 1462 3167 Locus
1482 3143 1589 3172 August.
1610 3145 1648 3167 est
1667 3149 1753 3167 sermo
1775 3143 1832 3167 351.
1854 3143 1927 3170 (alias
1947 3145 2034 3169 homil.

1082 3187 1125 3211 ult.
1146 3188 1210 3211 iuter
1237 3186 1269 3211 50
1296 3186 1402 3214 llomil.)
1428 3192 1448 3210 c.
1470 3185 1492 3210 4.
1518 3193 1541 3210 ιι.
1567 3187 1596 3214 9:
1617 3185 1644 3211 C.
1666 3186 1767 3212 Indicet
1792 3187 1867 3219 (85),
1887 3187 1950 3212 ibid.
1976 3190 2034 3220 Seq.

1083 3231 1154 3255 locus
1182 3233 1219 3255 cst
1247 3230 1363 3254 eiusdem
1394 3230 1470 3260 Epist.
1502 3229 1544 3254 54.
1575 3229 1649 3261 (alias
1683 3231 1737 3255 118.
1767 3231 1799 3255 ad
1831 3232 1941 3264 ianuar.)
1966 3239 1986 3257 c.
2009 3233 2034 3258 3.

1084 3282 1106 3299 n.
1129 3274 1156 3304 [ις
1179 3274 1204 3299 C.
1225 3275 1256 3299 1η
1276 3273 1377 3299 actione
1397 3273 1472 3305 (84),
1496 3273 1558 3298 ibid.

1152 3318 1163 3333 ὃ
1184 3319 1260 3349 Epist.
1286 3318 1340 3342 108.
1360 3318 1433 3347 (alias
1453 3319 1494 3343 83.
1515 3319 1547 3343 ad
1569 3319 1698 3345 Theodor.
1719 3320 1829 3345 Foroiul.
1849 3321 1942 3353 episc.)
1963 3327 1984 3345 c.
2005 3322 2033 3352 (ἐς

1083 3362 1112 3387 C.
1134 3361 1276 3394 .ilnlcipl‹›.z·
1295 3361 1371 3394 (49),
1392 3362 1453 3387 ibid.
