2483 3882
5 2818 7 2851 ฮถ
14 2820 128 2843 ndamenta.

771 245 862 277 DIST.
889 246 936 278 xi.
960 246 990 277 P.
1016 246 1035 277 1.
1060 245 1141 277 ART.
1167 244 1298 278 UNtCUS
1321 244 1474 286 QUAEST.
1499 244 1519 275 l.

2063 244 2123 276 241

510 448 1004 503 COMMENTARIUS
1043 448 1113 503 IN
1150 448 1645 509 DISTINOTIONEM
1682 448 1768 502 XI.

1081 566 1163 597 PAns
1186 566 1205 597 1.

618 664 669 702 De
698 664 903 702 eucharistia
931 676 992 715 per
1021 663 1309 714 comparationem
1340 664 1383 701 ad
1413 663 1658 702 conficientem.

484 770 522 803 Si
555 774 665 803 autem
700 771 892 814 quaeritur,
928 770 1038 814 quatis
1072 769 1116 802 sit
1152 770 1209 802 illu
1245 770 1429 808 conversio,
1465 780 1511 802 uu
1545 770 1702 812 formulis
1737 775 1793 804 etc.

978 882 1117 915 DIVISIO
1142 882 1298 914 TEXTUS.

239 986 341 1027 Supra
364 983 427 1025 egit
449 982 595 1023 Magister
612 981 651 1014 de
671 982 872 1014 Sacramento
895 980 1104 1013 eucharistiae

149 1037 180 1069 in
206 1046 238 1070 se
263 1040 293 1070 et
316 1036 347 1068 in
372 1035 605 1077 comparatione
629 1034 669 1067 ad
696 1034 947 1066 manducantem.
980 1032 1012 1064 In
1046 1032 1104 1064 hac

148 1093 238 1132 parte
262 1089 325 1131 agit
348 1089 387 1121 de
411 1088 479 1130 ipso
504 1096 560 1129 per
581 1087 848 1129 comparationem
876 1086 916 1118 ad
942 1085 1104 1118 conficien-

147 1146 211 1175 tem
225 1142 246 1173 ยน.
265 1142 299 1174 Et
315 1141 468 1174 dividitur
491 1141 570 1173 haec
586 1150 661 1182 pars
678 1140 709 1172 in
729 1142 794 1172 tres
810 1142 924 1181 partes,
951 1138 981 1170 [n
1000 1138 1104 1180 prima

147 1198 236 1238 parte
260 1195 324 1237 agit
348 1195 387 1227 de
411 1194 479 1236 ipsa
503 1193 703 1226 confectione.
722 1193 754 1225 In
779 1192 918 1225 secunda
935 1192 974 1224 de
999 1201 1103 1224 conse-

148 1247 318 1290 quentibns
342 1247 381 1279 ad
406 1247 629 1279 confectionem
642 1272 649 1285 ,
666 1246 747 1278 infra
763 1245 961 1277 distinetione
986 1244 1103 1276 dnode-

148 1301 238 1339 cima,
256 1301 312 1332 ihi:
331 1300 369 1332 Si
384 1303 494 1332 autem
511 1299 688 1342 quaeritur
705 1298 743 1330 de
759 1297 999 1335 decidentibus,
1018 1307 1102 1340 quae

146 1357 319 1386 remanent
333 1356 390 1385 etc.
409 1352 440 1384 In
464 1352 557 1384 tertia
573 1352 636 1393 agit
660 1351 699 1383 (le
716 1353 869 1392 potestate
894 1350 1101 1389 conficientis,

146 1406 227 1439 infra
251 1406 449 1439 distinctione
466 1405 587 1437 decima
603 1404 708 1437 tertia:
735 1403 821 1436 Solet
840 1403 939 1436 etium
964 1404 1101 1446 quaeri,

146 1464 261 1492 utrum
284 1459 387 1501 pravi
409 1458 595 1492 sacerdote-s
619 1461 677 1491 etc.

234 1512 337 1544 Prima
361 1520 434 1553 pars
459 1511 554 1543 habet
578 1511 659 1543 duas
682 1514 797 1553 partes.
823 1510 856 1542 In
886 1510 988 1552 prima
1013 1514 1102 1552 parte

145 1566 209 1608 agit
225 1566 264 1598 de
288 1565 355 1607 ipsa
372 1564 563 1598 confectione
580 1568 735 1606 quantum
753 1564 792 1596 ad
818 1567 924 1596 actum
943 1563 1102 1596 transsub-

1171 980 1356 1018 stantiandi3
1381 981 1412 1012 in
1437 981 1575 1013 secunda
1607 985 1760 1023 quantum
1793 983 1834 1015 ad
1859 984 2040 1024 materiam,
2066 985 2124 1018 ibi:

1171 1033 1238 1065 Sub
1262 1033 1333 1065 aliu
1350 1037 1459 1066 autem
1484 1034 1588 1076 speeie
1605 1034 1711 1066 tribus
1728 1035 1765 1067 cle
1782 1036 1904 1068 octusis.
1930 1037 2033 1070 Prima
2049 1048 2123 1080 pars

1169 1086 1265 1118 habet
1289 1086 1369 1119 duas
1394 1089 1508 1128 partes.
1533 1087 1565 1118 In
1597 1088 1700 1128 prima
1732 1088 1920 1121 determinat
1949 1090 2123 1123 veritatem.

1170 1139 1201 1170 [n
1226 1139 1364 1171 secunda
1388 1139 1537 1181 reprobat
1560 1139 1655 1172 falsas
1679 1140 1858 1182 opiniones,
1884 1141 1942 1173 ihi:
1979 1142 2123 1182 Quidum

1171 1201 1244 1223 vero
1268 1191 1317 1223 sie
1338 1191 1452 1224 diemtt
1468 1192 1712 1224 conversionem
1736 1193 1830 1225 illum
1846 1197 1904 1226 etc.
1929 1194 2032 1226 Prima
2049 1204 2123 1237 pars

1168 1244 1263 1277 hahet
1287 1245 1376 1277 duas.
1410 1245 1513 1276 Primo
1537 1245 1621 1277 enim
1653 1246 1857 1285 determinat,
1890 1247 1966 1289 quid
1991 1248 2125 1280 sentien-

1168 1298 1263 1337 dum3
1289 1299 1427 1331 secundo
1451 1307 1541 1337 vero,
1566 1299 1643 1340 quid
1669 1300 1881 1341 loquendum,
1906 1301 1962 1333 ihi:
1988 1301 2054 1333 Nee
2079 1305 2124 1333 tu-

1170 1361 1241 1384 men
1265 1352 1445 1384 concedunt
1467 1352 1576 1395 uliqui
1598 1356 1654 1385 etc.

1257 1404 1405 1437 Similiter
1438 1405 1577 1437 secunda
1608 1414 1682 1447 pars
1715 1406 1809 1438 hahet
1842 1407 1931 1439 duas.
1956 1407 1988 1439 ln
2021 1408 2123 1449 prima

1168 1459 1254 1499 pouit
1296 1458 1467 1500 opiniones.
1504 1459 1535 1490 In
1571 1460 1710 1491 secunda
1754 1460 1920 1501 reprobat,
1956 1461 2021 1493 ihi:
2062 1461 2126 1493 Sed

1168 1511 1255 1553 qumi
1281 1521 1344 1543 uon
1381 1511 1425 1543 sic
1459 1511 1506 1543 ibi
1542 1512 1731 1544 substantia
1766 1512 1835 1544 uisi
1872 1522 1993 1555 corpus
2032 1513 2124 1546 Clari-

1167 1564 1211 1595 sci
1234 1567 1291 1596 etc.

880 1688 1089 1721 TRACTATiO
1118 1689 1391 1730 QUAESTIONUM.

231 1803 276 1836 Ad
302 1802 538 1843 intelligentiam
562 1802 659 1834 huius
683 1802 781 1844 partis
806 1810 864 1834 sex
889 1804 1097 1843 quaeruntur.

231 1856 335 1888 PrImO
359 1854 539 1897 quaeritur,
563 1857 672 1887 utrum
697 1854 728 1886 in
753 1854 812 1887 hoc
837 1854 1038 1886 Sacramento
1059 1853 1099 1885 sit

141 1909 247 1952 aliqua
270 1908 434 1942 conversio
457 1907 547 1950 panis
572 1907 604 1939 in
628 1916 744 1949 corpus
767 1907 892 1940 Christi.

230 1962 383 2000 Secunde,
394 1961 467 1994 dato
476 1960 561 2002 quod
575 1960 629 1999 sic,
640 1961 815 2002 quaeritur,
824 1964 933 1992 utrum
950 1963 1033 1993 totus
1048 1970 1098 2002 pa-

140 2015 189 2048 nis
202 2017 414 2052 convertatur,
424 2023 463 2046 an
473 2013 593 2056 aliquid
607 2017 768 2046 remaneat
779 2016 904 2055 praeter
913 2013 1096 2046 accidentia.

228 2068 349 2107 Terti0,
367 2068 440 2100 dato
464 2067 549 2109 quod
574 2064 777 2100 convertatur
802 2071 903 2106 totus,
921 2067 1096 2109 quaeritur,

139 2124 249 2154 utrum
274 2121 344 2153 talis
369 2121 532 2153 conversio
556 2120 646 2162 panis
670 2120 768 2162 possit
791 2120 851 2152 dici
877 2120 1070 2152 annihilatio.

1252 1801 1387 1842 Quarto,
1412 1801 1485 1833 dato
1502 1801 1587 1843 quod
1604 1811 1680 1841 non,
1705 1802 1885 1844 quaeritur,
1903 1806 2012 1835 utrum
2031 1805 2120 1845 panis

1163 1857 1366 1886 convertatur
1390 1854 1421 1886 in
1439 1858 1538 1887 totum
1556 1854 1733 1893 Christum,
1751 1856 1781 1888 id
1807 1860 1854 1888 est
1874 1856 1903 1888 in
1929 1857 2066 1889 animam
2091 1861 2122 1890 et

1163 1907 1378 1946 Divinitatem,
1403 1908 1484 1940 sicut
1507 1908 1537 1940 in
1564 1918 1700 1941 carnem.

1252 1961 1382 2002 Quinto,
1414 1964 1523 1994 utrum
1557 1962 1634 1994 haec
1666 1963 1830 1995 conversio
1867 1963 1906 1996 sit
1939 1964 2058 2004 subita,
2082 1974 2122 1997 an

1163 2014 1352 2046 successiva.

1252 2068 1347 2100 Sexto
1379 2071 1409 2100 et
1440 2067 1552 2100 ultimo
1585 2069 1768 2110 quaeritur,
1802 2070 1918 2111 quihus
1953 2071 2057 2103 verbis
2082 2071 2121 2103 sit

1162 2120 1372 2162 exprimenda
1397 2120 1450 2152 illa
1474 2122 1646 2153 conversio.

887 2250 1153 2288 ARTICULUS
1189 2250 1371 2288 UNICUS.

910 2357 954 2389 De
972 2357 1354 2390 {runs-substct'utiutioue.

1033 2469 1217 2510 QUAEsrio
1241 2469 1261 2500 i.

375 2567 492 2600 Utrum
517 2567 551 2599 in
575 2567 791 2599 Suerumeuio
815 2565 1038 2598 eucharistiae
1061 2567 1104 2598 sit
1127 2576 1207 2598 veru
1232 2566 1400 2608 conversio
1421 2567 1524 2608 punis
1548 2567 1582 2599 iu
1607 2576 1729 2609 corpus
1755 2566 1887 2599 Clio-isit.

226 2668 314 2700 Circa
338 2667 476 2709 primum
510 2666 553 2698 sic
578 2665 774 2708 proceditur,
807 2668 837 2698 et
869 2665 954 2706 quod
986 2665 1025 2697 sit
1050 2665 1092 2696 ihi

136 2730 211 2754 vera
235 2720 396 2753 conversio
420 2719 509 2761 panis
534 2719 564 2751 in
590 2728 706 2761 corpus
730 2718 863 2757 Christi,
888 2718 1030 2750 videtur:

230 2775 257 2806 t.
275 2773 377 2805 Primo
394 2782 451 2814 per
468 2773 566 2814 ipsam
585 2772 735 2804 formam:
754 2772 842 2813 quia,
860 2780 932 2803 cum
958 2771 1090 2803 dieitur:

135 2827 204 2858 Hoc
229 2830 274 2858 est
297 2835 418 2867 corpus
449 2835 558 2857 meum
572 2825 595 2863 ยฒ,
620 2829 676 2857 aut
707 2825 821 2857 falsum
853 2824 928 2857 dicit
952 2824 1091 2863 Veritas,

135 2883 190 2911 aut
214 2888 324 2921 panem
351 2879 505 2911 convertit
528 2879 559 2910 in
585 2887 718 2920 corpus3
752 2878 806 2910 sed
840 2887 900 2909 non
925 2877 1006 2909 dixit
1040 2877 1092 2909 sal-

136 2942 223 2965 sum:
249 2942 323 2975 ergo
348 2936 406 2966 etc.

225 2988 253 3018 2.
278 2987 372 3022 ltem,
390 2987 448 3019 hoc
473 2987 577 3027 ipsum
601 2986 755 3027 probatur
777 2985 962 3017 auctoritate
984 2985 1091 3017 Docto-

136 3049 225 3079 rum,
250 3039 435 3072 auctoritate
459 3039 612 3071 Ambrosii
639 3038 757 3071 scilicet
781 3042 810 3070 et
833 3038 956 3070 Eusehii
981 3042 1011 3070 et
1034 3038 1090 3069 Au-

1158 2664 1273 2705 gustini
1299 2668 1329 2697 et
1346 2665 1528 2697 Damasceni
1544 2665 1571 2696 ยณ:
1595 2666 1684 2706 panis
1709 2669 1739 2697 et
1756 2666 1864 2698 vinum
1890 2670 2113 2708 supernatura-

1158 2718 1228 2750 liter
1253 2718 1282 2749 in
1308 2727 1424 2760 corpus
1449 2721 1479 2750 et
1503 2719 1688 2760 sanguinem
1715 2719 1834 2751 transit.

1247 2770 1275 2803 3.
1301 2771 1391 2812 item,
1408 2771 1538 2803 ratione
1555 2771 1695 2810 videtur,
1720 2772 1794 2813 quia
1811 2776 1931 2804 constat
1952 2776 1982 2805 et
2000 2782 2112 2805 verum

1156 2828 1220 2863 est,
1245 2825 1329 2866 quod
1354 2833 1470 2866 corpus
1494 2825 1608 2857 Christi
1627 2825 1802 2857 secundum
1828 2826 1991 2859 veritatem
2018 2830 2064 2859 est
2083 2827 2113 2859 in

1155 2878 1265 2916 altari3
1289 2881 1320 2910 et
1343 2878 1433 2920 prius
1464 2887 1526 2910 non
1552 2878 1625 2910 fuit:
1659 2888 1734 2920 ergo
1767 2879 1943 2911 secundum
1973 2880 2111 2922 aliquam

1156 2931 1361 2963 mutationem
1379 2931 1452 2969 sui,
1478 2931 1527 2963 vel
1545 2931 1694 2963 (citerius.
1719 2932 1782 2964 Non
1801 2932 1874 2969 sui,
1899 2933 1969 2974 quia
1995 2937 2041 2965 est
2058 2934 2113 2965 im-

1157 2984 1316 3016 mutabile.
1342 2984 1405 3016 Non
1432 2984 1571 3016 ulterius
1596 2984 1653 3016 nisi
1680 2985 1811 3026 panisโดt
1837 2994 1911 3026 ergo
1928 2989 1986 3018 etc.
2012 2986 2049 3018 Si
2065 2986 2110 3017 (Zi-

1155 3047 1231 3075 eris,
1260 3037 1350 3078 quodฮ
1378 3046 1492 3078 corpus
1521 3037 1633 3069 Christi
1668 3041 1714 3069 est
1749 3038 1900 3070 mutabile
1933 3039 2108 3070 secundum

206 3182 213 3198 1
234 3182 315 3208 Codd.
336 3183 355 3207 A
367 3182 387 3206 ฮ
401 3183 418 3206 [แผถ
431 3183 447 3207 S
458 3182 478 3207 T
499 3181 660 3216 efficientem.
822 3207 824 3209 ,

204 3227 214 3242 2
234 3227 318 3253 Matlh.
340 3227 386 3258 26,
409 3227 455 3258 263
477 3227 552 3251 Mare.
579 3226 622 3257 tt,
646 3227 690 3256 223
712 3226 772 3250 Luc.
794 3226 841 3257 22,
866 3226 902 3250 15).

203 3270 214 3287 3
233 3270 300 3296 Libr.
321 3271 361 3296 IV.
387 3270 420 3295 do
440 3270 501 3295 Fide
526 3270 627 3295 orthod.
655 3276 676 3295 c.
702 3270 744 3301 13,
770 3269 814 3294 ubi
841 3269 965 3301 ostendit,
992 3276 1088 3301 corpus

134 3314 226 3340 ChrIsti
245 3316 362 3339 constitui
383 3316 407 3339 in
427 3315 580 3339 eucharistia
602 3320 652 3338 non
674 3313 843 3345 adductione,
868 3322 879 3336 (ฮน
894 3313 938 3338 sed
965 3315 1023 3346 qnia
1045 3321 1088 3345 pu-

135 3360 172 3384 nis
191 3359 246 3390 ipse
266 3360 289 3383 et
303 3359 393 3383 vinnm
413 3359 437 3383 in
453 3366 548 3390 corpus
569 3361 593 3383 et
607 3359 760 3389 sanguinem
782 3358 824 3382 Dei
846 3360 1086 3383 transmutanturยป.

134 3402 220 3428 Verba
240 3402 382 3434 Ambrosii,
405 3402 506 3427 Eusebii
526 3405 550 3427 et
569 3403 704 3433 Augustini
725 3401 785 3427 vide
805 3409 883 3433 supra
904 3402 938 3427 lit.
961 3403 1085 3434 Magistri,

275 3456 301 3482 S.
322 3456 422 3481 Bouur.
443 3470 476 3473 โโ-
497 3456 571 3481 Tom.
593 3456 634 3481 tv.

1152 3181 1176 3205 (l.
1197 3181 1229 3205 X.
1250 3188 1270 3206 c.
1292 3182 1320 3212 2,
1341 3181 1374 3205 ad
1394 3181 1464 3212 quod
1484 3181 1650 3211 respicientes
1670 3180 1757 3211 plures
1781 3180 1857 3205 codd.
1879 3180 1968 3205 vorbis
1995 3180 2110 3207 (atteteri-

1153 3226 1204 3250 late
1224 3224 1358 3251 โtntbrosii
1371 3226 1525 3249 intorserunt
1544 3224 1585 3249 vel
1599 3224 1682 3256 (liclia,
1700 3225 1739 3249 vel
1753 3224 1903 3257 praedicta,
1923 3225 1980 3250 cod.
1992 3225 2009 3249 F
2024 3224 2105 3258 beriti,

1153 3269 1210 3294 cod.
1231 3270 1251 3300 Q
1272 3269 1294 3297 (l
1315 3276 1328 3294 a
1349 3269 1462 3294 secunda
1483 3272 1572 3297 manu)
1596 3268 1749 3294 Doctorum.

1224 3313 1233 3329 4
1253 3313 1303 3338 Csr.
1325 3320 1402 3344 supra
1424 3313 1447 3338 d.
1473 3313 1509 3337 lO.
1530 3320 1554 3344 p.
1576 3314 1590 3338 1.
1613 3320 1637 3345 q.
1663 3314 1681 3338 l.
1701 3320 1755 3345 arg.
1781 3314 1801 3338 l.
1824 3313 1854 3338 nd
1883 3321 1975 3345 oppos.
1999 3315 2110 3346 eiusque

1152 3358 1225 3382 solut.
1241 3372 1274 3375 -โ
1289 3358 1346 3389 Sors.
1368 3357 1477 3382 [iniectio
1498 3357 1620 3382 fundatur
1639 3358 1663 3382 in
1678 3357 1793 3382 doctrina
1813 3358 1926 3389 Ariston,
1949 3359 2007 3383 vm.
2032 3359 2108 3389 Phys.

1427 3401 1469 3426 uhi
1497 3402 1529 3426 :ul
1550 3402 1737 3427 ostโน211111=mlt11n
1766 3406 1863 3427 motum
1890 3404 1996 3428 localem
2018 3404 2109 3428 celcris

1935 3457 1963 3481 :31

1153 3405 1209 3427 [mi.
1233 3402 1274 3426 5ยณโท7.
1303 3402 1333 3427 (c.
1355 3402 1404 3433 7.),
