2429 3887
315 273 352 304 w
1156 266 1429 299 raotEGOMENA

311 359 423 385 membr.
442 360 466 384 in
481 359 522 383 sol.
537 365 602 383 saec.
617 358 683 382 XIV.
697 358 748 382 Fol.
768 358 787 382 l.
802 358 826 381 in
840 357 973 388 superiore
988 358 1059 387 parte
1073 356 1178 387 legitur:
1191 354 1259 380 Inci-

310 411 349 444 pit
366 411 556 437 Bonaeentura
568 416 648 442 super
667 410 795 442 quartum
802 418 812 440 ‚·
826 409 942 440 sequitur
960 407 1165 433 Commentarius
1177 414 1259 439 usque

313 464 345 489 nd
364 464 405 488 fol.
426 464 484 488 205.
499 470 528 494 r.‚
544 464 585 487 cui
599 462 701 487 additur
721 461 806 487 tabula
821 461 1011 486 distinctionum
1024 462 1049 485 et
1068 461 1257 491 quaestionum.

384 515 424 541 11.
443 514 570 540 Laudant
587 515 611 539 in
631 514 724 544 Gallia,
746 513 803 539 cod.
825 514 883 538 322.
902 513 972 543 (otim
992 512 1068 537 Notre
1086 512 1166 536 Datne
1188 511 1259 544 196.)

313 568 421 593 membr.
441 569 465 592 in
485 567 527 592 sol.
547 574 614 592 saec.
634 567 695 591 Xlti.
715 566 804 597 Incipit
823 566 863 590 sol.
885 566 908 590 3.
923 572 955 597 r.;
970 571 1062 589 manus
1082 571 1171 589 recens
1190 571 1261 596 prae-

312 621 393 645 misit:
414 619 441 645 S.
462 620 651 645 Bonaventuru
672 617 700 643 in
720 617 818 643 librum
841 619 970 651 quartum
995 616 1194 643 sententiarum.
1216 616 1262 641 Fo-

312 672 406 697 liorum
431 671 589 695 enumeratio
619 669 794 701 desideratur,
820 669 912 694 desinit
936 672 964 693 ut
991 669 1061 694 editi.
1089 668 1177 693 Scriba
1206 675 1261 694 sae-

313 724 362 749 culi
382 723 448 748 XIV.
469 723 580 748 addidit:
601 721 717 755 Eoeplicit
737 720 800 747 liber
819 723 933 755 quartus
944 720 1039 754 fratris
1059 721 1261 747 Bonaventure:

313 775 359 809 qui
377 774 483 808 scripsit
501 774 536 800 sit
554 773 709 800 benedictus.
729 775 820 800 Amen.
840 774 932 800 Amen.

389 827 425 852 15.
445 826 559 853 Londini
577 828 601 851 in
622 827 726 858 Anglia,
749 826 904 851 bibliotheca
932 826 1011 851 Musei
1037 826 1187 856 Britannici,
1213 824 1261 849 col-

313 879 369 904 lect.
390 881 473 911 regia,
499 879 556 904 cod.
577 879 608 904 X.
635 878 660 904 C.
687 880 724 904 i2.
746 878 952 904 Commentarius
977 879 1001 903 in
1026 878 1121 903 librum
1140 880 1262 909 quartum

314 932 501 956 Sententiarum
522 932 609 963 incipit
635 932 675 956 sol.
697 932 755 956 201.
782 939 801 956 r.
822 932 869 956 col.
891 932 913 956 1.
933 935 957 956 ct
977 931 1068 956 desinit
1092 930 1133 955 sol.
1160 929 1220 954 344.
1241 936 1262 954 r.

314 985 386 1010 Hunc
406 984 522 1009 codicem
542 985 593 1009 iam
613 984 798 1015 descripsimus
818 987 878 1009 tom.
893 984 928 1008 111.
949 991 1008 1015 pag.
1024 984 1075 1008 Viti
1097 990 1120 1008 n.
1141 982 1181 1006 43.

386 1036 425 1061 4-6.
445 1036 561 1068 Matriti,
584 1036 738 1061 bibliotheca
763 1036 955 1067 ὧροι-1111011515,
975 1035 1032 1060 cod.
1054 1035 1111 1059 110.
1132 1035 1160 1059 R.
1182 1034 1217 1058 111.
1239 1034 1262 1058 2.

314 1088 425 1114 membr.
445 1089 469 1113 111
490 1089 531 1113 sol.
551 1095 617 1114 saec.
638 1089 701 1113 Xlli.
719 1089 770 1113 Fol.
789 1089 808 1112 1.
834 1095 925 1113 manus
945 1088 1093 1119 posterioris
1118 1088 1175 1111 aevi
1196 1090 1264 1111 nota-

316 1143 366 1167 vit:
386 1143 436 1167 Iste
457 1141 521 1167 liber
540 1141 679 1174 deputatus
699 1142 736 1166 est
755 1140 818 1166 vusui
835 1140 962 1173 fratris...
984 1140 1072 1165 Cetera
1091 1142 1151 1164 sunt
1170 1133 1261 1164 deleta.

314 1192 435 1224 Sequitur
456 1192 539 1217 tabula
555 1193 748 1223 quaestionum,
771 1195 795 1216 et
808 1192 849 1215 l‘ol.
871 1190 894 1215 4».
915 1198 934 1215 1.
949 1190 1168 1221 Commentarius,
1191 1190 1264 1214 cuius

314 1244 383 1268 initio
404 1244 487 1268 scriba
507 1250 572 1268 saec.
593 1244 648 1268 XV.
674 1244 819 1281 praemisit:
842 1242 961 1274 Quartus
981 1242 1174 1268 Bonacenture.
1194 1241 1265 1266 Desi-

314 1297 349 1321 nit
367 1297 408 1321 sol.
430 1296 488 1321 217.
508 1303 543 1328 11.,
566 1300 593 1321 111
613 1296 697 1320 serunt
716 1296 785 1320 editi.

384 1350 424 1374 -i7.
444 1348 590 1375 Mediolani
614 1350 639 1373 in
664 1348 792 1379 Insubria‚
818 1348 972 1373 bibliotheca
1001 1347 1184 1377 Ambrosiana,
1206 1346 1263 1372 cod.

313 1401 339 1427 C.
370 1402 423 1426 182.
444 1401 516 1426 inser.
537 1402 561 1425 in
584 1401 624 1425 sol.
649 1408 715 1426 saec.
736 1400 798 1425 Xlll.
828 1404 885 1425 ante
914 1400 999 1425 tinem.
1020 1400 1070 1424 Fol.
1092 1401 1114 1424 2.
1135 1407 1154 1424 r.
1175 1402 1264 1425 notan-

313 1458 353 1480 tur
373 1455 435 1479 haec
454 1453 547 1478 verba:
567 1453 645 1479 Hunc
665 1453 793 1484 codicem,
816 1452 862 1486 qui
879 1452 931 1485 fnit
949 1452 977 1478 S.
998 1451 1101 1478 Mariae
1116 1451 1264 1478 Coronatae

312 1506 428 1538 Medici„
444 1506 628 1533 Illustrissimo
643 1505 783 1532 Cardinali
795 1506 949 1537 Borromeo,
965 1504 1139 1531 Bibliothecae
1152 1504 1264 1530 Ambro-

312 1559 404 1585 sianae
421 1554 575 1592 fundatori,
598 1559 716 1592 reliyiosi
740 1559 833 1585 Patres
862 1558 978 1584 eiusdem
998 1558 1160 1589 Coronatae,
1182 1558 1264 1584 simili

313 1619 423 1638 numere
442 1611 547 1643 donati,
576 1611 760 1643 tradiderunt,
787 1618 858 1637 atino
892 1609 972 1636 1601.
1002 1611 1098 1636 Eodem
1125 1611 1264 1642 rotperte

312 1671 402 1695 versa,
422 1671 515 1689 manus
534 1671 600 1690 saec.
622 1665 680 1690 XV.
699 1665 814 1695 scripsit:
836 1665 885 1690 Iste
906 1662 970 1689 liber
989 1665 1027 1689 est
1041 1663 1189 1690 Conventus
1209 1662 1263 1696 fra-

313 1718 386 1742 trum
405 1717 495 1743 sancte
513 1716 599 1743 Marie
613 1716 742 1742 Coronate
755 1716 901 1743 Mediolani
919 1716 1118 1742 observantium
1132 1716 1265 1742 Eremita-

313 1776 375 1795 runt
388 1769 474 1795 sancti
486 1769 631 1802 Augyustini
645 1769 864 1802 Conqregyatiouis
877 1768 1044 1795 Lombardie.
1056 1769 1133 1800 Incip.
1149 1769 1189 1793 sol.
1204 1769 1228 1793 3.
1242 1776 1263 1793 r.

314 1820 405 1846 desinit
416 1821 456 1846 101.
469 1821 528 1846 268.
541 1828 566 1845 v.
579 1821 687 1846 Demum
701 1823 817 1853 sequitur
832 1821 917 1846 tabula
931 1822 1110 1853 quaestionum
1125 1820 1157 1845 ab
1172 1820 1264 1845 eadem

313 1880 390 1899 manu
415 1881 482 1899 saec.
508 1874 569 1899 Xlll.
589 1877 704 1906 exarata,
726 1876 766 1899 cui
786 1875 834 1899 alia
853 1875 980 1906 posterior
999 1874 1124 1899 subiecit:
1145 1872 1263 1906 Eaepttcit

311 1925 442 1958 scriptum
461 1926 532 1951 Bone
554 1926 668 1952 Venture
689 1933 770 1959 super
788 1927 885 1959 quarto
904 1925 1098 1952 sententiarum
1116 1925 1236 1959 feliciter.

384 1979 424 2004 48.
443 1979 610 2013 illoquntiae,
632 1979 788 2005 bibliotheca
807 1979 933 2012 Civitatis,
954 1979 1011 2004 cod.
1025 1979 1050 2005 7.
1065 1979 1139 2012 (olim
1152 1980 1261 2005 fratrum

312 2032 531 2058 Carthusiensium
552 2033 642 2058 Montis
662 2034 685 2057 S.
706 2033 834 2058 Michaelis
858 2040 940 2064 prope
960 2032 1128 2064 Moguntiam)
1149 2033 1261 2057 chartac.

313 2086 338 2110 in
358 2085 399 2110 101.
420 2092 485 2110 saec.
506 2085 562 2110 XV.
582 2086 634 2110 Fol.
656 2086 679 2111 3.
695 2093 715 2111 r.
730 2087 755 2110 in
769 2086 903 2116 superiore
922 2086 1040 2116 margine
1053 2085 1158 2116 legitur:
1178 2084 1262 2110 Bona-

313 2140 424 2164 rentura
443 2145 524 2171 super
542 2140 639 2172 quarto
660 2138 863 2164 sententiarum.
885 2138 963 2163 Hinc:
989 2137 1191 2171 Unquentarius
1215 2140 1262 2163 ete.

312 2189 407 2214 Desinit
426 2190 467 2214 101.
488 2190 577 2215 ultimo
597 2189 705 2221 codicis,
727 2191 767 2215 cui
787 2190 878 2215 eadem
899 2197 992 2215 manus
1011 2189 1125 2215 subiicit:
1145 2188 1266 2222 Explicit

313 2241 502 2266 Bouarenttua
521 2248 601 2274 super
621 2242 717 2273 quarto
737 2241 938 2267 sententiarum.

383 2293 423 2318 19.
443 2293 580 2320 Monachii
597 2295 622 2318 in
650 2294 771 2325 Bavaria,
801 2293 956 2319 bibliotheca
982 2295 1067 2325 regia,
1097 2293 1154 2319 cod.
1184 2293 1262 2318 5175.

313 2345 377 2369 Vide
392 2352 458 2377 quae
478 2345 509 2370 de
529 2346 578 2370 hoc
592 2345 681 2370 codice
694 2346 845 2377 scripsimus
860 2350 919 2371 tom.
935 2346 950 2370 1.
965 2353 1024 2377 pag.
1044 2345 1169 2371 LXXVlll
1183 2353 1207 2370 n.
1223 2345 1263 2371 44.

383 2398 424 2423 50.
443 2397 554 2430 Ibidem,
577 2399 602 2423 in
621 2398 713 2423 eadem
733 2398 903 2430 bibliotheca,
925 2398 982 2423 cod.
1003 2398 1079 2423 6952.
1095 2398 1165 2431 (olim
1180 2398 1262 2424 Fiirst.

313 2451 365 2482 52.)
386 2451 464 2476 chart.
485 2451 508 2475 in
529 2451 571 2475 sot.
588 2451 663 2476 Extra
683 2452 708 2475 in
728 2458 813 2476 assere
833 2452 959 2476 anteriore
979 2451 1106 2476 titulatur:
1129 2450 1263 2482 Quartum

312 2502 442 2536 scriptum
460 2503 654 2529 Bonaeenture.
680 2503 767 2535 incipit
786 2503 827 2528 sol.
855 2504 879 2528 2.
902 2510 921 2528 r.
942 2506 967 2528 et
985 2503 1077 2528 desinit
1096 2510 1156 2528 cum
1177 2503 1263 2528 tabula

313 2558 493 2589 quaestionum
522 2557 564 2582 101.
592 2556 651 2581 527.
679 2564 705 2581 v.
728 2563 774 2587 per
802 2556 897 2582 verba:
926 2556 1050 2590 Explicit.
1076 2556 1149 2582 Laus
1168 2557 1221 2582 Deo
1240 2558 1265 2582 et

313 2608 383 2634 beate
401 2608 486 2635 Marie
512 2607 621 2642 Virgini.
642 2608 719 2634 Anno
745 2607 854 2634 Domini
871 2603 1119 2634 MCCGGLXXVII.
1148 2607 1197 2634 sub
1221 2607 1263 2634 do-

313 2661 384 2687 mino
410 2661 506 2688 Iudoco
526 2660 617 2687 abbate
641 2668 688 2687 nec
713 2667 767 2687 non
786 2660 940 2693 Leonardo,
962 2667 1038 2687 sacre
1058 2660 1185 2694 theolopie
1201 2667 1263 2693 pro-

312 2713 428 2746 fessore,
450 2713 547 2747 priore.

384 2766 425 2790 51.
446 2764 557 2796 Ibidem,
580 2765 636 2790 cod.
658 2765 733 2790 8079.
755 2766 834 2791 chart.
855 2766 879 2790 in
905 2765 948 2790 101.
980 2772 1046 2790 saec.
1067 2766 1125 2791 XV.
1147 2764 1263 2796 Comple-

315 2818 389 2842 ctitur
408 2817 486 2842 dubia
506 2818 573 2842 circa
592 2818 699 2843 litteram
720 2818 743 2842 in
765 2820 873 2850 quatuor
894 2817 973 2843 libros
992 2818 1191 2843 Sententiarum.
1212 2817 1263 2842 Du-

314 2869 355 2894 bia
376 2876 454 2901 super
473 2874 595 2902 quartum
614 2871 739 2901 incipiunt
758 2871 799 2895 sol.
822 2870 880 2895 3t-3.
896 2878 915 2895 r.
935 2871 985 2895 col:
1009 2871 1033 2895 1:
1054 2870 1263 2896 Sacramentum

314 2924 352 2948 est
370 2922 410 2947 rei
428 2929 503 2948 sacre
522 2922 629 2956 sianum
648 2926 695 2948 etc.
715 2923 746 2948 In
764 2924 840 2955 parte
859 2922 910 2949 ista.
929 2924 992 2948 sunt
1021 2922 1195 2949 dubitationes
1215 2926 1262 2948 etc.

315 2974 411 2999 Desinit
439 2974 482 2999 iol.
513 2975 571 2999 387.
590 2981 633 2999 v.:
652 2982 700 3008 per
734 2974 838 3009 infinita
862 2975 952 3001 secula
980 2975 1141 3002 seculorum.
1168 2975 1262 3001 Amen.

314 3027 347 3052 El
366 3026 403 3053 sic
422 3029 459 3053 est
476 3027 545 3061 sinis.
561 3028 632 3052 Hunc
651 3027 766 3052 codicem
787 3027 973 3059 descripsimus
988 3032 1049 3054 tom.
1064 3028 1079 3053 1.
1094 3034 1153 3059 pag.
1168 3027 1263 3053 LXXV

315 3086 338 3103 n.
364 3080 406 3111 153
426 3080 538 3105 eundem
557 3080 730 3105 indicavimus
750 3083 810 3105 tom.
831 3080 856 3105 ll.
877 3087 937 3112 pag.
955 3080 1004 3105 thl
1019 3088 1043 3105 n.
1059 3080 1099 3105 13.
1113 3083 1138 3105 et
1150 3082 1212 3104 tom.
1226 3079 1262 3104 lli.

315 3138 374 3163 pag.
395 3132 428 3156 lX
449 3139 473 3157 n.
495 3132 534 3157 ts.

386 3185 428 3209 52.
449 3183 561 3216 Ibidem,
584 3185 641 3210 cod.
666 3185 755 3211 18349.
781 3187 860 3211 chart.
880 3186 903 3210 in
925 3186 966 3211 101.
986 3193 1053 3211 saec.
1074 3186 1130 3211 XV.
1145 3186 1264 3211 Praemit-

315 3238 374 3262 titur
388 3236 596 3262 Commentario:
616 3238 805 3264 Bonaventura
824 3246 905 3271 super
924 3240 1021 3272 quarto
1041 3238 1107 3265 libro
1127 3238 1264 3265 sententia·

315 3296 386 3315 rum.
408 3289 496 3321 Incipit
515 3290 556 3314 fol.
582 3291 600 3314 1.
621 3297 642 3315 r.
664 3293 688 3315 et
707 3290 787 3315 desin.
808 3291 849 3316 101.
870 3291 928 3316 500.
943 3299 963 3316 r.
983 3291 1080 3317 Deinde
1100 3292 1216 3324 sequitur
1230 3292 1264 3316 in-

316 3341 364 3366 dex
384 3341 574 3366 distinctionum
595 3344 619 3366 et
639 3342 832 3373 quaestionum,
850 3343 893 3374 qui
908 3342 1035 3368 clauditur
1049 3342 1154 3368 verbis:
1174 3341 1264 3376 Empu-

314 3394 356 3421 cit.
375 3394 447 3420 Laus
466 3394 519 3420 Deo
539 3395 564 3420 et
582 3393 653 3420 beate
671 3393 757 3420 Μανία
783 3394 891 3427 is‘irqini,
913 3402 983 3421 anno
1003 3394 1181 3422 MCCCCLIII.

1395 354 1435 379 53.
1458 352 1557 379 Ooeonii
1574 354 1598 378 in
1619 353 1723 384 Anglia,
1743 351 1898 377 bibliotheca
1925 351 2075 383 Bodleiana‚
2095 351 2152 376 cod.
2172 351 2272 376 canoni-

1324 407 1413 431 cianus
1432 406 1473 431 60.
1494 405 1603 431 membr.
1624 406 1648 429 in
1670 404 1693 429 4.
1714 411 1780 430 saec.
1794 404 1852 429 XV.
1867 404 1962 429 ineunt.
1983 404 2194 437 oiim...patrum
2206 409 2273 429 com-

1324 457 1488 484 morantium
1507 457 1563 483 in...
1583 457 1673 490 But-qo
1692 457 1780 482 Post...
1801 455 1940 482 civitatis...
1958 462 2036 489 quem
2049 455 2172 481 dominus
2192 454 2271 481 Adeo·

1324 509 1403 536 datus
1426 509 1497 536 Vinc.
1518 516 1553 535 ex
1570 509 1656 542 patris
1675 508 1718 534 sui
1734 507 1854 541 pecuniis
1874 508 1992 540 emptum
2011 506 2126 532 donavit.
2148 506 2270 538 Quorum

1323 570 1373 596 pro
1392 562 1532 595 utriusque
1550 561 1643 587 anima
1661 561 1708 594 qui
1725 560 1779 586 sint
1807 559 1902 586 lecturi
1928 566 2018 593 preces
2036 558 2152 592 fundant
2171 558 2207 584 ad
2225 558 2275 584 Do-

1324 615 1437 642 minum.
1457 616 1546 646 Incipit
1564 617 1588 639 et
1608 614 1700 639 desinit
1718 616 1746 638 ut
1764 614 1789 638 in
1809 613 1891 638 editis.

1396 667 1436 692 54.
1458 665 1578 698 Parisiis,
1599 665 1753 690 bibliotheca
1767 665 1936 696 Mazzarinea,
1957 664 2014 689 cod.
2035 664 2096 688 937.
2117 663 2227 689 membr.
2249 664 2273 688 in

1325 721 1366 745 101.
1387 727 1452 745 saec.
1473 719 1536 744 Xlil.
1557 719 1577 743 A
1591 725 1687 743 coaeva
1706 724 1785 742 manu
1806 717 1993 749 praemittitur:
2013 716 2128 741 Lectura
2141 716 2275 741 Benacen-

1326 774 1385 798 ture
1403 779 1484 805 super
1502 772 1631 805 quartum
1649 769 1842 796 sententiarum
1852 779 1863 801 ,·
1888 772 1913 794 et
1939 769 2017 794 intra:
2047 767 2140 794 Sancti
2158 766 2275 807 Spiritus

1325 823 1392 849 assit
1408 822 1483 849 nobis
1501 821 1598 856 qratia.
1622 820 1820 855 unguentarius
1832 820 1911 854 faciet
1930 824 1977 846 etc.
1998 821 2094 845 Desinit
2113 819 2153 844 101.
2175 819 2275 844 22511.

1326 876 1373 901 col.
1395 876 1417 900 1.
1438 878 1495 900 ante
1515 875 1641 899 medium.

1397 929 1438 953 55.
1458 928 1570 960 Ibidem,
1593 928 1746 953 bibliotheca
1766 927 1917 959 Nationalis,
1938 927 1996 952 cod.
2022 925 2111 951 14552.
2126 925 2236 950 membr.
2252 926 2276 949 in

1327 981 1368 1006 101.
1389 988 1455 1006 saec.
1476 981 1532 1005 XV.
1562 981 1650 1006 Manus
1670 987 1764 1005 coaeva
1786 980 1827 1005 sol.
1850 981 1871 1005 1.
1892 987 1917 1005 v.
1939 980 2052 1005 notavit:
2075 978 2130 1010 Qua
2149 978 2279 1004 secuntur

1327 1033 1369 1061 hic
1393 1033 1538 1066 habentur,
1566 1033 1665 1060 scilicet
1691 1033 1821 1066 scriptum
1852 1032 1958 1059 Domini
1983 1033 2170 1058 Bonaeenture
2198 1037 2279 1064 super

1327 1088 1455 1120 quartum
1465 1086 1666 1112 sententiarum.
1680 1085 1761 1111 Tituli
1770 1085 1941 1119 singulorum
1952 1084 2140 1116 articulorum,
2157 1083 2277 1109 omnium

1327 1138 1493 1172 questionum
1512 1145 1592 1171 super
1611 1138 1727 1164 eiusdem
1741 1139 1878 1171 quartum.
1893 1137 2099 1163 Commentarius
2118 1137 2206 1168 incipit
2220 1138 2278 1167 post

1327 1192 1438 1217 indicem
1454 1192 1494 1216 fol.
1507 1191 1529 1216 5.
1541 1199 1561 1216 r.
1573 1193 1597 1216 et
1612 1191 1706 1216 desinit
1716 1191 1759 1215 sol.
1772 1191 1830 1215 309.
1841 1197 1887 1221 per
1898 1191 1961 1215 haec
1975 1189 2055 1215 verba
2069 1190 2154 1215 addita
2166 1197 2178 1214 a
2191 1190 2277 1220 prima

1327 1251 1423 1269 manu:
1443 1242 1561 1276 Explicit
1584 1242 1648 1268 liber
1670 1243 1784 1276 quartus
1811 1243 1998 1268 Bonaveuture
2022 1248 2103 1274 super
2125 1240 2277 1267 sententias.

1398 1295 1439 1320 56.
1459 1290 1618 1326 Ibiclem,⁴in
1637 1294 1728 1319 eadem
1743 1293 1912 1325 bibliotheca,
1936 1293 1992 1319 cod.
2015 1294 2107 1318 15828.
2128 1294 2237 1319 membr.
2254 1295 2278 1318 in

1327 1348 1368 1373 101.
1382 1346 1448 1372 saec.
1463 1347 1525 1371 Xlll.
1540 1346 1667 1372 Mutilatus
1681 1350 1719 1372 est
1732 1347 1756 1371 in
1771 1347 1911 1378 principi03
1926 1347 2014 1377 incipit
2027 1347 2095 1371 enim
2109 1353 2122 1371 a
2142 1346 2167 1370 d.
2181 1347 2198 1371 l.
2212 1354 2237 1378 p.
2253 1347 2279 1371 11.

1327 1407 1351 1425 a.
1374 1401 1396 1424 2.
1417 1407 1441 1432 q.
1463 1399 1485 1423 1.
1506 1399 1539 1424 ad
1559 1399 1582 1423 3.
1603 1399 1641 1424 his
1660 1398 1765 1424 verbis:
1785 1399 1809 1424 et
1827 1397 1851 1424 si
1878 1397 2045 1424 circumcisio
2073 1397 2201 1431 siqnificet
2229 1397 2280 1424 cir-

1328 1451 1517 1478 cumcisionem
1544 1453 1692 1485 presentem
1720 1452 1743 1477 el
1767 1450 1892 1484 futuram
1910 1454 1958 1476 etc.
1978 1451 2074 1476 Desinit
2094 1451 2214 1476 fontei.
2235 1458 2278 1483 v.,

1327 1505 1415 1529 addito
1435 1511 1449 1529 a
1469 1505 1551 1535 prima
1572 1511 1667 1529 manu:
1690 1503 1806 1536 Eoepli'cit
1829 1503 2019 1529 Bonaventura
2047 1509 2128 1536 super·
2151 1504 2280 1536 quartum

1327 1557 1531 1583 sententiarum.

1398 1610 1440 1635 57.
1459 1609 1577 1642 Patavii,
1600 1610 1754 1635 bibliotheca
1774 1610 1854 1634 sancti
1873 1609 1990 1641 Antonii,
2011 1608 2068 1633 cod.
2093 1609 2147 1633 122.
2167 1608 2279 1633 membr.

1327 1664 1351 1688 in
1372 1663 1413 1687 sol.
1433 1670 1498 1687 saec.
1519 1662 1586 1687 XtV.
1608 1663 1703 1687 ineunt.
1724 1662 1813 1693 incipit
1832 1662 1873 1686 fol.
1899 1662 1918 1686 Ι.
1938 1668 1959 1686 1.
1979 1661 2066 1686 Finem
2090 1662 2183 1692 excipit
2205 1661 2280 1686 index

1328 1715 1519 1740 distinctionum
1539 1718 1563 1740 et
1583 1715 1777 1746 quaestionum,
1798 1715 1842 1746 qui
1862 1714 1955 1739 desinit
1973 1714 2014 1738 fol.
2035 1714 2125 1739 ultimo
2145 1717 2214 1739 recto
2234 1721 2281 1745 per

1326 1767 1422 1792 verba:
1442 1766 1494 1792 Deo
1514 1765 1625 1799 (frattae.
1646 1766 1738 1792 Amen.
1759 1765 1845 1792 Codex
1865 1773 1879 1791 a
1900 1766 2009 1791 diversis
2029 1765 2151 1791 manibus
2165 1766 2210 1790 suit
2224 1772 2281 1791 con-

1327 1821 1446 1851 scriptus.

1399 1871 1440 1896 58.
1460 1870 1567 1903 Ibidem,
1584 1872 1608 1896 in
1622 1871 1714 1896 eadem
1727 1867 1896 1901 bibliotheca,
1911 1870 1968 1895 cod.
1983 1871 2042 1895 213.
2062 1869 2172 1895 membr.
2193 1871 2218 1894 in
2238 1870 2280 1894 fol.

1327 1931 1410 1955 parvo
1428 1931 1495 1949 saec.
1516 1924 1578 1948 Xlli.
1598 1924 1650 1949 Fol.
1673 1924 1696 1948 3.
1717 1931 1737 1948 r.
1757 1924 1848 1954 incipit
1862 1922 1946 1948 tabula
1962 1923 2153 1948 distinctionum
2167 1924 2192 1947 et
2205 1929 2282 1954 quae-

1327 1977 1439 2002 stionum
1459 1976 1508 2002 sub
1528 1978 1576 2002 hae
1595 1976 1716 2001 rubrica:
1736 1975 1865 2002 Introitus
1882 1975 1910 2001 in
1924 1977 2053 2009 quartum
2068 1974 2165 2001 librum
2178 1976 2280 2000 senten-

1327 2029 1436 2055 tiarum.
1457 2029 1556 2054 initium
1577 2028 1760 2054 Commentarii
1774 2031 1812 2054 est
1826 2028 1867 2053 fol.
1882 2028 1905 2053 5.
1920 2035 1949 2060 r.‚
1964 2029 2008 2061 qui
2023 2029 2185 2053 continuatur
2198 2035 2281 2060 usque

1326 2083 1360 2108 ad
1379 2083 1456 2108 finem
1477 2085 1504 2107 ut
1523 2083 1548 2107 in
1568 2082 1660 2114 editis;
1679 2081 1801 2107 additur:
1821 2081 1893 2107 Laus
1913 2080 1959 2107 tibi
1977 2080 2011 2107 sit
2028 2088 2080 2114 sepe
2105 2080 2233 2114 quoniam
2255 2079 2282 2105 li-

1327 2134 1372 2161 ber
1392 2134 1501 2168 explicit
1519 2134 1574 2160 iste.
1595 2135 1648 2160 Deo
1668 2134 1780 2168 gratias.

1398 2187 1439 2212 59.
1462 2186 1570 2213 Pistorii
1587 2188 1612 2212 in
1627 2187 1735 2218 Tuscia,
1751 2186 1907 2212 bibliotheca
1920 2186 2087 2218 Fortiguerri‚
2103 2186 2160 2211 cod.
2175 2186 2203 2210 D.
2218 2186 2278 2210 310.

1327 2239 1437 2265 membr.
1457 2241 1481 2264 in
1502 2240 1545 2265 sol.
1566 2247 1633 2265 saec.
1654 2240 1720 2265 XlV.
1740 2240 1834 2265 ineunt.
1851 2240 1875 2264 ln
1891 2246 1976 2264 assere
1991 2240 2117 2264 anteriore
2131 2245 2224 2265 manus
2237 2245 2281 2270 po-

1326 2293 1425 2324 sterior,
1440 2292 1486 2317 sed
1499 2292 1616 2317 eiusdem
1630 2298 1705 2320 saec..
1719 2293 1833 2317 notavit:
1849 2291 1997 2318 Conventus
2010 2290 2152 2317 laclterini.
2168 2291 2278 2316 Deinde:

1328 2344 1448 2376 Quartus
1467 2344 1660 2370 sententiarum
1679 2343 1780 2370 domini
1808 2343 1876 2370 beati
1901 2344 2088 2369 Bonaventure
2113 2342 2215 2368 ordinis
2233 2342 2280 2368 mi-

1326 2403 1433 2422 norum.
1453 2396 1479 2421 111
1499 2404 1585 2421 assere
1604 2397 1747 2428 posteriore
1760 2397 1808 2421 alia
1828 2402 1921 2421 manus
1940 2396 2070 2420 exaravit:
2090 2396 2140 2421 Iste
2161 2394 2225 2420 liber
2244 2396 2283 2420 est

1328 2449 1379 2475 loci
1398 2448 1563 2481 Giaclterini‚
1586 2448 1632 2475 ubi
1649 2451 1794 2475 morantur
1812 2449 1913 2482 fratres
1932 2448 1963 2474 cle
1984 2447 2159 2474 Observantia
2179 2447 2281 2474 ordinis

1326 2501 1464 2528 minorum
1483 2503 1562 2528 extra
1576 2504 1600 2528 et
1611 2508 1692 2535 prope
1712 2500 1865 2527 Pistor-ium.
1888 2499 1975 2527 4445.
1997 2500 2203 2526 Commentarius
2222 2501 2281 2525 inci-

1327 2556 1363 2586 pit
1382 2555 1423 2580 sot.
1446 2555 1468 2579 1.
1488 2562 1507 2579 r.
1528 2557 1552 2580 et
1572 2555 1663 2580 desinit
1682 2555 1724 2579 sol.
1746 2555 1804 2579 191.
1825 2561 1845 2579 1.
1866 2553 1955 2578 Scriba
1976 2553 2072 2578 codicis
2091 2552 2206 2578 addidit:
2229 2551 2281 2583 Qui

1326 2607 1433 2640 scripsit
1451 2606 1550 2633 scribat
1568 2614 1672 2640 semper
1691 2613 1752 2633 cum
1771 2607 1863 2633 sancto
1883 2605 1988 2632 Matheo
2008 2605 2086 2631 vivat.

1397 2660 1439 2685 60.
1459 2659 1629 2693 Reyimontii,
1652 2659 1806 2690 bibliotheca
1834 2660 1913 2690 regia,
1942 2658 1999 2683 cod.
2021 2659 2029 2682 1
2040 2658 2096 2682 Ἰ111.
2118 2657 2228 2683 membr.
2254 2658 2279 2682 in

1327 2712 1369 2737 fol.
1389 2719 1455 2737 saec.
1477 2712 1539 2737 Xili,
1559 2712 1610 2737 Fol.
1632 2713 1654 2736 2.
1674 2719 1694 2737 r.
1715 2713 1762 2736 alia
1782 2718 1875 2736 manus
1894 2711 1995 2742 scripsit
2009 2711 2032 2735 in
2047 2711 2179 2741 superiore
2192 2712 2278 2741 parte:

1326 2764 1376 2789 Iste
1396 2763 1461 2790 liber
1481 2765 1518 2790 est
1537 2764 1642 2791 ecclesie
1661 2763 1747 2790 sancti
1765 2763 1856 2789 Emilii
1874 2769 2021 2789 concessus.
2042 2763 2105 2787 Hinc
2118 2762 2165 2787 coi.
2180 2762 2278 2793 prima:

1328 2815 1529 2849 Unyuentarius
1555 2815 1636 2850 faciet
1654 2820 1700 2841 etc.
1721 2816 1816 2841 Desinit
1835 2816 1877 2841 sol.
1898 2816 2041 2847 penultimo
2059 2821 2151 2840 verso:
2173 2821 2220 2847 per
2239 2813 2279 2839 in<

1325 2866 1402 2901 finita
1420 2868 1512 2894 secula
1531 2868 1694 2895 seculorum.
1713 2869 1806 2894 Amen.

1398 2923 1440 2948 61.
1462 2923 1573 2953 Romae,
1596 2923 1620 2946 111
1641 2921 1794 2946 bibliotheca
1814 2921 1946 2945 Societatis
1964 2920 2028 2951 lesu,
2051 2919 2107 2945 cod.
2122 2918 2232 2944 membr.
2252 2919 2277 2943 in

1328 2977 1368 3001 101.
1388 2983 1455 3001 saec.
1476 2975 1537 3000 Xlli.
1562 2974 1611 3000 sub
1632 2974 1690 2999 sine.
1715 2974 1822 3005 incipit:
1845 2972 2046 3007 Unyttentarius
2069 2971 2149 3005 faciet
2166 2974 2212 2997 etc.
2240 2971 2278 2996 Ad

1327 3029 1423 3054 calcem
1443 3028 1534 3053 eadem
1554 3034 1646 3052 manus
1665 3026 1751 3052 addit:
1771 3024 1889 3059 Eecplicit
1906 3026 2021 3058 quartus
2047 3023 2127 3056 liber,·
2153 3024 2200 3049 alia
2227 3030 2278 3048 ma-

1327 3088 1375 3105 nus
1394 3081 1519 3105 recentior
1538 3080 1719 3112 prosequitur:
1738 3078 1833 3112 fratris
1856 3078 2050 3104 Bonaventure.
2076 3077 2136 3102 lnde
2160 3076 2277 3108 sequitur

1327 3131 1402 3157 index
1422 3131 1613 3157 distinctionum
1632 3135 1657 3156 et
1675 3132 1870 3163 quaestionum,
1890 3131 1915 3155 in
1935 3131 2009 3155 euius
2028 3130 2078 3154 11110
2097 3129 2203 3160 legitur:
2224 3127 2278 3158 Ego

1327 3184 1404 3209 frater
1423 3183 1529 3209 lacobus
1549 3183 1581 3208 de
1600 3184 1710 3209 Marchia
1730 3183 1828 3208 ordinis
1848 3183 1975 3208 Minorum
1995 3182 2045 3207 emi
2065 3182 2140 3206 istum
2155 3182 2276 3212 quartum

1328 3237 1506 3261 Bonaventure
1526 3243 1573 3267 pro
1593 3237 1675 3267 pretio
1695 3237 1847 3262 ducatorum
1867 3243 1911 3262 sex
1930 3241 2068 3261 aureorum
2086 3240 2133 3265 pro
2147 3233 2202 3258 loco
2222 3239 2277 3258 san-

1328 3292 1367 3314 cte
1386 3289 1463 3314 Marie
1483 3289 1515 3314 de
1539 3290 1619 3320 gratia
1640 3289 1728 3313 Montis
1749 3289 1897 3320 Prandonii,
1917 3294 2006 3313 mense
2025 3286 2097 3318 aprili
2119 3284 2195 3309 1457.

1399 3342 1440 3366 62.
1460 3340 1571 3373 Ibidem,
1595 3342 1619 3365 in
1645 3341 1737 3366 eadem
1763 3340 1936 3372 bibliotheca,
1959 3339 2018 3364 cod.
2043 3338 2153 3364 membr.
2183 3338 2207 3362 in
2233 3337 2276 3362 sol.

1312 3388 1394 3421 saec.
1415 3395 1482 3420 xiv.
1503 3393 1686 3425 Complectitur
1705 3394 1721 3418 1.
1742 3394 1767 3418 ll.
1787 3396 1812 3419 et
1831 3393 1867 3418 lli.
1887 3392 1995 3418 abbrev.
2014 3394 2039 3417 et
2057 3390 2276 3417 Commentariun]
