2483 3882
188 1041 290 1070 Iudicium
301 1046 337 1061 au-

227 1070 297 1088 ctorls.

187 1409 249 1429 Ratio
259 1409 277 1437 a,
289 1408 330 1429 Hu-

228 1440 293 1461 genis.

217 1722 335 1743 Conclusio.

206 2196 286 2226 Salutio
301 2201 336 2222 op-

193 2225 317 2248 positorum.

340 266 382 297 88
1100 258 1382 291 SENTENTIARUM
1408 258 1474 290 LIB.
1498 258 1545 290 IV.

337 352 415 384 haec
438 351 513 383 fuit:
538 358 609 381 nam
635 349 660 381 si
684 348 743 380 fuit
767 347 809 379 ibi
842 351 963 379 tantum
986 346 1156 378 simulatio
1181 346 1213 377 in
1236 345 1288 378 ob-

342 403 534 440 servatione,
559 410 633 442 ergo
657 403 785 442 propter
810 399 994 432 scandalum
1029 398 1166 440 proximi
1190 398 1288 430 vitan-

339 456 416 489 dum
440 455 548 487 liceret
571 453 751 494 relinquere
774 452 948 484 veritatem.
974 452 1009 484 Et
1025 451 1165 489 iteram,·
1188 459 1287 493 quare

339 508 433 540 modo
466 516 527 539 non
564 506 707 539 similiter
741 505 873 538 liceret?
908 505 993 546 quod
1028 504 1136 537 nullus
1160 504 1287 536 diceret.

340 562 489 598 Ray-sas,
507 559 546 592 de
564 558 806 600 reprehensione
830 558 929 597 Pauli,
954 558 979 590 si
995 557 1149 590 simulate
1165 560 1288 589 tantum

339 610 542 653 reprehendit
566 610 707 649 Petrum,
731 610 845 642 salsum
869 618 943 651 ergo
967 609 1050 642 dixit
1077 613 1108 641 et
1140 608 1289 640 mentitus

340 668 396 702 est,
420 663 460 695 ad
483 663 606 695 Galatas
642 662 780 695 secundo
795 662 816 702 ¹,
841 665 872 695 et
906 662 991 704 quod
1022 671 1083 694 non
1107 660 1290 693 ambulabat

340 717 386 748 ad
408 716 579 748 veritatem
614 715 804 757 annyett'i,
840 718 870 747 et
906 714 989 756 quod
1025 712 1290 755 reprehensibilis

342 773 423 801 erat.
448 768 505 800 Sed
532 767 603 809 quis
627 768 743 800 audeat
771 767 892 806 dicere,
929 767 1013 809 quod
1046 766 1160 798 Paulus
1185 766 1215 797 in
1240 765 1291 797 do-

343 821 442 853 ctrina
465 820 605 853 veritatis
629 819 855 861 dispensatorie
880 820 918 852 sit
943 819 1133 852 mentitu52?
1158 817 1248 858 Quod
1265 816 1289 848 si

342 873 456 915 aliquis
479 873 548 912 det,
572 873 691 914 patebit
715 873 765 904 via
788 872 963 910 haereticis,
987 876 1022 903 ut
1046 871 1107 903 alia
1128 870 1232 902 dicant
1256 869 1292 901 si-

344 927 462 958 mulate
486 926 578 958 dicta.

434 979 469 1011 Et
492 978 566 1020 quia
589 978 655 1020 ipse
678 978 887 1020 Augustinus,
912 978 1020 1010 doctor
1044 976 1200 1018 egregius,
1225 982 1292 1006 ver-

347 1032 394 1064 bis
419 1031 596 1072 Hieronymi
631 1031 718 1063 addit
741 1050 784 1053 —
808 1039 864 1062 nec
900 1030 1035 1067 mirum,
1064 1028 1137 1070 quia
1160 1036 1222 1059 non
1246 1029 1292 1059 est

344 1084 580 1122 inconveniens,
605 1084 689 1125 quod
714 1083 902 1125 posteriores
926 1082 1085 1124 prioribus
1109 1080 1227 1112 addant
1250 1097 1294 1101 —-

344 1137 414 1169 ideo
439 1137 532 1169 modo
557 1136 698 1169 solvendi
721 1135 881 1177 Augustini
907 1139 1056 1176 tanquam
1078 1132 1293 1165 sufficientiori

343 1190 516 1222 adhaerent
540 1189 593 1231 qui
617 1189 730 1221 melius
754 1188 901 1220 sentiunt.
919 1187 1004 1219 Unde
1021 1187 1107 1227 Hugo
1132 1185 1170 1217 de
1187 1188 1294 1217 sancto

344 1243 467 1275 Victore
479 1243 490 1259 ³
513 1242 607 1281 dicit,
624 1241 707 1283 quod
732 1240 927 1273 circumcisio
949 1243 978 1272 et
994 1239 1055 1271 alia
1072 1238 1183 1280 legalia
1199 1246 1296 1279 quan-

344 1300 412 1328 tum
438 1296 477 1328 ad
502 1295 682 1338 efficaciam
707 1296 910 1326 cessaverunt
937 1295 1007 1334 post
1030 1292 1222 1333 passionem,
1240 1290 1294 1322 sed

346 1352 499 1390 quantum
523 1348 562 1380 ad
592 1346 835 1379 observantiam
867 1348 1070 1377 cessaverunt
1104 1346 1173 1385 post
1201 1343 1296 1375 Evan-

345 1401 415 1442 gelii
440 1399 731 1442 promulgationem.
752 1399 785 1430 Et
805 1401 929 1439 praeter
955 1397 1108 1429 rationem
1132 1395 1295 1437 Augustini

346 1454 438 1485 aliam
463 1453 614 1485 rationem
639 1452 786 1493 assignat,
810 1451 884 1492 qnia
911 1459 967 1482 nec
997 1453 1109 1481 natura
1137 1457 1193 1481 nec
1216 1448 1296 1480 ratio

347 1505 480 1538 sustinet
507 1504 686 1545 repentinas
718 1503 971 1541 immutationesg
1004 1505 1034 1534 et
1065 1510 1103 1533 ne
1135 1501 1296 1533 videretur

346 1558 397 1590 lex
417 1566 496 1589 nova
519 1557 760 1598 praecipitanter
784 1556 873 1594 data,
898 1564 969 1587 cum
996 1554 1176 1586 maturitate
1193 1553 1297 1586 subiu-

347 1610 458 1647 travit,
483 1613 513 1641 et
538 1612 643 1641 vetera
667 1608 869 1640 transierunt.

436 1662 481 1693 Ex
505 1661 554 1693 his
579 1665 663 1702 patet
687 1660 848 1702 responsio
872 1660 912 1692 ad
936 1660 1076 1701 primum
1095 1659 1179 1700 quod
1205 1667 1298 1700 quae-

346 1714 437 1746 ritur.
463 1713 603 1745 Concedo
636 1713 737 1751 enim,
762 1713 842 1745 sicut
860 1712 995 1744 rationes
1012 1711 1191 1750 ostendunt,
1211 1711 1296 1752 quod

349 1766 460 1807 legalia
484 1769 636 1807 quantum
662 1765 701 1797 ad
733 1765 975 1796 observantiam
1007 1773 1068 1796 non
1093 1766 1297 1796 cessaverunt

349 1823 424 1850 ante
446 1818 763 1860 pronzatyationeim
788 1827 843 1850 nec
874 1818 968 1849 etiam
992 1820 1146 1858 quantum
1171 1816 1210 1848 ad
1236 1815 1297 1859 effi-

348 1871 477 1903 caciam
500 1870 748 1908 universaliter,
767 1871 840 1912 quia
857 1870 1013 1908 creditur,
1039 1870 1119 1902 sicut
1137 1869 1211 1901 dicit
1228 1869 1298 1901 Ber-

348 1924 506 1962 nardus⁴,
531 1924 613 1965 quod
639 1924 819 1956 habuerunt
843 1923 1011 1955 efficaciam
1044 1924 1074 1955 in
1103 1924 1152 1955 his
1176 1923 1228 1964 qui
1254 1923 1298 1955 di-

351 1977 474 2009 stabant
497 1981 527 2008 et
551 1976 725 2018 praeceptis
753 1976 857 2008 adbuc
880 1977 1025 2017 restringi
1050 1985 1110 2008 non
1137 1980 1296 2017 poterant,

348 2030 379 2060 in
404 2029 452 2061 his
476 2033 599 2067 autem,
624 2029 678 2070 qui
702 2029 782 2061 scire
806 2032 963 2070 poterant,
982 2028 1100 2060 nullam
1127 2027 1295 2060 efficaciam

350 2081 519 2113 habehant.

444 2135 468 2165 1.
493 2133 536 2166 Ad
560 2133 639 2165 illud
663 2142 738 2175 ergo
762 2133 845 2174 quod
871 2133 1035 2171 obiicitur,
1072 2133 1155 2174 quod
1180 2133 1242 2165 Lex
1269 2136 1299 2165 et

351 2186 523 2227 Prophetae
548 2194 649 2227 usque
673 2186 709 2218 ad
736 2186 880 2217 Ioannem
906 2189 981 2223 etc.;
1009 2185 1196 2224 dicendum,
1213 2185 1298 2226 quod

352 2239 431 2271 illud
457 2239 641 2280 intelligitur
665 2238 841 2275 inctasioe,
879 2247 938 2269 non
975 2238 1048 2279 qnia
1084 2242 1157 2269 tunc
1194 2238 1298 2269 statim

352 2291 517 2329 defecerit,
542 2291 596 2323 sed
619 2291 693 2332 qnia
717 2299 757 2323 ex
793 2294 867 2322 tunc
904 2290 1011 2331 legalis
1035 2290 1233 2322 observantia
1258 2290 1300 2321 in-

353 2343 472 2375 firmari
498 2344 608 2385 coepit.

442 2397 470 2427 2.
495 2396 538 2427 Ad
564 2395 642 2428 illud
671 2396 755 2437 quod
792 2395 937 2427 obiicitur
973 2395 1011 2427 de
1036 2394 1233 2436 impletione,
1258 2394 1301 2426 di-

353 2449 505 2487 cendum,
530 2448 614 2490 quod
639 2448 778 2489 impletio
810 2448 868 2479 fuit
899 2457 993 2479 causa
1022 2447 1201 2479 cessationis
1211 2459 1219 2485 3
1244 2447 1298 2479 sed

1351 354 1446 378 causa
1470 345 1528 377 ista
1552 353 1612 376 non
1637 342 1772 384 ponebat
1802 342 1888 374 hunc
1919 341 2081 380 effectum,
2112 340 2170 373 nisi
2207 340 2302 373 clare-

1352 398 1493 435 sceret⁵;
1529 397 1645 429 veritas
1684 395 1768 427 enim
1804 393 1945 426 excludit
1979 393 2127 425 umbram
2163 396 2303 432 tantum,

1352 451 1430 483 dum
1470 449 1678 486 clarificatur,
1717 447 1791 489 quia
1829 446 1936 478 nullus
1980 449 2104 478 tenetur
2142 445 2182 478 ad
2221 446 2304 478 inco-

1353 503 1486 544 gnitum.

1442 554 1470 586 3.
1497 554 1538 585 Ad
1563 553 1642 585 illud
1666 552 1750 594 quod
1785 551 1932 583 obiicitur
1967 551 2006 583 de
2034 551 2228 583 institutione
2252 551 2303 583 ba-

1352 607 1476 649 ptismi,
1501 605 1688 643 dicendum,
1714 605 1794 637 sicut
1818 607 1935 637 tactum
1961 607 2024 643 est,
2041 604 2126 646 quod
2150 604 2305 636 institutio

1353 663 1421 692 erat
1444 668 1550 691 caasa
1573 657 1803 696 evacuationis,
1828 657 1880 690 sed
1907 662 1985 689 acta
2006 666 2067 689 non
2088 657 2221 689 faciebat
2244 666 2306 690 ces-

1354 720 1442 750 sare,
1467 711 1523 743 nisi
1549 711 1638 752 prius
1661 713 1782 751 pateret
1813 709 2004 742 Sacramenti
2035 709 2153 742 utilitas
2189 713 2219 742 et
2257 719 2306 742 ne-

1352 763 1488 796 cessitas.
1514 763 1574 794 Sed
1600 762 1675 794 haec
1700 771 1760 793 non
1785 761 1844 794 fuit
1867 761 1983 794 indicta
2013 762 2044 793 in
2068 765 2177 804 aperto
2201 771 2303 804 usque

1353 819 1422 857 post
1457 815 1643 856 passionem.
1679 815 1831 846 Dominus
1866 814 1949 847 enim
1986 815 2061 847 dicit
2096 814 2301 847 Nicodemossz

1356 867 1432 899 Nisi
1454 867 1527 909 qais
1551 870 1689 899 renatas
1711 865 1817 908 faerit
1839 870 1915 905 etc.;
1940 867 1995 900 sed
2028 867 2086 899 hoc
2111 867 2192 899 dixit
2217 867 2307 909 quasi

1357 919 1531 952 consiliam
1556 919 1585 951 in
1611 919 1743 951 occulto.

1444 974 1474 1005 [1.
1500 973 1542 1005 Ad
1567 972 1646 1004 illud
1671 972 1755 1014 quod
1787 972 1933 1005 obiicitur
1965 972 2004 1004 de
2040 973 2240 1014 Hieronymo,
2265 973 2307 1005 di-

1357 1026 1510 1064 cendum,
1535 1025 1619 1067 quod
1644 1025 1836 1066 Augustinus
1869 1024 1960 1057 dictis
1984 1024 2161 1065 Hieronymi
2186 1025 2308 1057 addidit

1358 1082 1388 1111 et
1412 1078 1530 1111 clarius
1556 1078 1614 1110 hoc
1638 1078 1735 1116 vidit,
1771 1081 1801 1109 et
1837 1077 1907 1109 ideo
1942 1077 2010 1109 eius
2047 1077 2136 1109 dictis
2161 1078 2308 1110 standum

1358 1135 1414 1163 est.
1439 1131 1514 1162 Nam
1543 1134 1574 1163 et
1598 1131 1664 1171 ipse
1700 1130 1928 1171 Hieronymus7
1952 1130 2133 1162 addendum
2158 1134 2188 1162 et
2216 1130 2310 1163 corri-

1360 1183 1498 1225 gendum
1524 1183 1582 1215 sibi
1606 1183 1771 1216 commisit.

1450 1237 1493 1268 Ex
1519 1236 1568 1268 his
1593 1240 1700 1277 patent
1723 1236 1958 1278 repugnantiae.
1979 1237 2054 1268 Nam
2073 1237 2183 1269 Petrus
2208 1237 2309 1278 primo

1360 1289 1506 1327 dictavit,
1531 1289 1642 1330 legalia
1666 1298 1726 1320 non
1751 1297 1819 1321 esse
1851 1289 2064 1328 observanda,
2101 1293 2131 1321 et
2155 1289 2225 1321 ideo
2249 1298 2311 1321 non

1361 1350 1429 1374 esse
1460 1341 1605 1383 gentibus
1642 1341 1839 1383 imponenda.
1873 1341 1932 1374 Sed
1968 1344 2072 1374 tamen
2107 1342 2308 1383 postmodum

1360 1395 1427 1436 ipse
1451 1394 1604 1433 servavit,
1640 1394 1823 1431 ostendens,
1852 1397 1981 1436 propter
2014 1397 2145 1433 statum,
2182 1395 2211 1426 in
2248 1404 2310 1436 quo

1360 1447 1530 1489 aliquando
1554 1447 1695 1485 fuerant,
1720 1455 1788 1479 esse
1813 1447 2004 1480 honoranda.
2030 1466 2072 1470 -
2096 1448 2180 1480 Idem
2206 1448 2310 1489 ipsum

1362 1500 1401 1532 de
1426 1500 1521 1531 Paulo
1545 1503 1592 1531 est
1616 1499 1796 1532 dicendum.

1449 1552 1493 1584 De
1517 1553 1730 1584 controversia
1754 1552 1832 1584 Petri
1862 1556 1892 1584 et
1916 1553 2002 1584 Pauli
2028 1552 2207 1591 dicendum,
2225 1553 2310 1594 quod

1362 1605 1443 1637 idem
1470 1609 1635 1637 senserunt
1658 1605 1802 1644 omnino,
1827 1609 1857 1637 et
1880 1609 1984 1638 tamen
2010 1606 2118 1639 Petrus
2144 1606 2224 1639 iuste
2240 1607 2249 1622 ⁸
2268 1616 2313 1640 re-

1362 1658 1539 1698 prehensus
1563 1661 1626 1696 est,
1651 1658 1724 1698 quia
1748 1656 2013 1698 reprehensibilis
2038 1662 2130 1696 erat,
2154 1668 2216 1690 non
2240 1659 2313 1701 quia

1362 1710 1447 1742 male
1470 1710 1602 1749 faceret,
1629 1710 1683 1742 sed
1707 1710 1940 1752 aliquantulum
1964 1710 2117 1748 incante;
2141 1716 2171 1743 et
2196 1712 2247 1744 ille
2265 1712 2314 1744 de-

1362 1763 1463 1795 fectus
1498 1763 1787 1804 circumspectionis
1817 1763 1911 1795 credo
1947 1763 2031 1804 quod
2064 1763 2122 1795 fuit
2146 1764 2176 1795 in
2201 1773 2237 1796 eo
2261 1765 2314 1796 ali-

1363 1825 1426 1857 qua
1449 1815 1559 1857 culpa,
1593 1816 1664 1848 licet
1698 1825 1759 1847 11011
1784 1819 1866 1848 esset
1894 1816 2044 1848 mortalis.
2082 1817 2117 1848 Et
2141 1817 2246 1849 divina
2271 1817 2314 1849 di-

1363 1869 1560 1910 spensatione
1596 1869 1655 1901 hoc
1689 1868 1879 1910 permissum
1916 1873 1976 1907 est,
2010 1873 2061 1907 ut,
2094 1870 2170 1902 dum
2204 1870 2313 1902 Petrus

1362 1921 1574 1961 reprehensus
1600 1930 1659 1952 non
1685 1921 1857 1959 resisteret,
1882 1921 1998 1953 clarius
2034 1922 2150 1954 veritas
2174 1925 2311 1963 pateret3

1363 1974 1415 2006 et9
1438 1974 1523 2015 quod
1557 1974 1666 2005 Petrus
1700 1973 1883 2015 exemplum
1920 1974 2061 2006 imitandi
2096 1975 2126 2006 in
2159 1979 2229 2007 actu
2255 1984 2313 2007 suo

1363 2026 1459 2058 nollet
1483 2027 1568 2058 dare.
1595 2026 1680 2058 Unde
1709 2029 1776 2058 erat
1800 2025 2082 2067 reprehensibilis,
2108 2027 2139 2059 id
2156 2030 2203 2059 est
2226 2028 2313 2060 utilis

1363 2080 1552 2121 reprehendi
1577 2083 1607 2111 et
1631 2079 1762 2121 dignus,
1787 2079 1861 2121 quia
1885 2080 1931 2111 act
1952 2080 2123 2111 veritatem
2142 2080 2315 2122 annyelii

1363 2141 1425 2164 non
1448 2132 1648 2171 ambulabat,
1673 2132 1703 2164 id
1739 2135 1786 2164 est
1823 2141 1883 2164 non
1900 2142 2149 2175 usquequaque,
2175 2134 2249 2174 quia
2274 2142 2314 2166 ex

1363 2185 1422 2217 hoc
1447 2185 1562 2216 veritas
1587 2184 1847 2222 conculcabatur3
1873 2188 1903 2216 et
1926 2184 1996 2217 ideo
2015 2185 2129 2217 Paulus
2146 2186 2313 2218 benefecit

1364 2241 1394 2269 et
1424 2237 1559 2275 utiliter,
1592 2237 1646 2278 qui
1682 2246 1787 2269 coram
1812 2237 1958 2269 omnibus
1994 2246 2066 2270 eum
2101 2239 2314 2279 reprehendit.

1363 2290 1423 2321 Nec
1448 2293 1494 2321 est
1517 2289 1720 2321 excusandus
1745 2290 1854 2322 Petrus
1877 2290 1917 2321 ab
1942 2299 2005 2322 una
2030 2290 2091 2322 levi
2116 2291 2314 2332 negligentia,

1364 2351 1402 2375 ne
1435 2342 1549 2374 Paulus
1584 2346 1749 2374 accusetur
1786 2343 1914 2384 gravius
1946 2343 2100 2376 mendacii
2135 2344 2237 2385 culpa.
2275 2363 2316 2367 -

1363 2395 1407 2427 Ad
1432 2394 1573 2426 ultimam
1600 2395 1853 2427 contrarietatem
1878 2398 1963 2436 patet
1988 2395 2148 2437 responsio
2169 2404 2209 2428 ex
2231 2405 2318 2437 prae-

1365 2447 1456 2479 dictis
1472 2446 1506 2477 ¹⁰.

426 2634 432 2649 1
454 2634 527 2659 Vers.
553 2635 588 2659 tl..
609 2638 633 2659 et
659 2635 694 2659 ll.

425 2678 435 2693 '2
454 2678 487 2703 1ιο
502 2678 577 2703 codd.
593 2678 609 2702 F
620 2678 637 2702 L
652 2678 698 2708 (bb
712 2685 726 2703 a
740 2678 853 2703 secunda
868 2685 954 2709 manu,
969 2677 1024 2702 cod.
1042 2679 1048 2702 l
1069 2682 1154 2703 01110111
1169 2676 1303 2710 dispensa-

356 2720 425 2752 ticet,
449 2729 515 2753 111100
535 2722 608 2746 lectio
628 2722 794 2746 confirmetur
814 2729 827 2746 0
847 2721 965 2752 pluribus
979 2721 1063 2752 codd,
1081 2722 1124 2753 qui
1145 2721 1240 2745 liabent
1258 2720 1303 2746 do-

356 2764 441 2796 trina,
464 2765 527 2790 dum
547 2766 571 2789 in
592 2766 646 2790 aliis
665 2769 689 2790 et
714 2765 773 2790 edd.
794 2766 886 2796 legitur
910 2764 1046 2790 doctrinae
1065 2764 1184 2789 totitatis
1204 2764 1302 2797 dispen-

355 2808 462 2834 satione.
477 2823 511 2827 —
524 2809 560 2834 De
580 2816 606 2833 rc
627 2809 670 2834 cfr.
691 2811 807 2840 August,
829 2810 874 2834 loc.
895 2810 935 2834 cit.
956 2816 979 2833 n⁴
996 2809 1036 2833 21.
1051 2816 1113 2840 seq.,
1129 2808 1181 2838 ubi,
1197 2815 1302 2838 praeno-

356 2858 419 2883 tato,
441 2854 511 2885 qnod
537 2853 710 2886 dispensative
736 2854 851 2884 mentiri,
878 2854 897 2878 si
923 2853 986 2885 quid
1010 2853 1148 2884 significet,
1176 2852 1244 2876 idem
1273 2853 1304 2877 sit

356 2905 385 2922 ac
404 2897 514 2931 officiose
534 2899 648 2926 111..·11111·1,
669 2901 693 2922 et
713 2897 783 2929 quod
805 2898 835 2922 (le
857 2898 1026 2928 permissione
1051 2896 1158 2930 officiosi
1178 2896 1302 2921 mendacii

357 2948 449 2972 magna
471 2942 501 2966 sit
520 2943 650 2973 quaestio;
672 2941 758 2971 docet,
786 2942 937 2965 inconcusse
964 2944 1047 2965 tumen
1075 2940 1213 2964 tenendum
1233 2946 1302 2970 esse,

357 2988 473 3009 auctores
493 2992 512 3009 s.
528 2986 675 3015 scripturae
695 2986 719 3009 in
733 2984 870 3009 scribendo
887 2984 1051 3009 menducium
1066 2990 1116 3008 11011
1131 2984 1302 3014 commisisse,

361 3040 370 3049 «
388 3036 417 3053 ne
438 3028 628 3059 dispensatores
642 3028 747 3058 Christi,
768 3028 800 3053 de
820 3028 914 3060 quibus
929 3028 1024 3053 dictum
1040 3032 1077 3052 est
1092 3027 1122 3057 (l.
1143 3026 1200 3051 Cor.
1216 3026 1238 3057 1,
1254 3027 1303 3057 ⁶2.):

358 3073 404 3098 Hit·
424 3072 477 3097 iam
503 3073 643 3105 quaeritur
663 3072 731 3098 inter
751 3072 958 3105 dispensatores,
983 3073 1010 3097 itt
1021 3071 1105 3105 fidelis
1119 3071 1177 3104 quis
1190 3070 1304 3096 invema-

358 3117 415 3146 tur,
438 3120 559 3148 tanquam
589 3123 713 3147 magnum
739 3116 834 3148 0111111111
856 3116 903 3141 sibi
925 3116 1031 3140 fideliter
1057 3115 1177 3140 didicisse
1202 3114 1304 3139 videan-

358 3163 412 3189 tur,
431 3166 479 3191 pro
501 3159 616 3185 veritatis
636 3159 828 3193 dispensatione
848 3161 963 3191 mentiri,
984 3166 1043 3184 cum
1064 3160 1119 3190 ipsa
1138 3158 1202 3192 sides
1222 3159 1246 3182 in
1273 3159 1305 3183 la-

360 3204 410 3228 11110
425 3210 542 3228 sermone
565 3203 596 3228 ab
610 3211 641 3228 eo
655 3204 754 3228 dicutur
767 3204 909 3235 appellata,
930 3205 989 3235 quia
1002 3203 1031 3236 sit
1050 3203 1120 3235 quod
1135 3203 1240 3233 dicitur;
1261 3202 1304 3227 ubi

360 3251 444 3271 autem
465 3247 490 3271 tit
510 3247 579 3278 1111011
600 3248 704 3276 (licitur,
733 3248 871 3272 mentiendi
892 3249 981 3279 utique
1006 3254 1054 3272 non
1081 3252 1117 3271 est
1139 3247 1209 3271 locus
1224 3256 1234 3268 »
1258 3249 1304 3271 ete.

359 3303 394 3307 —
408 3290 443 3314 De
462 3297 515 3321 seq.
536 3292 659 3321 proposit.
680 3292 739 3316 vide
760 3291 820 3316 ibid.
841 3299 864 3316 n.
886 3291 909 3316 5.
930 3299 983 3323 seq.
1003 3305 1031 3308 —-
1046 3291 1099 3315 Mox
1114 3297 1161 3321 pro
1175 3289 1216 3315 atet
1229 3290 1305 3315 codd.

361 3333 407 3357 FIl
420 3334 463 3359 (la
484 3334 597 3358 secunda
617 3335 705 3366 manu)
725 3334 807 3365 (licat,
828 3335 887 3360 edd.
908 3335 1011 3361 iaceret.

430 3376 440 3392 3
460 3376 526 3401 Libr.
548 3377 573 3400 11.
594 3377 625 3401 de
650 3378 760 3402 5110111111.
782 3386 805 3409 11.
833 3379 872 3402 Vt.
900 3385 920 3403 c.
947 3379 970 3407 t,
998 3378 1040 3403 ubi
1067 3379 1142 3403 etiam
1168 3377 1223 3403 alia
1243 3379 1305 3403 rutio

1365 2633 1442 2664 paulo
1462 2633 1567 2658 inferitis
1586 2633 1688 2658 inducta
1710 2633 1832 2664 liabetur,
1853 2633 1886 2658 de
1905 2641 1955 2665 (jun
1970 2634 2014 2658 cfr.
2035 2635 2111 2659 etiam
2130 2634 2247 2666 August,
2268 2635 2316 2660 loc.

1365 2678 1405 2703 cit.
1427 2685 1449 2702 n.
1473 2678 1518 2702 t5:
1539 2678 1639 2702 Sensim
1660 2677 1768 2709 proinde
1788 2680 1865 2709 atque
1886 2678 2008 2708 paulatim
2029 2681 2076 2703 etc.

1437 2720 1446 2736 ⁴
1467 2721 1501 2745 De
1516 2722 1683 2752 Baptismo,e.
1697 2722 1747 2746 l.n.
1757 2721 1813 2746 olet
1823 2722 1874 2746 c.2.
1884 2729 1907 2746 n.
1919 2722 1942 2746 6.
1956 2736 1988 2739 -
2002 2721 2082 2746 Codd.
2097 2722 2114 2745 F
2126 2722 2145 2746 11
2162 2722 2317 2755 Greyorins,

1437 2765 1447 2781 5
1466 2766 1554 2790 Glossa
1569 2765 1709 2790 ordinaria
1723 2765 1763 2796 (ex
1779 2766 1893 2796 Rabuno)
1909 2773 1988 2797 super
2000 2766 2090 2796 vIudith
2105 2767 2134 2797 8,
2150 2768 2178 2791 2:
2194 2767 2317 2792 Veniente

1368 2808 1466 2834 Christo
1481 2813 1505 2834 et
1518 2810 1573 2833 luce
1593 2810 1722 2840 Evangelii
1744 2810 1899 2834 clarescente
1912 2811 1936 2834 in
1951 2810 2063 2841 mundo,
2078 2811 2162 2835 omnis
2176 2811 2214 2835 11Ιο
2230 2810 2319 2835 obser-

1367 2854 1453 2877 vantia
1473 2852 1626 2885 [legalium]
1647 2855 1728 2877 cessit.
1754 2867 1789 2871 ——-
1814 2854 1848 2878 Ex
1868 2854 1943 2879 codd.
1971 2854 2101 2878 FGHlY
2120 2855 2177 2879 voci
2198 2855 2318 2887 effectum

1374 2898 1539 2927 praelixiinus
1559 2896 1638 2922 hunc.

1437 2940 1448 2955 6
1469 2941 1534 2964 loun.
1556 2941 1584 2970 3,
1605 2940 1628 2964 53.
1649 2940 1699 2965 Csr.
1720 2941 1783 2965 inl'rn
1805 2940 1866 2965 dub.
1887 2942 1911 2972 l,
1932 2944 1956 2966 et
1976 2942 2106 2973 Rerum-tt,
2122 2941 2153 2966 de
2174 2942 2318 2973 Baptismo,

1369 2990 1390 3008 c.
1417 2985 1434 3008 1.
1456 2990 1479 3007 n⁴
1501 2983 1524 3007 5.

1439 3027 1449 3042 ⁷
1469 3027 1517 3051 (Il'r.
1538 3028 1593 3052 eius
1613 3028 1689 3058 Epist.
1715 3029 1768 3052 112.
1792 3028 1867 3057 (alias
1887 3029 1938 3058 89.)
1960 3036 1982 3052 n.
2005 3029 2027 3052 2.

1439 3070 1449 3086 3
1470 3070 1532 3095 lidd.
1542 3071 1606 3095 male
1614 3071 1709 3096 Petrus
1717 3071 1770 3096 iste.
1779 3072 1833 3096 Mox
1842 3077 1898 3102 post
1905 3071 2030 3097 sedcodd.
2041 3073 2056 3096 S
2064 3071 2084 3095 Τ
2092 3071 2112 3096 U
2120 3074 2238 3102 repetunt
2247 3071 2317 3104 qnid

1440 3114 1450 3130 9
1470 3115 1572 3139 Plurimi
1603 3116 1677 3140 codd.
1704 3119 1727 3140 et
1747 3115 1786 3140 cd.
1813 3118 1817 3140 l
1850 3117 1968 3141 omittunt
1987 3117 2023 3147 el,
2052 3116 2127 3140 codd.
2155 3116 2207 3140 ΜΟ
2227 3116 2318 3141 substi-

1370 3161 1443 3183 tuunt
1462 3157 1524 3190 quit(
1546 3166 1591 3189 pro
1612 3160 1635 3183 et
1649 3159 1725 3191 qnod.
1747 3160 1807 3184 (clod.
1829 3159 1848 3183 Ο
1869 3160 1946 3190 paulo
1966 3160 2086 3190 superius
2100 3162 2158 3190 post
2177 3161 2206 3184 ‘ut
2224 3160 2316 3184 omittit

1370 3201 1434 3225 dnm
1454 3202 1624 3233 (quodetiam
1645 3203 1731 3233 plures
1745 3203 1783 3226 0111
1805 3203 1880 3227 codd.
1895 3203 2043 3233 omittunt),
2064 3202 2174 3227 subinde
2195 3205 2318 3233 postnon

1369 3245 1514 3275 resisteret,
1537 3253 1583 3276 pro
1604 3253 1655 3277 11110
1676 3246 1734 3270 edd.
1749 3245 1896 3276 desisteret,
1918 3246 1990 3271 addit
2009 3247 2039 3271 et.
2059 3246 2193 3277 Aliquanto
2214 3246 2318 3270 interius

1371 3296 1417 3320 pro
1436 3296 1488 3314 ‘non
1510 3289 1665 3315 (niztintatmt
1682 3290 1738 3315 cod.
1760 3291 1766 3314 l
1786 3297 1840 3315 non
1863 3292 1932 3316 recle
1951 3289 2113 3316 (tulbalabat.
2143 3290 2211 3315 ldem
2233 3289 2289 3314 cod.
2310 3290 2317 3313 1

1370 3340 1428 3358 cum
1450 3333 1567 3363 pluribus
1587 3334 1641 3358 aliis
1661 3338 1685 3358 et
1704 3334 1743 3358 ed.
1769 3336 1773 3358 l
1798 3334 1909 3359 subinde
1929 3340 1975 3364 pro
1995 3333 2022 3358 ‘id
2040 3334 2076 3358 est
2093 3333 2222 3358 substituit
2242 3334 2272 3358 et.

1442 3376 1462 3391 ¹0
1484 3376 1547 3401 Vide
1567 3378 1680 3402 scholion
1701 3377 1733 3401 ad
1753 3379 1951 3409 praecedentem
1972 3381 2069 3409 quaest.

2325 1239 2357 1260 Ad
2376 1239 2388 1258 4
2403 1238 2463 1259 diffi-

2338 1265 2436 1287 cultates.

2339 1554 2418 1575 solutio
2433 1554 2454 1575 3.

2330 1580 2460 1602 difficultatis
2465 1596 2473 1601 .
