2483 3882
44 1018 141 1039 isidorus·
157 1014 305 1044 lsidorus¹
322 1014 379 1044 ait:
397 1014 553 1052 «Constat,
569 1014 720 1053 baptisma
734 1015 807 1045 solis
821 1014 1033 1044 sacerdotibus
1049 1022 1114 1044 esse

6 1260 80 1281 ffoncil.
95 1259 144 1280 Car-

5 1293 7 1305 a
28 1287 59 1307 tha
62 1286 103 1313 gin.

2 1648 3 1665 1
15 1646 140 1668 Demi-mina-

73 1792 139 1814 Beda.

17 1986 106 2007 Dubium
122 1987 140 2007 l.

13 2035 144 2061 Augustinus.

20 2814 50 2835 De
66 2815 146 2836 idonei-

9 2842 47 2862 tate
57 2842 145 2863 subiecti

9 2866 133 2894 baptizandi.

1007 234 1218 266 DlSTtNCTtO
1242 234 1288 266 vi.

2073 235 2131 269 133

931 454 1257 496 DISTINCTIO
1289 455 1362 494 VI.

1078 645 1158 677 PARS
1182 645 1201 676 l.

577 771 646 801 CAP.
669 771 689 801 l.

433 867 547 905 Quibus
571 868 658 898 liceat
679 867 845 908 baptizare.

237 966 339 1003 Nunc,
362 965 475 1004 quibus
506 965 597 996 liceat
626 965 791 1005 baptizare,
813 965 969 996 addamus.
992 966 1035 995 Dc
1056 965 1115 995 hoc

158 1062 316 1099 traditum,
347 1062 475 1101 eiusque
507 1063 708 1093 ministerium
741 1071 796 1093 nec
828 1062 903 1101 ipsis
934 1062 1114 1093 diaconibus

157 1111 284 1150 implere
306 1115 349 1141 est
381 1111 497 1141 licitum
530 1111 646 1150 absque
678 1112 823 1150 episcopo
850 1112 897 1142 vel
920 1112 1114 1150 presbytero,

157 1160 229 1195 nisi,
252 1160 299 1190 his
322 1160 428 1199 procul
451 1160 636 1196 absentibus,
658 1161 763 1190 ultima
786 1161 940 1198 languoris
961 1164 1049 1199 cogat
1064 1169 1115 1190 ne-

157 1208 298 1243 cessitas:
321 1209 402 1247 quod
427 1209 516 1238 etiam
533 1208 618 1238 laicis
635 1208 776 1239 fidelibus
791 1209 1015 1248 permittitur».
1032 1209 1113 1245 ltem,

158 1264 195 1286 ex
207 1256 341 1286 Concilio
354 1257 580 1295 Carthaginensi
594 1257 735 1296 quarto²t
748 1270 760 1283 «
773 1258 888 1293 Mulier,
898 1258 1038 1296 quamvis
1049 1266 1115 1287 san-

156 1309 218 1341 cta,
233 1305 388 1344 baptizare
404 1314 462 1336 non
479 1309 663 1345 praesumat,
680 1306 735 1335 nisi
753 1306 931 1336 necessitate
947 1310 1114 1344 cogente».

570 1402 639 1432 Car.
662 1403 695 1432 ll.

239 1499 274 1529 δι’
292 1499 510 1539 rebaptizcmdz'
529 1505 602 1531 sunt
622 1499 659 1530 ab
682 1500 840 1531 haereticis
864 1500 1021 1540 baptisati.

236 1598 276 1627 De
299 1598 359 1628 illis
382 1607 470 1635 vero,
493 1599 543 1638 qui
560 1599 597 1629 ab
613 1599 777 1629 haereticis
794 1598 995 1637 baptizantur,
1012 1601 1112 1627 utrum

156 1645 362 1684 rebaptizandi
387 1647 458 1683 sint,
491 1648 596 1686 quaeri
630 1647 714 1677 solet.
738 1663 777 1669 —-
798 1647 843 1676 Ad
876 1646 957 1685 quod
980 1645 1114 1676 breviter

155 1693 295 1730 dicimus,
317 1695 389 1733 quia
411 1696 598 1734 quicumque
620 1696 659 1725 sit
680 1696 731 1734 qui
756 1695 904 1734 haptizet‚
926 1695 950 1724 si
973 1697 1113 1724 servatur

156 1741 249 1772 forma
273 1751 288 1773 a
312 1743 430 1773 Christo
454 1744 578 1780 tradita,
595 1752 699 1774 verum
716 1744 899 1782 baptismum
916 1743 983 1779 dat;
1000 1746 1028 1772 et
1045 1742 1112 1772 ideo

155 1793 206 1831 qui
232 1792 314 1823 illum
337 1793 429 1822 sumit
451 1802 508 1822 non
542 1793 632 1822 debet
660 1792 852 1831 rebaptizari.
886 1792 972 1822 Unde
994 1791 1112 1821 Bestafl:

162 1842 258 1872 «Sive
291 1842 462 1872 hacreticus
494 1842 558 1872 sive
590 1842 802 1872 schismaticus
831 1841 895 1871 sive
925 1841 1113 1871 facinorosus

155 1890 285 1929 quisque
307 1890 335 1920 in
358 1890 546 1920 confessione
568 1895 690 1920 sanetae
713 1890 867 1920 Trinitatis
889 1890 1037 1928 baptizet,
1054 1897 1111 1919 uon

157 1938 235 1969 valet
260 1939 309 1968 ille
330 1940 381 1977 qui
406 1939 575 1977 baptizatus
605 1943 663 1974 est,
686 1947 702 1969 a
735 1939 822 1969 bonis
844 1938 1007 1968 Catholicis
1030 1938 1113 1968 reba-

156 1987 281 2026 ptizari,
314 1996 350 2017 nc
382 1988 530 2017 confessio
563 1991 592 2017 et
625 1989 776 2018 invocatio
798 1988 952 2017 Trinitatis
975 1987 1114 2017 videatur

156 2036 345 2066 annullari».
378 2036 449 2066 Item
482 2037 707 2075 Augustinus⁴:
746 2037 914 2072 «Quamvis
946 2044 1039 2066 unum
1075 2036 1114 2065 sit

157 2085 307 2123 baptisma
324 2089 352 2114 et
368 2085 608 2121 haereticorum,
624 2085 740 2115 scilicet
756 2094 861 2116 eorum
882 2086 933 2124 qui
952 2085 1114 2115 innomine

156 2133 252 2163 Patris
274 2138 303 2163 et
325 2133 389 2163 Filii
408 2137 436 2164 et
452 2134 582 2172 Spiritus
603 2135 699 2164 sancti
724 2134 893 2173 baptizant,
909 2138 938 2164 et
959 2134 1115 2164 Ecclesiae

156 2182 341 2217 catholicae;
367 2186 465 2213 tamen
488 2183 540 2221 qui
564 2183 634 2213 l'oris
657 2183 825 2213 Ecclesiam
842 2183 1035 2222 baptizantur
1057 2191 1114 2212 uon

157 2234 279 2260 sumunt
311 2231 494 2269 baptismum
528 2231 564 2261 ad
598 2231 746 2267 salutem,
772 2232 824 2262 sed
858 2232 894 2261 ad
927 2231 1114 2270 perniciem,

157 2277 297 2309 habentes
327 2280 461 2318 formam
494 2280 698 2317 sacramenti,
734 2279 877 2310 virtulem
913 2284 1014 2309 aiacem
1051 2278 1116 2309 eius

1083 2402 1163 2433 l’Aas

566 2522 634 2552 Car.
658 2522 702 2552 lll.

268 2619 353 2656 Quod
374 2619 481 2649 nullus
503 2619 537 2649 in
559 2623 697 2649 onaan-no
719 2624 803 2649 utero
828 2617 1013 2657 baptizatur.

239 2717 301 2746 Hoc
324 2717 413 2746 etiam
437 2716 593 2746 sciendum
627 2719 681 2751 est,
709 2715 814 2754 «quod
839 2715 909 2744 licet
932 2718 977 2744 ter
1001 2715 1117 2744 immer-

158 2769 246 2803 gatur
278 2769 402 2804 propter
430 2766 608 2804 mysterium
639 2764 802 2800 Trinitatis,
826 2768 924 2793 tamen
952 2771 1044 2792 unum
1069 2762 1117 2792 ba-

160 2815 269 2853 ptisma
290 2814 512 2853 reputaturfl».
534 2830 575 2836 —-
596 2813 670 2844 illud
705 2813 795 2843 etiam
830 2812 1028 2851 ignorandum
1059 2820 1115 2841 non

162 2867 215 2899 est,
238 2863 319 2902 quod
353 2864 380 2892 in
414 2866 549 2893 materno
583 2867 668 2892 utero
698 2862 798 2892 nullus
828 2861 974 2900 baptizari
1002 2864 1116 2899 potest,
1149 2876 1151 2896 Ι

1178 769 1380 809 ctb72e9anlc3;
1402 773 1430 800 et
1454 770 1521 800 ideo
1544 771 1679 801 Ecclesia
1703 779 1754 801 eos
1776 780 1834 801 non
1863 772 2039 810 rebaptizat,
2062 773 2131 811 quia

1178 818 1207 848 iu
1229 819 1349 848 nomine
1378 819 1531 849 Trinitatis
1560 819 1703 858 baptizati
1726 824 1811 856 sunt,
1834 824 1863 850 et
1886 821 1950 858 ipsa
1974 824 2018 850 est
2040 821 2134 851 forma

1178 867 1364 897 Sacramenti
1377 880 1405 896 ».
1424 867 1513 897 Item:
1535 867 1757 906 «Rebaptizare
1773 868 1971 905 haereticum,
1989 869 2040 908 qui
2057 869 2132 899 haec
2149 875 2241 896 Dubium
2255 876 2277 896 Ξ.

1178 915 1347 945 sanctitatis
1378 916 1463 954 signa
1495 916 1682 955 perceperit,
1715 917 1836 946 omnino
1874 921 2033 955 peccatum
2074 922 2132 951 est;

1179 964 1367 994 Catholicum
1401 972 1490 999 vero,
1513 964 1764 994 immanissimum
1793 964 1892 995 scelus
1918 968 2001 994 est».
2024 981 2064 987 —
2090 966 2134 995 Er<

1178 1013 1225 1042 his
1258 1016 1362 1052 aperte
1394 1013 1564 1052 colligitur,
1596 1013 1677 1052 quod
1707 1013 1758 1052 qui
1792 1013 1881 1043 etiam
1909 1013 1947 1043 ab
1973 1014 2135 1044 haereticis

1179 1061 1321 1100 baptizati
1345 1065 1423 1098 sunt,
1445 1065 1565 1092 servato
1581 1061 1759 1092 charactere
1780 1062 1900 1098 Christi,
1926 1062 2134 1101 rebaptizandi

1180 1119 1237 1141 non
1259 1114 1337 1147 sunt,
1353 1111 1404 1141 sed
1422 1114 1536 1141 tantum
1560 1119 1666 1140 manus
1689 1111 1880 1149 impositione
1903 1111 2135 1149 reconciliandi,

1180 1163 1212 1189 ut
1232 1159 1377 1198 Spiritum
1401 1164 1538 1190 sanctum
1560 1159 1722 1198 accipiant,
1755 1162 1784 1189 et
1817 1159 1845 1189 in
1868 1159 1985 1197 signum
2009 1160 2136 1190 detesta-

1180 1208 1269 1238 tionis
1291 1208 1523 1238 haereticorum.

1259 1257 1333 1287 Sunt
1356 1261 1455 1286 tamen
1484 1257 1616 1286 nonnulli
1641 1256 1801 1286 doctorum
1814 1257 1834 1294 ⁵,
1859 1261 1891 1287 ut
1912 1257 2083 1296 Cyprianus
2105 1262 2133 1288 et
2167 1263 2294 1298 amovetur

1179 1306 1229 1335 alii
1262 1305 1403 1344 quidam,
1426 1306 1477 1344 qui
1508 1305 1610 1335 dicere
1644 1306 1798 1342 videntur,
1821 1306 1858 1336 ab
1892 1307 2053 1337 haereticis
2076 1316 2134 1337 nou
2150 1289 2238 1310 samm*

1179 1363 1267 1393 posse
1291 1355 1366 1384 tradi
1392 1355 1585 1393 baptismum,
1608 1358 1637 1384 et
1652 1363 1703 1384 eos
1719 1363 1783 1384 esse
1800 1355 2042 1394 rebaptizandos,
2066 1364 2134 1386 cum

1180 1404 1303 1433 veniunt
1324 1403 1361 1433 ad
1384 1404 1569 1439 Ecclesiam,
1591 1404 1642 1442 qui
1673 1403 1711 1433 ab
1738 1404 1794 1433 illis
1816 1404 1959 1434 dicuntur
1982 1405 2133 1443 baptizati.

1144 1450 1146 1459 ¹
1176 1469 1217 1474 --
1238 1452 1294 1482 Sed
1320 1453 1376 1482 hoc
1400 1453 1437 1483 de
1459 1453 1518 1482 illis
1540 1461 1645 1482 verum
1668 1457 1729 1489 est,
1753 1453 1803 1491 qui
1828 1457 1911 1483 extra
1935 1454 2060 1483 sormam
2084 1454 2137 1483 Ec-

1177 1501 1287 1531 clesiae
1310 1501 1464 1539 baptizare
1486 1505 1691 1539 praesumunt.
1715 1500 1908 1540 Cyprianus⁰
1930 1505 2028 1532 tamen
2052 1502 2092 1531 ibi
2117 1510 2133 1532 a
2147 1501 2271 1528 Cfflfflflfls·

1178 1549 1304 1579 veritate
1326 1549 1464 1579 deviasse
1488 1549 1622 1585 videtur,
1645 1550 1695 1588 qui
1720 1550 1760 1579 ait
1783 1549 1819 1579 ‹le
1836 1550 2004 1580 haeretico:
2035 1549 2133 1585 «0110-
2148 1549 2239 1570 Dflb'fflffl
2254 1550 2274 1570 3·

1179 1598 1268 1628 modo
1291 1598 1481 1628 sanctificare
1504 1606 1613 1636 aquam
1638 1602 1745 1636 potest,
1772 1606 1841 1628 cum
1875 1599 1939 1637 ipse
1963 1599 2135 1629 immundus

1178 1650 1231 1682 est,
1255 1650 1281 1675 et
1307 1645 1388 1684 apud
1412 1654 1502 1684 quem
1524 1646 1655 1684 Spiritus
1678 1650 1800 1676 sanetus
1826 1655 1884 1676 non
1908 1651 1970 1683 est;
1993 1655 2062 1677 cum
2082 1648 2135 1677 Do-

1177 1695 1276 1724 minus
1298 1694 1379 1724 dicat
1403 1695 1430 1723 in
1464 1694 1540 1731 Lege
1557 1694 1584 1722 ⁷:
1614 1694 1823 1734 Quaecumque
1853 1694 1981 1734 teliaci-it
2003 1695 2135 1725 {inmme-

1177 1742 1246 1777 dus,
1265 1742 1428 1772 z'mmzmdci
1449 1742 1564 1773 erant?
1579 1742 1651 1777 Quis
1674 1746 1772 1781 potest
1794 1743 1866 1772 dare
1889 1743 1970 1782 quod
1994 1744 2058 1782 ipse
2079 1753 2137 1773 nou

1178 1792 1313 1822 bahem?
1341 1792 1403 1821 Hoc
1430 1800 1501 1822 vero
1527 1801 1564 1822 ex
1591 1792 1757 1830 ignorantia
1788 1800 1855 1822 eum
1883 1792 2012 1829 dixisse,
2038 1796 2137 1830 Augu-

1176 1841 1272 1870 stinus
1290 1841 1385 1871 innuit
1401 1840 1518 1870 dicens:
1547 1854 1557 1866 «
1571 1841 1732 1879 Martyrem
1755 1841 1918 1879 gloriosum
1942 1841 2286 1880 cyprianum,Augustinus-

1177 1890 1228 1928 qui
1252 1889 1334 1928 apud
1351 1890 1521 1919 haereticos
1538 1889 1584 1919 vel
1602 1889 1814 1920 schismaticos
1830 1889 1933 1919 datum
1952 1889 2135 1928 baptismum

1178 1938 1298 1968 nolebat
1322 1946 1520 1976 cognoscere,
1543 1938 1614 1967 dum
1638 1946 1690 1967 eos
1706 1938 1795 1967 nimis
1817 1938 2031 1973 detestaretur,
2056 1942 2136 1968 tanta

1178 1987 1243 2017 eius
1266 1987 1372 2017 merita
1396 1995 1491 2025 usque
1509 1987 1545 2017 ad
1564 1987 1750 2025 triumphum
1775 1987 1911 2026 martyrii
1928 1991 2031 2017 secuta
2055 1991 2137 2023 sunt,

1179 2039 1211 2065 ut
1233 2039 1262 2065 et
1285 2036 1420 2065 caritatis
1443 2044 1503 2074 qua
1526 2035 1694 2065 excellebat
1717 2035 1783 2065 luce
1806 2035 2000 2065 obumbratio
2024 2035 2073 2065 illa
2097 2036 2136 2065 sa-

1177 2088 1315 2123 garetur,
1338 2088 1367 2114 et
1388 2084 1412 2114 si
1445 2083 1518 2123 quid
1552 2083 1743 2122 purgandum
1777 2087 1857 2119 erat,
1889 2084 2039 2122 passionis
2061 2084 2136 2114 falce
2153 2084 2244 2105 Dss‘ufflffl
2258 2084 2278 2105 ‘⁶-

1179 2133 1344 2163 tolleretur.
1367 2133 1429 2163 Nec
1453 2141 1515 2168 nos,
1538 2134 1589 2172 qui
1615 2133 1756 2172 baptismi
1781 2133 1938 2163 veritatem
1962 2137 1990 2163 et
2012 2134 2139 2163 haercti-

1179 2191 1284 2212 corum
1309 2182 1499 2221 iniquitatem
1522 2182 1723 2221 agnoscimus,
1747 2182 1814 2212 ideo
1830 2182 1982 2221 Cypriane
1999 2182 2139 2212 meliores

1179 2239 1300 2268 sumus,
1334 2231 1412 2260 sicut
1439 2239 1493 2260 nec
1527 2231 1630 2265 Petro,
1663 2231 1735 2270 quia
1767 2235 1870 2268 gentes
1904 2231 2057 2261 iudaizare
2080 2240 2137 2261 nen

1180 2280 1356 2317 cogimus».

1189 2402 1221 2433 11.

1181 2521 1270 2551 etiam
1301 2522 1324 2550 si
1354 2525 1449 2551 mater
1477 2522 1657 2559 baptizetur.
1687 2521 1772 2550 Unde
1804 2520 1976 2550 Isidoruss':
2005 2520 2082 2555 «Qui
2107 2521 2134 2550 iu
2152 2524 2251 2545 Isidorus-

1181 2570 1324 2599 maternis
1347 2570 1440 2599 uteri>¹
1462 2574 1531 2599 sunt
1554 2569 1700 2608 baptizari
1736 2578 1793 2599 non
1826 2573 1967 2608 possunt,
1990 2570 2061 2608 quia
2085 2570 2136 2608 qui

1181 2622 1268 2648 uatus
1289 2618 1390 2648 adhuc
1412 2618 1578 2648 secundum
1602 2618 1697 2647 Adam
1720 2626 1777 2647 non
1801 2622 1845 2647 est
1867 2617 2033 2647 secundum
2057 2617 2138 2647 Chri-

1181 2670 1259 2696 stum
1284 2674 1341 2695 non
1364 2670 1462 2705 potest
1478 2666 1612 2702 renasci,
1629 2674 1725 2704 neque
1742 2666 1929 2704 regeneratio
1946 2666 1974 2695 in
1992 2673 2059 2695 eum
2076 2666 2135 2696 dici

1183 2718 1289 2752 potest,
1300 2714 1327 2742 in
1340 2722 1430 2752 quem
1443 2714 1596 2752 generatio
1612 2722 1669 2743 uon
1688 2715 1851 2751 praecessit
1865 2727 1890 2743 n.
1905 2714 1988 2750 ltcm,
2000 2715 2137 2752 August-i-
2149 2709 2287 2736 Aussufflffl·

1182 2762 1267 2792 nus¹⁰
1276 2772 1281 2791 :
1291 2762 1373 2791 «Non
1384 2766 1481 2800 potest
1490 2763 1651 2801 quisquam
1662 2763 1956 2801 1·enasci‚antequam
1967 2767 2054 2792 natus
2063 2763 2136 2792 sit».

1264 2811 1292 2840 Si
1317 2819 1387 2840 vero
1411 2811 1575 2849 opponitur
1596 2811 1633 2840 de
1655 2811 1779 2840 Ieremia
1794 2811 1815 2825 ¹¹
1839 2815 1868 2840 et
1891 2811 1928 2840 de
1951 2811 2059 2841 Ioanne
2083 2812 2138 2840 Ba-

1184 2860 1284 2898 ptista,
1308 2860 1359 2897 qui
1383 2859 1421 2889 ab
1445 2863 1529 2889 utero
1552 2859 1729 2889 sanctificati
1764 2859 1919 2897 leguntur.
1942 2860 2023 2898 quod
2047 2861 2136 2890 etiam

2152 2807 2245 2827 Salvitur
2260 2806 2298 2827 du-

2191 2834 2256 2853 bium.

231 3002 238 3018 ¹
261 3002 328 3027 Libr.
349 3003 375 3027 ll.
395 3002 427 3027 de
448 3003 590 3027 Ecclesiast.
611 3002 714 3033 Officiis,
735 3008 757 3027 c.
778 3001 820 3026 25.
841 3009 865 3026 n.
886 3002 917 3033 9;
940 3001 966 3026 C.
988 3001 1111 3032 Constat,

160 3046 291 3080 baptisma
311 3046 390 3078 (19.),
411 3047 443 3072 de
462 3046 608 3072 Consecrat.
630 3047 688 3071 dist.
710 3045 733 3071 i.

230 3091 240 3106 ‘²
260 3091 335 3116 Num.
356 3092 397 3116 90.
417 3094 442 3116 et
465 3091 529 3123 ¹00;
550 3090 576 3116 C.
597 3089 696 3116 Mulier
715 3090 792 3122 (20),
813 3089 875 3114 ibid.

229 3134 240 3151 ³
260 3136 352 3160 llomil.
372 3135 462 3160 aestiv.
482 3135 515 3160 de.
535 3135 627 3166 Tcmp.
652 3135 676 3159 in
703 3134 767 3159 sesto
793 3134 890 3159 invent.
910 3135 934 3159 S.
955 3133 1061 3165 Crucis;
1088 3133 1114 3160 C.

160 3178 220 3205 Sive
240 3179 388 3206 haereticus
408 3179 480 3211 (51),
501 3179 563 3204 ibid.
1147 3197 1149 3230 ἱ

232 3222 242 3238 ⁴
261 3223 383 3254 Dialogus
408 3224 551 3255 quaestion.
578 3223 611 3247 6ἕό
642 3230 667 3255 q.
693 3222 734 3247 59.
764 3222 840 3253 (inter
868 3223 923 3247 eius
955 3222 1063 3254 opera);
1088 3222 1115 3247 C.

164 3266 292 3298 Quamvis
313 3274 397 3292 unum
417 3267 491 3300 (29),
507 3267 570 3292 ibid.
585 3267 620 3292 lbi
641 3267 778 3298 respicitur
798 3266 823 3291 ll.
845 3267 912 3291 Tim.
927 3267 956 3297 3,
971 3266 994 3291 5.
1010 3280 1043 3284 —
1057 3267 1115 3298 Seq.
1148 3231 1150 3288 1

162 3312 234 3336 locus
253 3315 291 3336 cst
310 3313 433 3343 August,
454 3312 532 3343 Epist.
553 3312 594 3336 23.
614 3311 687 3342 (alias
707 3311 777 3342 203.)
798 3311 831 3335 ad
853 3311 979 3336 lilaximin.
1002 3318 1025 3336 n.
1041 3312 1070 3342 ἒς
1089 3310 1116 3335 C.
1148 3289 1150 3327 1

162 3354 336 3388 Rebaptizare
355 3355 520 3381 haereticum
549 3354 641 3387 (108.),
660 3354 722 3379 ibid.
743 3369 776 3372 —
796 3355 844 3380 Pro
864 3354 1014 3381 sanctitatis
1039 3354 1116 3388 ..s-iffae

162 3399 222 3425 edd.
242 3400 369 3432 plurimae
388 3399 605 3433 sanctificationis
624 3399 709 3433 siqua.

1249 2999 1260 3015 5
1279 2999 1328 3024 Csr.
1349 3000 1466 3030 August..
1488 2998 1529 3023 Vl.
1557 3002 1581 3023 et
1603 2998 1651 3022 ΥΙΙ.
1677 3001 1763 3023 contra
1784 2998 1943 3029 Donatistas,
1972 2999 2065 3030 aliique
2093 3005 2139 3023 au-

1180 3047 1263 3069 ctores
1283 3043 1315 3068 de
1336 3043 1440 3068 historia
1459 3042 1599 3067 ecclesiast.
1620 3045 1765 3067 tractantes.

1250 3088 1260 3103 6
1281 3088 1358 3118 Epist.
1379 3087 1410 3111 ad
1431 3086 1583 3111 lubaiauum
1603 3087 1711 3118 eiusque
1731 3088 1821 3118 episc..
1844 3088 1903 3111 Acta
1924 3090 1970 3111 ete.

1250 3131 1261 3148 7
1282 3131 1355 3156 Num.
1381 3132 1422 3161 tii,
1445 3131 1486 3155 22.
1508 3132 1565 3162 ch.
1582 3131 1653 3155 locus
1668 3132 1776 3161 August.
1797 3135 1834 3155 est
1854 3130 1886 3155 de
1906 3130 1986 3155 Unico
2006 3130 2138 3161 Baptismo

1181 3179 1270 3201 contra
1291 3176 1403 3200 Petilian.
1425 3183 1445 3200 c.
1471 3175 1508 3199 ¹3.
1529 3182 1552 3198 n.
1574 3175 1615 3199 ⁵22.

1252 3220 1262 3236 8
1283 3221 1395 3246 Hieron..
1420 3219 1445 3244 ll.
1465 3218 1609 3243 Coininent.
1630 3219 1653 3243 in
1673 3219 1751 3250 Epist.
1771 3219 1804 3243 acl
1824 3219 1888 3250 lipli.
1910 3218 1950 3249 (si,
1971 3219 2022 3250 -'5.;)
2044 3218 2070 3243 (ἶ,
2091 3217 2138 3243 ΕΟ-

1181 3264 1240 3290 dem
1260 3263 1337 3289 modo
1359 3264 1430 3295 (SR).
1452 3263 1514 3288 ibid.

1253 3309 1263 3325 ⁹
1283 3309 1350 3333 Libr.
1374 3308 1388 3333 Ι.
1409 3309 1477 3332 Seni.
1493 3314 1514 3332 c.
1529 3308 1570 3332 22.
1585 3315 1609 3332 n.
1624 3307 1655 3334 5:
1671 3307 1697 3333 C.
1714 3306 1766 3338 Qui
1782 3307 1808 3332 in
1824 3306 1952 3333 mciterm‘s
1967 3308 1987 3330 (l
2000 3307 2058 3336 m),
2076 3306 2137 3331 ibid.

1255 3353 1276 3369 ¹⁰
1296 3353 1373 3384 Epist.
1399 3352 1452 3376 187.
1475 3352 1546 3379 (alias
1566 3351 1617 3382 57.)
1639 3351 1670 3376 ad
1692 3351 1802 3376 Dardan.
1824 3360 1845 3376 c.
1866 3352 1889 3376 9.
1911 3358 1934 3376 1⁸..
1955 3352 1996 3375 31.

1256 3397 1274 3412 ¹¹
1298 3398 1341 3422 lcr.
1368 3398 1391 3421 1.
1414 3396 1445 3420 53:
1467 3396 1498 3421 de
1520 3397 1612 3421 loannc
1633 3396 1678 3421 el'r.
1700 3397 1758 3420 Luc.
1784 3397 1809 3426 t,
1836 3395 1871 3420 155.
