2483 3882
846 265 1057 299 DISTINCTlO
1080 266 1178 299 XLVI.

28 353 210 394 culo‚1icet
242 362 300 386 non
333 353 460 386 omnino
492 362 525 386 se
556 353 752 386 conforment
775 354 917 394 saeculo,
949 357 979 387 et

27 407 164 448 indigent
187 405 363 447 suffragiis,
388 409 423 438 ut
444 406 475 438 in
492 406 622 439 caritate
648 410 870 448 permaneant,
888 411 919 439 et
942 410 980 439 ut

27 462 178 494 exeuntes
201 458 241 491 de
266 458 370 490 terra¹
396 462 552 491 tormenta
576 468 636 491 non
661 468 714 492 eos
738 459 906 492 detineant.

423 563 499 595 DUB.
517 563 577 596 Vll.

111 669 187 702 Item
212 668 251 701 de
276 668 335 701 hoc
359 668 444 710 quod
468 668 562 701 dicit:
593 668 633 700 Ul
648 669 792 711 quodam
808 669 904 701 modo
921 679 977 702 eas

25 721 163 767 offerant
186 721 252 754 Deo
276 724 356 760 etc.;
381 721 564 763 quaeritur,
581 731 638 763 per
655 731 749 764 quem
776 722 905 755 modum
922 723 978 755 An-

24 775 83 818 geli
107 774 243 807 offerunt
266 774 330 807 Deo
354 774 519 816 petitiones
547 777 688 814 nostras,
717 778 827 807 utrum
860 775 978 809 scilicet

21 832 155 872 propter
178 837 230 866 se,
254 836 292 859 an
314 831 451 869 propter
475 837 544 859 nos.

113 881 314 913 Rsssroumzo:
339 880 532 919 Dicendum,
561 881 645 922 quod
670 881 751 914 sicut
775 881 921 914 videmus
945 883 976 915 in

0 934 130 968 ..causis
153 933 302 972 terrenis,
335 933 419 974 quod
448 932 501 975 qui
526 933 625 965 nescit
649 933 734 975 loqui
758 942 865 966 coram
888 943 977 975 prae-

24 991 91 1020 tore
114 986 261 1019 conducit
281 986 469 1018 advocatum
480 1012 487 1025 ,
505 985 559 1027 qui
576 985 725 1028 loquatur
741 989 772 1018 et
789 986 902 1028 alleget
918 996 977 1029 pro

24 1040 112 1083 ipso;
136 1039 180 1072 sic
203 1039 234 1071 in
267 1038 485 1080 spiritualibus
510 1038 768 1080 intelligendum,
793 1039 877 1081 quod
903 1049 975 1072 cum

24 1103 80 1126 nos
95 1101 152 1125 nec
167 1101 335 1134 perorare,
360 1092 456 1124 immo
480 1091 569 1133 quasi
588 1100 643 1124 nec
660 1091 818 1124 balbutire
840 1092 977 1126 sciamus

25 1154 129 1179 coram
154 1145 217 1177 Deo
228 1145 249 1184 ²,
266 1144 349 1186 quod
368 1144 502 1186 Angelus
526 1147 677 1186 tanquam
697 1144 870 1177 advocatus
890 1148 921 1177 et
937 1145 978 1177 al-

25 1199 142 1240 legator
159 1206 292 1239 magnus
309 1197 340 1229 in
357 1197 411 1229 illa
432 1205 571 1239 superna
587 1197 676 1229 curia
692 1197 825 1230 assumit
842 1198 977 1230 verbum

25 1256 54 1285 et
76 1251 247 1283 orationem
273 1253 411 1282 nostram
438 1251 593 1291 proponit.

111 1303 141 1334 Si
164 1306 270 1335 autem
300 1303 482 1344 quaeritur,
507 1312 563 1344 per
588 1312 681 1344 quem
708 1303 838 1335 modum
864 1304 978 1336 habeat

0 1365 111 1394 ›.esse;
136 1356 223 1394 dico,
247 1355 332 1397 quod
357 1355 447 1398 loqui
468 1360 621 1388 nostrum
638 1360 668 1388 et
683 1357 783 1388 oratio
807 1360 914 1389 nostra
931 1361 978 1389 est

25 1408 215 1442 desiderium
247 1408 382 1440 alicuius
414 1408 457 1440 rei
493 1408 540 1440 vel
569 1408 677 1450 petitio
705 1408 839 1440 formata
870 1418 978 1441 secun-

25 1463 98 1495 dum
131 1462 346 1500 desiderium3
378 1465 408 1493 et
439 1462 589 1503 quando3
613 1462 806 1494 desiderium
832 1466 976 1495 nostrum

24 1524 63 1549 ex
88 1524 175 1547 mera
197 1519 228 1547 et
252 1523 327 1547 vera
350 1519 380 1546 et
404 1514 526 1546 ardenti
547 1515 713 1547 dilectione
737 1519 802 1554 est,
828 1519 902 1548 tunc
919 1516 978 1548 for-

25 1568 95 1600 titer
122 1568 295 1600 clamamus
320 1568 350 1599 in
375 1567 508 1600 auribus
534 1568 586 1600 Dei
612 1571 643 1599 et
665 1572 741 1600 tunc
768 1568 885 1610 optime
910 1578 977 1610 per-

24 1629 160 1653 oramus.
193 1620 227 1652 Et
259 1620 407 1662 quoniam
440 1620 619 1652 affectiones
650 1624 777 1653 nostrae
806 1624 879 1653 sunt
903 1622 977 1663 tepi-

25 1673 98 1713 dae,
121 1676 152 1705 et
175 1672 355 1705 affectiones
379 1673 568 1714 Angelorum
592 1673 843 1706 ferventissimae
867 1677 897 1706 et
915 1683 978 1705 ma-

25 1725 69 1767 gis
92 1725 231 1757 elevatae
254 1725 293 1757 ad
319 1725 440 1767 ipsum:
467 1725 677 1758 desiderando
701 1735 760 1768 pro
784 1726 874 1758 nobis
891 1726 975 1768 quod

25 1787 78 1811 nos
102 1778 338 1816 desideramus,
357 1787 428 1810 cum
446 1778 596 1810 accedant
612 1778 653 1811 ad
673 1779 770 1811 Deum
788 1779 976 1811 familiarius

25 1835 54 1864 et
77 1831 271 1873 proximius,
302 1831 452 1864 dicuntur
475 1831 541 1863 sibi
563 1829 705 1874 offerre;
728 1835 758 1864 et
782 1832 867 1874 quod
891 1832 976 1864 Deus

25 1884 101 1918 vidit
123 1893 180 1917 nos
204 1884 307 1925 primo
329 1888 435 1926 petere
452 1889 482 1917 et
498 1885 675 1926 approbare
693 1893 748 1926 per
764 1894 799 1917 os
816 1888 975 1924 nostrum,

26 1938 161 1971 secundo
193 1938 292 1979 magis
324 1938 479 1979 approbat
510 1947 566 1979 per
590 1947 625 1970 os
649 1942 680 1970 et
703 1938 897 1971 desiderium
921 1938 978 1970 An-

26 1990 175 2032 gelorum.
202 1991 236 2023 Et
260 1991 409 2032 quoniam
443 1991 527 2023 istud
559 1990 676 2023 dicitur
706 2000 858 2029 noscere,
891 1990 977 2032 quod

26 2043 217 2085 approbat⁴;
241 2044 315 2076 hinc
339 2047 403 2082 est,
427 2044 511 2085 quod
538 2044 702 2085 petitiones
724 2048 849 2076 nostrae
871 2044 978 2076 dicun—

25 2099 76 2128 tur
98 2097 191 2138 apud
214 2097 318 2129 Deum
343 2097 541 2129 innotescere
565 2106 625 2129 non
643 2097 745 2129 solum
763 2106 820 2139 per
837 2106 911 2136 nos,
929 2106 978 2129 ve-

26 2158 96 2182 rum
121 2150 213 2182 etiam
238 2159 294 2192 per
319 2150 460 2192 Angelos.
485 2150 591 2192 Angeli
615 2150 698 2182 enim
724 2150 874 2183 dicuntur
892 2150 976 2193 loqui

1933 267 1996 300 953

1043 353 1107 386 Deo
1123 363 1180 396 per
1196 354 1376 387 affectiones
1399 354 1569 387 voluntatis
1585 358 1616 387 et
1633 363 1688 396 per
1705 355 1933 388 adminiculum
1950 364 1998 388 ra-

1044 406 1145 444 tionis,
1162 407 1243 439 sicut
1259 407 1389 449 exponit
1405 407 1576 449 Gregorius
1593 416 1689 450 super
1702 408 1892 450 principium
1909 408 1962 441 Iob
1974 409 1994 440 ⁵.

1430 513 1507 545 Dnss.
1533 513 1606 546 Vlll.

1130 617 1206 650 Item
1231 618 1396 660 quaeritur
1419 618 1458 651 de
1481 619 1540 651 hoc
1561 619 1646 661 quod
1664 618 1755 659 dicit,
1772 620 1857 661 quod
1875 620 1994 653 bonum

1042 675 1088 702 est
1111 671 1149 703 de
1172 670 1325 713 operibus
1355 671 1427 703 Silis
1458 672 1529 704 eius
1553 672 1721 704 consulere
1743 673 1923 705 veritatem.
1948 674 1997 707 Vi-

1041 723 1135 756 detur
1159 724 1241 756 enim
1267 725 1348 757 male
1373 725 1495 758 dicere:
1521 725 1595 767 quia
1620 725 1703 758 istud
1729 726 1895 759 consilium
1920 726 1995 759 dicit

1041 776 1292 818 inquisitionem,
1317 780 1348 809 et
1372 777 1414 809 ita
1439 777 1729 817 ratiocinationem3
1754 779 1808 812 sed
1826 779 1943 821 Angeli,
1960 783 1995 812 ut

1042 828 1116 861 dicit
1130 828 1327 870 Dionysius⁶,
1344 829 1462 862 habent
1482 830 1674 863 intellectum
1690 830 1902 873 deiformem:
1920 841 1995 874 ergo

1042 881 1072 912 in
1090 881 1134 913 eis
1151 891 1212 913 non
1229 881 1312 914 cadit
1329 882 1508 915 consilium.

1130 934 1332 967 Respounno:
1357 935 1531 967 Dicendum
1542 961 1549 974 ‚
1567 936 1651 977 quod
1669 936 1837 969 consulere
1851 937 1995 980 aliquem

1042 986 1101 1018 hoc
1125 991 1172 1019 est
1195 987 1384 1029 dupliciter:
1409 991 1464 1020 aut
1487 992 1522 1020 ut
1545 997 1602 1030 per
1626 989 1874 1032 indayalionem
1896 993 1927 1023 et
1951 990 1993 1023 in·
2008 998 2133 1020 Disstiuctio-

1041 1038 1219 1080 quisitionis
1242 1040 1470 1072 discussionem
1487 1041 1650 1082 perveniat
1666 1042 1706 1074 ad
1723 1043 1931 1084 cognitionem
1948 1044 1993 1076 rei

1042 1091 1177 1131 dubiae3
1202 1096 1257 1124 aut
1279 1096 1315 1124 ut
1346 1102 1403 1135 per
1433 1093 1690 1126 illustrationem
1719 1095 1787 1127 eius
1811 1096 1915 1128 subito
1947 1105 1995 1129 co-

1042 1148 1186 1185 gnoscat,
1210 1145 1369 1186 quomodo
1401 1145 1514 1178 debeat
1542 1146 1644 1179 facere
1655 1148 1676 1178 ⁷.
1701 1147 1839 1180 Primum
1864 1152 1910 1181 est
1940 1149 1995 1181 hu-

1043 1205 1189 1236 manum‚
1214 1198 1389 1230 secundum
1414 1207 1490 1231 vero
1515 1208 1574 1231 non
1600 1199 1703 1232 solum
1727 1201 1922 1240 humanum,
1939 1201 1995 1234 sed

1042 1249 1135 1282 etiam
1160 1250 1337 1292 angelicum
1362 1259 1430 1283 esse
1454 1252 1651 1293 perhibetur.

1446 1357 1523 1389 DUB.
1547 1357 1594 1389 IX.

1130 1462 1205 1494 Item
1229 1462 1394 1503 quaeritur
1426 1463 1465 1495 de
1498 1463 1556 1495 hoc
1580 1464 1665 1505 quod
1688 1464 1783 1497 dicit:
1814 1465 1853 1497 Uc
1876 1465 1943 1507 ipsi
1972 1476 1995 1499 a

1042 1515 1107 1547 Deo
1131 1515 1262 1547 discam
1294 1519 1352 1547 etc.
1384 1516 1515 1548 Videtur
1547 1517 1628 1549 enim
1660 1517 1741 1549 male
1765 1518 1887 1557 dicere,
1920 1520 1994 1561 quia

1042 1568 1152 1601 beatus
1184 1569 1377 1610 Gregorius8
1408 1569 1503 1601 dicit:
1534 1570 1645 1611 «Quid
1679 1571 1834 1613 estquod
1860 1581 1920 1603 non
1953 1572 1995 1604 vi-

1041 1622 1116 1654 dent
1140 1621 1193 1663 qui
1218 1621 1375 1654 videntem
1401 1622 1505 1654 omnia
1529 1622 1635 1655 vident
1651 1626 1689 1655 n?

1130 1675 1332 1707 Rnspouneo:
1358 1675 1551 1714 Dicendum,
1583 1676 1668 1717 quod
1700 1676 1799 1708 multa
1827 1677 1996 1710 addiscunt

1041 1727 1146 1768 Angeli
1172 1726 1238 1759 sive
1262 1735 1319 1768 per
1343 1728 1446 1768 ipsum
1472 1727 1612 1761 Verbum
1638 1731 1668 1760 et
1685 1737 1741 1770 per
1757 1729 1836 1761 alios
1852 1730 1994 1771 Angelos,

1041 1779 1106 1812 sive
1130 1789 1187 1821 per
1211 1779 1439 1821 experientiam
1452 1780 1472 1812 ⁹.
1498 1781 1587 1821 Quod
1612 1784 1717 1813 autem
1736 1781 1810 1814 dicit
1827 1782 1996 1824 Gregorius

1042 1842 1102 1864 non
1126 1833 1330 1874 intelligitur,
1352 1833 1426 1874 quia
1442 1834 1548 1865 omnia
1564 1834 1708 1873 videant,
1725 1835 1779 1867 sed
1797 1835 1871 1876 quia
1888 1835 1996 1868 vident

1041 1884 1125 1918 istud
1151 1894 1269 1923 unum,
1294 1885 1379 1927 quod
1403 1890 1450 1918 est
1475 1886 1588 1918 melius
1612 1886 1721 1918 videre
1753 1896 1847 1928 quam
1880 1888 1995 1920 omnia.

1042 1938 1128 1971 Unde
1152 1938 1234 1970 sicut
1258 1938 1310 1970 ille
1334 1939 1386 1980 qui
1415 1938 1508 1970 habet
1531 1939 1651 1978 Deum,
1676 1939 1791 1972 dicitur
1815 1940 1920 1972 omnia
1943 1941 1996 1972 ha-

1043 1991 1134 2029 bere,
1152 2000 1213 2023 non
1231 1992 1305 2033 quia
1321 1991 1463 2023 omnium
1481 1991 1520 2023 sit
1538 2001 1708 2033 possessor,
1733 1992 1786 2024 sed
1810 1992 1884 2034 quia
1901 1993 1995 2025 habet

1041 2044 1119 2076 illud
1138 2053 1256 2083 unum,
1274 2044 1324 2076 cui
1342 2054 1404 2076 non
1421 2048 1552 2086 possunt
1568 2045 1768 2087 aequiparari
1784 2046 1907 2084 omnia,
1924 2046 1994 2078 ideo

1042 2105 1098 2138 per
1125 2096 1402 2139 aequipollentiam
1427 2097 1477 2129 vel
1509 2097 1774 2139 supervalentiam
1801 2098 1916 2130 dicitur
1941 2097 1997 2130 hct-

1043 2149 1115 2182 bere
1127 2150 1257 2189 omnin„-
1271 2150 1314 2182 sic
1328 2150 1381 2192 qui
1394 2150 1480 2182 novit
1494 2150 1592 2182 Deum
1608 2150 1723 2182 dicitur
1735 2151 1848 2182 omnia
1860 2161 1953 2183 nosse
1963 2151 1993 2184 ¹⁰.

753 2344 1079 2385 DISTINOTIO
1109 2344 1267 2384 XLVI.

447 2530 516 2560 CAP.
537 2530 556 2559 1.

120 2600 152 2631 Si
171 2600 260 2631 valde
280 2599 372 2631 malis
390 2604 563 2640 praeslelm·
584 2599 735 2639 miliclall'o
759 2609 882 2640 poenae.

106 2675 164 2706 Sed
179 2676 335 2715 quaeritur
357 2675 407 2705 liic
422 2675 460 2705 de
483 2675 569 2706 valde
586 2675 685 2709 malis,
709 2679 807 2705 utrum
825 2678 853 2705 et
876 2675 931 2713 ipsi
950 2675 979 2703 iu

30 2723 127 2763 aliqua
138 2732 303 2763 poenarum
319 2724 505 2762 mitigatione
517 2724 570 2754 Dei
583 2724 821 2754 misericordiam
835 2724 979 2759 sentiant,

1043 2532 1075 2559 ut
1097 2529 1204 2564 minus,
1228 2536 1318 2566 quam
1335 2529 1508 2563 meruerint,
1528 2528 1701 2566 puniantur.
1715 2544 1755 2549 —
1768 2528 1893 2563 Quidam
1910 2532 1996 2559 autu·
2009 2537 2086 2564 omnio
2101 2537 2121 2558 1.

1044 2581 1138 2612 mant,
1155 2585 1206 2606 eos
1229 2577 1339 2606 nullam
1357 2576 1570 2606 relevationem
1586 2585 1702 2615 poenae
1719 2577 1891 2613 liabitnr0s3
1914 2577 1996 2616 quod

1044 2626 1221 2655 confirmant
1243 2625 1364 2655 11160111ι
1388 2625 1567 2654 auctoritate
1589 2625 1732 2654 dicentis:
1757 2624 1909 2663 Iudicium
1930 2625 1995 2655 sine

1043 2673 1255 2703 misericordia
1277 2672 1329 2702 illi
1342 2672 1397 2713 qul
1416 2682 1479 2702 non
1500 2672 1568 2711 fecit
1581 2671 1835 2703 misericordiam.
1857 2673 1994 2711 Augusti·
2007 2682 2145 2709 Augustinus.

1045 2731 1100 2752 nus
1115 2722 1204 2752 etiam
1228 2722 1283 2751 ait:
1306 2721 1538 2751 «Misericordia
1562 2721 1624 2758 liic,
1642 2721 1786 2750 iudicium
1810 2721 1839 2750 in
1857 2722 1955 2752 tuturo
1967 2734 1995 2752 ».

98 2871 106 2887 ¹
126 2871 208 2898 Codd.
228 2873 247 2898 G
260 2872 311 2897 ΝΥ
330 2880 358 2897 aa
381 2872 427 2903 (bb
447 2880 459 2897 a
480 2872 595 2898 secunda
615 2872 705 2904 manu)
725 2872 756 2897 (le
775 2878 865 2898 carne.

96 2915 107 2931 ἵ
126 2915 174 2941 Cfr.
194 2919 255 2942 tom.
283 2917 317 2941 111.
349 2924 409 2948 pag.
442 2917 505 2949 175,
526 2920 582 2941 nota
606 2917 628 2940 -2,
650 2930 683 2934 —
702 2917 827 2948 Superius
857 2923 904 2947 pro
934 2913 980 2948 qui

32 2956 155 2992 quuatur
172 2960 245 2991 (edd.
260 2962 290 2985 ut
304 2960 445 2993 loquatur)
468 2961 554 2992 plures
568 2960 644 2985 codd.
658 2961 682 2985 el
696 2959 833 2993 loquitur,-
847 2959 922 2984 codd.
939 2959 944 2983 l
957 2959 977 2983 K

31 3002 60 3027 ul
71 3002 170 3036 alleget,
187 3005 283 3029 omisso
305 3004 433 3037 loquatur
452 3005 486 3029 el.
505 3005 611 3029 interius
631 3011 678 3035 pro
699 3005 749 3029 el...
769 3002 896 3036 proponit
914 3002 975 3028 edd.

31 3046 87 3071 ut...
103 3049 242 3080 proponat.

97 3089 108 3105 ³
127 3089 188 3115 Cod.
207 3091 228 3116 U
248 3091 319 3116 addit
336 3091 424 3125 petilio
444 3093 538 3117 nostra
558 3093 588 3117 et.
611 3092 669 3117 Post
697 3098 778 3122 pauca
800 3091 857 3116 cod.
879 3092 895 3116 S
920 3091 979 3116 voci

33 3132 177 3166 affectiones
196 3137 335 3166 praemittit
354 3135 488 3161 orationes
508 3137 540 3161 et.

99 3178 109 3193 ⁴
126 3178 192 3203 Vide
212 3180 228 3204 1.
250 3180 318 3205 Sent.
338 3180 362 3205 d.
384 3181 425 3204 39.
446 3187 470 3205 a.
498 3181 516 3204 1.
538 3187 564 3212 q.
586 3180 608 3204 2.
631 3180 655 3203 in
676 3186 746 3210 corp.

101 3221 111 3238 ⁵
127 3222 194 3247 Libr.
215 3223 239 3247 ll.
261 3224 348 3248 Moral.
370 3231 390 3248 c.
411 3224 435 3248 7.
456 3231 480 3248 η.
506 3224 549 3255 10,
572 3223 616 3248 ubi
636 3223 776 3253 explicatur
791 3222 833 3247 lob
853 3223 915 3253 l‚8.
932 3223 979 3247 Pro

33 3263 221 3291 adminiculum
241 3267 297 3291 cod.
319 3266 338 3291 O
358 3266 536 3297 adiutorium,
559 3266 616 3291 cod.
631 3267 647 3290 S
666 3265 871 3297 actim-enticius,
888 3266 945 3290 cod.
960 3267 979 3290 A

33 3306 217 3335 admirationes
238 3310 304 3337 (cod.
320 3312 341 3336 M
356 3310 586 3342 admirationem),
601 3310 671 3342 quod
688 3311 770 3341 magis
783 3310 908 3339 Gregorio
923 3316 980 3334 con·

34 3351 126 3377 cordat.
154 3352 205 3379 Cir.
230 3357 291 3379 tom.
312 3355 337 3379 ll.
358 3362 417 3386 pag.
438 3354 486 3386 85,
509 3358 566 3379 nota
588 3355 611 3378 2.
632 3358 656 3379 et
676 3361 733 3385 pag.
757 3354 816 3385 258,
833 3356 890 3378 nota
906 3354 930 3378 3.
947 3367 980 3370 -—

34 3394 100 3420 {dem
119 3396 179 3421 dub.
200 3398 276 3423 solvit
296 3398 416 3423 Richard.
438 3405 451 3423 a
471 3398 546 3430 Med.y
569 3399 609 3423 bic
629 3399 694 3423 circa
716 3398 749 3423 lit.

173 3450 200 3477 S.
220 3452 320 3478 Bonan.
341 3466 375 3470 —
395 3452 470 3476 Toni.
492 3451 531 3476 lV.

1114 2870 1124 2885 ⁶
1146 2870 1179 2894 Dc
1200 2870 1256 2894 Div.
1273 2869 1345 2894 Nom.
1360 2876 1381 2893 r.
1395 2869 1419 2892 7.
1440 2868 1454 2900 3
1469 2869 1493 2893 2.
1509 2867 1559 2893 Csr.
1575 2871 1634 2893 [0111.
1650 2868 1675 2893 11.
1695 2875 1755 2900 pag.
1776 2868 1831 2899 177,
1849 2871 1906 2894 nota
1921 2869 1946 2894 5.
1963 2883 1996 2887 —-

1045 2914 1171 2945 Damaso,
1188 2914 1212 2938 11.
1227 2913 1259 2937 de
1273 2913 1332 2937 Fido
1347 2912 1447 2937 ortliod.
1473 2919 1494 2936 c.
1509 2913 1555 2936 22:
1576 2912 1644 2936 Deus
1663 2913 1761 2944 quippe
1782 2919 1830 2936 ηοη
1852 2912 1991 2945 deliberat,

1044 2959 1104 2990 quia
1119 2958 1259 2989 ignorantis
1273 2961 1311 2981 ost
1324 2955 1464 2982 consilinm
1478 2956 1541 2980 inire
1556 2956 1612 2987 (cfr.
1628 2958 1690 2980 tom.
1702 2956 1718 2981 1.
1732 2963 1793 2987 pag.
1806 2956 1866 2988 714,
1877 2959 1934 2981 nota
1949 2956 1994 2989 5.),

1114 3002 1124 3017 ⁷
1144 3001 1193 3027 Csr.
1214 3002 1228 3026 l.
1250 3002 1317 3026 Sent.
1339 3001 1363 3025 d.
1385 3001 1408 3024 6.
1429 3000 1490 3024 dub.
1512 3000 1534 3024 ι’3.
1555 3005 1579 3025 et
1598 3000 1635 3024 lll.
1657 3001 1726 3025 Sciit.
1744 3000 1769 3025 d.
1784 3000 1825 3025 35.
1840 3008 1866 3032 (Ι.
1883 3000 1906 3024 4.
1920 3001 1954 3025 ad
1968 3003 1992 3027 ⁶2.

1044 3061 1078 3064 —
1093 3046 1158 3071 Vide
1173 3046 1205 3070 de
1221 3047 1268 3070 lioc
1285 3045 1363 3070 dubio
1380 3046 1403 3069 S.
1421 3045 1512 3069 Tlioin.
1529 3047 1552 3069 ct
1568 3044 1686 3069 Riclizird.
1702 3051 1715 3069 a
1733 3044 1805 3075 Med„
1821 3045 1862 3069 liic
1877 3046 1943 3069 circa
1960 3046 1994 3070 lit.

1115 3090 1125 3106 3
1145 3090 1212 3114 Libr.
1233 3090 1258 3114 11.
1280 3089 1364 3114 111οΓ31,
1386 3095 1406 3113 c.
1428 3089 1451 3113 3.
1467 3096 1490 3112 n.
1505 3089 1534 3113 3:
1549 3088 1614 3119 Quid
1630 3089 1697 3113 enim
1710 3089 1742 3113 dc
1756 3089 1794 3113 liis
1808 3096 1875 3120 quae
1889 3089 1993 3114 scienda

1043 3136 1112 3165 sunt,
1129 3134 1244 3158 nesciunt
1258 3134 1301 3164 ([111
1323 3133 1444 3156 mentem
1465 3132 1548 3155 omniu
1570 3133 1669 3156 sciunt?
1685 3130 1734 3155 Cir.
1750 3131 1789 3156 Ν,
1805 3131 1901 3162 Dialog.
1916 3138 1937 3155 c.
1953 3132 1993 3156 33.

1114 3177 1125 3193 9
1144 3177 1193 3201 Cir.
1215 3177 1239 3200 ll.
1260 3177 1329 3201 Sunt,
1351 3176 1375 3200 d.
1396 3176 1418 3199 53.
1441 3183 1464 3206 p.
1487 3176 1512 3200 11.
1544 3182 1564 3199 a.
1587 3176 1608 3199 2.
1630 3183 1653 3207 q.
1687 3176 1704 3199 Ι.
1725 3175 1757 3199 ad
1784 3176 1801 3199 l.
1823 3178 1847 3199 et
1868 3175 1902 3200 111.
1925 3176 1993 3200 Sem.

1044 3222 1068 3246 d.
1094 3222 1130 3245 13.
1151 3229 1172 3244 a.
1194 3222 1216 3244 2.
1238 3228 1261 3252 (1.
1283 3221 1307 3244 3.
1330 3221 1353 3244 111
1374 3227 1444 3250 corp.

1116 3264 1137 3280 '¹0
1158 3265 1222 3289 Vide
1242 3264 1268 3288 ll⁴
1291 3264 1358 3288 Sent.
1380 3264 1404 3288 d.
1429 3264 1465 3288 11,
1487 3263 1548 3288 dub.
1570 3265 1593 3288 ⁶2.

1239 3306 1346 3332 NOTAE
1366 3306 1407 3332 AD
1425 3306 1510 3332 LIBR.
1532 3306 1799 3332 SENTENTIARUM.

1117 3353 1123 3368 1
1145 3352 1205 3383 Cap.
1227 3353 1254 3383 2,
1282 3353 1318 3376 13.
1338 3353 1397 3383 Suq.
1420 3352 1491 3376 locus
1510 3356 1548 3376 cst
1568 3352 1683 3382 August,
1705 3351 1816 3375 Enni-rat.
1837 3352 1861 3375 111
1882 3351 1920 3375 rs.
1941 3351 1993 3375 100.

1047 3405 1071 3422 11.
1099 3398 1118 3428 1,
1139 3396 1231 3421 deindo
1252 3396 1363 3421 linari-nt.
1386 3397 1408 3419 in
1430 3396 1468 3419 Ps.
1494 3396 1538 3419 118
1560 3396 1596 3420 (v.
1623 3395 1689 3426 Ιῖ31,>
1709 3402 1787 3420 serm.
1810 3396 1850 3419 29.
1872 3401 1895 3419 n.
1917 3395 1940 3419 8.

1806 3449 1851 3472 120
