2483 3882
298 963 408 984 Conclusio
422 962 440 983 1.

299 1227 409 1248 Conclusio
421 1227 441 1247 2.

336 1543 444 1564 Rationes.

303 1864 413 1885 Conclusio
426 1862 445 1883 3.

317 2127 397 2157 Solutio
411 2132 448 2153 op-

305 2156 427 2181 posrtorum.

334 2647 399 2673 Argg.
415 2653 453 2671 pro

321 2677 381 2703 parte
399 2674 453 2693 allir-

321 2702 405 2720 mativa.

457 238 520 269 612

456 325 521 364 nis,
545 324 602 356 nisi
628 322 823 354 voluntarie¹
850 330 882 353 se
906 320 1036 361 obliget:
1067 319 1090 351 si
1116 327 1191 359 ergo
1216 318 1350 351 clericus
1375 318 1406 350 in

457 375 655 417 suscipiendo
679 378 841 406 tonsuram
858 382 920 404 non
938 371 1069 404 intendit
1086 371 1274 413 patrimonio
1292 379 1408 403 renun-

458 429 552 466 tiare,
577 430 661 468 patet
684 430 740 458 etc.

809 538 1045 562 CONCLUSIO.

455 638 495 669 In
517 635 718 676 susceptione
742 644 882 666 coronae
906 634 995 666 nullo
1019 634 1093 666 iure
1121 633 1325 675 compellitur
1350 634 1407 666 cle-

543 687 654 726 ricus,
688 692 724 719 ut
746 687 910 719 renuntiet
942 686 1175 728 temporalibus
1204 687 1315 729 quoad
1334 696 1406 728 pos-

543 741 738 778 sessiouem,
762 741 819 772 sed
845 740 954 781 potius
989 740 1099 782 quoad
1133 738 1353 782 affectionem,
1379 744 1409 772 et

545 792 603 825 1100
629 797 757 825 tautum
782 793 819 824 cle
845 792 924 824 bouo
949 796 978 824 et
1001 802 1114 835 aequo.

545 899 742 930 Responnno:
769 897 963 935 Dicendum,
988 897 1070 939 quod
1095 897 1277 929 renuntiare
1294 900 1408 938 tempo-

457 951 576 983 ralibus
601 952 631 983 in
656 960 692 983 eo
717 951 768 992 qui
796 950 949 983 Ecclesiae
973 950 1128 988 deservit,
1153 950 1219 982 sive
1244 950 1273 981 in
1298 958 1334 981 00
1355 949 1408 990 qui

457 1004 590 1036 clericus
614 1003 664 1044 fit,
690 1003 888 1044 perfectionis
912 1006 976 1041 est,
1008 1012 1069 1034 non
1095 1003 1296 1035 necessitatis.
1323 1002 1410 1035 Unde

457 1062 488 1089 et
510 1057 569 1089 hoc
593 1056 651 1089 fuit
676 1057 706 1088 in
734 1056 867 1088 Ecclesia
891 1056 1067 1097 primitiva,
1100 1055 1184 1096 quod
1216 1055 1294 1086 nihil
1319 1055 1411 1087 habe-

457 1109 510 1141 bat
534 1109 647 1150 aliquis
672 1109 854 1150 proprium,
880 1108 957 1139 nihil
981 1117 1081 1139 suum
1105 1116 1172 1138 esse
1196 1106 1362 1145 clicebaffl,
1381 1110 1410 1139 et

457 1162 562 1194 adbuc
586 1162 678 1194 hodie
702 1171 758 1202 per
783 1161 837 1193 Dei
862 1161 994 1201 gratiam
1020 1160 1178 1191 invenitur
1203 1159 1232 1191 in
1251 1159 1411 1200 religionis

457 1215 654 1256 perfectione.
679 1214 723 1246 Ad
748 1214 806 1245 1100
832 1217 934 1245 tamen
959 1222 1019 1244 non
1042 1212 1241 1253 compellitur
1259 1212 1410 1250 clericus,

457 1277 514 1300 nec
538 1268 607 1300 iure
632 1267 737 1299 divino
762 1275 818 1298 nec
843 1266 998 1304 human03
1024 1269 1243 1297 verumtamen
1268 1265 1306 1297 de
1330 1265 1411 1297 bono

459 1325 488 1352 et
511 1329 612 1361 aequo
636 1320 742 1351 011005
767 1319 881 1351 debent
905 1318 1055 1350 insudare
1077 1317 1279 1349 sollicitudini
1298 1321 1412 1359 tempo-

458 1373 573 1405 ralium
598 1372 701 1404 clerici
728 1380 822 1413 quam
847 1371 934 1409 laici,
960 1371 1013 1413 qui
1038 1374 1222 1412 exspectant
1245 1371 1413 1403 successio-

458 1436 529 1458 nem
547 1426 577 1458 in
596 1426 747 1467 posteris3
765 1425 819 1457 sed
836 1434 924 1455 umzc
942 1424 1038 1462 illud,
1057 1423 1249 1456 Ecclesiastis
1267 1423 1411 1465 quarto&

458 1478 655 1510 verificatum
680 1482 741 1509 est:
774 1477 864 1508 Ultus
888 1481 933 1508 est
957 1481 986 1508 et
1008 1477 1189 1508 seeundum
1215 1486 1278 1508 uon
1303 1476 1411 1514 (tabet,

460 1536 487 1564 ct
513 1536 620 1563 tamen
645 1530 799 1562 laborare
823 1540 886 1561 uon
913 1534 1018 1561 cessat
1041 1533 1097 1561 etc.
1123 1549 1166 1552 —
1183 1529 1269 1561 Unde
1286 1539 1349 1561 una
1367 1538 1414 1561 ra-

459 1585 502 1617 tio
533 1588 596 1623 est,
632 1585 706 1626 quia
738 1593 798 1616 non
831 1587 1016 1625 exspectant
1052 1586 1201 1624 posteros.
1238 1583 1301 1614 Alia
1335 1583 1413 1614 ratio

460 1642 523 1677 est,
554 1638 628 1679 quia
654 1637 752 1678 magis
777 1636 891 1669 debent
915 1645 983 1668 esse
1008 1636 1115 1667 intenti
1148 1636 1187 1667 ad
1221 1635 1412 1676 spiritualia,

462 1695 492 1723 et
521 1691 698 1723 sollicitudo
735 1690 916 1731 temporalis
948 1689 1090 1721 excludit
1125 1689 1321 1730 spiritualem
1335 1688 1353 1719 ⁴.
1380 1689 1413 1720 Et

461 1743 531 1775 ideo
557 1743 758 1775 auctoritates
783 1742 966 1783 loquuntur,
988 1741 1076 1783 quasi
1103 1741 1160 1782 ipsi
1186 1740 1413 1782 temporalibus

461 1796 607 1827 omnibus
632 1795 766 1827 debeant
791 1795 902 1827 cedere
926 1797 956 1827 et
973 1794 1077 1826 omnia
1094 1794 1260 1826 dimittere.
1278 1794 1337 1826 Sed
1354 1794 1413 1826 hoc

462 1858 523 1880 non
548 1848 731 1889 intelligitur
756 1852 909 1889 quantum
933 1847 972 1879 ad
994 1847 1251 1888 possessiouem,
1284 1847 1338 1878 sed
1363 1856 1414 1887 po-

461 1903 524 1935 tius
548 1906 701 1943 quantum
726 1901 766 1933 ad
790 1899 1034 1943 ctffectt'0ufflu5;
1058 1909 1114 1931 nec
1137 1900 1242 1931 adhuc
1260 1899 1414 1931 inducunt

463 1955 521 1987 sibi
545 1963 658 1986 novam
683 1953 904 1994 obligationem
930 1961 1026 1994 super
1050 1952 1128 1984 alios
1151 1961 1193 1984 ex
1218 1951 1340 1990 debito,
1358 1952 1414 1984 sed

463 2007 565 2040 solum
590 2007 629 2039 de
655 2007 734 2038 bono
759 2010 788 2038 et
813 2015 925 2048 aequo.

554 2061 579 2091 l.
606 2061 634 2092 ᾖ.
661 2059 688 2091 3.
714 2059 758 2091 Ad
782 2059 861 2090 illud
886 2067 960 2099 ergo
985 2058 1068 2099 quod
1094 2057 1240 2089 obiicitur
1265 2057 1303 2089 de
1328 2057 1415 2089 resti-

462 2112 580 2145 tutione
605 2112 806 2150 hereditatis,
831 2111 1018 2149 dicendum,
1043 2110 1127 2152 quod
1152 2110 1211 2142 hoc
1235 2119 1296 2141 non
1322 2109 1413 2148 dicit,

1214 232 1498 264 SENTENTlARUM
1522 231 1590 263 LIB.
1615 232 1662 264 tv.

1471 318 1544 359 quia
1568 318 1713 350 dimittat
1738 319 1810 357 ius,
1836 319 1890 351 sed
1915 319 1988 360 quia
2021 320 2192 361 conpr-uit,
2216 324 2252 352 ut
2276 321 2418 356 dimittat

1471 369 1635 412 affectum,
1660 374 1695 402 ut
1719 371 1802 403 circa
1826 371 1933 403 divina
1956 372 1996 404 sit
2019 372 2168 405 intentus.
2184 392 2227 395 —
2252 374 2286 405 Et
2310 374 2353 406 sic
2376 375 2418 407 in-

1471 422 1622 463 telligitur
1647 422 1725 455 illud
1750 423 1835 465 quod
1860 424 1935 456 dicit
1958 424 2181 465 Hieronymus,
2199 428 2229 457 et
2246 426 2329 466 quod
2347 426 2419 459 dicit

1471 474 1620 515 magister
1644 475 1739 516 Hugo.

1560 527 1590 558 lt.
1616 528 1645 558 5.
1669 527 1711 559 Ad
1736 527 1815 560 illud
1847 528 1932 569 quod
1964 528 2110 560 obiicitur
2143 529 2182 561 de
2205 529 2418 563 sacerdotibus

1472 582 1502 611 et
1527 580 1645 619 levitis,
1677 580 1761 621 quod
1785 589 1847 612 non
1872 581 2027 613 debebant
2055 581 2262 613 hereditatem
2287 582 2419 622 babere;

1472 632 1659 671 dicendum,
1684 634 1768 674 quod
1786 633 1864 665 illud
1882 634 2066 675 intelligitur
2083 638 2236 675 quantum
2254 635 2294 667 ad
2312 639 2417 667 terrae
2430 649 2475 672 m-

1473 686 1684 723 clivlslonem,
1709 695 1769 717 non
1804 691 1957 727 quantum
1990 687 2029 719 ad
2059 687 2295 728 possessionem
2327 687 2421 720 mobi-

1474 738 1573 776 lium,
1606 742 1642 770 ut
1666 739 1824 779 pecudum
1849 742 1879 771 et
1911 739 2078 771 domorum
2111 743 2141 772 et
2164 740 2420 773 suburbanorum

1473 791 1513 823 ad
1538 799 1651 832 pecora
1674 791 1796 823 alenda.
1820 810 1863 814 --
1888 792 1974 823 Ratio
1997 795 2120 830 antem,
2149 801 2247 834 quare
2274 796 2421 834 tempora-

1474 843 1512 875 lis
1537 843 1695 875 hereditas
1719 843 1748 875 in
1773 844 1969 885 possessione
1997 848 2100 876 terrae
2132 854 2193 876 non
2225 844 2422 877 0011010010-
2479 829 2483 880 1

1475 895 1563 934 vitis,
1587 899 1654 927 erat
1678 896 1815 937 duplex:
1841 896 1960 937 prima,
1984 897 2059 938 quia
2082 897 2141 937 ipsi
2165 901 2200 929 ut
2217 898 2353 930 cultores
2368 898 2422 931 Dei
2434 911 2475 934 nau

1475 957 1530 989 per
1555 951 1654 980 totum
1680 949 1834 990 populum
1858 949 2014 981 debebant
2038 950 2194 992 dispergi3
2218 951 2373 990 secunda,
2389 955 2423 983 ut

1475 1000 1558 1032 circa
1582 1001 1724 1033 divinum
1750 1001 1871 1033 cultum
1896 1002 1995 1043 magis
2011 1006 2114 1034 essent
2131 1003 2257 1042 intenti,
2274 1003 2348 1044 quia
2364 1012 2425 1035 non

1476 1053 1651 1092 habebant,
1672 1054 1757 1085 unde
1780 1053 1857 1086 alias
1882 1054 2022 1086 valerent
2046 1056 2215 1087 sustentari
2227 1055 2246 1087 ⁶.
2264 1056 2350 1089 Nunc
2375 1065 2425 1089 au-

1477 1109 1537 1137 tem
1564 1106 1667 1138 clerici
1693 1110 1766 1138 sunt
1789 1106 1828 1138 de
1852 1107 1934 1138 omni
1961 1111 2051 1148 gente
2076 1117 2130 1149 per
2153 1111 2252 1140 totum
2271 1109 2425 1142 mnndum

1477 1157 1628 1199 dispersi3
1660 1162 1690 1190 et
1716 1159 1784 1191 ideo
1809 1159 1885 1191 illud
1920 1164 2123 1201 praeceptum
2157 1170 2217 1192 non
2244 1161 2367 1193 mansit.
2392 1162 2426 1194 Et

1477 1210 1616 1248 lterum,
1642 1211 1807 1243 sacerdotii
1832 1211 1946 1244 Christi
1971 1221 2030 1244 non
2055 1216 2116 1244 tam
2135 1213 2193 1244 fuit
2211 1212 2312 1253 figura
2330 1221 2426 1246 sacer-

1478 1262 1597 1295 dotium
1622 1264 1722 1295 Aaron
1748 1273 1841 1305 quam
1860 1264 1953 1296 etiam
1970 1265 2215 1304 Melchisedech,
2233 1266 2285 1307 qui
2297 1291 2304 1303 ,
2323 1274 2427 1298 secun-

1478 1316 1554 1348 dum
1580 1317 1664 1358 quod
1696 1317 1811 1349 dicitur
1843 1317 1882 1349 ad
1915 1317 2069 1349 Hebraeos
2101 1318 2233 1359 septimo
2245 1319 2265 1357 ⁷,
2290 1318 2348 1350 fuit
2371 1327 2427 1350 rex

1478 1372 1508 1400 et
1532 1370 1695 1409 sacerdos,
1720 1370 1801 1402 sicut
1825 1374 1855 1402 et
1878 1370 2031 1402 Christus.
2056 1371 2091 1402 Et
2115 1371 2260 1412 quamvis
2277 1371 2425 1404 Dominus

1479 1423 1630 1455 honorem
1655 1423 1792 1464 regalem
1817 1424 2011 1456 recusaverit
2028 1428 2155 1465 propter
2173 1424 2358 1465 exemplum
2375 1425 2428 1457 hu·

1480 1475 1635 1513 militatis,
1660 1480 1690 1506 et
1716 1476 1780 1516 ipse
1804 1484 1926 1517 pauper
1950 1479 1980 1508 et
2006 1476 2168 1508 mendicus
2192 1476 2303 1514 fuerit;
2326 1480 2426 1510 tamen

1478 1531 1607 1569 propter
1632 1537 1720 1559 suam
1747 1528 1962 1560 dulcissimam
1980 1529 2202 1570 benignitatem
2220 1529 2260 1561 ad
2277 1529 2335 1562 hoc
2351 1530 2426 1563 alios

1479 1590 1539 1612 non
1564 1580 1706 1612 arctavit.
1731 1580 1852 1612 Sciebat
1876 1581 1976 1619 enim,
2002 1581 2086 1622 quod
2111 1581 2224 1614 melius
2248 1585 2294 1614 est
2311 1582 2425 1616 habere
2437 1593 2478 1615 uon

1480 1634 1691 1665 mercenarios
1715 1642 1809 1675 quam
1835 1633 1938 1665 nullos
1963 1633 2011 1666 vel
2037 1643 2154 1675 paucos
2178 1634 2275 1673 filios;
2297 1638 2327 1667 et
2343 1635 2426 1675 ideo,

1480 1686 1608 1718 caritate
1641 1686 1901 1727 refrigescentes,
1934 1686 2088 1728 disposuit
2120 1687 2254 1728 Spiritus
2286 1692 2427 1727 sanctus,

1481 1742 1515 1770 ut
1541 1738 1675 1770 Ecclesia
1699 1738 1927 1780 temporalibus
1958 1738 2151 1777 abundaret,
2184 1749 2222 1771 ne
2246 1740 2350 1772 cultus
2375 1740 2427 1773 Dei

1481 1795 1608 1833 propter
1633 1796 1851 1832 paupertatem
1876 1795 1906 1824 et
1930 1792 2066 1833 inopiam
2091 1792 2259 1834 deperiret.
2290 1784 2329 1825 Et
2348 1793 2429 1826 istud

1480 1848 1587 1885 aperte
1619 1845 1761 1883 videtur,
1797 1845 1871 1886 quia
1909 1845 2060 1877 Ecclesiae
2096 1846 2308 1887 pauperculae
2343 1846 2429 1888 quasi

1480 1897 1604 1928 nullum
1628 1897 1792 1929 inveniunt
1816 1901 1986 1936 rectorem,
2012 1898 2070 1929 nisi
2095 1898 2135 1930 sit
2159 1899 2245 1937 talis,
2270 1899 2353 1940 quod
2375 1908 2430 1940 pro

1480 1951 1528 1981 501
1554 1950 1672 1982 vilitate
1695 1950 1734 1982 ab
1758 1950 1905 1982 omnibus
1929 1954 2156 1983 contemnatur.
2190 1952 2275 1984 Unde
2305 1952 2430 1984 nullate-

1480 2011 1540 2034 nus
1564 2003 1758 2035 credendum
1787 2006 1851 2041 est,
1882 2006 2007 2035 statum
2038 2003 2240 2036 universalis
2272 2004 2430 2036 Ecclesiae
2442 2013 2478 2036 Not

1479 2056 1569 2088 aliter
1586 2055 1670 2096 regi,
1687 2064 1781 2097 quam
1800 2055 1944 2096 disponat
1961 2056 2095 2097 Spiritus
2112 2060 2255 2096 sanctus,
2278 2057 2430 2099 quidquid

1480 2109 1519 2141 sit
1543 2109 1582 2141 de
1602 2108 1754 2150 personis
1777 2108 1975 2150 specialibus
1987 2109 2007 2140 ⁹.

1322 2219 1505 2261 QUAESTIO
1529 2220 1576 2252 lv.

699 2320 817 2352 Utrum
837 2319 985 2361 praelati
1008 2318 1171 2350 Ecclesiae
1196 2322 1367 2349 teneantur
1392 2317 1519 2349 clericis
1544 2321 1706 2360 quantum
1730 2317 1776 2349 ad
1801 2317 1976 2358 temporale
1999 2317 2208 2359 stipendium.

554 2419 671 2459 Quarto
696 2417 877 2459 quaeritur,
910 2420 1017 2449 utrum
1043 2416 1172 2457 praelati
1201 2415 1354 2448 Ecclesiae
1378 2418 1419 2447 te-

466 2475 599 2504 neantur
624 2471 745 2503 clericis
770 2474 923 2512 quantum
948 2470 987 2501 ad
1013 2468 1186 2511 temporale
1216 2468 1418 2509 stipendium.

467 2525 502 2557 Et
525 2525 609 2567 quod
635 2525 695 2562 510,
720 2524 856 2555 videtur.

559 2579 585 2609 1.
611 2577 732 2609 Primae
757 2576 795 2608 ad
821 2575 997 2607 Corinthios
1021 2574 1148 2606 nono¹⁰t
1177 2573 1325 2611 Nescitis,
1348 2583 1421 2616 quo-

468 2630 561 2662 niam
586 2628 621 2661 ht
644 2629 702 2672 qut
725 2629 760 2660 lu
792 2628 948 2660 sacrario
981 2631 1182 2669 operantur,
1214 2636 1253 2658 ea
1277 2635 1360 2668 quae
1384 2626 1421 2657 cle

469 2683 624 2715 sacrario
660 2686 756 2720 sunt,
792 2681 914 2718 eduum
943 2686 969 2712 et
1005 2680 1063 2723 qut
1096 2679 1201 2712 altari
1235 2679 1422 2711 deserviunt

1483 2424 1558 2446 cum
1583 2414 1690 2446 altari
1708 2414 1941 2456 participant?
1965 2415 1990 2447 si
2015 2424 2089 2456 ergo
2121 2415 2225 2448 clerici
2255 2416 2315 2448 iam
2344 2416 2431 2448 altari

1484 2467 1683 2499 deserviunt:
1709 2476 1784 2508 ergo
1808 2470 1865 2499 etc.

1573 2521 1601 2551 ἰ).
1629 2520 1720 2557 11001,
1747 2520 1895 2561 magister
1920 2520 2006 2561 Hugo
2030 2520 2105 2552 dicit
2129 2520 2158 2552 in
2182 2520 2262 2552 libro
2279 2521 2317 2553 de
2334 2522 2432 2553 Sacra-

1484 2573 1598 2604 mentis
1611 2572 1647 2603 ¹¹:
1672 2572 1865 2614 «Postquam
1891 2573 2024 2605 clericus
2048 2573 2148 2605 factus
2165 2576 2228 2612 est,
2246 2573 2337 2606 debet
2354 2573 2432 2606 dein-

1485 2634 1558 2667 ceps
1582 2625 1621 2657 de
1646 2625 1808 2666 stipendiis
1834 2625 1987 2658 Ecclesiae
2011 2625 2223 2658 sustentari».

1575 2678 1603 2710 3.
1629 2678 1702 2710 Item
1717 2704 1724 2717 ,
1739 2678 1921 2717 decretalis,
1940 2678 2020 2711 libro
2042 2678 2133 2710 tertio
2158 2679 2196 2711 de
2221 2678 2341 2711 clericis
2357 2678 2433 2710 ordi-

538 2828 546 2844 ¹
567 2828 648 2853 Codd.
669 2829 687 2852 A
701 2829 721 2852 G
731 2828 751 2852 H
763 2828 784 2852 Κ
798 2828 817 2851 V
832 2827 976 2853 voluntate..
992 2827 1046 2851 Mox
1061 2830 1119 2858 post
1132 2826 1244 2853 clericus
1258 2827 1329 2851 multi
1344 2826 1419 2852 codd.

468 2872 567 2897 addunt
585 2871 638 2904 qul.

537 2917 548 2932 ‘2
567 2917 620 2941 Act.
643 2916 671 2947 Δ1,
693 2917 740 2941 32:
760 2916 811 2940 Nec
837 2916 975 2947 qnisquam
1001 2921 1093 2939 eorum
1113 2921 1179 2946 quae
1203 2914 1360 2945 possidebat,
1380 2914 1421 2939 ali-

468 2961 531 2993 quid
551 2968 629 2985 suum
648 2967 703 2985 esse
725 2959 840 2989 dicebat,
861 2959 907 2984 sed
927 2962 1000 2984 erant
1018 2958 1066 2982 illis
1086 2959 1171 2983 omnia
1192 2959 1349 2983 communia.

538 3004 549 3021 3
569 3006 642 3030 Vei-s.
664 3005 687 3029 8.
708 3004 819 3035 Vulgata
839 3006 897 3034 post
923 3009 978 3028 uon
998 3001 1076 3028 habet
1094 3002 1228 3033 subiungit
1246 3008 1300 3027 uon
1322 3001 1418 3035 fillum,

467 3056 521 3074 uon
538 3048 660 3081 fratrem.

539 3092 549 3108 ⁴¹
569 3092 619 3117 Csr.
640 3093 726 3117 Matth.
750 3092 795 3121 13,
817 3092 857 3116 22.
879 3094 903 3116 et
922 3091 981 3116 Luc.
1003 3091 1032 3121 8,
1058 3090 1094 3115 14.
1115 3105 1149 3107 -
1168 3089 1230 3115 Cod.
1251 3090 1270 3114 U
1290 3090 1313 3115 et
1332 3089 1421 3115 minus

469 3136 504 3161 acl
523 3135 694 3169 temporalia,
717 3135 780 3169 quia
800 3134 950 3161 sollicitudo
971 3133 1124 3168 temporalis
1144 3137 1191 3159 etc.

540 3180 550 3196 5
569 3181 688 3211 Gregor.y
712 3180 743 3204 X.
765 3179 850 3204 Moral.
873 3179 957 3204 c.'30.
979 3186 1002 3203 11.
1024 3178 1069 3203 49:
1090 3178 1143 3203 Non
1163 3181 1201 3203 est
1214 3184 1277 3209 ergo
1291 3184 1383 3202 census
1397 3178 1421 3201 in

470 3224 591 3255 crimme,
614 3224 658 3249 sed
679 3225 792 3249 affectus.
807 3238 841 3241 —
854 3224 961 3248 Inferius
981 3230 1028 3254 pro
1049 3222 1124 3254 alios,
1141 3222 1211 3255 quod
1232 3222 1326 3247 hubent
1345 3222 1420 3247 codd.

471 3270 494 3291 ct
514 3267 572 3291 edd.
587 3268 723 3292 mallemus
743 3267 820 3299 alias,
837 3268 889 3292 scil.
909 3267 1092 3299 obligationes;
1113 3274 1181 3292 nunc
1200 3267 1326 3298 intellige:
1342 3273 1421 3298 quam

471 3312 511 3335 alii
532 3311 634 3336 habent.

541 3354 552 3370 ⁶
572 3355 668 3385 Duplex
689 3356 751 3379 haec
771 3355 835 3380 ratio
855 3356 1001 3386 assignatur
1014 3356 1090 3380 etiam
1105 3355 1137 3380 ab
1152 3355 1263 3386 Isidoro,
1277 3354 1420 3380 Comment.

1485 2827 1509 2850 in
1531 2826 1603 2851 10500
1623 2825 1705 2857 (quod
1726 2826 1852 2856 reperitur
1871 2826 1947 2850 ctiam
1968 2825 2032 2850 inter
2052 2832 2131 2856 opera
2145 2824 2248 2857 Bedae),
2263 2831 2284 2850 c.
2300 2825 2340 2850 45.
2354 2827 2377 2850 et
2391 2824 2430 2848 «16.

1484 2885 1518 2888 —
1539 2870 1594 2894 Vat.
1615 2876 1753 2900 perperam
1774 2869 1865 2893 omittit
1884 2875 1938 2894 uon
1957 2872 2015 2893 ante
2033 2868 2171 2894 habebant.

1555 2913 1565 2929 7
1588 2913 1659 2938 Vers.
1681 2914 1703 2937 ι1.
1730 2913 1766 2937 11,
1793 2912 1828 2936 17.
1850 2926 1883 2929 —
1903 2912 2008 2937 interius
2028 2919 2075 2943 pro
2094 2911 2163 2937 sicut
2181 2913 2205 2937 et
2219 2910 2339 2937 Christus
2358 2909 2430 2936 codd.

1486 2957 1553 2982 Flu
1573 2956 1610 2982 sle
1629 2958 1653 2981 et
1673 2955 1801 2981 Christus.
1822 2970 1855 2973 —-
1875 2955 1990 2980 Subinde
2009 2956 2145 2987 respicitur
2165 2956 2231 2980 loan.
2252 2956 2280 2987 6,
2302 2955 2347 2979 l15:
2368 2954 2432 2979 lesus

1485 3007 1549 3032 ergo
1569 3007 1627 3025 cum
1649 3001 1827 3031 cognovisset,
1848 3000 1909 3032 quia
1938 3000 2039 3024 venturi
2067 3002 2164 3031 essent,
2185 3002 2212 3024 ut
2240 3002 2358 3030 raperent
2375 3003 2431 3023 eum

1485 3048 1509 3070 et
1528 3045 1639 3069 facerent
1659 3051 1719 3069 eum
1739 3050 1842 3075 regem,
1863 3044 1928 3074 sugit
1947 3044 2040 3068 iterum
2060 3044 2084 3068 in
2106 3047 2219 3068 montem
2239 3044 2294 3075 ipse
2313 3042 2390 3068 solus.

1556 3087 1566 3104 8
1587 3089 1669 3112 Matth.
1690 3087 1736 3119 24,
1762 3088 1802 3112 12:
1823 3088 1981 3119 Refrigescet
1999 3088 2089 3112 caritas
2110 3087 2258 3112 multorum.
2277 3101 2311 3105 —
2331 3085 2431 3110 inferius

1486 3139 1534 3163 pro
1554 3131 1625 3165 quod
1644 3132 1720 3157 codd.
1743 3132 1760 3156 E
1780 3139 1809 3157 aa
1829 3131 1884 3164 qut,
1907 3135 1931 3157 et
1951 3132 1975 3156 in
1996 3131 2045 3156 fine
2065 3131 2139 3156 solut.
2160 3131 2247 3162 plures
2267 3130 2342 3156 codd.
2360 3126 2433 3162 spiri·
2482 3132 2483 3135 ’

1486 3175 1602 3201 tualibus
1623 3183 1669 3207 pro
1688 3175 1853 3209 specialibus.

1556 3220 1567 3236 9
1588 3220 1652 3245 Vide
1672 3221 1785 3245 scholion
1806 3220 1839 3245 ad
1860 3221 1882 3244 ’1.
1904 3220 1980 3245 huius
1999 3220 2097 3244 articuli
2117 3223 2215 3252 quaest.
2482 3248 2483 3251 Ἴ

1558 3264 1579 3280 1⁰
1600 3265 1672 3289 Vei-s.
1692 3265 1728 3289 13.
1744 3265 1853 3296 Vulgata
1874 3265 1965 3289 omittit
1979 3263 2006 3289 ltz'
2019 3267 2043 3288 ct
2063 3270 2101 3289 ea.
2123 3262 2204 3289 Codd.
2220 3261 2430 3295 participantum
2482 3286 2483 3309 ¹

1486 3309 1574 3340 plures
1594 3309 1669 3333 codd.
1690 3307 1796 3334 altario.

1558 3352 1578 3368 ¹1
1598 3352 1668 3377 Libr.
1690 3353 1714 3377 ll.
1735 3360 1760 3384 p.
1781 3352 1816 3377 111.
1837 3359 1858 3377 c.
1879 3353 1902 3376 2.
