2483 3882
298 332 426 354 Notandum.

311 1804 381 1830 Quare
395 1809 427 1824 se-

280 1830 366 1860 ptenni-s
378 1836 428 1857 poe-

280 1859 379 1878 nitentia.

326 2331 427 2353 Rationes

296 2360 394 2385 quatuor.

443 234 511 266 5222

442 322 473 353 in
497 319 682 352 universali
704 319 924 351 certitudinem
948 317 1058 355 habet,
1083 317 1138 349 sed
1163 325 1235 349 cum
1258 316 1393 357 applica-

441 377 494 405 tur
517 373 555 404 ad
582 371 770 413 singularia,
796 371 903 411 incipit
926 370 1064 411 quodam
1090 368 1183 400 modo
1208 368 1325 400 babere
1350 368 1394 399 in-

440 425 679 463 certitudinem,
704 426 739 455 ut
763 423 816 465 qui
852 431 913 454 non
938 422 1115 454 considerat
1140 421 1393 453 circumstantias

440 477 648 519 particulares
672 476 776 517 potius
800 476 920 514 deviet,
937 483 1032 516 quam
1050 483 1083 506 se
1101 474 1203 514 ipsum
1223 473 1391 512 rectificet3

440 531 521 563 sicut
545 534 629 571 patet
652 529 682 560 in
708 528 863 560 medicina
898 531 929 559 et
953 526 1081 559 scientia
1106 526 1217 558 morali
1232 526 1253 557 1.
1278 526 1326 558 Sic
1350 526 1393 557 in-

439 582 645 623 telligendum
670 585 717 613 est
742 581 771 612 in
789 580 959 622 proposito,
977 579 1060 621 quod
1079 587 1213 611 canones
1230 579 1393 610 instruunt

440 635 470 666 in
493 633 657 676 yeneralz',
675 633 811 675 qualiter
837 632 1025 674 imponenda
1049 635 1096 663 est
1114 631 1319 672 poenitentia,
1337 631 1392 663 sed

440 688 626 719 descensum
645 687 683 718 ad
701 686 894 728 sinyularz‘ct
912 685 1095 726 relinquunt
1117 684 1333 717 sacerdotibus
1351 685 1394 717 di-

440 740 568 779 scretis,
593 740 645 781 qui
671 739 870 771 considerent
895 747 1103 779 personarum
1129 737 1391 777 circumstantias,

439 793 635 826 attendentes
658 792 698 824 ad
723 801 858 824 canones
883 791 964 823 sicut
987 791 1027 822 ad
1052 790 1178 831 regulas
1203 790 1393 829 directivas;

439 846 531 887 quia,
557 845 581 877 si
607 847 715 877 contra
740 838 873 876 canones
898 843 1077 884 imponant,
1102 852 1163 874 non
1189 847 1272 875 recte
1298 843 1393 884 impo-

439 902 527 930 nunt.
551 898 582 929 ln
607 905 725 929 canone
746 900 850 928 autem
877 896 1107 928 determinatur
1125 895 1315 936 poenitentia
1332 904 1394 926 ma-

439 952 525 983 xime
550 954 703 992 qnantum
728 949 767 981 ad
793 954 930 990 tempus,
948 948 1047 989 magis
1064 957 1159 989 quam
1181 952 1335 989 quantum
1353 947 1393 979 ad

439 1004 590 1040 oizoclunm
607 1003 680 1043 quia
706 1002 818 1033 modus
843 1001 895 1033 ille
919 1000 1034 1033 certior
1059 1005 1104 1032 est
1130 1004 1160 1032 et
1184 1001 1392 1032 communior.

440 1056 526 1088 Unde
545 1054 744 1097 yeneraliter
768 1064 825 1095 pro
843 1058 969 1095 peccato
988 1053 1110 1084 mortali
1129 1053 1308 1094 praefigunt
1326 1061 1394 1093 poe-

438 1109 601 1140 nitentiam
626 1111 825 1149 septennem:
852 1106 936 1138 unde
969 1106 1084 1143 laicus,
1113 1105 1165 1146 qui
1202 1104 1393 1143 fornicatur,

440 1165 557 1203 septem
582 1161 686 1199 annis,
704 1160 867 1201 presbyter
886 1159 1009 1196 decem,
1027 1158 1193 1198 episcopus
1214 1166 1290 1189 vero
1307 1157 1394 1198 quin-

439 1215 540 1247 decim
565 1214 737 1256 poeniteat,
763 1213 843 1244 sicut
875 1211 1011 1243 habetur
1047 1210 1077 1242 in
1103 1210 1238 1242 diversis
1262 1209 1338 1241 locis
1362 1210 1393 1241 in

440 1267 574 1299 decretis
598 1267 725 1298 Patrnm
741 1264 760 1296 ².
779 1264 929 1296 Similiter
946 1263 985 1295 de
1009 1263 1228 1295 evomentibus
1253 1263 1394 1295 euchari-

439 1320 528 1352 stiam
555 1322 684 1360 propter
701 1318 807 1358 gulam
826 1320 855 1349 et
873 1316 1073 1354 ebrietatem,
1092 1316 1116 1348 si
1135 1316 1174 1347 sit
1192 1316 1304 1354 laicus,
1322 1325 1395 1357 qua-

439 1372 584 1413 draginta
609 1371 720 1402 diebus
745 1369 919 1411 poeniteat;
937 1368 961 1400 si
980 1368 1114 1400 clericus
1138 1368 1187 1400 vel
1212 1368 1394 1409 religiosus,

440 1423 639 1466 septuaginta
663 1422 793 1460 diebns3
812 1422 836 1453 si
861 1421 1046 1463 episcopus,
1072 1421 1239 1462 nonaginta
1264 1420 1394 1458 diebus;

437 1478 497 1509 hoc
521 1477 657 1509 habetur
675 1476 713 1508 de
731 1475 984 1513 Consecratione,
1002 1474 1200 1506 distinctione
1218 1474 1357 1506 secunda
1372 1474 1394 1505 ³.

439 1530 481 1562 Ad
506 1530 564 1561 has
580 1533 685 1561 autem
704 1528 831 1569 regulas
849 1527 1045 1569 aspiciendo,
1064 1527 1157 1559 debet
1174 1526 1395 1567 unusquisque

439 1582 587 1615 sacerdos
612 1582 783 1623 inspicere,
801 1580 910 1622 quales
935 1580 1141 1621 poenitentias
1166 1580 1306 1621 imponat
1328 1583 1393 1611 tum

439 1636 614 1668 secundum
639 1635 825 1676 gravitatem
859 1633 1017 1672 criminis,
1043 1637 1111 1665 tum
1144 1633 1319 1665 secundum
1353 1633 1396 1665 di-

440 1697 549 1720 versas
573 1687 765 1719 conditiones
791 1695 1008 1728 personarum.

531 1741 566 1772 Et
589 1744 662 1772 nota
687 1740 754 1778 bic,
779 1740 861 1781 quod
890 1748 946 1780 pro
970 1742 1096 1780 peccato
1126 1738 1251 1770 mortali
1276 1741 1396 1779 septen-

441 1793 490 1825 nis
513 1793 704 1834 poenitentia
733 1792 918 1833 praeligitur
953 1801 1014 1823 non
1040 1791 1141 1823 solum
1168 1795 1296 1833 propter
1322 1794 1396 1823 tem-

442 1847 527 1888 poris
551 1846 810 1883 diuturnitatem,
835 1845 887 1877 sed
915 1844 1015 1886 magis
1039 1848 1169 1886 propter
1205 1843 1340 1884 figuram
1366 1848 1396 1875 et

441 1898 710 1940 significationem.
746 1897 777 1929 In
814 1898 893 1938 Lege
929 1897 1011 1929 enim
1048 1896 1144 1928 Maria
1169 1899 1314 1937 separata
1338 1895 1397 1927 fuit

440 1956 537 1984 extra
560 1955 675 1983 castra
711 1950 824 1982 diebus
858 1954 996 1991 septem,
1029 1949 1242 1981 Numerorum
1279 1948 1396 1980 duode-

441 2004 565 2041 cimo&
590 2003 702 2036 Μανία
727 2003 881 2044 significat
912 2003 1142 2044 poenitentem,
1167 2002 1252 2034 unde
1282 2001 1395 2033 Μανία

440 2066 586 2090 amarum
622 2065 709 2088 mare
746 2056 986 2097 interpretatur,
1011 2058 1041 2087 et
1066 2055 1095 2086 in
1121 2055 1254 2087 'l'hrenis
1279 2055 1395 2086 dicitur

441 2111 480 2143 de
504 2110 573 2142 viro
597 2110 791 2151 poenitente:
810 2109 934 2151 Mamm
959 2112 1005 2140 cst
1027 2108 1113 2139 velut
1129 2117 1224 2140 marc
1242 2098 1402 2139 contritio*

442 2168 509 2196 tua.
535 2164 613 2195 Haec
638 2162 791 2204 poenituit
808 2166 927 2202 septem
945 2161 1067 2199 diebus,
1086 2161 1140 2193 sed
1158 2170 1242 2192 nnnc
1259 2161 1396 2202 poenitet

441 2220 559 2258 septem
574 2216 677 2253 annis,
691 2215 774 2256 quod
791 2214 1000 2255 significatum
1016 2217 1061 2245 cst
1080 2213 1247 2245 Ezechielis
1265 2217 1394 2254 quarto:

444 2269 533 2300 Diem
558 2277 620 2309 pro
644 2276 732 2299 anno
757 2266 832 2298 cletta·
856 2266 921 2298 tibi.
940 2285 981 2288 —
1007 2265 1045 2297 St
1067 2269 1172 2297 autem
1199 2269 1234 2296 [tt
1251 2274 1396 2307 quaeras

442 2321 594 2352 rationem
613 2320 718 2358 huius,
733 2328 831 2361 quare
849 2319 1037 2361 poenitentia
1055 2322 1101 2350 est
1118 2322 1298 2359 aggravata,
1323 2327 1394 2350 cum

442 2375 493 2406 lex
512 2383 592 2405 nova
617 2373 655 2405 sit
680 2373 731 2404 lex
756 2372 1009 2410 misericordiae,
1027 2372 1215 2410 dicendum,
1233 2372 1317 2412 quod
1335 2380 1397 2403 ma-

442 2427 488 2458 ior
512 2425 719 2468 inqracitttdo
744 2429 790 2457 est
814 2425 865 2457 liic
889 2429 1018 2466 propter
1055 2425 1205 2456 maiorem
1243 2425 1395 2465 grati-ann

440 2479 514 2520 quia
537 2478 630 2510 etiam
656 2478 755 2509 maior
780 2481 981 2518 contemptus
1006 2481 1052 2509 est
1088 2481 1218 2519 propter
1243 2478 1395 2509 maiorem

440 2531 623 2572 dignitatem
649 2540 747 2562 novae
784 2530 874 2571 legis.
900 2530 930 2561 in
963 2539 1025 2571 qua
1050 2530 1177 2571 sanguis
1213 2530 1327 2561 Christi
1357 2530 1397 2562 ef-

439 2584 530 2616 fusus
546 2587 609 2622 est,
627 2587 662 2615 ut
678 2583 807 2615 firmum
830 2586 911 2615 esset
928 2587 1149 2615 testamentum
1165 2582 1194 2621 ⁵3
1212 2583 1285 2624 quia
1303 2583 1394 2615 etiam

441 2637 569 2678 gravius
594 2641 640 2669 est
664 2640 827 2678 peccatum
852 2639 980 2677 propter
1004 2640 1128 2667 statum
1153 2636 1319 2677 peccantis,
1342 2636 1395 2677 qui

1204 228 1488 261 SENTENTIARUM
1511 228 1578 260 LlB.
1603 228 1651 260 IV.

1458 315 1551 348 debet
1585 324 1654 347 esse
1689 315 1873 356 perfectior3
1897 315 1970 356 quia
2004 315 2139 347 ulterius
2166 313 2353 357 satisfactio
2377 316 2408 348 in

1458 368 1525 409 lege
1549 377 1630 400 nova
1654 368 1747 410 debet
1770 376 1838 400 esse
1860 366 2026 409 perfecta,
2043 371 2079 399 ut
2102 368 2133 399 in
2157 372 2272 400 statum
2308 368 2409 409 pristi-
2476 375 2478 399 5

1458 430 1532 453 num
1550 421 1692 453 reducat.
1708 438 1752 443 -—
1770 420 1803 452 Et
1819 420 1967 461 quoniam
1984 420 2031 452 sol
2048 420 2078 452 in
2093 429 2158 452 uno
2174 420 2225 452 die
2245 429 2306 452 non
2329 421 2409 453 redit
2434 434 2483 461 Qua.

1458 474 1489 505 in
1513 474 1595 506 idem
1621 477 1793 515 punctum,
1817 473 1872 505 sed
1897 473 1927 504 in
1951 473 2076 512 anno⁶3
2098 473 2168 505 ideo
2192 473 2260 505 dies
2284 466 2472 509 conver-{til

1458 534 1512 558 sus
1536 530 1582 557 est
1606 525 1636 557 in
1661 534 1790 557 annum.
1815 526 1963 563 Rursus,
1988 525 2062 566 quia
2092 525 2266 566 perfectum
2294 529 2341 557 est
2365 534 2410 557 re-

1460 578 1598 610 medium
1623 578 1654 610 in
1679 578 1746 619 lege
1770 588 1868 617 nova,
1893 578 1963 610 ideo
1987 587 2089 609 annus
2124 577 2233 610 debuit
2261 577 2410 618 multipli-

1458 631 1521 662 cari
1545 640 1602 672 per
1626 631 1839 672 septenarium
1865 634 1993 672 propter
2017 634 2135 671 septeni
2153 630 2336 672 pronitatem
2360 631 2411 663 do-

1457 684 1606 721 mandas,
1632 687 1760 725 propter
1785 687 1903 725 septem
1930 683 2017 714 dona
2050 683 2197 724 Spiritus
2227 683 2338 715 sancti
2366 692 2410 716 re-

1458 735 1660 777 acquirenda,
1679 739 1807 776 propter
1822 740 1942 776 septem
1958 735 2056 772 dotes,
2074 739 2138 767 tres
2155 735 2272 768 scilicet
2288 736 2409 768 animae

1459 793 1489 820 et
1524 792 1660 830 quatuor
1696 788 1837 829 corporis
1872 787 2057 820 obtinendas
2072 788 2092 819 ⁷.
2119 807 2161 811 —
2186 788 2220 820 Et
2252 788 2295 820 sic
2326 791 2410 829 patet

1459 842 1551 879 ratio,
1577 850 1676 882 quare
1711 849 1845 873 canones
1877 841 1921 873 sic
1954 841 2167 873 instituerunt.
2202 841 2281 873 Haec
2305 844 2410 873 autem
2480 856 2482 870 i

1459 894 1605 925 omnibus
1630 903 1690 925 non
1716 898 1762 925 est
1787 894 1989 934 imponenda,
2014 894 2068 925 sed
2087 897 2190 926 tamen
2212 894 2409 933 insinuanda,

1459 950 1494 979 ut
1518 949 1758 987 recognoscant,
1783 955 1878 988 quam
1904 946 2009 987 gravis
2034 950 2080 978 est
2104 946 2207 988 culpa.

1860 1051 1936 1083 DUB.
1961 1051 2008 1084 IV.

1549 1156 1640 1195 Item,
1666 1156 1831 1197 quaeritur
1856 1157 1895 1188 de
1921 1157 1979 1189 boc
2011 1157 2094 1199 quod
2121 1157 2213 1195 dicit,
2238 1156 2323 1198 quod
2346 1166 2411 1188 ‘non

1459 1213 1505 1241 est
1529 1209 1727 1250 imponenda
1752 1209 1786 1240 z'n
1811 1209 1955 1241 (articulo
1980 1209 2098 1241 mortis
2119 1209 2330 1250 poenitentia,
2354 1209 2411 1241 sed

1460 1261 1698 1293 innotescenda.
1735 1261 1866 1293 Videtur
1898 1261 1982 1294 enim
2016 1262 2096 1293 male
2128 1262 2250 1301 dicere,
2275 1262 2349 1303 quia
2373 1262 2413 1294 ad

1460 1314 1538 1346 niiiil
1563 1314 1646 1346 valet
1670 1314 1767 1353 scire,
1792 1315 1869 1356 quid
1904 1318 1934 1346 et
1965 1318 2119 1356 quantum
2156 1315 2268 1347 debeat
2292 1315 2411 1354 facere,

1460 1368 1518 1400 nisi
1544 1368 1637 1400 etiam
1663 1367 1770 1400 faciat:
1797 1377 1872 1409 ergo
1897 1367 1921 1400 si
1948 1377 2008 1399 non
2034 1372 2081 1400 est
2098 1368 2304 1409 imponenda,
2322 1372 2356 1399 ut
2373 1368 2427 1399 fa„

1461 1420 1539 1459 ciat,
1564 1430 1624 1452 non
1649 1424 1695 1452 est
1720 1421 1954 1453 innotescenda.
1980 1420 2017 1452 δι’
2033 1421 2145 1458 dicas,
2164 1421 2249 1462 quod
2274 1421 2356 1452 valet
2372 1421 2412 1453 ad

1461 1474 1708 1514 cognoscendam
1745 1474 1930 1514 gravitatem
1956 1474 2092 1515 peccati3
2118 1478 2250 1506 contra.-
2275 1473 2412 1515 gravitas

1461 1526 1578 1567 peccati
1604 1527 1801 1558 considerata
1825 1527 1855 1558 in
1880 1526 1941 1558 fine
1960 1527 2098 1558 maxime
2122 1527 2243 1559 inducit
2258 1526 2289 1558 in
2307 1527 2414 1568 despe-

1462 1580 1633 1618 rationem;
1651 1580 1704 1611 scd
1722 1580 1781 1611 hoc
1799 1580 1937 1611 maxime
1954 1580 2130 1612 cavendum
2148 1583 2195 1611 est
2211 1579 2240 1611 in
2260 1579 2413 1612 infirmis:

1461 1641 1536 1673 crgo
1560 1641 1621 1663 non
1646 1632 1739 1664 debet
1764 1636 1837 1663 tunc
1862 1632 1932 1664 dici.

1552 1685 1748 1717 RESPONDEO:
1786 1685 1979 1723 Dicendum,
2011 1685 2095 1726 quod
2129 1685 2318 1726 poenitentia
2352 1694 2413 1716 non

1461 1741 1508 1770 est
1531 1737 1728 1778 imponenda
1753 1737 1823 1776 tali,
1849 1737 1887 1769 de
1905 1747 1968 1779 quo
1985 1738 2216 1779 praesumitur,
2244 1738 2327 1779 quod
2353 1746 2415 1769 mo-

1462 1790 1579 1828 riatur,
1605 1790 1679 1831 quia
1704 1789 1837 1822 stultum
1861 1794 1943 1822 esset
1966 1789 2085 1831 aliquid
2119 1789 2279 1831 imponere
2303 1789 2414 1828 alicui,

1461 1843 1545 1884 quod
1571 1852 1631 1874 non
1667 1846 1769 1884 potest
1804 1843 1920 1881 facere3
1946 1843 2001 1875 sed
2038 1834 2267 1874 innotescenda
2302 1845 2349 1874 est
2372 1842 2411 1874 ad

1462 1896 1710 1937 cognoscendam
1735 1895 1919 1940 gravitatem
1945 1896 2077 1937 peccati,
2095 1899 2129 1927 ut
2153 1895 2257 1928 doleat
2280 1899 2310 1927 et
2334 1895 2414 1936 inge-

1461 1948 1580 1979 miscat.
1607 1949 1665 1980 Sed
1697 1948 1927 1980 niliilominus⁸
1952 1948 2180 1980 manifestanda
2213 1951 2259 1980 est
2291 1948 2414 1980 divinae

1462 2000 1697 2033 misericordiae
1720 2001 1930 2039 abundantia,
1955 2004 1991 2033 ut
2025 2005 2130 2042 speret
2166 2001 2196 2033 in
2229 2001 2361 2033 Domino
2384 2003 2414 2033 et

1462 2053 1615 2092 confidat3
1632 2057 1661 2086 et
1686 2053 1729 2086 sic
1756 2054 1957 2086 manifestans
1973 2053 2195 2095 poenitentiam
2214 2063 2274 2085 non
2293 2054 2413 2086 inducit

1462 2106 1493 2138 in
1518 2107 1786 2148 desperationum,
1811 2107 1866 2139 sed
1885 2107 1984 2148 magis
2000 2107 2031 2138 in
2054 2116 2160 2139 veram
2186 2107 2413 2139 contritionem.

1880 2213 1956 2244 Duc.
1982 2213 2016 2245 V.

1551 2319 1643 2357 item,
1668 2319 1832 2360 quaeritur
1857 2318 1895 2350 de
1921 2319 1979 2350 hoc
2004 2318 2086 2360 quod
2113 2318 2204 2351 dicit:
2230 2317 2303 2350 Non
2327 2318 2414 2350 debet

1458 2371 1628 2413 presbyter
1652 2370 1868 2403 reconciliare
1890 2371 2120 2412 poenitentem,
2146 2371 2329 2403 inconsulto
2354 2371 2414 2413 epi-

1460 2434 1566 2465 scopo.
1591 2423 1724 2456 Videtur
1748 2424 1830 2455 enim
1850 2423 1931 2456 male
1948 2424 2067 2463 dicere,
2086 2424 2160 2465 qnia
2178 2424 2230 2456 ubi
2255 2432 2413 2466 supernus

1461 2478 1558 2509 iudex
1583 2477 1679 2509 dictat
1703 2476 1898 2515 faciendum,
1916 2477 2034 2508 frustra
2059 2477 2223 2518 quaeritur
2248 2477 2411 2509 cons-ilium

1462 2530 1637 2561 humanum
1649 2529 1675 2567 ⁹3
1689 2529 1741 2561 sed
1761 2538 1831 2561 cum
1850 2530 2015 2570 presbyter
2032 2529 2116 2561 videt
2132 2533 2326 2571 peccatorem
2346 2539 2413 2561 con-

1462 2582 1589 2620 tritum,
1607 2590 1764 2623 supernus
1789 2582 1885 2614 iudex
1904 2582 1994 2620 dicit,
2012 2585 2206 2623 peccatorem
2232 2582 2321 2614 illum
2347 2591 2414 2614 con-

1461 2644 1589 2668 versum
1607 2635 1638 2667 in
1656 2636 1773 2667 iustum
1798 2639 1828 2667 et
1852 2644 1920 2667 esse
1944 2635 2196 2667 reconciliatum:
2215 2644 2289 2676 ergo
2311 2635 2413 2667 statim

513 2839 520 2854 ¹
541 2839 607 2864 Vide
628 2840 738 2870 Aristot.,
761 2839 776 2864 Ι,
798 2840 875 2864 Etliic.
895 2846 918 2864 c.
939 2840 961 2864 3.
983 2841 1007 2863 et
1019 2838 1043 2870 7,
1060 2846 1169 2864 necnon
1185 2840 1213 2865 ll.
1234 2847 1255 2865 c.
1277 2841 1299 2864 2.
1312 2854 1344 2858 —
1359 2840 1397 2864 ln-

441 2884 520 2908 serius
540 2890 587 2914 pro
607 2882 746 2908 instruunt
765 2883 841 2907 codd.
862 2883 881 2907 ll
895 2883 914 2907 K
928 2890 957 2907 aa
978 2882 1127 2908 instituunt.

511 2927 522 2943 ἵ
541 2926 592 2952 Cfr.
612 2934 702 2952 canon.
724 2927 917 2957 poenitentiales
931 2927 1006 2958 (post
1026 2927 1123 2951 Decret.
1138 2927 1282 2959 Gratiani),
1297 2928 1321 2952 in
1342 2929 1395 2959 qui-

440 2971 491 2996 bus
510 2971 605 2996 diversi
626 2971 672 2996 loci
693 2971 846 3002 allegantur,
868 2973 893 2995 et
917 2970 1012 3002 quibus
1038 2973 1088 2995 tota
1108 2971 1200 2995 solutio
1227 2972 1303 2995 huius
1323 2971 1395 2996 dubii

441 3023 455 3039 a
474 3016 499 3040 S.
520 3016 616 3040 Bonav.
640 3015 697 3040 duta
718 3015 890 3046 praemittitur
916 3018 943 3039 ut
968 3014 1131 3039 introductio.
1153 3015 1217 3040 Vide
1237 3016 1313 3039 etiam
1334 3014 1396 3039 Con-

441 3060 576 3084 fessionale
596 3060 620 3084 S.
641 3059 737 3084 Bonav.
758 3066 779 3083 c.
801 3059 824 3083 3.

511 3102 522 3119 ³
542 3102 602 3127 Can.
629 3102 660 3128 Si
681 3109 732 3135 pei·
760 3101 910 3128 ebrietatem
937 3102 1017 3135 (28.).
1042 3102 1108 3127 Vide
1133 3109 1212 3134 supra
1237 3109 1297 3133 pag.
1325 3102 1394 3134 309,

442 3149 499 3170 nota
521 3147 543 3171 6.
559 3161 593 3164 —
606 3146 642 3171 De
662 3154 715 3179 seq.
738 3153 843 3177 propos.
864 3147 910 3172 cfr.
933 3147 1060 3172 innocent.
1081 3147 1117 3171 ΙΙΙ.
1138 3146 1164 3172 C.
1184 3146 1269 3178 Deus,
1285 3146 1332 3179 qui
1350 3147 1396 3172 EG-

442 3189 549 3215 clesiam
570 3190 631 3222 (8.),
652 3190 683 3214 X.
704 3190 737 3215 (le
757 3191 919 3215 Poenitentiis
938 3194 963 3215 et
982 3192 1081 3215 remiss.
1103 3190 1160 3222 (lib.
1181 3190 1212 3215 V.
1233 3191 1267 3215 tit.
1289 3190 1350 3222 38.)

512 3233 521 3249 ⁴
543 3234 615 3259 Vers.
635 3234 672 3259 14.
687 3239 711 3259 et
728 3234 768 3259 15.
783 3234 894 3267 (Maria,
910 3235 1055 3260 secundum
1070 3236 1180 3267 Hieron,
1195 3235 1348 3269 Frayment.
1363 3234 1393 3262 2.

443 3276 499 3301 libri
519 3277 658 3302 Nominum
677 3278 764 3310 llebr.,
787 3278 855 3303 idern
876 3282 915 3304 est
939 3286 969 3303 ac
994 3279 1064 3303 stella
1085 3280 1175 3310 maris,
1196 3280 1251 3304 sive
1277 3285 1395 3304 amarum

442 3327 522 3345 mure.
543 3321 612 3345 idem
634 3322 658 3346 in
679 3321 721 3346 lib.
743 3322 775 3346 de
794 3322 866 3347 Nom.
888 3322 964 3347 Hebr.
985 3329 1020 3348 ex
1044 3322 1138 3348 Emodo
1165 3324 1212 3348 nit:
1233 3322 1351 3349 Mariam
1371 3323 1396 3347 il-

442 3363 588 3388 luminatrix
614 3371 686 3396 mea,
714 3365 754 3389 vel
781 3366 927 3390 illuminans
953 3373 1011 3397 eos,
1040 3371 1083 3391 aut
1102 3373 1208 3398 smyrna
1235 3367 1327 3398 maris,
1354 3366 1395 3391 vel

1461 2840 1531 2865 stella
1552 2841 1637 2864 maris.
1658 2839 1765 2869 Merra,
1788 2839 1940 2863 amaritudo.
1960 2838 2086 2870 Marulli,
2110 2839 2226 2870 amara).
2247 2853 2282 2858 —
2302 2841 2359 2872 Seq.
2379 2840 2414 2865 lo-

1461 2890 1507 2907 cus
1526 2886 1564 2907 est
1584 2883 1678 2907 Tbren.
1700 2883 1728 2913 2,
1751 2883 1796 2913 13;
1818 2883 1906 2907 tertius
1926 2882 2014 2907 Ezecli.
2037 2882 2066 2914 4,
2089 2883 2112 2907 6.
2133 2882 2182 2908 Csr.
2204 2883 2274 2908 Alan.
2295 2883 2328 2908 ab
2347 2884 2412 2908 insu-

1460 2927 1503 2957 lis,
1524 2926 1578 2951 Lib.
1600 2927 1795 2958 poenitentialis.

1533 2970 1543 2987 ⁵
1563 2970 1613 2996 Ct‘r.
1636 2970 1713 2995 chr.
1734 2971 1763 3002 9,
1786 2970 1825 2995 l5.
1845 2978 1918 3003 seqq.

1530 3014 1541 3031 ⁶
1563 3015 1627 3040 Vide
1648 3017 1763 3046 August,
1784 3015 1824 3040 lV.
1845 3015 1877 3040 de
1898 3015 1968 3040 Trin.
1989 3022 2010 3040 c.
2031 3014 2055 3040 4.
2071 3022 2093 3040 n.
2116 3016 2138 3047 8,
2158 3018 2182 3040 et
2197 3016 2293 3047 lsidor.,
2314 3016 2344 3040 V.
2359 3016 2413 3046 Ety-

1461 3059 1556 3090 mohwg.
1578 3066 1598 3084 c.
1620 3059 1661 3083 36.

1531 3103 1541 3119 7
1561 3103 1611 3128 Ctr.
1634 3104 1696 3128 infra
1718 3103 1742 3128 d.
1764 3103 1803 3128 49.
1824 3111 1849 3134 p.
1870 3104 1886 3128 l.
1907 3111 1930 3135 q.
1952 3103 1975 3128 5.
1996 3104 2019 3128 in
2040 3110 2111 3135 corp.
2132 3106 2157 3128 et
2176 3111 2201 3135 p.
2216 3104 2242 3128 ll.
2264 3111 2286 3129 a.
2307 3105 2331 3129 2.
2346 3111 2372 3136 q.
2389 3103 2411 3128 l.

1460 3161 1495 3165 —
1509 3147 1577 3171 idem
1599 3147 1661 3172 dub.
1681 3148 1789 3172 solvitur
1809 3155 1823 3172 a
1843 3148 1869 3172 B.
1890 3147 1994 3178 Albert„
2015 3148 2056 3172 liic
2075 3154 2099 3172 a.
2128 3147 2164 3173 14.

1529 3189 1540 3206 3
1560 3189 1640 3215 Cocld.
1661 3191 1678 3214 F
1689 3192 1709 3215 G
1722 3190 1775 3217 Sed
1789 3190 1908 3216 ulterius.
1924 3205 1957 3208 -—
1970 3191 2034 3215 Vide
2054 3190 2085 3215 de
2105 3192 2154 3216 hoe
2168 3191 2248 3216 dubio
2267 3192 2294 3216 B.
2308 3191 2409 3221 Albert.,

1461 3234 1501 3258 liic
1520 3241 1541 3258 a.
1564 3234 1609 3265 ‘¹43
1631 3235 1655 3259 S.
1677 3235 1778 3266 Tliom.,
1800 3235 1841 3259 liic
1861 3235 1927 3259 circa
1947 3234 1995 3266 lit.;
2016 3236 2079 3259 Petr.
2100 3242 2114 3260 a
2134 3235 2202 3266 Tar„
2216 3236 2257 3260 bic
2270 3243 2295 3267 q.
2311 3236 2333 3260 1.
2348 3242 2370 3260 a.
2387 3235 2411 3259 2.

1460 3279 1619 3310 quaestione.
1640 3279 1663 3302 2.

1530 3322 1540 3337 ⁹
1560 3322 1634 3347 Prov.
1656 3323 1701 3353 21,
1723 3323 1769 3347 3Ο;
1795 3322 1849 3347 Non
1871 3325 1909 3348 est
1934 3323 2070 3348 consilinm
2097 3326 2186 3348 contra
2210 3323 2356 3348 Dominum.
2376 3334 2423 3346 -,-
2466 3351 2469 3353 .

1461 3365 1548 3392 Verbo
1567 3365 1720 3398 faciendum
1740 3366 1796 3391 cod.
1817 3367 1835 3391 G
1857 3368 1996 3398 praemittit
2014 3366 2123 3400 aliquid.
