2483 3882
681 254 773 286 DIST.
800 254 895 287 XLIV.
920 255 949 287 P.
975 255 1007 287 ll.
1031 256 1113 288 ΛΒΤ.
1139 256 1170 288 11.
1196 257 1348 298 QUAEST.
1373 257 1392 289 Ι.

57 341 143 373 istam
171 339 252 371 viam
278 343 362 372 terra
386 349 445 372 non
472 340 629 373 iudicatur
646 350 714 374 esse
733 342 851 381 media,
869 343 924 375 sed
943 352 1003 375 ma-

0 407 40 429 tier.
55 393 100 435 gis
124 396 322 431 extremum,
345 396 376 424 et
399 396 580 425 extremum
605 394 759 427 infimum.
783 414 826 418 —-
842 395 936 428 Aliter
953 405 1003 437 po-

55 448 113 478 test
137 445 215 483 dici,
232 445 316 486 quod
341 454 402 477 non
423 449 470 478 est
486 446 603 478 simile:
621 447 695 488 quia
719 456 790 479 cum
817 448 1001 481 universum

54 498 91 531 sit
108 497 299 537 orbiculare,
317 501 347 530 et
364 498 616 531 circumferentia
633 501 672 531 sit
688 501 830 533 eiusdem
852 505 983 534 naturae
993 514 1001 540 3

53 549 234 592 quodlibet¹
259 553 438 582 extremum
467 554 549 583 tenet
572 551 725 584 rationem
751 552 944 594 superioris3
972 557 1002 586 et

54 603 122 636 ideo
146 602 286 635 medium
320 606 403 635 tenet
435 603 585 636 rationem
611 604 719 636 infimi.
744 605 774 637 In
800 606 926 639 homine
950 616 1002 639 au-

1954 262 2016 294 925

1067 347 1129 376 tem
1155 353 1214 376 non
1239 345 1303 377 sic:
1329 345 1402 386 quia
1434 355 1497 378 una
1524 346 1726 386 extremitas,
1751 351 1786 380 ut
1810 351 1920 389 caput,
1946 349 2019 382 dici-

1067 400 1118 428 tur
1142 405 1210 429 esse
1242 397 1412 439 superius;
1443 398 1522 437 alia,
1546 402 1582 431 ut
1605 399 1718 440 pedes,
1744 400 1859 433 dicitur
1883 410 1951 434 esse
1975 402 2016 433 in-

1066 449 1185 488 ferius3
1209 453 1239 482 et
1262 450 1333 482 ideo
1358 450 1508 483 medietas
1541 460 1596 484 nec
1629 452 1759 485 inferius
1788 462 1844 486 nec
1869 454 2017 496 superius

1066 505 1130 540 est,
1154 502 1207 534 sed
1233 503 1327 535 habet
1352 503 1546 536 influentiam
1568 504 1608 537 ad
1625 508 1812 547 utrumque:
1832 509 1862 538 et
1878 506 1950 539 ideo
1966 516 2017 539 no-

1065 554 1136 586 bilis
1168 564 1241 596 pars
1273 555 1365 588 debet
1397 556 1506 589 situari
1533 557 1562 588 in
1589 557 1715 590 homine
1744 558 1774 590 in
1804 559 1927 598 medi03
1953 568 2015 591 non

1065 607 1108 639 sic
1134 607 1163 639 in
1188 608 1353 647 universo,
1378 609 1432 641 sed
1458 609 1561 651 potius
1586 609 1615 641 in
1641 613 1785 643 extremo
1797 610 1817 642 ².

864 730 1127 769 ARTICULUS
1156 732 1198 771 ΙΙ.

730 830 775 861 De
799 830 980 872 qaidditate
999 841 1123 873 poenae
1148 831 1334 874 infernalis.

137 937 368 979 Consequenter
393 941 546 979 quantum
571 938 610 970 ad
629 939 802 971 secundum
829 941 998 973 articulum

51 989 212 1032 quaeritur
244 989 283 1022 de
315 989 490 1031 quidditate
515 999 632 1031 poenae
657 991 826 1024 infernalis.
853 993 886 1024 Et
918 993 1000 1026 circa

50 1043 108 1075 hoc
131 1043 195 1075 duo
218 1047 425 1084 quaeruntur.

1153 943 1255 975 Primo
1279 944 1460 985 quaeritur,
1485 948 1593 977 utrum
1618 945 1759 988 affligens
1782 947 1813 978 in
1838 947 1891 979 illa
1915 956 2016 989 poena

1066 994 1104 1026 sit
1129 994 1208 1036 ignis
1232 1004 1337 1028 verus.

1155 1047 1315 1087 Secundo,
1339 1052 1447 1081 utrum
1474 1049 1513 1081 sit
1536 1049 1616 1091 ignis
1640 1050 1734 1083 solus.

919 1170 1101 1211 QUAESTIO
1126 1171 1145 1202 l.

690 1266 807 1297 Utrum
832 1266 919 1308 iynis
944 1266 1070 1308 inferni
1092 1268 1135 1300 sit
1157 1278 1256 1300 veras
1280 1269 1376 1311 iynis.

138 1375 239 1407 Primo
264 1375 437 1417 quaeritur,
464 1379 571 1408 utrum
590 1376 628 1408 sit
647 1376 726 1418 ignis
749 1386 857 1416 verus,
883 1378 1002 1410 habens

49 1427 180 1459 formam
206 1431 236 1459 et
260 1431 405 1460 naturam
431 1433 462 1460 et
486 1429 622 1470 speciem
640 1429 729 1471 ignis.
756 1430 790 1461 Et
814 1430 897 1471 qnod
923 1440 1001 1469 non,

49 1480 182 1512 videtur.

143 1534 170 1564 l.
194 1533 406 1566 Damascenns
432 1534 460 1565 in
487 1534 548 1566 fine
573 1535 643 1567 libri
675 1535 761 1567 sui³:
794 1548 808 1564 «
825 1537 1001 1568 Tradentur

2 1598 40 1620 osi·
53 1585 196 1618 diabolus
220 1589 250 1617 et
275 1586 360 1628 impii
386 1586 416 1618 in
443 1586 543 1628 ignem
569 1591 752 1627 aeternnm,
776 1598 836 1620 non
862 1589 1003 1621 materia-

0 1640 3 1646 '
52 1639 130 1677 lem,
155 1638 257 1680 qualis
282 1639 366 1679 apud
391 1648 447 1671 nos
471 1643 535 1678 est,
553 1640 608 1672 sed
625 1640 750 1681 qualem
769 1641 853 1673 Deus
870 1641 955 1672 novit
970 1653 1000 1672 »z

52 1701 125 1734 ergo
150 1692 291 1730 videtur,
317 1692 400 1733 quod
426 1701 486 1724 non
504 1692 617 1725 habeat
636 1697 780 1725 naturam
798 1694 876 1735 ignis
894 1693 1000 1726 nostri.

139 1746 168 1777 2.
193 1745 286 1783 Item,
311 1745 440 1777 ratione
464 1745 609 1778 videtur:
635 1746 709 1788 quia
733 1746 955 1787 exstinguibile
972 1750 1001 1778 et

52 1797 308 1839 inexstinguibile
341 1798 492 1830 differunt
516 1799 596 1830 sicut
620 1799 826 1841 corruptibile
850 1804 880 1832 et
904 1800 1001 1832 incor-

50 1849 219 1892 ruptibile3
245 1850 297 1882 sed
323 1850 528 1892 corruptibile
552 1855 582 1883 et
606 1851 845 1893 incorruptibile
878 1853 1000 1884 variant

47 1912 113 1935 rem
130 1911 186 1944 per
203 1903 368 1935 essentiam
383 1903 402 1942 ⁴,
420 1912 492 1935 cum
517 1904 703 1937 naturaliter
724 1905 846 1943 insunt,
864 1914 924 1936 non
944 1913 1000 1946 per

49 1955 200 1997 gratiam:
228 1956 253 1988 si
277 1965 352 1997 ergo
375 1956 456 1997 ignis
475 1956 635 1989 infernalis
651 1961 698 1990 est
714 1957 999 1999 inexstinguibilis,

48 2011 78 2041 et
100 2008 181 2050 ignis
204 2009 289 2050 apud
315 2018 371 2041 nos
395 2012 442 2041 est
466 2010 719 2051 exstinguibilis;
745 2020 819 2052 ergo
844 2020 903 2042 non
926 2013 999 2043 sunt

49 2061 186 2093 eiusdem
213 2066 344 2093 naturae
369 2065 399 2094 et
423 2063 546 2104 speciei.

136 2113 164 2145 3.
190 2114 264 2146 Item
276 2140 283 2152 ‚
305 2114 362 2146 lux
380 2124 441 2146 non
459 2115 572 2147 accidit
588 2115 669 2157 igni,
689 2116 783 2148 immo
800 2120 847 2148 est
864 2117 902 2149 de
921 2117 999 2158 ignis

49 2165 222 2199 substantia
246 2171 276 2199 et
300 2168 504 2209 consequitur
529 2169 631 2209 ignem
650 2169 680 2200 in
697 2169 781 2201 omni
799 2169 947 2208 materia,
968 2169 997 2200 in

49 2227 110 2260 qua
133 2219 274 2251 salvatur
299 2221 417 2261 species
442 2220 542 2262 ignis;
568 2221 621 2253 sed
642 2221 720 2263 ignis
737 2221 898 2254 infernalis
915 2225 1000 2254 caret

50 2270 135 2310 luce,
164 2272 338 2304 secundum
371 2273 455 2314 quod
481 2273 596 2305 dicitur
620 2274 673 2306 Iob
698 2274 819 2306 decimo
847 2273 997 2306 octavo⁵z

50 2322 162 2356 Nonne
188 2324 246 2356 lux
270 2325 367 2367 impii
389 2325 644 2368 exstinyuetar?
669 2330 699 2359 et
724 2327 804 2359 sicut
821 2327 933 2359 melius
950 2336 1000 2368 pa-

49 2375 124 2408 tebit
152 2376 249 2413 infra,
274 2386 346 2409 cum
372 2378 518 2410 dicantur
544 2378 629 2420 impii
655 2379 762 2420 proiici
789 2379 823 2411 in
852 2379 999 2411 tenebras

50 2429 234 2461 exteriores.

136 2482 166 2513 [ι.
190 2482 283 2520 Item,
308 2484 449 2524 operatio
477 2484 682 2525 consequitur
714 2484 847 2516 formam
872 2487 902 2516 et
933 2493 999 2525 spe-

50 2533 144 2566 ciem:
163 2543 237 2576 ergo
260 2544 341 2576 quae
365 2536 483 2568 habent
504 2536 663 2569 diversam
689 2537 900 2578 operationem
926 2541 999 2569 sunt

50 2585 173 2619 diversa
198 2588 371 2619 secundum
398 2588 576 2627 formam⁶3
601 2589 655 2621 sed
680 2589 760 2630 ignis
783 2589 840 2621 iste
862 2593 890 2620 et
908 2589 998 2621 infer-

1066 1379 1145 1411 nalis
1174 1380 1331 1412 diversam
1364 1381 1480 1413 liabent
1504 1382 1736 1422 operationem,
1760 1383 1834 1424 quia
1858 1383 1916 1416 iste
1947 1393 2016 1416 con—

1066 1432 1161 1463 sumit
1194 1436 1223 1464 et
1255 1433 1376 1474 agendo
1403 1434 1432 1465 in
1463 1443 1552 1466 suam
1584 1438 1729 1467 naturam
1763 1437 1933 1476 convertit,
1963 1437 2016 1470 ille

1068 1492 1141 1515 vero
1166 1484 1312 1517 minime:
1338 1494 1413 1527 ergo
1437 1489 1494 1519 etc.

1156 1537 1184 1568 ὃ.
1210 1537 1299 1576 item,
1325 1538 1488 1579 spirituale
1520 1543 1550 1570 et
1582 1540 1744 1581 corporale
1774 1541 1923 1573 differunt
1954 1551 2015 1574 non

1066 1591 1187 1620 tantum
1213 1591 1385 1622 secundum
1411 1591 1566 1632 speciem,
1591 1601 1703 1624 verum
1728 1593 1821 1624 etiam
1839 1594 2015 1627 secundum

1065 1650 1185 1682 genus3
1210 1642 1263 1674 sed
1289 1643 1368 1684 ignis
1400 1643 1458 1675 iste
1487 1644 1659 1684 corporalis
1683 1648 1747 1683 est,
1772 1645 1851 1686 ignis
1875 1655 1950 1678 vero
1974 1647 2016 1679 in-

1064 1693 1192 1725 fernalis
1217 1694 1406 1736 spiritualis,
1432 1696 1513 1728 sicut
1530 1696 1605 1728 dicit
1620 1697 1812 1738 Augustinus
1829 1698 2016 1731 duodecimo

1065 1754 1160 1787 super
1184 1747 1326 1779 Genesim
1352 1748 1392 1780 ad
1417 1748 1595 1781 litteram7:
1627 1761 1642 1778 «
1659 1749 1710 1781 Est
1734 1759 1866 1792 prorsus
1887 1751 2016 1784 inferior

1065 1799 1258 1837 substantia,
1291 1800 1345 1832 sed
1377 1810 1445 1833 eam
1478 1801 1694 1843 spiritualem,
1726 1811 1787 1834 non
1819 1804 2014 1844 corporalem

1063 1851 1199 1883 arbitror
1217 1864 1246 1883 n:
1272 1861 1346 1894 ergo
1371 1852 1513 1893 videtur,
1540 1855 1624 1896 quod
1649 1864 1710 1887 non
1740 1859 1862 1887 tantum
1894 1857 2015 1897 specie,

1064 1913 1174 1936 verum
1200 1905 1291 1937 etiam
1318 1914 1432 1947 genere
1456 1907 1496 1939 ab
1520 1907 1578 1939 isto
1603 1908 1673 1949 igne
1698 1908 1831 1940 differat.

1072 1958 1074 1960 ’
1151 1958 1297 1990 CONTRA:
1337 1960 1364 1990 1.
1400 1959 1586 2001 Gregorius,
1622 1964 1734 2002 quarto
1769 1961 2174 2003 Dialogorum⁸:runaam0nia.

1069 2009 1205 2050 «Ignem
1233 2010 1422 2043 'infernalem
1455 2012 1649 2054 corporalem
1683 2022 1751 2046 esse
1783 2023 1844 2046 non
1874 2015 2015 2057 ambigo,

1063 2070 1135 2093 cum
1160 2062 1302 2094 dicatur:
1328 2064 1374 2095 Ite
1398 2064 1566 2097 maledicti
1589 2065 1624 2097 in
1655 2066 1763 2108 ignem
1795 2071 1965 2100 aeternam
1981 2080 2016 2106 »,·

1063 2115 1115 2146 sed
1141 2127 1154 2142 «
1171 2115 1272 2147 omnis
1289 2125 1371 2157 aqua
1388 2117 1558 2150 materialis
1575 2118 1659 2150 omni
1676 2128 1776 2161 aquae
1793 2121 1947 2161 corporali
1969 2125 2016 2154 est

1063 2168 1173 2199 eadem
1191 2169 1294 2209 specie
1311 2173 1341 2200 et
1357 2173 1470 2201 natura
1482 2182 1512 2202 »z
1530 2179 1605 2212 ergo
1622 2172 1723 2204 omnis
1744 2172 1823 2214 ignis
1840 2173 1924 2205 omni
1941 2174 2014 2216 igni.

1152 2222 1180 2252 2.
1208 2221 1299 2260 Item,
1325 2222 1468 2255 similiter
1494 2223 1625 2256 Basilius
1650 2224 1724 2257 dicit
1741 2225 1770 2256 in
1789 2225 2014 2266 Hexaemeron,

1064 2282 1225 2315 exponens
1249 2275 1327 2307 illud
1353 2275 1504 2307 Psalmi0:
1536 2276 1603 2308 Vox
1630 2277 1763 2309 Domini
1790 2278 2015 2311 intercidentis

1062 2326 1237 2368 flamniam
1268 2328 1366 2370 tynis,
1391 2329 1476 2370 qnod
1506 2329 1618 2370 «ignis
1651 2331 1821 2363 materialis
1853 2331 1942 2364 cedet
1973 2332 2014 2365 ad

1063 2380 1255 2421 punitionem
1282 2381 1518 2420 damnatorum,
1543 2386 1696 2423 quantum
1714 2383 1753 2415 ad
1773 2383 1802 2415 id
1820 2384 1905 2425 quod
1922 2384 2016 2417 habet

1063 2432 1233 2464 ardoris».
1258 2433 1288 2464 Si
1313 2442 1387 2475 ergo
1412 2434 1530 2475 species
1555 2434 1623 2467 eius
1647 2444 1708 2467 non
1735 2436 1923 2476 mutabitur,
1941 2445 2015 2479 ergo

1064 2485 1120 2518 iste
1146 2485 1224 2526 ignis
1255 2489 1348 2527 aptus
1379 2489 1426 2518 est
1457 2486 1494 2518 ad
1521 2487 1717 2528 puniendum
1743 2489 1914 2530 reprobos:
1941 2499 2016 2532 ergo

1064 2538 1206 2576 videtur,
1232 2538 1315 2579 quod
1348 2538 1406 2570 iste
1437 2542 1467 2570 et
1491 2539 1542 2571 ille
1568 2541 1628 2571 sint
1656 2540 1797 2573 eiusdem
1822 2545 1954 2574 naturae
1986 2547 2016 2575 et

1064 2590 1188 2631 speciei.

119 2762 127 2778 ¹
148 2763 203 2789 Vat.
223 2770 273 2796 pro
292 2771 321 2790 eo
341 2764 419 2798 qaod.
441 2766 495 2790 Mox
515 2765 697 2791 substituimus
717 2773 746 2791 ex
761 2766 818 2792 cod.
838 2767 855 2791 F
876 2767 910 2798 (E
930 2774 943 2791 a
964 2774 1000 2792 se-

51 2806 132 2832 cunda
152 2808 241 2839 manu)
267 2808 413 2841 superioris
434 2816 480 2840 pro
506 2808 649 2842 inferioris.
676 2810 781 2835 lnserius
808 2817 853 2841 pro
874 2809 998 2836 medietas

51 2850 121 2875 multi
140 2851 215 2876 codd.
236 2855 260 2876 et
278 2852 338 2877 edd.
358 2851 537 2878 mediocritas.

121 2894 132 2910 2
151 2895 215 2920 Vide
235 2896 350 2921 scholion
371 2896 404 2921 ad
425 2897 623 2928 praecedentem
644 2901 744 2929 quaest.

118 2937 130 2954 ³
147 2938 215 2964 Libr.
237 2939 277 2964 lV.
298 2940 329 2964 de
350 2940 410 2965 Fide
430 2940 530 2966 orthod.
551 2948 572 2965 c.
594 2940 634 2966 27.
654 2942 679 2965 in
700 2941 758 2966 fine.

119 2981 129 2998 ⁴
148 2984 262 3015 Aristot.‚
289 2984 312 3008 X
339 2984 446 3016 llletapli.
473 2988 531 3010 text.
559 2985 599 3009 26.
620 2984 678 3016 (tx.
705 2992 726 3010 c.
758 2985 825 3017 11().);
846 2985 911 3011 Cum
938 2992 1001 3010 vero

51 3028 176 3052 contraria
195 3029 280 3059 specie
300 3028 401 3053 diversa
423 3032 495 3061 sunt,
515 3029 682 3060 corruptibile
702 3032 787 3054 autem
808 3034 832 3055 et
850 3030 1001 3060 incorrupti-

52 3068 101 3095 bile
126 3073 250 3097 contraria
270 3075 342 3104 sunt,
371 3074 480 3104 privatio
505 3080 618 3105 namque
643 3073 810 3099 determinata
837 3074 999 3105 impotentia3

52 3119 154 3140 neeesse
173 3119 222 3147 est,
236 3115 371 3142 diversum
390 3123 485 3150 genere
498 3124 555 3142 esse
575 3117 741 3148 corruptibile
755 3120 779 3142 et
798 3117 1000 3148 incorruptibile.

52 3170 86 3174 —
104 3158 152 3183 Pro
176 3159 338 3185 naturaliter
362 3159 456 3186 insunt
483 3161 569 3192 plures
594 3160 672 3185 codd.
697 3159 873 3186 materialiter·
892 3159 998 3192 insunt,

52 3200 111 3226 edd.
130 3202 304 3228 materialiter
323 3203 364 3229 vel
382 3203 547 3229 ncciuraliter
566 3203 601 3229 ibi
618 3203 660 3229 sit.

120 3244 131 3261 ⁵
151 3246 222 3271 Vers.
243 3246 266 3272 5.
281 3261 315 3265 —
328 3248 353 3272 ln
373 3248 423 3273 line
437 3255 491 3279 arg.
512 3248 648 3279 respicitur
662 3248 747 3272 Matlb.
770 3248 798 3279 8,
825 3249 867 3279 l2;
888 3249 934 3280 22,
958 3249 998 3273 13.

52 3290 77 3313 et
95 3289 139 3321 25,
160 3290 200 3315 30.
226 3290 276 3316 cfr.
296 3291 361 3317 infra
381 3292 405 3317 d.
426 3292 467 3317 50.
488 3299 513 3323 p.
534 3292 549 3316 l.
571 3299 594 3316 a.
616 3292 639 3316 2.
660 3298 686 3323 q.
709 3292 732 3316 1.
752 3298 824 3323 seqq.
844 3305 880 3310 —
900 3292 924 3316 ln
951 3292 1001 3317 fine

53 3338 106 3364 arg.
126 3334 182 3359 cod.
202 3335 224 3359 K
245 3336 297 3366 (la
317 3336 429 3361 secunda
454 3338 543 3367 manu)
564 3335 649 3361 addit:
670 3335 739 3369 imzis
757 3335 841 3369 igitar
859 3335 1001 3369 infernalis

52 3381 105 3401 non
124 3375 201 3403 habet
213 3377 314 3404 lacem.-
333 3386 396 3413 erqo
415 3386 469 3405 non
483 3380 546 3405 sunt
566 3378 683 3405 eiusdem
703 3380 824 3405 naturae.

1134 2767 1145 2783 ⁶
1165 2767 1214 2792 Csr.
1240 2767 1372 2799 Damasc.,
1401 2768 1436 2792 111.
1465 2768 1496 2793 de
1522 2768 1583 2793 Fide
1606 2769 1707 2793 orthod.
1732 2776 1754 2794 c.
1783 2769 1823 2794 14.
1850 2770 1915 2795 Vide
1940 2772 2016 2796 etiam

1065 2813 1126 2836 toni.
1147 2812 1162 2835 l.
1183 2818 1244 2842 pag.
1264 2811 1310 2842 51,
1332 2815 1390 2837 nota
1412 2812 1452 2836 11.
1472 2815 1496 2837 et
1516 2819 1574 2843 pag.
1596 2812 1641 2844 84,
1662 2816 1720 2838 nola
1740 2813 1764 2838 7.

1135 2853 1146 2869 ⁷
1166 2854 1227 2885 Cup.
1248 2855 1289 2879 32.
1311 2861 1333 2879 n.
1354 2855 1396 2879 61.
1412 2855 1458 2879 rro
1477 2854 1590 2888 inferior
1610 2859 1691 2881 textus
1705 2857 1836 2888 originalis
1855 2856 2014 2890 inferorum.

1135 2897 1146 2913 Β
1165 2897 1226 2929 Cap.
1248 2899 1290 2923 29.
1311 2898 1368 2923 Post
1393 2897 1497 2931 ambigo
1519 2902 1601 2924 textus
1626 2901 1757 2931 originalis
1783 2901 1857 2932 plura
1883 2902 1963 2927 addit.
1983 2917 2017 2920 —

1066 2941 1149 2966 Locus
1175 2942 1321 2973 scripturae
1347 2944 1385 2967 est
1413 2942 1497 2967 Manli.
1525 2943 1574 2974 25,
1603 2943 1652 2968 41:
1679 2944 1805 2970 Discedite
1831 2953 1844 2969 a
1874 2953 1915 2970 ine
1941 2947 2017 2972 male-

1066 2985 1125 3010 dicti
1145 2988 1191 3010 ctc.
1208 3000 1240 3003 —
1253 2985 1343 3012 Minor
1361 2990 1399 3011 est
1418 2994 1447 3011 ex
1469 2988 1582 3019 Ariston,
1603 2988 1618 3012 1.
1640 2988 1729 3019 Topic.
1750 2996 1771 3014 c.
1793 2989 1816 3014 6.
1837 2989 1869 3021 (c.
1890 2990 1936 3021 5.).
1952 2991 2017 3016 Vide

1065 3036 1144 3060 supra
1165 3036 1224 3061 pag.
1244 3030 1290 3061 79,
1311 3032 1369 3055 nota
1389 3030 1413 3054 5.
1432 3044 1461 3047 —
1476 3031 1522 3055 l’ro
1542 3031 1690 3057 materialis
1711 3032 1798 3063 plures
1811 3033 1886 3058 codd.
1906 3035 2017 3060 natura-

1066 3072 1112 3105 lis,
1136 3073 1191 3098 Vat.
1211 3073 1358 3100 materialis
1377 3081 1424 3100 seu
1442 3074 1585 3101 naturalis.

1134 3117 1145 3134 ⁰
1165 3118 1255 3142 Psalni.
1276 3119 1324 3150 28,
1346 3118 1376 3150 7,
1406 3126 1483 3151 quem
1509 3126 1640 3150 exponens
1660 3120 1746 3152 Basti„
1773 3121 1797 3145 in
1825 3121 1944 3146 Hexaem.
1972 3123 2018 3148 lio-

1065 3162 1117 3186 mil.
1138 3162 1161 3186 6.
1187 3169 1211 3186 n.
1238 3162 1262 3187 3.
1289 3163 1336 3187 ait:
1360 3162 1433 3188 Unde
1456 3164 1532 3188 etiam
1559 3170 1618 3188 curn
1644 3171 1731 3189 rerum
1758 3165 1781 3189 in
1808 3166 1859 3190 vita
1884 3170 2016 3197 gestarum

1065 3212 1165 3230 merces
1185 3205 1348 3237 retribuetur,
1369 3213 1479 3232 arcanus
1498 3207 1604 3239 quidam
1624 3215 1711 3233 sermo
1731 3215 1778 3233 nos
1797 3208 1885 3241 docet,
1900 3213 2016 3236 naturam

1065 3250 1132 3281 ignis
1152 3249 1266 3274 divisum
1285 3250 1329 3281 iri,
1350 3253 1373 3275 et
1394 3250 1477 3275 lucem
1497 3251 1603 3283 quidem
1623 3252 1647 3276 in
1678 3252 1823 3277 fruitionem
1850 3253 1935 3285 iustis,
1956 3255 2020 3280 adu-

1066 3294 1155 3319 stionis
1169 3300 1232 3318 vcro
1243 3293 1408 3319 acerbitatem
1428 3295 1566 3325 puniendis
1580 3295 1758 3321 destinandam
1778 3303 1843 3322 esse.
1855 3296 1904 3322 Csr.
1927 3298 2017 3324 Homil.

1066 3338 1089 3361 in
1112 3337 1150 3362 ps.
1174 3337 1219 3367 28,
1240 3336 1264 3361 7.
1285 3344 1309 3361 n.
1334 3338 1358 3362 6.
1382 3351 1415 3354 ——
1439 3338 1544 3363 inferius
1563 3345 1611 3370 pro
1630 3338 1727 3372 speeies
1753 3339 1809 3366 eius
1835 3341 1923 3372 plures
1943 3342 2019 3367 codd.

1065 3379 1163 3413 species
1182 3381 1234 3412 est,
1256 3380 1315 3405 edd.
1335 3380 1404 3414 iynis
1423 3381 1519 3414 species
1538 3383 1588 3414 est,
1610 3383 1727 3408 eatenus.
