2483 3882
717 271 809 304 DIST.
836 271 918 303 XLV.
944 270 1025 303 ΛΒΤ.
1050 270 1070 302 Ι.
1096 270 1248 311 QUAEST.
1275 270 1308 301 ΙΙ.

31 363 99 395 dam
133 360 255 392 animae
289 359 465 401 puniuntur
497 359 526 391 in
560 359 643 399 1000,
674 359 727 391 0111
760 359 979 401 deliquerunt,

30 413 181 457 quaedam
208 413 238 444 in
264 412 378 445 abditis
401 412 654 454 receptaculis».

117 465 147 498 3.
172 465 265 504 Item,
297 464 382 506 quod
411 464 540 502 neutri,
565 465 701 497 videtur.
726 465 917 507 Augustinus
948 464 978 496 in

31 517 247 551 Enchiridi0¹z
278 516 463 557 «Tempus,
496 517 578 557 quod
614 517 694 549 inter
730 517 865 549 bominis
901 525 981 548 11101-

30 574 91 603 tem
108 573 138 602 et
153 569 296 601 ultimam
314 567 578 600 resurrectionem
605 569 823 610 interpositum
842 573 902 608 est,
919 569 981 600 ani-

32 631 97 654 mas
121 621 235 653 abditis
259 619 466 661 receptaculis
490 620 643 659 continet,
668 621 748 653 sicut
772 630 980 663 unaquaeque

33 675 125 717 digna
148 677 194 706 est
219 673 344 715 requie,
369 672 419 705 vel
443 681 642 704 aerumna».

115 728 145 759 li.
171 727 263 765 Item,
296 725 425 758 ratione
453 725 599 758 videtur:
626 726 700 767 quia
728 727 850 758 animae
875 736 892 758 a
917 736 981 759 cor-

31 780 160 823 poribus
184 783 299 812 exutae
323 782 397 811 sunt
413 778 594 820 spirituales
618 783 648 811 et
673 779 798 811 omnino
815 788 832 811 a
849 788 981 821 corpore

31 843 90 866 non
116 832 312 874 dependent:
345 841 420 873 ergo
452 831 540 864 locus
572 836 602 864 et
634 841 743 864 earum
769 832 981 864 remuneratio

31 885 218 919 universalis
229 885 249 916 2.

118 938 264 971 CONTRA:
293 939 320 969 l.
345 937 432 978 Quod
459 937 543 969 niati
565 937 718 976 habeant,
744 937 884 969 videtur:
909 938 982 979 quia

0 993 130 1025 ethicae
162 991 283 1023 decimo
316 990 428 1023 sexto³
452 990 533 1022 dixit
556 990 729 1022 Dominus:
755 990 906 1022 Mortuus
937 994 982 1022 est

31 1045 118 1077 diues
141 1048 170 1075 et
192 1043 339 1085 sepultas
363 1047 408 1075 est
433 1042 466 1074 in
493 1041 649 1085 inferno;
673 1046 703 1075 et
726 1046 796 1084 post
813 1043 979 1075 subditur:

32 1096 77 1129 Ne
99 1096 232 1128 veniant
256 1096 291 1127 in
315 1095 422 1127 locuni
447 1094 534 1126 lianc
560 1098 815 1126 tormentoruni.-
833 1104 907 1136 ergo
923 1099 980 1127 etc.

117 1150 146 1181 ⁶2.
172 1149 264 1187 item,
282 1148 364 1190 qnod
385 1147 473 1185 boni,
491 1148 627 1180 videtur.
645 1148 805 1180 Secundae
822 1148 861 1179 ad
879 1147 983 1179 Corin-

30 1202 111 1234 tbios
142 1201 293 1243 quinto⁴z
320 1201 357 1233 Si
385 1205 516 1232 terrena
540 1204 657 1232 nost-ra
681 1199 840 1232 habitatio
871 1199 982 1231 dissol-

29 1258 140 1292 vatur,
174 1254 308 1285 domum
340 1252 497 1285 liabenins
529 1252 565 1284 tn
598 1252 714 1290 eaelis;
737 1256 767 1284 et
792 1252 980 1294 Gregorius:

36 1319 50 1336 «
66 1307 124 1348 Qui
149 1306 308 1339 Christum
334 1306 364 1338 in
382 1305 468 1338 caelo
485 1314 554 1338 esse
570 1314 631 1337 non
649 1305 773 1337 dubitat
790 1306 819 1336 10
837 1314 982 1346 00111010,

31 1369 86 1392 000
111 1359 195 1391 Pauli
221 1359 357 1391 animam
384 1367 452 1391 esse
477 1361 614 1400 negat».

118 1412 147 1444 3.
173 1412 265 1450 110111,
290 1412 419 1444 ratione
451 1411 594 1443 videtur:
621 1411 694 1452 quia
720 1410 776 1442 1001
802 1411 982 1451 congruitas

31 1465 149 1498 confert
172 1465 211 1497 ad
241 1465 476 1506 operationem:
510 1473 585 1505 ergo
616 1473 687 1495 cum
721 1463 843 1495 animae
875 1464 982 1496 beatae

32 1518 92 1550 sint
115 1517 398 1549 excellentissimae
423 1516 548 1548 virtutis
571 1515 812 1557 contemplando
835 1516 935 1548 Deum
953 1518 983 1547 et

32 1570 156 1602 omnino
181 1569 412 1608 immutabiles,
429 1578 503 1611 ergo
528 1569 615 1601 10005
637 1577 806 1610 supremus
827 1568 872 1601 eis
894 1568 984 1601 debe-

31 1627 82 1655 tur
96 1635 105 1661 :7
128 1632 203 1665 ergo
227 1623 268 1655 ab
293 1622 468 1664 oppositis,
494 1621 649 1654 damnatis
674 1621 833 1654 infimus⁵.

118 1677 147 1708 lt.
173 1676 266 1714 item,
291 1675 477 1708 excellentia
502 1675 874 1715 retributionisconsistit
891 1675 921 1707 in
938 1684 983 1707 so-

32 1729 140 1762 cietate
165 1733 292 1768 mutua,
317 1730 392 1771 quia
415 1729 565 1761 «nullius
582 1728 648 1761 sine
665 1728 748 1761 socio
774 1728 911 1760 iucunda
937 1732 984 1761 est

31 1782 185 1824 possessio
198 1782 207 1798 ⁶
220 1793 250 1813 »:
264 1791 338 1823 ergo
355 1782 478 1814 animae
492 1785 561 1823 post
579 1781 659 1814 banc
676 1781 771 1813 vitam
790 1785 862 1813 sunt
879 1781 983 1813 simul.

384 1912 624 1936 CONCLUSIO.

33 2028 235 2060 Animarum
281 2027 490 2069 receptacula
525 2031 599 2068 post
643 2027 821 2059 adventant
862 2025 987 2058 Christi

119 2085 198 2114 sunt
218 2081 418 2123 paradisus,
444 2079 610 2122 infernus,
638 2080 757 2112 linibus
781 2084 810 2112 et
828 2083 985 2122 1111191110-

120 2144 221 2166 riam.

121 2258 323 2289 Responnsso:
357 2257 549 2296 Dicendum,
581 2257 665 2299 quod
691 2256 845 2300 triplicem
870 2259 984 2288 statum

0 2295 23 2341 ἓξ
37 2310 184 2352 contingit
202 2310 376 2351 intelligere
387 2335 394 2349 ,
411 2309 529 2342 scilicet
545 2309 825 2342 remunerationis
836 2334 844 2346 ,
861 2308 988 2351 quietae

0 2362 305 2405 20.exspeetcttionis⁷
337 2365 367 2394 et
397 2362 621 2405 pnryationis.
645 2381 689 2385 —
714 2362 748 2394 Et
779 2362 858 2393 ratio
890 2361 986 2393 huius

35 2419 97 2455 est,
122 2415 196 2457 quia
224 2415 328 2447 anima
360 2418 457 2447 exuta
482 2414 600 2456 duplici
625 2423 666 2447 ex
690 2423 785 2447 causa
808 2417 910 2456 potest
934 2414 987 2446 im·-

34 2468 133 2509 pediri
157 2477 175 2500 a
200 2468 454 2500 remuneratione
471 2467 579 2500 beata:
599 2471 654 2499 aut
670 2470 799 2509 propter
816 2467 885 2505 1100,
903 2467 986 2508 quod

1933 269 1991 301 941

1046 358 1152 390 ianua
1169 362 1214 390 est
1230 358 1366 396 clausa,
1391 360 1445 390 aut
1470 360 1597 399 propter
1621 357 1697 395 1100,
1723 357 1805 399 qnod
1831 356 1906 398 ipsa
1929 366 1996 389 non.

1045 415 1091 443 est
1110 411 1203 453 plene
1223 415 1383 453 paryata.
1400 410 1497 443 Statui
1516 410 1744 442 retributionis
1768 411 1936 452 respondet
1953 410 1993 442 lo·
2008 420 2121 442 conclusio
2135 421 2156 442 1.

1045 473 1102 497 0115
1125 464 1273 506 proprius
1304 467 1335 496 et
1367 463 1600 506 receptaculum
1630 463 1872 496 determinatum
1898 463 1932 495 in
1964 473 1997 496 se

1045 520 1076 549 et
1100 517 1210 559 quoad
1232 526 1309 555 nos,
1334 517 1451 549 scilicet
1474 516 1596 549 caelum
1622 525 1807 558 empyreum
1825 516 1928 557 quoad
1946 516 1998 548 bo-

1047 577 1118 607 005,
1143 571 1172 600 01
1196 568 1299 610 quoad
1325 568 1423 600 malos
1448 567 1535 600 10005
1560 567 1697 599 intimus.
1721 586 1764 591 —
1788 567 1885 599 Statui
1912 567 1996 610 qnie-
2011 578 2155 600 Conclusioa.

1047 621 1087 653 tis
1111 625 1139 653 et
1167 621 1417 663 exspectationis
1450 621 1617 662 respondet
1651 621 1737 653 locus
1768 620 1995 653 determinatus

1046 673 1081 705 in
1104 683 1155 711 se,
1182 674 1236 706 500
1261 684 1320 706 000
1346 674 1457 716 quoad
1479 683 1557 712 nos,
1582 674 1656 715 quia
1680 674 1818 705 nescitur
1843 682 1899 715 per
1920 673 1997 705 Scri-

1045 731 1173 769 pturas,
1202 727 1256 759 nbi
1282 727 1321 759 sit
1345 727 1470 759 limbus,
1495 746 1538 750 —
1562 726 1658 758 Statu}
1686 735 1760 758 vero
1781 725 1995 768 purgationis
2010 736 2121 758 Conclusio
2134 736 2157 757 3.

1046 780 1215 821 respondet
1253 780 1340 812 locus
1376 780 1638 812 indeterminatus
1669 783 1699 812 et
1730 779 1840 822 quoad
1869 789 1929 810 nos
1968 782 1996 811 et

1046 834 1156 876 quoad
1178 843 1230 871 se,
1255 833 1329 875 quia
1353 842 1412 865 non
1438 842 1547 865 omnes
1572 833 1601 864 in
1627 833 1736 864 eodem
1764 832 1830 864 loco
1862 841 1996 874 purgan-

1047 891 1098 919 tur
1111 887 1131 925 Β,
1156 886 1226 919 11001
1257 886 1336 919 forte
1368 886 1398 918 in
1430 885 1535 927 aliquo
1567 885 1657 917 multi
1687 885 1757 917 sint.
1784 885 1819 916 Et
1842 888 1995 926 quantum

1045 940 1084 971 ad
1109 940 1194 971 bunc
1219 938 1322 971 locum
1352 938 1492 980 loquitur
1515 937 1717 979 Augustinus.
1740 956 1783 961 -
1807 937 1896 978 Quod
1921 945 1996 969 vero

1046 992 1192 1024 obiicitur
1223 992 1262 1024 de
1286 991 1408 1030 Glossa,
1433 999 1493 1023 non
1527 990 1666 1032 loquitur
1699 990 1737 1022 de
1763 990 1846 1028 loco,
1871 989 1925 1022 sed
1957 989 1996 1021 de

1046 1046 1129 1075 statu
1153 1047 1305 1084 quantum
1330 1043 1369 1075 ad
1395 1042 1565 1075 secundam
1591 1042 1733 1074 51010109.

1137 1096 1237 1128 Potest
1260 1100 1363 1128 tamen
1393 1095 1483 1127 aliter
1516 1095 1575 1128 dici
1608 1099 1638 1127 et
1668 1095 1798 1133 melius,
1824 1094 1907 1136 quod
1937 1093 1999 1126 ani·
2012 1104 2054 1127 via
2067 1105 2087 1135 a.
2104 1106 2124 1126 et

1048 1157 1116 1181 mae
1141 1149 1337 1190 receptacula
1361 1152 1416 1180 aut
1440 1152 1513 1180 sunt
1537 1148 1713 1180 secundum
1744 1147 1864 1179 merita
1894 1147 1997 1185 bona,
2026 1131 2107 1153 ''mm‘'

1047 1207 1077 1234 et
1101 1202 1145 1234 sic
1169 1205 1215 1234 est
1239 1201 1406 1243 paradisus
1430 1205 1461 1233 et
1484 1201 1572 1233 locus
1596 1201 1755 1239 caelestis;
1780 1205 1834 1232 aut
1870 1204 1999 1242 propter

1046 1258 1199 1296 peecata,
1224 1258 1255 1286 et
1279 1254 1322 1287 sic
1346 1254 1551 1295 distinguitur
1576 1253 1691 1295 triplex
1718 1254 1805 1286 locus
1822 1253 1997 1286 secundum

1048 1307 1162 1349 triplex
1188 1307 1303 1349 peccati
1338 1316 1454 1348 genus,
1479 1306 1596 1339 scilicet
1624 1306 1866 1349 purgatorius,
1891 1310 1920 1339 et
1948 1306 1999 1338 hic

1047 1360 1180 1392 debetur
1198 1359 1329 1397 veniali:
1348 1359 1478 1397 timeus,
1495 1363 1525 1391 et
1542 1359 1592 1391 bic
1609 1359 1770 1400 originali3
1787 1362 1817 1391 et
1833 1357 1998 1401 infernus,

1047 1416 1078 1444 et
1102 1412 1151 1444 1110
1176 1412 1309 1444 mortali.
1333 1431 1376 1435 —-
1402 1412 1436 1444 Et
1460 1412 1538 1444 bene
1563 1415 1663 1453 potest
1687 1421 1754 1444 esse
1778 1415 1809 1444 et
1833 1411 1907 1444 satis
1932 1420 2000 1452 pro·
2013 1421 2045 1442 De
2058 1420 2117 1442 locis.

1048 1465 1150 1497 babile
1175 1468 1237 1503 est,
1262 1465 1346 1506 quod
1371 1465 1526 1506 gradatim
1550 1473 1582 1496 se
1607 1464 1742 1496 habeant
1766 1464 1824 1496 ista
1840 1464 1900 1496 tria
1918 1464 1998 1503 loca,

1048 1517 1103 1549 sed
1127 1521 1231 1549 tamen
1256 1518 1338 1549 circa
1369 1517 1500 1549 eandem
1534 1521 1656 1558 partem
1689 1517 1767 1555 sint,
1792 1517 1872 1549 sicut
1897 1516 1999 1558 colligi

1048 1573 1148 1611 potest
1172 1579 1212 1602 ex
1237 1570 1422 1602 Sanctorum
1448 1570 1557 1608 dictis,
1582 1573 1613 1601 et
1637 1579 1677 1602 ex
1702 1569 1752 1601 his
1769 1569 1895 1611 quaein
1914 1578 2002 1610 prae-

1049 1622 1231 1655 cedentibus
1246 1623 1266 1639 ¹⁰
1290 1623 1372 1655 dicta
1401 1626 1482 1654 sunt.
1507 1641 1550 1645 —
1576 1623 1661 1655 Unde
1693 1625 1824 1663 possunt
1849 1622 1915 1654 loca
1939 1621 2002 1653 ani-

1049 1684 1172 1707 marum
1198 1675 1346 1717 distingui
1373 1676 1432 1714 510,
1458 1679 1493 1707 01
1517 1675 1710 1708 reducantur
1734 1675 1773 1707 ad
1792 1674 1999 1707 bimembrem

1049 1728 1251 1761 divisionem:
1278 1728 1365 1761 locus
1388 1727 1618 1760 retributionis
1641 1732 1696 1759 aut
1720 1731 1767 1760 est
1781 1727 1928 1769 gyloriae,
1946 1730 2000 1759 aut

1045 1791 1177 1823 poenae.
1203 1781 1232 1813 Si
1262 1780 1408 1823 gloriae,
1434 1782 1477 1813 sic
1509 1780 1650 1819 caelum:
1674 1781 1699 1812 51
1721 1789 1865 1822 poenae,
1890 1780 1933 1812 sic
1958 1780 2158 1812 111-0000115101.

1048 1834 1165 1867 fernus.
1195 1833 1311 1866 Gloria
1335 1843 1396 1865 non
1421 1833 1642 1875 distinguitur,
1667 1833 1741 1875 quia
1765 1833 1894 1871 caritas,
1920 1841 2000 1874 quae

1048 1887 1143 1919 unius
1168 1886 1279 1928 speciei
1305 1890 1369 1925 est,
1393 1890 1534 1919 meretur
1566 1886 1695 1928 gloriam
1712 1886 1750 1924 ¹¹3
1774 1885 1827 1918 sed
1861 1885 2000 1927 poenalis

1050 1940 1136 1972 10005
1159 1943 1206 1972 051
1230 1939 1366 1981 duplex:
1392 1943 1447 1971 aut
1470 1939 1645 1972 secundum
1668 1948 1800 1980 poenam
1819 1938 1953 1977 damni,
1970 1941 2001 1971 et
2015 1947 2159 1968 conclusae.

1049 1992 1093 2029 510
1118 1992 1251 2031 limbus:
1275 1996 1330 2024 aut
1361 1992 1535 2024 secundum
1568 2001 1701 2033 poenam
1732 2001 1866 2029 sensns,
1899 1994 1929 2023 et
1958 1991 2001 2024 sie

1050 2044 1201 2076 infernus.
1219 2045 1253 2076 Et
1277 2048 1450 2086 utrumque
1472 2044 1651 2077 membrum
1669 2044 1838 2076 dividitur:
1856 2044 1931 2085 quia
1947 2043 2001 2085 qui

1049 2107 1149 2138 poena
1181 2098 1298 2129 detinni
1328 2098 1522 2140 puniuntur„
1548 2101 1602 2130 aut
1632 2097 1824 2139 simpliciter
1848 2101 1879 2129 et
1902 2102 2001 2130 aeter·
2017 2105 2129 2127 conclusio
2140 2105 2159 2126 3.

1050 2151 1188 2189 naliter,
1213 2155 1242 2182 et
1267 2151 1298 2182 111
1324 2151 1353 2182 10
1379 2150 1536 2193 inferiori
1558 2154 1647 2192 parte
1672 2151 1756 2183 111105
1780 2151 1895 2192 partis,
1920 2159 2001 2192 quae

1051 2204 1167 2236 dicitur
1192 2203 1331 2242 limbum
1354 2207 1408 2235 aut
1432 2204 1478 2236 ad
1501 2208 1645 2245 tempus,
1663 2207 1693 2235 et
1717 2203 1747 2235 111
1767 2203 1796 2235 10
1814 2203 2000 2245 superiori,

1051 2266 1130 2299 quae
1156 2257 1271 2289 dicitur
1299 2256 1394 2287 sinus
1426 2255 1592 2288 Abrabae.
1623 2276 1667 2279 —
1699 2256 1846 2288 Similiter
1878 2256 1921 2288 illi
1947 2256 2000 2298 (101

1051 2310 1228 2351 1100100101
1252 2318 1352 2350 poena
1374 2318 1509 2347 sensus,
1535 2312 1590 2341 aut
1612 2308 1823 2350 simpliciter,
1841 2312 1871 2341 et
1895 2308 1937 2341 510
1959 2308 2002 2340 in·
2016 2317 2160 2339 conciusioi.

1050 2362 1159 2394 fernus
1182 2362 1309 2403 proprie
1334 2362 1454 2400 dictus:
1478 2366 1533 2394 aut
1556 2362 1602 2394 ad
1626 2366 1769 2403 tenipus,
1793 2365 1823 2394 et
1846 2361 1890 2394 sic
1914 2361 2001 2394 10005

1048 2414 1280 2456 purgyatorias.
1305 2434 1348 2437 —
1373 2415 1407 2446 Et
1431 2414 1474 2446 sic
1499 2417 1599 2456 patet,
1618 2414 1702 2455 quod
1734 2414 1856 2446 animae
1886 2413 2003 2446 babent

1051 2467 1267 2508 receptacula,
1292 2470 1321 2499 et
1345 2475 1435 2508 qnae.
1450 2467 1496 2498 ,Et
1520 2467 1544 2498 si
1563 2466 1686 2508 aliquae
1707 2466 1908 2499 auctoritates
1934 2475 2051 2498 con-Aa
2064 2482 2121 2502 argg.

39 2786 165 2818 quaedam
186 2794 248 2812 vero
268 2787 362 2812 abditis
385 2787 553 2818 receptaculis
573 2794 656 2819 usque
682 2787 715 2812 ad
736 2786 851 2811 ultimam
878 2793 989 2811 resurre-

38 2831 146 2857 ctionem
171 2833 340 2864 continentur,
368 2833 433 2857 sicut
458 2839 632 2865 unaquaeque
661 2831 737 2863 digna
764 2834 801 2856 ost
826 2831 915 2863 requie
946 2831 988 2855 vel

38 2875 146 2900 miseria.

108 2919 197 2952 ¹Cap.
224 2921 280 2945 1109.
306 2928 330 2945 11.
357 2922 397 2945 ⁴29.
423 2935 456 2938 —
479 2920 542 2946 Cod.
574 2927 603 2945 aa
624 2919 708 2944 addit:
729 2919 754 2944 et
778 2919 816 2943 est
844 2917 870 2943 in
901 2917 988 2943 littera

40 2961 94 2994 (bic
119 2970 140 2988 0.
165 2964 204 2996 1.).

107 3007 118 3023 2
136 3007 199 3033 Cod.
221 3009 240 3032 G
261 3008 364 3040 supplet
382 3007 546 3041 spiritualis,
569 3007 640 3040 quod
661 3007 738 3032 codd.
757 3006 775 3031 N
787 3014 815 3032 aa
830 3005 989 3032 substituunt

40 3058 87 3083 pro
105 3051 273 3078 universalis.
293 3052 356 3078 Cod.
377 3054 397 3078 M
413 3053 487 3084 legit:
507 3058 570 3085 erqo
584 3058 631 3078 nee
644 3051 791 3078 secundum
810 3050 912 3082 locant,
929 3050 988 3075 edd.

41 3101 102 3128 erqo
121 3097 146 3121 et
164 3095 238 3122 locus
258 3096 483 3122 remunerationis
503 3102 606 3121 earnm.
627 3096 753 3126 Superius
773 3102 819 3126 pro
840 3095 864 3120 et
882 3093 989 3120 omnino

42 3138 116 3164 codd.
138 3138 216 3164 OST
238 3141 261 3165 et
280 3139 345 3165 ideo.

102 3182 119 3199 ’3
138 3183 213 3208 Vers.
235 3184 416 3211 aaztlortuus
436 3187 474 3209 est
492 3186 579 3209 autem
598 3186 622 3208 et
642 3182 715 3208 dives
734 3185 781 3207 010.
796 3196 829 3199 ——
843 3181 903 3213 Seq.
919 3181 990 3206 locus

42 3224 102 3250 ibid.
121 3233 146 3251 v.
167 3227 213 3252 28:
233 3227 268 3252 Ne
286 3231 312 3253 et
331 3228 380 3259 ipsi
393 3229 497 3253 veniant
516 3230 578 3252 otc..

111 3269 121 3285 ⁴
141 3270 213 3296 Vers.
244 3271 276 3296 4:
301 3271 403 3296 Scimus
431 3272 513 3302 enim5
544 3271 676 3302 quoniam,
697 3270 717 3294 si
747 3269 873 3294 terrestris
899 3268 992 3293 domus

44 3315 126 3338 nostra
155 3315 231 3339 huius
257 3314 419 3340 habitationis
445 3314 612 3345 dissolvatur,
633 3313 704 3345 qnod
729 3312 932 3337 aedificationem
961 3319 992 3337 ox

42 3355 94 3381 Deo
113 3357 252 3390 habemus,
273 3358 381 3384 domum
407 3365 457 3384 non
484 3358 674 3388 manufactam⁷
700 3359 830 3382 aeternam
856 3356 880 3381 in
907 3356 991 3381 caelis.

32 3407 76 3417 ‘—
89 3400 214 3427 Sententia
234 3403 350 3434 Gregorii
370 3402 480 3428 habetur
499 3402 538 3427 lV.
559 3402 657 3433 Dialog.
678 3409 698 3427 c.
720 3401 761 3426 25.

1122 2786 1132 2801 5
1152 2786 1201 2811 Ct'r.
1222 2793 1299 2817 supra
1320 2786 1346 2810 d.
1369 2785 1408 2810 tt.
1430 2793 1454 2817 p.
1475 2786 1502 2810 11.
1522 2793 1544 2810 a.
1566 2786 1588 2810 1.
1609 2793 1633 2817 q.
1655 2786 1678 2810 2.
1701 2785 1816 2810 tundam.
1838 2785 1860 2810 4.
1881 2789 1905 2810 et
1925 2785 1948 2810 a.
1969 2799 2003 2803 —

1053 2831 1178 2861 Superius
1198 2833 1256 2861 post
1274 2829 1510 2855 excellentissimae
1536 2830 1624 2861 plures
1644 2829 1718 2855 codd.
1739 2830 1839 2855 addunt
1864 2831 1902 2862 et,
1925 2837 2004 2862 quam

1054 2874 1189 2899 lectionem
1209 2875 1378 2905 incongruam
1399 2873 1511 2899 secunda
1533 2880 1625 2898 manus
1645 2874 1668 2898 in
1690 2874 1746 2899 cod.
1768 2874 1784 2897 1)
1804 2875 1913 2899 correxit
1932 2881 2006 2905 prae·
2037 2877 2045 2880 ²

1054 2918 1178 2943 mittendo
1204 2917 1371 2950 operationis.
1398 2918 1461 2942 Voci
1488 2917 1688 2950 contemplando
1715 2917 1790 2943 codd.
1811 2918 1887 2942 ΕΗ(
1916 2917 2005 2949 praefi-

1054 2964 1118 2992 gant
1136 2960 1172 2986 in.

1123 3005 1134 3021 6
1154 3006 1264 3036 Seneca,
1291 3005 1368 3035 Epist.
1395 3006 1418 3029 6.
1445 3012 1468 3029 n.
1491 3004 1521 3030 4:
1548 3005 1645 3030 Nullius
1671 3005 1730 3030 boni
1757 3005 1811 3029 sine
1837 3008 1883 3030 etc.
1906 3019 1939 3023 —
1958 3005 2006 3030 Pro

1053 3050 1163 3080 mutua,
1187 3049 1257 3080 quod
1278 3048 1373 3074 babent
1392 3048 1467 3073 codd.
1488 3049 1548 3080 SU,
1571 3049 1611 3073 alii
1632 3049 1708 3074 codd.
1728 3051 1752 3074 et
1772 3049 1832 3074 edd.
1853 3048 1950 3074 inulta.

1124 3093 1135 3109 ⁷
1155 3094 1210 3118 Vnt.
1231 3092 1324 3126 qnietis
1344 3094 1369 3118 et
1386 3092 1597 3126 eoespectationis.

1128 3138 1138 3154 Β
1156 3138 1221 3163 Vide
1241 3145 1319 3169 supra
1340 3137 1364 3163 d.
1386 3138 1426 3162 ⁶20.
1446 3145 1471 3169 p.
1493 3138 1508 3162 1.
1529 3145 1553 3170 q.
1573 3138 1597 3162 6.

1123 3181 1134 3198 9
1153 3182 1213 3206 Sive
1238 3182 1328 3206 stolam
1355 3181 1478 3213 corporis.
1505 3181 1554 3207 Csr.
1574 3188 1653 3213 supra
1680 3189 1740 3213 pag.
1761 3181 1825 3213 553,
1854 3184 1911 3207 nota
1934 3182 1956 3213 1,
1983 3185 2009 3207 01

1055 3226 1175 3257 1110301..
1197 3226 1236 3250 lV.
1263 3225 1360 3257 niatog.
1380 3232 1403 3250 0.
1429 3226 1470 3251 25.
1489 3240 1524 3244 -
1544 3226 1601 3251 Post
1624 3225 1655 3251 cle
1675 3225 1770 3252 Glossa
1797 3225 1857 3251 edd.
1886 3226 2009 3257 supplent

1055 3269 1210 3301 dicendum,
1232 3268 1310 3302 quod.

1129 3312 1149 3328 ¹⁰
1169 3313 1271 3344 Quaest.
1297 3313 1415 3344 praeced.
1436 3316 1460 3338 et
1480 3313 1504 3338 d.
1526 3313 1567 3338 20.
1588 3320 1612 3344 p.
1633 3314 1649 3338 l.
1675 3321 1700 3346 11.
1722 3314 1751 3346 6,
1772 3313 1816 3339 0111
1842 3315 1917 3339 etiam
1938 3313 2008 3340 dieta

1056 3356 1221 3383 Sanctorum
1241 3357 1348 3388 allegata
1368 3360 1440 3389 sunt;
1462 3358 1506 3382 csr.
1527 3357 1615 3382 isidor.
1637 3357 1652 3382 1.
1674 3357 1705 3382 dc
1726 3357 1810 3383 Differ.
1831 3365 1856 3383 0.
1878 3358 1937 3383 288.

1129 3399 1147 3416 1¹
1169 3400 1233 3425 Vide
1247 3400 1281 3424 111.
1294 3401 1362 3425 Sent.
1374 3400 1398 3425 d.
1412 3400 1452 3425 27.
1464 3407 1486 3426 a.
1502 3401 1525 3426 1.
1539 3407 1563 3433 (1.
1576 3402 1605 3432 2,
1618 3407 1640 3425 a.
1655 3402 1677 3426 2.
1690 3408 1714 3433 q.
1725 3401 1778 3426 11.οῑ
1788 3401 1813 3426 d.
1826 3401 1867 3426 31.
1878 3408 1901 3426 a.
1912 3401 1936 3426 3.
1949 3401 2009 3433 (1.1.
