2483 3882
20 938 129 961 Conclusio
143 938 165 959 2.

19 1413 129 1435 Conclusio
145 1413 164 1433 3.

43 2378 105 2407 Argg.
122 2382 159 2404 pro

18 2410 84 2431 prima
92 2406 159 2431 parte.

827 267 920 298 DIST.
945 266 989 297 lit.
1014 266 1044 297 Ρ.
1068 265 1101 297 ll.
1125 266 1206 297 ART.
1232 265 1265 297 ll.
1290 265 1442 306 QUAEST.
1467 266 1499 296 ΙΙ.
2101 267 2137 297 81

180 355 235 388 sed
259 355 361 388 solum
385 354 424 387 de
449 354 523 386 bene
546 363 632 391 esse,
664 355 755 396 quia,
790 353 1050 396 quotiescumque
1074 352 1128 384 im-

179 411 318 449 mergat,
342 407 418 439 dum
443 410 547 439 tamen
571 407 677 440 debito
708 407 801 439 modo
836 410 866 439 et
888 406 955 438 sine
979 405 1126 438 dilatione

178 469 292 502 magna
326 459 448 492 verba¹
485 459 641 500 proferat,
679 459 853 501 baptismus
887 463 934 491 est
967 461 999 490 et
1022 458 1127 490 Sacra-

178 516 318 545 mentum
343 512 510 553 integrum.
549 512 608 543 Etsi
634 521 695 544 non
731 512 771 544 sit
806 512 834 544 ei
858 512 897 543 de
920 510 1126 547 necessitate,

178 568 225 597 est
240 569 344 597 tamen
361 565 399 597 de
416 564 623 606 confinitate
640 568 768 606 propter
785 563 1058 605 significationem,
1075 563 1124 595 cui

178 617 322 659 congruit
346 617 449 649 unitas
466 620 496 649 et
514 616 636 649 trinitas
652 635 695 639 —
711 620 746 649 ut
762 620 846 658 patet
869 616 900 648 in
928 615 991 648 fide
1022 615 1128 647 Trini-

179 670 271 708 tatis,
296 670 370 711 quia
406 669 510 701 unitas
545 672 592 701 est
623 669 653 701 in
689 669 840 707 essentia,
866 669 919 701 sed
949 668 1071 700 trinitas
1095 667 1126 699 in

177 723 334 766 personis3
358 722 502 755 similiter
527 722 556 754 in
585 727 689 754 morte
726 722 868 759 Christi,
894 721 968 763 quia
992 730 1055 753 una
1080 724 1127 753 est

180 777 211 808 in
235 776 386 814 essentia,
411 776 466 807 sed
491 775 593 807 trihus
609 775 721 808 diebus
737 775 795 807 fuit
812 775 847 806 in
863 775 960 806 corde
977 773 1127 811 terrae²;

182 829 325 862 similiter
346 828 498 871 ¹qratiae,
523 828 597 869 quia
626 837 690 860 una
720 831 767 860 est
795 827 825 859 in
850 836 900 866 se,
925 827 979 859 sed
1010 826 1127 868 triplex

177 882 208 913 in
230 881 401 914 virtutibus
425 881 529 913 unitas
545 883 575 912 et
592 880 713 913 trinitas
730 881 874 913 convenit
889 899 934 903 —
950 880 1005 913 sed
1022 883 1125 912 tamen

177 934 276 975 magis
312 933 434 965 trinitas
468 936 597 975 propter
633 934 868 975 expressionem
904 933 1073 971 maiorein3
1098 935 1128 965 et

176 987 247 1019 ideo
270 990 443 1028 utrumque
468 994 589 1018 morem
614 989 718 1018 servat
744 985 888 1027 Ecclesia.
906 985 965 1018 Sed
990 985 1128 1017 Romana

176 1039 310 1072 Ecclesia
334 1042 482 1081 tanquam
509 1038 703 1080 praecellens
734 1038 849 1070 trinam
874 1041 979 1070 servat
1004 1037 1128 1069 immer-

175 1091 311 1130 sionem,
328 1094 396 1123 tum
414 1093 542 1132 propter
559 1090 817 1132 significationem
841 1089 1034 1127 Trinitatis,
1059 1093 1125 1122 tum

175 1144 268 1177 etiam
294 1143 473 1175 triduanae
507 1142 713 1184 sepulturae,
750 1146 818 1175 tum
854 1142 948 1174 etiam
985 1141 1127 1183 triplicis

175 1196 456 1238 concupiscentiae
469 1195 491 1234 ³,
509 1205 527 1227 a
552 1204 615 1237 qua
638 1195 742 1227 anima
764 1195 931 1234 liberatur,
948 1199 1014 1227 tum
1033 1195 1127 1228 etiam

176 1253 304 1292 propter
341 1249 502 1292 triplicem
536 1249 711 1287 virtutem,
746 1258 809 1290 qua
834 1248 936 1290 imago
969 1248 999 1280 in
1023 1249 1127 1281 anima

176 1303 377 1336 reformatur.

266 1356 295 1388 Si
321 1356 503 1398 quaeritur,
520 1357 642 1398 quoties
658 1356 697 1388 sit
714 1356 985 1397 immergendum3
1002 1363 1128 1396 respon-

176 1409 248 1441 deo:
274 1408 449 1441 secundum
475 1417 594 1440 morem
621 1408 788 1446 Ecclesiae3
804 1408 858 1449 qui
875 1410 981 1439 autem
999 1406 1128 1448 propria

175 1461 360 1494 auctoritate
385 1464 502 1499 mutat,
537 1465 653 1502 peccat.
692 1461 725 1492 Et
759 1461 829 1493 ideo
858 1460 1017 1498 dicitur⁴,
1042 1459 1126 1501 quod

1191 352 1397 394 deponendus
1420 356 1468 384 est
1491 352 1674 394 episcopus,
1698 362 1758 384 non
1784 353 1858 394 quia
1882 361 1942 384 non
1960 352 2144 394 baptizaret,

1190 405 1246 437 sed
1258 404 1333 446 quia
1345 405 1474 446 propria
1490 405 1676 437 auctoritate
1692 414 1774 436 nova
1790 405 2013 437 introduceret.
2030 424 2073 428 —
2091 405 2146 437 iia-

1191 457 1290 489 tiones
1307 457 1402 498 igitur
1420 457 1605 498 probantes,
1622 457 1707 499 quod
1725 460 1771 489 ter
1797 458 2004 498 mergendum
2029 458 2085 494 sit,
2104 458 2144 489 in-

1191 509 1377 551 telligendae
1394 514 1468 542 sunt
1484 510 1659 542 secundum
1677 518 1795 542 morem
1812 510 1964 542 Ecclesiae
1979 511 2142 542 Romanae.

1282 564 1309 593 1.
1333 562 1375 594 Ad
1402 562 1478 594 illud
1504 562 1588 603 quod
1613 562 1760 595 obiicitur
1776 562 1815 594 ad
1833 563 2011 604 oppositum
2030 563 2142 604 primo,
2169 568 2250 615 Solfftio
2265 574 2303 595 01³-

1190 614 1377 653 dicendum,
1402 615 1486 656 quod
1524 615 1662 656 loquitur
1698 615 1871 647 secundum
1910 624 2027 647 morem
2059 615 2143 648 illius
2159 600 2286 622 pomorum.

1192 667 1362 705 Ecclesiae,
1387 667 1415 698 in
1442 676 1504 709 qua
1530 671 1650 699 tantum
1675 667 1795 699 solebat
1822 668 1918 700 semel
1944 668 2063 709 mergi,
2088 668 2141 700 sed

1190 719 1339 751 haeretici
1365 719 1549 760 inceperunt
1574 719 1741 751 immutare
1756 720 1784 751 ⁵:
1810 720 1880 752 ideo
1903 723 2082 752 statuerunt
2105 724 2144 752 te-

1191 780 1275 810 nere,
1300 780 1338 803 ne
1362 771 1547 803 viderentur
1574 772 1693 804 haeresi
1719 772 1905 804 consentire.

1279 826 1309 856 2.
1335 824 1363 856 3.
1388 825 1418 856 [ι.
1443 824 1487 856 Ad
1512 824 1591 856 illud
1616 825 1701 866 quod
1736 824 1900 863 obiicitur,
1936 825 2020 866 quod
2046 825 2142 866 bapti-

1191 886 1279 910 smus
1303 880 1350 909 est
1373 876 1496 913 tinctio;
1530 877 1718 914 dicendum,
1743 877 1828 919 quod
1860 886 1921 909 non
1946 881 1993 909 est
2016 887 2075 919 per
2099 887 2143 909 es-

1190 929 1350 967 sentiam,
1375 928 1434 960 nisi
1458 929 1595 961 addatur
1619 929 1720 961 forma
1744 930 1955 971 praescripta,
1987 930 2012 962 si
2038 934 2142 962 tamen
2158 939 2288 960 Notandum.

1192 983 1299 1015 tinctio
1323 982 1377 1015 fiat
1401 991 1473 1015 cum
1497 982 1692 1014 invocatione
1708 982 1882 1022 Trinitatis,
1906 983 2063 1025 baptisma
2087 987 2142 1015 est.

1192 1036 1227 1068 Et
1250 1036 1276 1067 si
1301 1036 1331 1067 in
1357 1045 1420 1068 una
1444 1035 1576 1077 protulit
1599 1035 1704 1067 omnia
1739 1035 1854 1074 verba,
1879 1044 1940 1067 non
1966 1035 2058 1068 debet
2082 1044 2145 1067 am-

1191 1088 1275 1130 plius
1309 1097 1470 1130 mergere,
1506 1088 1581 1130 quia
1616 1088 1772 1130 baptisma
1807 1091 2062 1121 consummatum
2087 1092 2142 1121 est.

1191 1141 1250 1173 Sed
1275 1141 1401 1182 quando
1426 1140 1461 1173 fit
1484 1140 1565 1172 trina
1590 1139 1764 1179 immersio,
1790 1140 1820 1172 in
1845 1140 1948 1182 prima
1976 1140 2069 1173 debet
2093 1150 2144 1172 no-

1191 1194 1305 1226 minari
1329 1194 1450 1239 Pater,
1476 1194 1507 1225 in
1531 1193 1670 1226 secunda
1695 1193 1822 1232 Filius,
1839 1194 1869 1225 in
1888 1193 1979 1226 tertia
1997 1193 2144 1235 Spiritus

1190 1252 1346 1285 sanctas;
1370 1247 1425 1279 et⁶
1450 1250 1524 1279 tunc
1560 1247 1647 1279 nulla
1683 1246 1867 1289 superfluit,
1904 1246 1977 1288 quia
2012 1256 2073 1278 non
2098 1250 2145 1279 est

1191 1301 1383 1343 completum
1407 1300 1663 1339 Sacramentum,
1688 1309 1854 1342 quousque
1878 1299 2082 1332 terminatum
2105 1299 2144 1331 sit

1191 1344 1340 1391 verbum,
1364 1352 1513 1394 incipitur
1537 1353 1619 1385 enim
1645 1352 1805 1384 immersio
1822 1361 1894 1384 cum
1912 1351 2008 1384 verbo
2025 1355 2055 1383 et
2072 1360 2144 1383 cum

1191 1406 1245 1438 illo
1269 1407 1466 1438 terminatur.
1491 1424 1534 1428 —
1558 1406 1697 1447 Sequens
1721 1408 1827 1447 patet,
1861 1404 2021 1443 similiter,
2047 1412 2144 1446 quare

1192 1459 1292 1501 magis
1317 1462 1364 1491 ter
1389 1467 1484 1500 quam
1509 1459 1574 1497 bis,
1599 1462 1629 1491 et
1653 1461 1757 1491 cetera
1782 1458 1911 1491 obiecta.

1015 1575 1311 1616 SOHOLION.

244 1692 260 1716 l.
280 1691 353 1717 Circa
373 1691 438 1717 duas
458 1692 535 1717 liuius
554 1692 653 1717 articuli
673 1692 838 1724 quaestiones
858 1691 1053 1716 observandum
1074 1693 1127 1722 est,

174 1735 245 1768 quod
266 1735 427 1760 consuetudo
447 1735 594 1766 baptizandi
615 1742 662 1766 per
674 1734 837 1760 ablutionem
856 1735 898 1759 vix
912 1737 970 1759 ante
984 1741 1050 1759 saec.
1066 1734 1128 1758 Xlll.

175 1780 199 1804 in
220 1779 331 1804 Ecclesia
352 1779 468 1804 Romana
493 1779 567 1803 latius
595 1779 687 1803 diffusa
716 1782 761 1803 est.
791 1779 911 1809 Magister
939 1778 1128 1802 Sententiarum

174 1824 253 1849 solius
280 1823 459 1849 immersionis
489 1823 618 1854 meminit,
648 1826 672 1848 et
698 1823 724 1847 B.
750 1822 845 1847 Albert.
875 1821 928 1854 (liic
956 1829 977 1846 a.
1008 1821 1031 1846 5.
1052 1828 1130 1853 quae-

174 1868 265 1893 stiunc.
286 1867 320 1899 3.)
341 1867 374 1892 de
394 1874 463 1892 nunc
482 1870 585 1898 recepta
606 1866 794 1892 consuetudine
819 1866 851 1891 ad
871 1869 985 1891 mentem
1004 1866 1028 1890 S.
1048 1866 1128 1890 Bona-

173 1914 298 1935 venturac
319 1912 365 1935 ait:
391 1910 467 1935 «Non
488 1912 549 1935 milii
579 1910 682 1936 videtur
710 1917 767 1935 esse
787 1909 932 1942 laudabilis,
959 1909 1004 1934 sed
1025 1910 1128 1934 immer-

174 1955 250 1986 gendi
270 1955 431 1980 consuetudo
450 1955 603 1980 laudabilior
623 1958 695 1980 est».
710 1955 801 1980 Adhuc
815 1954 953 1979 Durandus
968 1954 1055 1985 docet,
1070 1960 1128 1979 con-

174 2000 309 2030 gruentius
328 1998 488 2030 baptismum
519 1999 573 2023 sieri
604 2006 651 2030 per
680 2000 773 2024 trinam
798 1999 1002 2023 immersionem.
1032 1997 1128 2023 Omnes

1192 1693 1279 1715 autem
1310 1693 1427 1722 censent,
1462 1696 1677 1722 uuuinqucmsuie
1708 1689 1804 1714 debere
1835 1690 2050 1715 consuetudinem
2083 1698 2145 1715 suae

1192 1734 1320 1759 Ecclesiae
1334 1735 1358 1758 iu
1373 1735 1422 1758 ritu
1436 1733 1584 1765 baptizandi
1601 1733 1750 1758 observare.
1766 1748 1799 1750 —
1813 1734 1898 1758 Ritum
1919 1732 2063 1759 (thlutloue's
2078 1741 2145 1759 nuuc

1192 1778 1217 1802 in
1238 1778 1349 1802 Ecclesia
1369 1777 1457 1802 Latina
1477 1784 1644 1802 communem
1664 1784 1734 1807 esse,
1755 1778 1919 1802 notissimum
1939 1781 1985 1802 est.

1263 1821 1298 1846 De
1319 1824 1428 1853 utraque
1448 1822 1611 1853 quaestione:
1633 1821 1701 1846 Alex.
1724 1821 1785 1853 Hal,
1813 1822 1837 1846 S.
1866 1828 1891 1853 p.
1913 1822 1954 1846 lV.
1975 1829 1999 1853 q.
2021 1822 2044 1846 8.
2066 1829 2099 1846 m.
2121 1822 2144 1846 3.

1192 1873 1214 1890 a.
1236 1865 1258 1890 4.
1278 1880 1312 1882 —
1333 1865 1408 1896 Scot.,
1422 1865 1462 1889 tv.
1478 1866 1546 1890 Sent.
1562 1865 1585 1890 d.
1601 1865 1625 1890 6.
1641 1873 1666 1897 q.
1686 1866 1705 1889 1.
1720 1872 1744 1890 n.
1759 1866 1781 1890 2.
1796 1867 1821 1890 et
1835 1866 1940 1897 passim.
1954 1879 1989 1883 —
2002 1866 2027 1890 S.
2043 1866 2145 1897 Tuom,

1192 1910 1233 1934 1110
1253 1916 1278 1941 q.
1303 1910 1322 1933 1.
1343 1916 1364 1934 a.
1387 1908 1415 1940 4;
1437 1909 1461 1933 S.
1483 1909 1518 1934 lll.
1539 1917 1563 1941 q.
1594 1909 1635 1933 66.
1665 1916 1687 1934 a.
1707 1908 1732 1933 7.
1752 1923 1787 1927 —
1805 1909 1869 1934 Pctr.
1890 1916 1903 1934 a
1925 1910 1993 1941 Tar.,
2016 1911 2056 1934 liic
2076 1917 2100 1942 q.
2122 1910 2146 1934 3.

1191 1960 1214 1977 a.
1235 1954 1258 1977 2.
1278 1966 1314 1971 --
1333 1952 1453 1978 Richard.
1473 1960 1487 1977 a
1507 1952 1581 1984 Med,
1601 1954 1642 1978 hic
1656 1960 1677 1977 a.
1703 1953 1714 1977 i
1735 1960 1759 1985 (1.
1781 1953 1803 1978 3.
1817 1967 1852 1971 —
1872 1953 1995 1984 Dui·an(l.,
2015 1954 2056 1978 liic
2076 1960 2100 1985 (1.
2123 1953 2145 1978 t..

1192 2012 1225 2015 —
1244 1997 1350 2028 Dionys.
1371 1996 1466 2029 Carth„
1487 1998 1528 2022 liic
1548 2005 1572 2029 q.
1593 1997 1617 2022 4.

1041 2113 1224 2155 QUAESTIO
1249 2113 1281 2144 ll.

794 2211 963 2251 Qucmtuni
988 2211 1214 2252 baptizandus
1237 2210 1349 2242 debeat
1373 2210 1535 2252 immergi.

264 2322 406 2354 Secundo
431 2322 609 2363 quaeritur,
626 2324 780 2364 quantum
797 2324 939 2363 oporteat
955 2321 1126 2363 parvulum

175 2370 317 2416 immergi
344 2375 383 2406 ad
408 2375 480 2414 hoc,
512 2375 596 2416 quod
633 2374 672 2407 sit
706 2374 892 2416 baptismus.
918 2374 951 2405 Et
976 2374 1060 2415 quod
1086 2377 1127 2405 to-

175 2432 241 2460 tum
268 2436 400 2469 corpus,
424 2427 567 2459 videtur:

266 2482 293 2511 ’1.
311 2480 390 2521 Quia
414 2480 538 2521 signum
556 2483 603 2512 est
620 2480 773 2521 passionis
789 2483 819 2512 et
836 2479 945 2511 mortis
957 2480 984 2510 ⁷:
1007 2488 1082 2520 ergo
1100 2479 1124 2510 si

175 2534 318 2565 Christus
343 2537 426 2565 totus
451 2541 563 2574 passus
587 2536 634 2564 est
669 2536 699 2564 et
735 2535 897 2570 mortuus,
923 2535 1006 2563 totus
1030 2532 1124 2562 homo

176 2585 351 2618 necessario
376 2585 584 2626 immergitur.

265 2639 293 2670 9.
319 2638 411 2676 Item,
436 2637 612 2678 baptismus
636 2640 682 2669 est
718 2636 895 2668 remedium
924 2639 1033 2667 contra
1057 2644 1125 2666 con-

175 2690 398 2732 cupiscentiam
409 2702 416 2728 3
441 2690 495 2722 sed
521 2689 771 2731 concupiscentia
788 2691 834 2720 est
853 2688 881 2719 in
899 2691 962 2720 toto
979 2696 1124 2729 corpore,

175 2744 248 2785 quia
273 2746 335 2775 tota
359 2752 432 2775 caro
456 2746 503 2775 est
527 2743 676 2774 infectas:
702 2751 777 2783 ergo
801 2745 857 2773 etc.

1282 2320 1311 2352 3.
1337 2321 1422 2358 item,
1436 2320 1460 2353 si
1475 2320 1643 2359 sufficeret,
1656 2320 1794 2362 aliquam
1811 2324 1931 2362 partem
1948 2321 2056 2361 mergi,
2074 2329 2145 2352 cum

1192 2382 1283 2414 pars,
1301 2381 1358 2414 per
1382 2382 1478 2414 quam
1503 2373 1696 2405 transfusum
1722 2377 1768 2405 est
1792 2373 1960 2414 originale,
1978 2377 2007 2405 et
2030 2374 2059 2404 in
2083 2382 2146 2414 qua

1192 2426 1276 2467 viget
1300 2426 1569 2466 concupiscentia,
1591 2426 1652 2457 sint
1677 2425 1819 2457 membra
1851 2425 2014 2466 genitalia,
2047 2425 2146 2466 magis

1192 2477 1368 2516 sufficeret,
1392 2477 1476 2509 illam
1501 2481 1623 2519 partem
1650 2477 1793 2518 immergi
1819 2487 1913 2519 quam
1938 2477 2031 2509 aliam
2041 2478 2061 2516 ⁰3
2090 2478 2143 2509 sed

1192 2531 1299 2562 nullus
1317 2531 1400 2569 dicit,
1414 2530 1498 2572 quod
1516 2530 1665 2562 sufficiat:
1680 2540 1755 2571 ergo
1773 2530 1865 2562 debet
1878 2530 2019 2571 immergi
2036 2534 2144 2562 totum.

1280 2583 1422 2615 CONTRA:
1454 2584 1477 2614 l.
1508 2583 1643 2623 Apostoli
1678 2583 1917 2623 baptizaverunt
1952 2583 2012 2614 tria
2048 2583 2145 2615 millia
2161 2590 2304 2612 Proseeunda

1190 2635 1354 2667 homiuum
1379 2644 1442 2667 una
1464 2635 1513 2666 die
1527 2635 1563 2672 ¹⁰3
1581 2638 1611 2666 et
1628 2638 1761 2673 constat,
1778 2635 1861 2675 quod
1880 2643 1940 2666 non
1960 2636 2144 2676 mergendo,
2195 2620 2264 2644 mm

1190 2687 1263 2729 quia
1287 2696 1348 2719 non
1384 2687 1536 2719 haberent
1572 2696 1701 2728 aquam,
1737 2696 1811 2727 ergo
1847 2687 2059 2728 aspergendo,
2090 2688 2144 2720 sed

1189 2739 1313 2781 aspergi
1338 2748 1400 2770 non
1424 2743 1525 2780 potest
1550 2743 1633 2771 totus
1659 2739 1768 2770 hoino:
1795 2748 1870 2780 ergo
1894 2743 1951 2771 etc.

247 2906 254 2922 1
276 2905 357 2932 Codd.
383 2908 501 2932 omittunt
521 2905 617 2937 verba,
638 2909 662 2931 et
682 2906 738 2931 cod.
767 2906 785 2930 ll
811 2907 977 2938 prosequitur
999 2904 1130 2937 perfectus

177 2950 325 2983 baptismus
344 2952 389 2976 est.
410 2953 468 2976 Post
492 2950 576 2977 debito
595 2951 673 2977 niodo
694 2952 716 2975 iu
739 2951 795 2976 cod.
818 2951 837 2975 Y
857 2951 960 2976 additur
979 2950 1059 2983 lucta.
1080 2950 1129 2975 Ct'r.

176 2998 261 3019 tamen
284 2995 349 3019 iutra
368 2994 401 3019 ad
423 2993 521 3025 &ll-set
541 2995 609 3018 Alex.
629 2995 698 3025 Hal„
719 2995 743 3018 S.
764 3001 788 3025 p.
811 2994 850 3018 lV.
871 3001 895 3026 q.
917 2995 940 3018 8.
961 3001 994 3018 m.
1016 2993 1038 3018 li.
1059 2993 1073 3025 2]
1094 2994 1116 3017 3.

248 3037 259 3053 ²
278 3038 362 3063 Mattli.
389 3038 431 3068 12,
453 3037 502 3062 40:
523 3039 593 3062 Sicut
612 3039 680 3062 euim
701 3038 747 3062 fuit
768 3038 865 3062 lonas...
886 3038 921 3062 sic
935 3039 982 3062 erit
996 3037 1071 3062 Filius
1086 3039 1130 3062 lio-

176 3081 253 3105 minis
272 3081 297 3105 in
318 3081 396 3105 corde
416 3085 499 3107 terrae
520 3081 602 3105 tribus
622 3080 714 3106 dicbus
733 3085 757 3106 et
777 3080 858 3105 tribus
879 3081 1004 3105 noctibus.
1025 3081 1074 3105 Cl'r.
1091 3082 1130 3105 liic

176 3125 211 3149 lit.
227 3125 353 3155 Magistri,
368 3131 389 3149 c.
404 3124 427 3155 7,
443 3128 467 3149 et
483 3125 600 3156 Dionys,
617 3125 648 3149 dc
663 3125 756 3149 Eccles.
771 3125 901 3149 Ilierarcli.
916 3132 936 3149 c.
953 3126 976 3149 2.
989 3132 1012 3156 p.
1029 3125 1062 3149 111.
1077 3125 1091 3156 [j
1105 3125 1128 3149 7.
1162 3141 1163 3147 1

247 3168 257 3184 3
278 3168 313 3192 Dc
333 3175 382 3200 qua
404 3168 464 3193 vide
484 3169 498 3193 1.
522 3169 588 3193 toan.
610 3170 639 3200 -2,
665 3169 701 3193 16.
723 3183 755 3186 —
776 3169 831 3203 VaJ.
853 3168 1003 3194 tumetium
1019 3171 1130 3202 propter

178 3210 289 3243 triplicis·
309 3210 535 3243 concupiscentiae
559 3210 742 3236 minutionem.
770 3212 876 3236 lnserius
896 3219 943 3242 pro
963 3219 1016 3245 qua
1041 3211 1130 3244 imuyo

177 3254 233 3279 cod,
264 3254 283 3278 lI
312 3261 381 3287 quae
404 3261 453 3287 per
479 3254 628 3286 Christum,
656 3254 697 3279 ed.
729 3256 733 3279 1
765 3262 824 3280 cum
850 3256 947 3288 aliquot
972 3256 1047 3281 codd.
1077 3263 1130 3288 qua

179 3297 311 3324 Christus.

247 3342 257 3358 ⁴
281 3343 306 3367 ln
336 3342 438 3368 Canonc
468 3343 648 3374 praeallegato.
679 3357 712 3360 —-
742 3343 819 3368 Paulo
849 3344 953 3368 interius
982 3351 1029 3375 pro
1062 3351 1130 3369 uum

177 3385 252 3410 codd.
275 3386 320 3410 DF
332 3386 351 3409 ΙΙ
370 3392 469 3411 novam
489 3385 714 3411 consuetudinem.

323 3437 350 3464 S.
370 3439 471 3463 Bonae.
492 3452 525 3455 —-
545 3439 620 3462 Toni.
643 3438 683 3462 lV.

1264 2903 1275 2920 5
1294 2903 1375 2928 (locld.
1397 2904 1446 2927 Ati
1459 2904 1476 2927 lt
1490 2904 1508 2927 l<
1524 2904 1544 2927 V
1555 2910 1584 2927 aa
1604 2904 1725 2934 inuitur,
1748 2903 1804 2928 cod.
1826 2902 1860 2928 bl]
1881 2902 1929 2928 hoc
1948 2905 2061 2929 mutare.
2082 2903 2145 2928 Sul)-

1195 2947 1253 2971 indc
1284 2954 1331 2978 pro
1360 2948 1460 2977 tenere,
1493 2946 1563 2978 quod
1589 2946 1664 2970 codd.
1692 2946 1708 2969 Ε
1721 2947 1753 2971 W
1780 2947 1912 2977 omittunt,
1943 2947 2029 2977 plures
2049 2947 2146 2977 codd,

1195 2994 1312 3016 contextu
1334 2995 1507 3021 repugnante,
1528 2991 1581 3021 ter,
1604 2989 1662 3014 odd.
1684 2989 1749 3014 bene
1768 2990 1862 3021 semel,
1884 2990 1941 3015 cod.
1962 2991 1979 3014 F
1999 2991 2073 3021 legit:
2088 2990 2143 3015 aleo

1194 3034 1286 3060 statuit
1306 3034 1423 3060 Ecclesia
1444 3036 1496 3065 ter,
1516 3041 1548 3058 nc
1569 3033 1721 3059 riderentur
1739 3033 1789 3059 silli
1807 3034 1961 3060 consentire.

1264 3079 1273 3095 ὓ
1295 3079 1356 3103 Edd.
1369 3078 1439 3111 qum.
1456 3079 1560 3103 interius
1575 3076 1632 3109 post
1646 3078 1819 3103 terminatum
1832 3079 1891 3103 edd.
1907 3079 2066 3110 subiunguut
2082 3086 2143 3104 uon.

1264 3123 1275 3139 ⁷
1295 3123 1352 3147 Scit.
1373 3123 1472 3147 tJliristi.
1502 3122 1550 3147 Ct'r.
1572 3127 1670 3153 quaest.
1691 3122 1810 3152 praeced.
1831 3136 1863 3138 —
1883 3122 2006 3153 Superius
2026 3130 2073 3153 pro
2100 3121 2144 3147 Im-

1193 3166 1307 3199 psisnzus
1326 3166 1385 3191 cdd.
1406 3173 1464 3190 cuin
1485 3166 1580 3197 aliquot
1600 3165 1675 3190 codd.
1696 3165 1854 3198 baptisatus.

1264 3210 1274 3226 5
1293 3210 1342 3235 Cir.
1365 3211 1436 3235 llom.
1457 3210 1485 3240 7,
1508 3210 1548 3234 23.
1569 3217 1639 3241 scq.;
1660 3210 1712 3234 Gal.
1735 3209 1763 3239 5,
1783 3210 1819 3234 17.
1834 3217 1923 3242 ses1s1.;
1939 3210 1964 3234 ll.
1978 3210 2046 3235 Seni.
2061 3210 2085 3234 d.
2101 3211 2141 3235 30.

1193 3262 1215 3280 a.
1237 3256 1259 3279 2.
1280 3262 1304 3286 (1.
1330 3255 1348 3278 1.
1369 3258 1392 3278 et
1413 3254 1436 3278 d.
1458 3254 1498 3278 32.
1519 3261 1540 3278 a.
1563 3255 1585 3278 2.
1606 3261 1630 3285 q.
1657 3254 1675 3278 1.

1263 3298 1273 3314 9
1294 3298 1358 3323 Vide
1379 3298 1403 3322 11.
1424 3298 1491 3322 Seni.
1512 3297 1536 3321 d.
1558 3298 1598 3321 31.
1619 3305 1640 3321 a.
1667 3298 1685 3322 1.
1707 3305 1730 3329 q.
1753 3298 1776 3322 3.

1265 3342 1284 3358 10
1304 3344 1355 3367 Aci.
1378 3343 1403 3372 2,
1427 3341 1633 3365 ι1-1.-1111“ι“1·111ε
1661 3345 1718 3372 post
1738 3347 1790 3366 uon
1807 3343 1892 3374 potest
1917 3341 1993 3366 codd.
2016 3342 2079 3366 FGl
2101 3341 2142 3366 ad-

1192 3386 1255 3411 dunt
1276 3385 1391 3411 [minino.

1973 3439 1977 3462 1
1991 3440 1995 3462 1
