<?xml version="1.0" encoding="UTF-8"?>
<!DOCTYPE html PUBLIC "-//W3C//DTD XHTML 1.0 Transitional//EN"
    "http://www.w3.org/TR/xhtml1/DTD/xhtml1-transitional.dtd">
<html xmlns="http://www.w3.org/1999/xhtml" xml:lang="en" lang="en">
 <head>
  <title>
</title>
<meta http-equiv="Content-Type" content="text/html;charset=utf-8" />
  <meta name='ocr-system' content='tesseract 3.04.00' />
  <meta name='ocr-capabilities' content='ocr_page ocr_carea ocr_par ocr_line ocrx_word'/>
</head>
<body>
  <div class='ocr_page' id='page_1' title='image "./doctorisseraphic04bona_0270.png"; bbox 0 0 2483 3882; ppageno 0'>
   <div class='ocr_carea' id='block_1_1' title="bbox 210 963 326 990">
    <p class='ocr_par' dir='ltr' id='par_1_1' title="bbox 210 963 326 990">
     <span class='ocr_line' id='line_1_1' title="bbox 210 963 326 990; baseline 0 -6"><span class='ocrx_word' id='word_1_1' title='bbox 210 963 289 990; x_wconf 86' lang='lat' dir='ltr'>Opinio</span> <span class='ocrx_word' id='word_1_2' title='bbox 305 963 326 984; x_wconf 69' lang='lat' dir='ltr'>li.</span> 
     </span>
    </p>
   </div>
   <div class='ocr_carea' id='block_1_2' title="bbox 180 1333 321 1360">
    <p class='ocr_par' dir='ltr' id='par_1_2' title="bbox 180 1333 321 1360">
     <span class='ocr_line' id='line_1_2' title="bbox 180 1333 321 1360; baseline -0.007 -6"><span class='ocrx_word' id='word_1_3' title='bbox 180 1333 321 1360; x_wconf 77' lang='lat' dir='ltr'>improbatur.</span> 
     </span>
    </p>
   </div>
   <div class='ocr_carea' id='block_1_3' title="bbox 214 1703 326 1730">
    <p class='ocr_par' dir='ltr' id='par_1_3' title="bbox 214 1703 326 1730">
     <span class='ocr_line' id='line_1_3' title="bbox 214 1703 326 1730; baseline -0.009 -6"><span class='ocrx_word' id='word_1_4' title='bbox 214 1703 292 1730; x_wconf 83' lang='lat' dir='ltr'>Opinio</span> <span class='ocrx_word' id='word_1_5' title='bbox 307 1703 326 1723; x_wconf 75' lang='grc' dir='ltr'>ὅ.</span> 
     </span>
    </p>
   </div>
   <div class='ocr_carea' id='block_1_4' title="bbox 205 1756 327 1777">
    <p class='ocr_par' dir='ltr' id='par_1_4' title="bbox 205 1756 327 1777">
     <span class='ocr_line' id='line_1_4' title="bbox 205 1756 327 1777; baseline 0 -1"><span class='ocrx_word' id='word_1_6' title='bbox 205 1756 327 1777; x_wconf 77' lang='lat' dir='ltr'>Distinctio.</span> 
     </span>
    </p>
   </div>
   <div class='ocr_carea' id='block_1_5' title="bbox 341 237 404 268">
    <p class='ocr_par' dir='ltr' id='par_1_5' title="bbox 341 237 404 268">
     <span class='ocr_line' id='line_1_5' title="bbox 341 237 404 268; baseline 0 0"><span class='ocrx_word' id='word_1_7' title='bbox 341 237 404 268; x_wconf 72' lang='lat'>250</span> 
     </span>
    </p>
   </div>
   <div class='ocr_carea' id='block_1_6' title="bbox 338 319 1297 1894">
    <p class='ocr_par' dir='ltr' id='par_1_6' title="bbox 338 319 1293 880">
     <span class='ocr_line' id='line_1_6' title="bbox 341 319 1291 365; baseline -0.006 -9"><span class='ocrx_word' id='word_1_8' title='bbox 341 323 532 365; x_wconf 87' lang='lat' dir='ltr'>impossibile</span> <span class='ocrx_word' id='word_1_9' title='bbox 554 325 616 361; x_wconf 79' lang='grc' dir='ltr'>θεῖ,</span> <span class='ocrx_word' id='word_1_10' title='bbox 634 321 718 363; x_wconf 86' lang='lat' dir='ltr'>quod</span> <span class='ocrx_word' id='word_1_11' title='bbox 736 321 848 352; x_wconf 88' lang='lat' dir='ltr'>ultima</span> <span class='ocrx_word' id='word_1_12' title='bbox 864 320 926 352; x_wconf 87' lang='lat' dir='ltr'>sint</span> <span class='ocrx_word' id='word_1_13' title='bbox 943 319 1055 358; x_wconf 87' lang='lat' dir='ltr'>simul;</span> <span class='ocrx_word' id='word_1_14' title='bbox 1072 319 1156 351; x_wconf 89' lang='lat' dir='ltr'>unde</span> <span class='ocrx_word' id='word_1_15' title='bbox 1182 319 1213 351; x_wconf 93' lang='lat' dir='ltr'>in</span> <span class='ocrx_word' id='word_1_16' title='bbox 1238 319 1291 351; x_wconf 86' lang='lat' dir='ltr'>illa</span> 
     </span>
     <span class='ocr_line' id='line_1_7' title="bbox 339 371 1291 418; baseline -0.005 -10"><span class='ocrx_word' id='word_1_17' title='bbox 339 375 584 418; x_wconf 72' lang='lat' dir='ltr'>contiyuatione</span> <span class='ocrx_word' id='word_1_18' title='bbox 607 377 745 416; x_wconf 84' lang='lat' dir='ltr'>punctus</span> <span class='ocrx_word' id='word_1_19' title='bbox 769 373 949 405; x_wconf 85' lang='lat' dir='ltr'>substratus</span> <span class='ocrx_word' id='word_1_20' title='bbox 973 381 1034 403; x_wconf 91' lang='lat' dir='ltr'>non</span> <span class='ocrx_word' id='word_1_21' title='bbox 1057 371 1094 413; x_wconf 78' lang='lat' dir='ltr'>sit</span> <span class='ocrx_word' id='word_1_22' title='bbox 1126 371 1210 409; x_wconf 81' lang='lat' dir='ltr'>duo,</span> <span class='ocrx_word' id='word_1_23' title='bbox 1236 371 1291 404; x_wconf 89' lang='lat' dir='ltr'>sed</span> 
     </span>
     <span class='ocr_line' id='line_1_8' title="bbox 339 424 1291 469; baseline -0.005 -9"><span class='ocrx_word' id='word_1_24' title='bbox 339 428 404 460; x_wconf 89' lang='lat' dir='ltr'>duo</span> <span class='ocrx_word' id='word_1_25' title='bbox 427 431 543 469; x_wconf 89' lang='lat' dir='ltr'>puncta</span> <span class='ocrx_word' id='word_1_26' title='bbox 566 426 732 458; x_wconf 84' lang='lat' dir='ltr'>uniuntur</span> <span class='ocrx_word' id='word_1_27' title='bbox 749 425 785 456; x_wconf 86' lang='lat' dir='ltr'>in</span> <span class='ocrx_word' id='word_1_28' title='bbox 808 434 890 462; x_wconf 90' lang='lat' dir='ltr'>uno,</span> <span class='ocrx_word' id='word_1_29' title='bbox 915 433 972 456; x_wconf 89' lang='lat' dir='ltr'>nec</span> <span class='ocrx_word' id='word_1_30' title='bbox 996 427 1100 456; x_wconf 90' lang='lat' dir='ltr'>tamen</span> <span class='ocrx_word' id='word_1_31' title='bbox 1122 424 1241 456; x_wconf 72' lang='lat' dir='ltr'>cedmzt</span> <span class='ocrx_word' id='word_1_32' title='bbox 1260 424 1291 456; x_wconf 87' lang='lat' dir='ltr'>in</span> 
     </span>
     <span class='ocr_line' id='line_1_9' title="bbox 340 477 1292 521; baseline -0.004 -8"><span class='ocrx_word' id='word_1_33' title='bbox 340 489 439 513; x_wconf 86' lang='lat' dir='ltr'>unum</span> <span class='ocrx_word' id='word_1_34' title='bbox 468 483 598 521; x_wconf 87' lang='lat' dir='ltr'>propter</span> <span class='ocrx_word' id='word_1_35' title='bbox 634 478 863 511; x_wconf 71' lang='lat' dir='ltr'>distinctionem</span> <span class='ocrx_word' id='word_1_36' title='bbox 889 486 1075 519; x_wconf 77' lang='lat' dir='ltr'>corporum,</span> <span class='ocrx_word' id='word_1_37' title='bbox 1111 477 1143 509; x_wconf 90' lang='lat' dir='ltr'>in</span> <span class='ocrx_word' id='word_1_38' title='bbox 1175 477 1292 519; x_wconf 83' lang='lat' dir='ltr'>quibus</span> 
     </span>
     <span class='ocr_line' id='line_1_10' title="bbox 341 529 1291 572; baseline -0.003 -8"><span class='ocrx_word' id='word_1_39' title='bbox 341 536 423 564; x_wconf 88' lang='lat' dir='ltr'>sunt.</span> <span class='ocrx_word' id='word_1_40' title='bbox 449 532 483 564; x_wconf 91' lang='lat' dir='ltr'>Et</span> <span class='ocrx_word' id='word_1_41' title='bbox 506 532 646 568; x_wconf 84' lang='lat' dir='ltr'>iterum,</span> <span class='ocrx_word' id='word_1_42' title='bbox 672 535 964 572; x_wconf 84' lang='lat' dir='ltr'>quantumcumque</span> <span class='ocrx_word' id='word_1_43' title='bbox 989 529 1066 561; x_wconf 86' lang='lat' dir='ltr'>illud</span> <span class='ocrx_word' id='word_1_44' title='bbox 1099 538 1210 561; x_wconf 84' lang='lat' dir='ltr'>verum</span> <span class='ocrx_word' id='word_1_45' title='bbox 1235 529 1291 568; x_wconf 83' lang='lat' dir='ltr'>sit,</span> 
     </span>
     <span class='ocr_line' id='line_1_11' title="bbox 339 582 1291 627; baseline -0.003 -10"><span class='ocrx_word' id='word_1_46' title='bbox 339 585 424 627; x_wconf 83' lang='lat' dir='ltr'>quod</span> <span class='ocrx_word' id='word_1_47' title='bbox 448 585 512 617; x_wconf 88' lang='lat' dir='ltr'>duo</span> <span class='ocrx_word' id='word_1_48' title='bbox 530 583 748 616; x_wconf 70' lang='lat' dir='ltr'><em>indivisibilia</em></span> <span class='ocrx_word' id='word_1_49' title='bbox 771 583 833 615; x_wconf 91' lang='lat' dir='ltr'>sint</span> <span class='ocrx_word' id='word_1_50' title='bbox 857 582 969 622; x_wconf 82' lang='lat' dir='ltr'>simul,</span> <span class='ocrx_word' id='word_1_51' title='bbox 999 591 1162 624; x_wconf 86' lang='lat' dir='ltr'>nunquam</span> <span class='ocrx_word' id='word_1_52' title='bbox 1187 585 1291 614; x_wconf 86' lang='lat' dir='ltr'>tamen</span> 
     </span>
     <span class='ocr_line' id='line_1_12' title="bbox 338 635 1291 678; baseline -0.002 -9"><span class='ocrx_word' id='word_1_53' title='bbox 338 646 448 670; x_wconf 87' lang='lat' dir='ltr'>verum</span> <span class='ocrx_word' id='word_1_54' title='bbox 475 640 538 674; x_wconf 73' lang='lat' dir='ltr'>est,</span> <span class='ocrx_word' id='word_1_55' title='bbox 563 636 646 678; x_wconf 81' lang='lat' dir='ltr'>quod</span> <span class='ocrx_word' id='word_1_56' title='bbox 665 636 728 668; x_wconf 89' lang='lat' dir='ltr'>duo</span> <span class='ocrx_word' id='word_1_57' title='bbox 752 635 1007 667; x_wconf 71' lang='lat' dir='ltr'><em>contradictorie</em></span> <span class='ocrx_word' id='word_1_58' title='bbox 1024 635 1173 677; x_wconf 78' lang='lat' dir='ltr'>opposita</span> <span class='ocrx_word' id='word_1_59' title='bbox 1197 635 1291 667; x_wconf 87' lang='lat' dir='ltr'>simul</span> 
     </span>
     <span class='ocr_line' id='line_1_13' title="bbox 340 688 1292 731; baseline -0.003 -9"><span class='ocrx_word' id='word_1_60' title='bbox 340 690 434 722; x_wconf 87' lang='lat' dir='ltr'>insint</span> <span class='ocrx_word' id='word_1_61' title='bbox 457 690 577 729; x_wconf 84' lang='lat' dir='ltr'>eidem,</span> <span class='ocrx_word' id='word_1_62' title='bbox 602 689 676 731; x_wconf 86' lang='lat' dir='ltr'>quia</span> <span class='ocrx_word' id='word_1_63' title='bbox 701 692 775 721; x_wconf 88' lang='lat' dir='ltr'>sunt</span> <span class='ocrx_word' id='word_1_64' title='bbox 804 688 1086 730; x_wconf 77' lang='lat' dir='ltr'>incompossibilia3</span> <span class='ocrx_word' id='word_1_65' title='bbox 1111 697 1167 720; x_wconf 87' lang='lat' dir='ltr'>nec</span> <span class='ocrx_word' id='word_1_66' title='bbox 1198 688 1292 720; x_wconf 89' lang='lat' dir='ltr'>etiam</span> 
     </span>
     <span class='ocr_line' id='line_1_14' title="bbox 340 741 1291 784; baseline -0.003 -9"><span class='ocrx_word' id='word_1_67' title='bbox 340 752 376 775; x_wconf 86' lang='lat' dir='ltr'>ea</span> <span class='ocrx_word' id='word_1_68' title='bbox 399 751 479 784; x_wconf 86' lang='lat' dir='ltr'>quae</span> <span class='ocrx_word' id='word_1_69' title='bbox 504 742 680 775; x_wconf 88' lang='lat' dir='ltr'>necessario</span> <span class='ocrx_word' id='word_1_70' title='bbox 705 741 873 783; x_wconf 88' lang='lat' dir='ltr'>requirunt</span> <span class='ocrx_word' id='word_1_71' title='bbox 895 741 1057 780; x_wconf 78' lang='lat' dir='ltr'>ordinem,</span> <span class='ocrx_word' id='word_1_72' title='bbox 1082 750 1143 772; x_wconf 89' lang='lat' dir='ltr'>non</span> <span class='ocrx_word' id='word_1_73' title='bbox 1168 743 1291 772; x_wconf 87' lang='lat' dir='ltr'>tantum</span> 
     </span>
     <span class='ocr_line' id='line_1_15' title="bbox 339 793 1293 833; baseline -0.002 -6"><span class='ocrx_word' id='word_1_74' title='bbox 339 795 520 827; x_wconf 77' lang='lat' dir='ltr'>causaliter</span> <span class='ocrx_word' id='word_1_75' title='bbox 545 795 610 827; x_wconf 84' lang='lat' dir='ltr'>sive</span> <span class='ocrx_word' id='word_1_76' title='bbox 642 794 817 826; x_wconf 85' lang='lat' dir='ltr'>secundum</span> <span class='ocrx_word' id='word_1_77' title='bbox 850 797 1014 833; x_wconf 87' lang='lat' dir='ltr'>naturam,</span> <span class='ocrx_word' id='word_1_78' title='bbox 1047 793 1102 826; x_wconf 86' lang='lat' dir='ltr'>sed</span> <span class='ocrx_word' id='word_1_79' title='bbox 1131 793 1224 826; x_wconf 87' lang='lat' dir='ltr'>etiam</span> <span class='ocrx_word' id='word_1_80' title='bbox 1250 802 1293 825; x_wconf 90' lang='grc' dir='ltr'>εθ-</span> 
     </span>
     <span class='ocr_line' id='line_1_16' title="bbox 339 846 1187 880; baseline -0.002 0"><span class='ocrx_word' id='word_1_81' title='bbox 339 848 478 880; x_wconf 89' lang='lat' dir='ltr'>cundum</span> <span class='ocrx_word' id='word_1_82' title='bbox 505 857 570 879; x_wconf 77' lang='grc'><em>6336</em></span> <span class='ocrx_word' id='word_1_83' title='bbox 594 847 624 879; x_wconf 87' lang='lat' dir='ltr'>in</span> <span class='ocrx_word' id='word_1_84' title='bbox 649 850 722 879; x_wconf 90' lang='lat' dir='ltr'>actu</span> <span class='ocrx_word' id='word_1_85' title='bbox 745 851 776 879; x_wconf 90' lang='grc' dir='ltr'>θῖ</span> <span class='ocrx_word' id='word_1_86' title='bbox 799 847 998 879; x_wconf 79' lang='lat' dir='ltr'>durationem</span> <span class='ocrx_word' id='word_1_87' title='bbox 1023 846 1187 879; x_wconf 74' lang='lat' dir='ltr'>actualem.</span> 
     </span>
    </p>

    <p class='ocr_par' dir='ltr' id='par_1_7' title="bbox 340 898 1296 1630">
     <span class='ocr_line' id='line_1_17' title="bbox 429 898 1292 942; baseline -0.002 -10"><span class='ocrx_word' id='word_1_88' title='bbox 429 901 596 942; x_wconf 79' lang='lat' dir='ltr'>Propterea</span> <span class='ocrx_word' id='word_1_89' title='bbox 620 904 667 933; x_wconf 87' lang='lat' dir='ltr'>est</span> <span class='ocrx_word' id='word_1_90' title='bbox 691 904 804 942; x_wconf 84' lang='lat' dir='ltr'>quarta</span> <span class='ocrx_word' id='word_1_91' title='bbox 828 900 957 942; x_wconf 75' lang='lat' dir='ltr'>positio,</span> <span class='ocrx_word' id='word_1_92' title='bbox 983 899 1067 941; x_wconf 82' lang='lat' dir='ltr'>quod</span> <span class='ocrx_word' id='word_1_93' title='bbox 1092 902 1139 931; x_wconf 86' lang='lat' dir='ltr'>est</span> <span class='ocrx_word' id='word_1_94' title='bbox 1162 899 1193 931; x_wconf 88' lang='lat' dir='ltr'>in</span> <span class='ocrx_word' id='word_1_95' title='bbox 1226 898 1292 930; x_wconf 83' lang='lat' dir='ltr'>atio</span> 
     </span>
     <span class='ocr_line' id='line_1_18' title="bbox 342 951 1293 993; baseline -0.004 -7"><span class='ocrx_word' id='word_1_96' title='bbox 342 958 370 986; x_wconf 86' lang='lat' dir='ltr'>et</span> <span class='ocrx_word' id='word_1_97' title='bbox 393 953 459 985; x_wconf 88' lang='lat' dir='ltr'>alio</span> <span class='ocrx_word' id='word_1_98' title='bbox 491 953 618 986; x_wconf 88' lang='lat' dir='ltr'>instanti</span> <span class='ocrx_word' id='word_1_99' title='bbox 643 953 819 986; x_wconf 84' lang='lat' dir='ltr'>secundum</span> <span class='ocrx_word' id='word_1_100' title='bbox 848 962 938 990; x_wconf 82' lang='lat' dir='ltr'>rem,</span> <span class='ocrx_word' id='word_1_101' title='bbox 963 961 1000 984; x_wconf 92' lang='lat' dir='ltr'>eo</span> <span class='ocrx_word' id='word_1_102' title='bbox 1024 952 1135 990; x_wconf 83' lang='lat' dir='ltr'>modo,</span> <span class='ocrx_word' id='word_1_103' title='bbox 1168 960 1230 993; x_wconf 89' lang='lat' dir='ltr'>quo</span> <span class='ocrx_word' id='word_1_104' title='bbox 1262 951 1293 982; x_wconf 92' lang='lat' dir='ltr'>in</span> 
     </span>
     <span class='ocr_line' id='line_1_19' title="bbox 340 1005 1294 1048; baseline -0.004 -9"><span class='ocrx_word' id='word_1_105' title='bbox 340 1012 481 1048; x_wconf 78' lang='lat' dir='ltr'>tempore</span> <span class='ocrx_word' id='word_1_106' title='bbox 505 1011 551 1039; x_wconf 88' lang='grc' dir='ltr'>θεῖ</span> <span class='ocrx_word' id='word_1_107' title='bbox 575 1015 692 1048; x_wconf 85' lang='lat' dir='ltr'>ponere</span> <span class='ocrx_word' id='word_1_108' title='bbox 718 1006 864 1038; x_wconf 83' lang='lat' dir='ltr'>instantia</span> <span class='ocrx_word' id='word_1_109' title='bbox 890 1005 1005 1043; x_wconf 81' lang='lat' dir='ltr'>multa;</span> <span class='ocrx_word' id='word_1_110' title='bbox 1023 1005 1097 1046; x_wconf 87' lang='lat' dir='ltr'>quia</span> <span class='ocrx_word' id='word_1_111' title='bbox 1118 1014 1223 1036; x_wconf 79' lang='lat' dir='ltr'>unuin</span> <span class='ocrx_word' id='word_1_112' title='bbox 1247 1007 1294 1036; x_wconf 87' lang='lat' dir='ltr'>est</span> 
     </span>
     <span class='ocr_line' id='line_1_20' title="bbox 340 1056 1294 1096; baseline -0.004 -4"><span class='ocrx_word' id='word_1_113' title='bbox 340 1059 514 1092; x_wconf 85' lang='lat' dir='ltr'>secundum</span> <span class='ocrx_word' id='word_1_114' title='bbox 541 1068 629 1091; x_wconf 86' lang='lat' dir='ltr'>suam</span> <span class='ocrx_word' id='word_1_115' title='bbox 655 1059 848 1096; x_wconf 73' lang='lat' dir='ltr'>essentiam,</span> <span class='ocrx_word' id='word_1_116' title='bbox 874 1059 965 1090; x_wconf 85' lang='lat' dir='ltr'>cuius</span> <span class='ocrx_word' id='word_1_117' title='bbox 989 1057 1098 1090; x_wconf 82' lang='lat' dir='ltr'>fluxus</span> <span class='ocrx_word' id='word_1_118' title='bbox 1123 1061 1170 1089; x_wconf 89' lang='grc' dir='ltr'>θεῖ</span> <span class='ocrx_word' id='word_1_119' title='bbox 1201 1056 1294 1088; x_wconf 88' lang='lat' dir='ltr'>conti-</span> 
     </span>
     <span class='ocr_line' id='line_1_21' title="bbox 340 1110 1293 1153; baseline -0.004 -9"><span class='ocrx_word' id='word_1_120' title='bbox 340 1121 442 1151; x_wconf 68' lang='lat' dir='ltr'>nuusg</span> <span class='ocrx_word' id='word_1_121' title='bbox 459 1112 543 1144; x_wconf 90' lang='lat' dir='ltr'>unde</span> <span class='ocrx_word' id='word_1_122' title='bbox 560 1112 642 1144; x_wconf 82' lang='lat' dir='ltr'>non¹</span> <span class='ocrx_word' id='word_1_123' title='bbox 669 1116 715 1144; x_wconf 89' lang='lat' dir='ltr'>est</span> <span class='ocrx_word' id='word_1_124' title='bbox 732 1120 847 1153; x_wconf 89' lang='lat' dir='ltr'>ponere</span> <span class='ocrx_word' id='word_1_125' title='bbox 872 1111 965 1152; x_wconf 85' lang='lat' dir='ltr'>plura</span> <span class='ocrx_word' id='word_1_126' title='bbox 983 1110 1146 1149; x_wconf 74' lang='lat' dir='ltr'>instantia,</span> <span class='ocrx_word' id='word_1_127' title='bbox 1171 1113 1206 1142; x_wconf 89' lang='lat' dir='ltr'>ut</span> <span class='ocrx_word' id='word_1_128' title='bbox 1223 1119 1293 1141; x_wconf 87' lang='lat' dir='ltr'>con-</span> 
     </span>
     <span class='ocr_line' id='line_1_22' title="bbox 340 1163 1295 1208; baseline -0.003 -11"><span class='ocrx_word' id='word_1_129' title='bbox 340 1170 507 1208; x_wconf 72' lang='lat' dir='ltr'>sequenter</span> <span class='ocrx_word' id='word_1_130' title='bbox 532 1175 564 1198; x_wconf 86' lang='lat' dir='ltr'>se</span> <span class='ocrx_word' id='word_1_131' title='bbox 588 1165 737 1197; x_wconf 74' lang='lat' dir='ltr'>habentia</span> <span class='ocrx_word' id='word_1_132' title='bbox 759 1164 939 1196; x_wconf 74' lang='lat' dir='ltr'>secundum</span> <span class='ocrx_word' id='word_1_133' title='bbox 964 1173 997 1195; x_wconf 85' lang='grc'><em>36</em></span> <span class='ocrx_word' id='word_1_134' title='bbox 1006 1175 1017 1201; x_wconf 82' lang='lat'>,·</span> <span class='ocrx_word' id='word_1_135' title='bbox 1034 1163 1089 1195; x_wconf 81' lang='lat' dir='ltr'>sed</span> <span class='ocrx_word' id='word_1_136' title='bbox 1117 1166 1233 1201; x_wconf 76' lang='lat' dir='ltr'>tamen,</span> <span class='ocrx_word' id='word_1_137' title='bbox 1251 1171 1295 1194; x_wconf 88' lang='grc' dir='ltr'>εθ-</span> 
     </span>
     <span class='ocr_line' id='line_1_23' title="bbox 342 1215 1293 1260; baseline -0.004 -9"><span class='ocrx_word' id='word_1_138' title='bbox 342 1219 481 1251; x_wconf 87' lang='lat' dir='ltr'>cundum</span> <span class='ocrx_word' id='word_1_139' title='bbox 507 1219 590 1260; x_wconf 84' lang='lat' dir='ltr'>quod</span> <span class='ocrx_word' id='word_1_140' title='bbox 608 1221 782 1250; x_wconf 76' lang='lat' dir='ltr'>mensurat</span> <span class='ocrx_word' id='word_1_141' title='bbox 805 1217 883 1249; x_wconf 88' lang='lat' dir='ltr'>duas</span> <span class='ocrx_word' id='word_1_142' title='bbox 908 1216 1044 1248; x_wconf 87' lang='lat' dir='ltr'>actiones</span> <span class='ocrx_word' id='word_1_143' title='bbox 1062 1215 1293 1254; x_wconf 63' lang='lat' dir='ltr'>disconduuas,</span> 
     </span>
     <span class='ocr_line' id='line_1_24' title="bbox 343 1267 1294 1311; baseline -0.004 -8"><span class='ocrx_word' id='word_1_144' title='bbox 343 1275 389 1304; x_wconf 91' lang='grc' dir='ltr'>θεῖ</span> <span class='ocrx_word' id='word_1_145' title='bbox 414 1271 443 1303; x_wconf 89' lang='lat' dir='ltr'>in</span> <span class='ocrx_word' id='word_1_146' title='bbox 468 1280 504 1303; x_wconf 91' lang='lat' dir='ltr'>eo</span> <span class='ocrx_word' id='word_1_147' title='bbox 529 1271 591 1303; x_wconf 91' lang='lat' dir='ltr'>duo</span> <span class='ocrx_word' id='word_1_148' title='bbox 616 1271 757 1311; x_wconf 77' lang='lat' dir='ltr'>siguare3</span> <span class='ocrx_word' id='word_1_149' title='bbox 782 1269 863 1301; x_wconf 87' lang='lat' dir='ltr'>sicut</span> <span class='ocrx_word' id='word_1_150' title='bbox 880 1269 904 1300; x_wconf 84' lang='lat' dir='ltr'>si</span> <span class='ocrx_word' id='word_1_151' title='bbox 923 1268 1004 1300; x_wconf 87' lang='lat' dir='ltr'>linea</span> <span class='ocrx_word' id='word_1_152' title='bbox 1026 1271 1109 1300; x_wconf 87' lang='lat' dir='ltr'>secet</span> <span class='ocrx_word' id='word_1_153' title='bbox 1131 1267 1240 1305; x_wconf 77' lang='lat' dir='ltr'>aliam,</span> <span class='ocrx_word' id='word_1_154' title='bbox 1257 1268 1294 1300; x_wconf 85' lang='lat' dir='ltr'>si-</span> 
     </span>
     <span class='ocr_line' id='line_1_25' title="bbox 341 1320 1293 1366; baseline -0.004 -10"><span class='ocrx_word' id='word_1_155' title='bbox 341 1326 415 1366; x_wconf 79' lang='lat' dir='ltr'>gnat</span> <span class='ocrx_word' id='word_1_156' title='bbox 438 1324 501 1356; x_wconf 88' lang='lat' dir='ltr'>duo</span> <span class='ocrx_word' id='word_1_157' title='bbox 518 1327 642 1365; x_wconf 89' lang='lat' dir='ltr'>puncta.</span> <span class='ocrx_word' id='word_1_158' title='bbox 659 1341 702 1345; x_wconf 90' lang='lat'><strong>—</strong></span> <span class='ocrx_word' id='word_1_159' title='bbox 719 1323 778 1354; x_wconf 82' lang='lat' dir='ltr'>Sed</span> <span class='ocrx_word' id='word_1_160' title='bbox 804 1322 882 1354; x_wconf 89' lang='lat' dir='ltr'>illud</span> <span class='ocrx_word' id='word_1_161' title='bbox 908 1331 968 1353; x_wconf 90' lang='lat' dir='ltr'>non</span> <span class='ocrx_word' id='word_1_162' title='bbox 986 1324 1087 1363; x_wconf 88' lang='lat' dir='ltr'>potest</span> <span class='ocrx_word' id='word_1_163' title='bbox 1105 1325 1202 1359; x_wconf 77' lang='lat' dir='ltr'>stare,</span> <span class='ocrx_word' id='word_1_164' title='bbox 1220 1320 1293 1362; x_wconf 86' lang='lat' dir='ltr'>quia</span> 
     </span>
     <span class='ocr_line' id='line_1_26' title="bbox 341 1374 1293 1415; baseline -0.004 -6"><span class='ocrx_word' id='word_1_165' title='bbox 341 1379 372 1409; x_wconf 91' lang='lat' dir='ltr'>in</span> <span class='ocrx_word' id='word_1_166' title='bbox 396 1376 483 1409; x_wconf 91' lang='lat' dir='ltr'>nullo</span> <span class='ocrx_word' id='word_1_167' title='bbox 508 1376 662 1408; x_wconf 85' lang='lat' dir='ltr'>continuo</span> <span class='ocrx_word' id='word_1_168' title='bbox 686 1385 743 1408; x_wconf 87' lang='lat' dir='ltr'>nec</span> <span class='ocrx_word' id='word_1_169' title='bbox 767 1384 835 1408; x_wconf 82' lang='lat' dir='ltr'>esse</span> <span class='ocrx_word' id='word_1_170' title='bbox 860 1383 916 1407; x_wconf 90' lang='lat' dir='ltr'>nec</span> <span class='ocrx_word' id='word_1_171' title='bbox 940 1374 1070 1415; x_wconf 78' lang='lat' dir='ltr'>intelligi</span> <span class='ocrx_word' id='word_1_172' title='bbox 1095 1383 1152 1406; x_wconf 86' lang='lat' dir='ltr'>nec</span> <span class='ocrx_word' id='word_1_173' title='bbox 1176 1374 1293 1415; x_wconf 76' lang='lat' dir='ltr'>signari</span> 
     </span>
     <span class='ocr_line' id='line_1_27' title="bbox 341 1426 1295 1472; baseline -0.005 -9"><span class='ocrx_word' id='word_1_174' title='bbox 341 1434 472 1472; x_wconf 77' lang='lat' dir='ltr'>possunt</span> <span class='ocrx_word' id='word_1_175' title='bbox 496 1438 569 1462; x_wconf 83' lang='lat' dir='ltr'>vere</span> <span class='ocrx_word' id='word_1_176' title='bbox 594 1430 659 1461; x_wconf 78' lang='lat' dir='ltr'>(luo</span> <span class='ocrx_word' id='word_1_177' title='bbox 676 1428 913 1466; x_wconf 73' lang='lat' dir='ltr'><em>indivisibilia,</em></span> <span class='ocrx_word' id='word_1_178' title='bbox 939 1428 1006 1469; x_wconf 87' lang='lat' dir='ltr'>ipso</span> <span class='ocrx_word' id='word_1_179' title='bbox 1027 1430 1173 1459; x_wconf 86' lang='lat' dir='ltr'>manente</span> <span class='ocrx_word' id='word_1_180' title='bbox 1197 1426 1295 1459; x_wconf 88' lang='lat' dir='ltr'>conti-</span> 
     </span>
     <span class='ocr_line' id='line_1_28' title="bbox 342 1479 1296 1524; baseline -0.004 -9"><span class='ocrx_word' id='word_1_181' title='bbox 342 1492 426 1521; x_wconf 81' lang='lat' dir='ltr'>nuo,</span> <span class='ocrx_word' id='word_1_182' title='bbox 450 1491 531 1524; x_wconf 83' lang='lat' dir='ltr'>quae</span> <span class='ocrx_word' id='word_1_183' title='bbox 555 1491 587 1515; x_wconf 86' lang='lat' dir='ltr'>se</span> <span class='ocrx_word' id='word_1_184' title='bbox 612 1482 748 1514; x_wconf 86' lang='lat' dir='ltr'>habeant</span> <span class='ocrx_word' id='word_1_185' title='bbox 772 1485 1016 1524; x_wconf 72' lang='lat' dir='ltr'>consequenter,</span> <span class='ocrx_word' id='word_1_186' title='bbox 1041 1480 1181 1522; x_wconf 86' lang='lat' dir='ltr'>alioquin</span> <span class='ocrx_word' id='word_1_187' title='bbox 1208 1479 1296 1512; x_wconf 90' lang='lat' dir='ltr'>intel-</span> 
     </span>
     <span class='ocr_line' id='line_1_29' title="bbox 342 1533 1296 1577; baseline -0.004 -10"><span class='ocrx_word' id='word_1_188' title='bbox 342 1536 449 1577; x_wconf 80' lang='lat' dir='ltr'>ligitur</span> <span class='ocrx_word' id='word_1_189' title='bbox 473 1536 512 1567; x_wconf 91' lang='lat' dir='ltr'>de</span> <span class='ocrx_word' id='word_1_190' title='bbox 537 1534 720 1567; x_wconf 77' lang='lat' dir='ltr'>necessitate</span> <span class='ocrx_word' id='word_1_191' title='bbox 747 1538 780 1566; x_wconf 91' lang='lat' dir='ltr'>ut</span> <span class='ocrx_word' id='word_1_192' title='bbox 798 1533 1051 1574; x_wconf 86' lang='lat' dir='ltr'>multiplicatum.</span> <span class='ocrx_word' id='word_1_193' title='bbox 1073 1533 1102 1564; x_wconf 86' lang='lat' dir='ltr'>Si</span> <span class='ocrx_word' id='word_1_194' title='bbox 1128 1541 1203 1574; x_wconf 81' lang='lat' dir='ltr'>ergo</span> <span class='ocrx_word' id='word_1_195' title='bbox 1221 1536 1296 1564; x_wconf 90' lang='lat' dir='ltr'>tem-</span> 
     </span>
     <span class='ocr_line' id='line_1_30' title="bbox 344 1587 1034 1630; baseline -0.006 -9"><span class='ocrx_word' id='word_1_196' title='bbox 344 1598 403 1630; x_wconf 85' lang='lat' dir='ltr'>pus</span> <span class='ocrx_word' id='word_1_197' title='bbox 428 1592 532 1620; x_wconf 86' lang='lat' dir='ltr'>manet</span> <span class='ocrx_word' id='word_1_198' title='bbox 555 1597 615 1620; x_wconf 87' lang='lat' dir='ltr'>uon</span> <span class='ocrx_word' id='word_1_199' title='bbox 641 1587 842 1625; x_wconf 83' lang='lat' dir='ltr'>intercisum⁷</span> <span class='ocrx_word' id='word_1_200' title='bbox 868 1590 954 1628; x_wconf 86' lang='lat' dir='ltr'>patet</span> <span class='ocrx_word' id='word_1_201' title='bbox 977 1589 1034 1618; x_wconf 86' lang='lat' dir='ltr'>etc.</span> 
     </span>
    </p>

    <p class='ocr_par' dir='ltr' id='par_1_8' title="bbox 340 1638 1297 1894">
     <span class='ocr_line' id='line_1_31' title="bbox 432 1638 1296 1681; baseline -0.006 -7"><span class='ocrx_word' id='word_1_202' title='bbox 432 1642 467 1674; x_wconf 88' lang='lat' dir='ltr'>Et</span> <span class='ocrx_word' id='word_1_203' title='bbox 490 1642 561 1674; x_wconf 90' lang='lat' dir='ltr'>ideo</span> <span class='ocrx_word' id='word_1_204' title='bbox 579 1641 748 1673; x_wconf 89' lang='lat' dir='ltr'>dicendum</span> <span class='ocrx_word' id='word_1_205' title='bbox 766 1644 813 1672; x_wconf 87' lang='grc' dir='ltr'>θεῖ</span> <span class='ocrx_word' id='word_1_206' title='bbox 836 1640 963 1677; x_wconf 85' lang='lat' dir='ltr'>ultimo,</span> <span class='ocrx_word' id='word_1_207' title='bbox 982 1639 1066 1681; x_wconf 83' lang='lat' dir='ltr'>quod</span> <span class='ocrx_word' id='word_1_208' title='bbox 1089 1643 1214 1680; x_wconf 73' lang='lat' dir='ltr'>tenipus</span> <span class='ocrx_word' id='word_1_209' title='bbox 1231 1638 1296 1670; x_wconf 85' lang='lat' dir='ltr'>sive</span> 
     </span>
     <span class='ocr_line' id='line_1_32' title="bbox 343 1691 1297 1733; baseline -0.004 -7"><span class='ocrx_word' id='word_1_210' title='bbox 343 1694 472 1726; x_wconf 76' lang='lat' dir='ltr'>instans</span> <span class='ocrx_word' id='word_1_211' title='bbox 503 1702 653 1726; x_wconf 84' lang='lat' dir='ltr'>mensura</span> <span class='ocrx_word' id='word_1_212' title='bbox 685 1693 787 1725; x_wconf 87' lang='lat' dir='ltr'>ultimi</span> <span class='ocrx_word' id='word_1_213' title='bbox 820 1702 886 1724; x_wconf 89' lang='grc'><em>6336</em></span> <span class='ocrx_word' id='word_1_214' title='bbox 922 1692 1011 1733; x_wconf 84' lang='lat' dir='ltr'>panis</span> <span class='ocrx_word' id='word_1_215' title='bbox 1043 1695 1073 1723; x_wconf 87' lang='lat' dir='ltr'>et</span> <span class='ocrx_word' id='word_1_216' title='bbox 1104 1691 1197 1732; x_wconf 87' lang='lat' dir='ltr'>primi</span> <span class='ocrx_word' id='word_1_217' title='bbox 1231 1700 1297 1722; x_wconf 82' lang='grc'><em>6336</em></span> 
     </span>
     <span class='ocr_line' id='line_1_33' title="bbox 343 1743 1297 1788; baseline -0.005 -9"><span class='ocrx_word' id='word_1_218' title='bbox 343 1747 500 1788; x_wconf 77' lang='lat' dir='ltr'>corporis,</span> <span class='ocrx_word' id='word_1_219' title='bbox 525 1750 626 1788; x_wconf 85' lang='lat' dir='ltr'>potest</span> <span class='ocrx_word' id='word_1_220' title='bbox 650 1745 818 1787; x_wconf 89' lang='lat' dir='ltr'>dupliciter</span> <span class='ocrx_word' id='word_1_221' title='bbox 846 1745 957 1785; x_wconf 85' lang='lat' dir='ltr'>accipi:</span> <span class='ocrx_word' id='word_1_222' title='bbox 983 1744 1032 1776; x_wconf 86' lang='lat' dir='ltr'>vel</span> <span class='ocrx_word' id='word_1_223' title='bbox 1058 1744 1087 1775; x_wconf 89' lang='lat' dir='ltr'>in</span> <span class='ocrx_word' id='word_1_224' title='bbox 1121 1743 1297 1775; x_wconf 73' lang='lat' dir='ltr'>ctio-atione</span> 
     </span>
     <span class='ocr_line' id='line_1_34' title="bbox 340 1795 1296 1841; baseline -0.004 -10"><span class='ocrx_word' id='word_1_225' title='bbox 340 1800 484 1841; x_wconf 76' lang='lat' dir='ltr'>propria</span> <span class='ocrx_word' id='word_1_226' title='bbox 501 1798 761 1840; x_wconf 84' lang='lat' dir='ltr'>uniuscuiusque,</span> <span class='ocrx_word' id='word_1_227' title='bbox 779 1798 860 1830; x_wconf 87' lang='lat' dir='ltr'>sicut</span> <span class='ocrx_word' id='word_1_228' title='bbox 873 1797 947 1830; x_wconf 89' lang='lat' dir='ltr'>dicit</span> <span class='ocrx_word' id='word_1_229' title='bbox 961 1796 1168 1837; x_wconf 82' lang='lat' dir='ltr'>Philosophus</span> <span class='ocrx_word' id='word_1_230' title='bbox 1177 1796 1197 1834; x_wconf 72' lang='lat'>²,</span> <span class='ocrx_word' id='word_1_231' title='bbox 1211 1795 1296 1837; x_wconf 87' lang='lat' dir='ltr'>quod</span> 
     </span>
     <span class='ocr_line' id='line_1_35' title="bbox 350 1850 1297 1894; baseline 0 -13"><span class='ocrx_word' id='word_1_232' title='bbox 350 1852 626 1894; x_wconf 81' lang='lat' dir='ltr'>«unumquodque</span> <span class='ocrx_word' id='word_1_233' title='bbox 650 1850 778 1893; x_wconf 87' lang='lat' dir='ltr'>propria</span> <span class='ocrx_word' id='word_1_234' title='bbox 794 1850 924 1892; x_wconf 80' lang='lat' dir='ltr'>periodo</span> <span class='ocrx_word' id='word_1_235' title='bbox 948 1852 1194 1887; x_wconf 78' lang='lat' dir='ltr'>mensuratur»,</span> <span class='ocrx_word' id='word_1_236' title='bbox 1216 1856 1297 1890; x_wconf 84' lang='lat' dir='ltr'>quae</span> 
     </span>
    </p>
   </div>
   <div class='ocr_carea' id='block_1_7' title="bbox 1101 231 1549 264">
    <p class='ocr_par' dir='ltr' id='par_1_9' title="bbox 1101 231 1549 264">
     <span class='ocr_line' id='line_1_36' title="bbox 1101 231 1549 264; baseline -0.002 -1"><span class='ocrx_word' id='word_1_237' title='bbox 1101 231 1386 264; x_wconf 72' lang='lat' dir='ltr'><strong>SENTENTIARUM</strong></span> <span class='ocrx_word' id='word_1_238' title='bbox 1411 231 1477 263; x_wconf 85' lang='lat' dir='ltr'>LIB.</span> <span class='ocrx_word' id='word_1_239' title='bbox 1502 231 1549 263; x_wconf 91' lang='lat' dir='ltr'>IV.</span> 
     </span>
    </p>
   </div>
   <div class='ocr_carea' id='block_1_8' title="bbox 1323 318 1330 1884">
    <p class='ocr_par' dir='ltr' id='par_1_10' title="bbox 1323 318 1330 1884">
     <span class='ocr_line' id='line_1_37' title="bbox 1323 318 1330 1884; baseline 0 0"><span class='ocrx_word' id='word_1_240' title='bbox 1323 318 1330 1884; x_wconf 95' lang='lat' dir='ltr'> </span> 
     </span>
    </p>
   </div>
   <div class='ocr_carea' id='block_1_9' title="bbox 1356 316 2483 1729">
    <p class='ocr_par' dir='ltr' id='par_1_11' title="bbox 1356 316 2483 1626">
     <span class='ocr_line' id='line_1_38' title="bbox 1357 316 2312 361; baseline -0.002 -10"><span class='ocrx_word' id='word_1_241' title='bbox 1357 319 1485 361; x_wconf 87' lang='lat' dir='ltr'>quidem</span> <span class='ocrx_word' id='word_1_242' title='bbox 1510 327 1581 351; x_wconf 88' lang='lat' dir='ltr'>cum</span> <span class='ocrx_word' id='word_1_243' title='bbox 1618 327 1653 349; x_wconf 88' lang='lat' dir='ltr'>re</span> <span class='ocrx_word' id='word_1_244' title='bbox 1677 317 1785 358; x_wconf 85' lang='lat' dir='ltr'>incipit</span> <span class='ocrx_word' id='word_1_245' title='bbox 1816 320 1847 349; x_wconf 87' lang='lat' dir='ltr'>et</span> <span class='ocrx_word' id='word_1_246' title='bbox 1875 317 2006 355; x_wconf 86' lang='lat' dir='ltr'>desinit;</span> <span class='ocrx_word' id='word_1_247' title='bbox 2030 320 2061 349; x_wconf 89' lang='lat' dir='ltr'>et</span> <span class='ocrx_word' id='word_1_248' title='bbox 2092 316 2136 349; x_wconf 90' lang='lat' dir='ltr'>sic</span> <span class='ocrx_word' id='word_1_249' title='bbox 2161 320 2233 349; x_wconf 87' lang='lat' dir='ltr'>sunt</span> <span class='ocrx_word' id='word_1_250' title='bbox 2266 317 2312 349; x_wconf 87' lang='lat' dir='ltr'>di-</span> 
     </span>
     <span class='ocr_line' id='line_1_39' title="bbox 1356 362 2478 403; baseline -0.004 0"><span class='ocrx_word' id='word_1_251' title='bbox 1356 380 1471 403; x_wconf 78' lang='lat' dir='ltr'>versae</span> <span class='ocrx_word' id='word_1_252' title='bbox 1493 379 1669 402; x_wconf 73' lang='lat' dir='ltr'>mensurae</span> <span class='ocrx_word' id='word_1_253' title='bbox 1685 368 1914 401; x_wconf 79' lang='lat' dir='ltr'>discontinuae</span> <span class='ocrx_word' id='word_1_254' title='bbox 1938 372 1968 400; x_wconf 88' lang='lat' dir='ltr'>et</span> <span class='ocrx_word' id='word_1_255' title='bbox 1989 368 2122 400; x_wconf 81' lang='lat' dir='ltr'>diversa</span> <span class='ocrx_word' id='word_1_256' title='bbox 2148 368 2311 401; x_wconf 77' lang='lat' dir='ltr'>instantia</span> <span class='ocrx_word' id='word_1_257' title='bbox 2459 362 2478 399; x_wconf 67' lang='lat'>37</span> 
     </span>
     <span class='ocr_line' id='line_1_40' title="bbox 1357 421 2309 466; baseline -0.002 -11"><span class='ocrx_word' id='word_1_258' title='bbox 1357 427 1585 466; x_wconf 69' lang='lat' dir='ltr'>consequenter</span> <span class='ocrx_word' id='word_1_259' title='bbox 1609 431 1642 454; x_wconf 98' lang='grc'><em>36</em></span> <span class='ocrx_word' id='word_1_260' title='bbox 1666 421 1831 459; x_wconf 76' lang='lat' dir='ltr'>babentia,</span> <span class='ocrx_word' id='word_1_261' title='bbox 1849 421 1929 453; x_wconf 88' lang='lat' dir='ltr'>sicut</span> <span class='ocrx_word' id='word_1_262' title='bbox 1954 426 2028 453; x_wconf 87' lang='lat' dir='ltr'>sunt</span> <span class='ocrx_word' id='word_1_263' title='bbox 2051 421 2115 453; x_wconf 89' lang='lat' dir='ltr'>duo</span> <span class='ocrx_word' id='word_1_264' title='bbox 2131 431 2217 459; x_wconf 83' lang='grc'><em>6336,</em></span> <span class='ocrx_word' id='word_1_265' title='bbox 2243 431 2309 453; x_wconf 74' lang='lat' dir='ltr'>esse</span> 
     </span>
     <span class='ocr_line' id='line_1_41' title="bbox 1358 474 2311 517; baseline -0.001 -9"><span class='ocrx_word' id='word_1_266' title='bbox 1358 476 1475 509; x_wconf 84' lang='lat' dir='ltr'>seilicet</span> <span class='ocrx_word' id='word_1_267' title='bbox 1496 475 1584 517; x_wconf 88' lang='lat' dir='ltr'>panis</span> <span class='ocrx_word' id='word_1_268' title='bbox 1607 478 1638 507; x_wconf 90' lang='lat' dir='ltr'>et</span> <span class='ocrx_word' id='word_1_269' title='bbox 1661 474 1812 516; x_wconf 88' lang='lat' dir='ltr'>corporis.</span> <span class='ocrx_word' id='word_1_270' title='bbox 1830 474 1859 505; x_wconf 87' lang='lat' dir='ltr'>Si</span> <span class='ocrx_word' id='word_1_271' title='bbox 1878 478 1982 506; x_wconf 86' lang='lat' dir='ltr'>autem</span> <span class='ocrx_word' id='word_1_272' title='bbox 2003 474 2175 515; x_wconf 83' lang='lat' dir='ltr'>accipiatur</span> <span class='ocrx_word' id='word_1_273' title='bbox 2191 474 2311 507; x_wconf 87' lang='lat' dir='ltr'>instans</span> 
     </span>
     <span class='ocr_line' id='line_1_42' title="bbox 1359 528 2310 568; baseline -0.001 -8"><span class='ocrx_word' id='word_1_274' title='bbox 1359 528 1533 560; x_wconf 87' lang='lat' dir='ltr'>secundum</span> <span class='ocrx_word' id='word_1_275' title='bbox 1559 536 1764 559; x_wconf 84' lang='lat' dir='ltr'>communem</span> <span class='ocrx_word' id='word_1_276' title='bbox 1788 536 2001 564; x_wconf 78' lang='lat' dir='ltr'>mensuram,</span> <span class='ocrx_word' id='word_1_277' title='bbox 2019 535 2100 568; x_wconf 86' lang='lat' dir='ltr'>quae</span> <span class='ocrx_word' id='word_1_278' title='bbox 2122 530 2168 559; x_wconf 86' lang='lat' dir='ltr'>est</span> <span class='ocrx_word' id='word_1_279' title='bbox 2178 530 2310 568; x_wconf 73' lang='lat' dir='ltr'>tempus</span> 
     </span>
     <span class='ocr_line' id='line_1_43' title="bbox 1358 579 2310 618; baseline -0.001 -6"><span class='ocrx_word' id='word_1_280' title='bbox 1358 580 1572 618; x_wconf 82' lang='lat' dir='ltr'>continuum,</span> <span class='ocrx_word' id='word_1_281' title='bbox 1598 588 1658 611; x_wconf 88' lang='lat' dir='ltr'>non</span> <span class='ocrx_word' id='word_1_282' title='bbox 1684 579 1885 618; x_wconf 82' lang='lat' dir='ltr'>intercisum,</span> <span class='ocrx_word' id='word_1_283' title='bbox 1909 583 1945 611; x_wconf 91' lang='lat' dir='ltr'>ut</span> <span class='ocrx_word' id='word_1_284' title='bbox 1968 582 2015 611; x_wconf 88' lang='lat' dir='ltr'>est</span> <span class='ocrx_word' id='word_1_285' title='bbox 2039 588 2188 612; x_wconf 84' lang='lat' dir='ltr'>mensura</span> <span class='ocrx_word' id='word_1_286' title='bbox 2206 583 2310 611; x_wconf 85' lang='lat' dir='ltr'>motus</span> 
     </span>
     <span class='ocr_line' id='line_1_44' title="bbox 1358 631 2310 675; baseline -0.001 -10"><span class='ocrx_word' id='word_1_287' title='bbox 1358 633 1452 675; x_wconf 86' lang='lat' dir='ltr'>primi</span> <span class='ocrx_word' id='word_1_288' title='bbox 1477 632 1619 670; x_wconf 82' lang='lat' dir='ltr'>mobilis,</span> <span class='ocrx_word' id='word_1_289' title='bbox 1646 632 1693 664; x_wconf 89' lang='lat' dir='ltr'>vel</span> <span class='ocrx_word' id='word_1_290' title='bbox 1719 632 1813 664; x_wconf 90' lang='lat' dir='ltr'>etiam</span> <span class='ocrx_word' id='word_1_291' title='bbox 1837 636 1873 664; x_wconf 93' lang='lat' dir='ltr'>ut</span> <span class='ocrx_word' id='word_1_292' title='bbox 1891 635 2015 673; x_wconf 88' lang='lat' dir='ltr'>tempus</span> <span class='ocrx_word' id='word_1_293' title='bbox 2031 631 2248 664; x_wconf 84' lang='lat' dir='ltr'>consideratur</span> <span class='ocrx_word' id='word_1_294' title='bbox 2265 641 2310 664; x_wconf 88' lang='lat' dir='ltr'>se-</span> 
     </span>
     <span class='ocr_line' id='line_1_45' title="bbox 1359 684 2311 722; baseline -0.002 -4"><span class='ocrx_word' id='word_1_295' title='bbox 1359 686 1499 718; x_wconf 84' lang='lat' dir='ltr'>cundum</span> <span class='ocrx_word' id='word_1_296' title='bbox 1524 685 1717 722; x_wconf 76' lang='lat' dir='ltr'>essentiam,</span> <span class='ocrx_word' id='word_1_297' title='bbox 1743 693 1805 716; x_wconf 87' lang='lat' dir='ltr'>non</span> <span class='ocrx_word' id='word_1_298' title='bbox 1829 684 2004 717; x_wconf 87' lang='lat' dir='ltr'>secundum</span> <span class='ocrx_word' id='word_1_299' title='bbox 2029 694 2095 716; x_wconf 82' lang='grc'><em>6336</em></span> <span class='ocrx_word' id='word_1_300' title='bbox 2112 684 2142 722; x_wconf 72' lang='grc'>3,·</span> <span class='ocrx_word' id='word_1_301' title='bbox 2166 688 2240 717; x_wconf 88' lang='lat' dir='ltr'>tunc</span> <span class='ocrx_word' id='word_1_302' title='bbox 2264 693 2311 716; x_wconf 84' lang='lat' dir='ltr'>ac-</span> 
     </span>
     <span class='ocr_line' id='line_1_46' title="bbox 1358 737 2313 781; baseline -0.002 -10"><span class='ocrx_word' id='word_1_303' title='bbox 1358 739 1432 781; x_wconf 82' lang='lat' dir='ltr'>cipit</span> <span class='ocrx_word' id='word_1_304' title='bbox 1456 738 1710 770; x_wconf 76' lang='lat' dir='ltr'>cteterminatum</span> <span class='ocrx_word' id='word_1_305' title='bbox 1744 737 1874 769; x_wconf 75' lang='lat' dir='ltr'>instans</span> <span class='ocrx_word' id='word_1_306' title='bbox 1902 737 2077 769; x_wconf 85' lang='lat' dir='ltr'>secundum</span> <span class='ocrx_word' id='word_1_307' title='bbox 2102 740 2242 769; x_wconf 86' lang='lat' dir='ltr'>nostram</span> <span class='ocrx_word' id='word_1_308' title='bbox 2276 738 2313 769; x_wconf 92' lang='lat' dir='ltr'>si-</span> 
     </span>
     <span class='ocr_line' id='line_1_47' title="bbox 1358 781 2466 834; baseline -0.003 -11"><span class='ocrx_word' id='word_1_309' title='bbox 1358 791 1546 834; x_wconf 80' lang='lat' dir='ltr'>gnationem.</span> <span class='ocrx_word' id='word_1_310' title='bbox 1564 791 1710 832; x_wconf 75' lang='lat' dir='ltr'>signetur</span> <span class='ocrx_word' id='word_1_311' title='bbox 1735 799 1810 832; x_wconf 83' lang='lat' dir='ltr'>ergo</span> <span class='ocrx_word' id='word_1_312' title='bbox 1834 799 1935 822; x_wconf 86' lang='lat' dir='ltr'>unum</span> <span class='ocrx_word' id='word_1_313' title='bbox 1954 790 2072 822; x_wconf 86' lang='lat' dir='ltr'>instans</span> <span class='ocrx_word' id='word_1_314' title='bbox 2097 790 2132 821; x_wconf 86' lang='lat' dir='ltr'>in</span> <span class='ocrx_word' id='word_1_315' title='bbox 2157 794 2312 831; x_wconf 77' lang='lat' dir='ltr'>ternpore,</span> <span class='ocrx_word' id='word_1_316' title='bbox 2464 781 2466 818; x_wconf 71' lang='grc' dir='ltr'>ἶ</span> 
     </span>
     <span class='ocr_line' id='line_1_48' title="bbox 1358 832 2465 886; baseline -0.002 -9"><span class='ocrx_word' id='word_1_317' title='bbox 1358 845 1387 876; x_wconf 95' lang='lat' dir='ltr'>in</span> <span class='ocrx_word' id='word_1_318' title='bbox 1412 854 1475 886; x_wconf 85' lang='lat' dir='ltr'>quo</span> <span class='ocrx_word' id='word_1_319' title='bbox 1500 843 1612 876; x_wconf 89' lang='lat' dir='ltr'>ultimo</span> <span class='ocrx_word' id='word_1_320' title='bbox 1637 847 1683 875; x_wconf 87' lang='grc' dir='ltr'>θεῖ</span> <span class='ocrx_word' id='word_1_321' title='bbox 1710 843 1834 884; x_wconf 72' lang='lat' dir='ltr'>paiiis;</span> <span class='ocrx_word' id='word_1_322' title='bbox 1858 842 1999 884; x_wconf 85' lang='lat' dir='ltr'>signetur</span> <span class='ocrx_word' id='word_1_323' title='bbox 2017 847 2047 875; x_wconf 90' lang='lat' dir='ltr'>et</span> <span class='ocrx_word' id='word_1_324' title='bbox 2063 843 2149 876; x_wconf 90' lang='lat' dir='ltr'>aliud</span> <span class='ocrx_word' id='word_1_325' title='bbox 2176 844 2311 882; x_wconf 77' lang='lat' dir='ltr'>instans,</span> <span class='ocrx_word' id='word_1_326' title='bbox 2464 832 2465 837; x_wconf 30' lang='lat'>¹</span> 
     </span>
     <span class='ocr_line' id='line_1_49' title="bbox 1358 895 2312 938; baseline -0.002 -9"><span class='ocrx_word' id='word_1_327' title='bbox 1358 897 1389 929; x_wconf 87' lang='lat' dir='ltr'>in</span> <span class='ocrx_word' id='word_1_328' title='bbox 1413 906 1476 938; x_wconf 86' lang='lat' dir='ltr'>quo</span> <span class='ocrx_word' id='word_1_329' title='bbox 1500 896 1602 937; x_wconf 90' lang='lat' dir='ltr'>primo</span> <span class='ocrx_word' id='word_1_330' title='bbox 1627 899 1674 928; x_wconf 88' lang='lat' dir='ltr'>est</span> <span class='ocrx_word' id='word_1_331' title='bbox 1698 895 1844 937; x_wconf 74' lang='lat' dir='ltr'>corpus?</span> <span class='ocrx_word' id='word_1_332' title='bbox 1872 895 1934 937; x_wconf 80' lang='lat' dir='ltr'>Ego</span> <span class='ocrx_word' id='word_1_333' title='bbox 1959 895 2046 935; x_wconf 79' lang='lat' dir='ltr'>dico,</span> <span class='ocrx_word' id='word_1_334' title='bbox 2070 905 2132 928; x_wconf 90' lang='lat' dir='ltr'>non</span> <span class='ocrx_word' id='word_1_335' title='bbox 2157 896 2312 937; x_wconf 81' lang='lat' dir='ltr'>signetur,</span> 
     </span>
     <span class='ocr_line' id='line_1_50' title="bbox 1358 945 2467 992; baseline -0.002 -10"><span class='ocrx_word' id='word_1_336' title='bbox 1358 951 1433 992; x_wconf 82' lang='lat' dir='ltr'>quia</span> <span class='ocrx_word' id='word_1_337' title='bbox 1449 950 1459 964; x_wconf 73' lang='lat'><strong>⁴</strong></span> <span class='ocrx_word' id='word_1_338' title='bbox 1485 959 1546 981; x_wconf 90' lang='lat' dir='ltr'>non</span> <span class='ocrx_word' id='word_1_339' title='bbox 1579 953 1626 981; x_wconf 84' lang='lat' dir='ltr'>est</span> <span class='ocrx_word' id='word_1_340' title='bbox 1658 949 1782 990; x_wconf 82' lang='lat' dir='ltr'>signare</span> <span class='ocrx_word' id='word_1_341' title='bbox 1807 948 1872 980; x_wconf 77' lang='lat' dir='ltr'>cluo</span> <span class='ocrx_word' id='word_1_342' title='bbox 1897 948 2060 980; x_wconf 72' lang='lat' dir='ltr'>instantia</span> <span class='ocrx_word' id='word_1_343' title='bbox 2084 952 2313 991; x_wconf 76' lang='lat' dir='ltr'>consequenter</span> <span class='ocrx_word' id='word_1_344' title='bbox 2466 945 2467 985; x_wconf 64' lang='lat' dir='ltr'>l</span> 
     </span>
     <span class='ocr_line' id='line_1_51' title="bbox 1358 1001 2314 1040; baseline -0.002 -5"><span class='ocrx_word' id='word_1_345' title='bbox 1358 1012 1391 1035; x_wconf 86' lang='lat' dir='ltr'>se</span> <span class='ocrx_word' id='word_1_346' title='bbox 1415 1002 1563 1035; x_wconf 79' lang='lat' dir='ltr'>habentia</span> <span class='ocrx_word' id='word_1_347' title='bbox 1595 1002 1624 1033; x_wconf 92' lang='lat' dir='ltr'>in</span> <span class='ocrx_word' id='word_1_348' title='bbox 1658 1001 1831 1038; x_wconf 85' lang='lat' dir='ltr'>continuo,</span> <span class='ocrx_word' id='word_1_349' title='bbox 1866 1004 2011 1033; x_wconf 81' lang='lat' dir='ltr'>manente</span> <span class='ocrx_word' id='word_1_350' title='bbox 2035 1001 2204 1040; x_wconf 81' lang='lat' dir='ltr'>continuo;</span> <span class='ocrx_word' id='word_1_351' title='bbox 2228 1001 2314 1033; x_wconf 87' lang='lat' dir='ltr'>unde</span> 
     </span>
     <span class='ocr_line' id='line_1_52' title="bbox 1358 1053 2315 1097; baseline -0.002 -10"><span class='ocrx_word' id='word_1_352' title='bbox 1358 1055 1520 1097; x_wconf 80' lang='lat' dir='ltr'>quodlibet</span> <span class='ocrx_word' id='word_1_353' title='bbox 1545 1055 1660 1086; x_wconf 82' lang='lat' dir='ltr'>borum</span> <span class='ocrx_word' id='word_1_354' title='bbox 1680 1063 1741 1095; x_wconf 76' lang='lat' dir='ltr'>per</span> <span class='ocrx_word' id='word_1_355' title='bbox 1765 1063 1798 1085; x_wconf 91' lang='grc'><em>36</em></span> <span class='ocrx_word' id='word_1_356' title='bbox 1822 1054 1938 1094; x_wconf 86' lang='lat' dir='ltr'>signari</span> <span class='ocrx_word' id='word_1_357' title='bbox 1963 1057 2080 1095; x_wconf 76' lang='lat' dir='ltr'>potest,</span> <span class='ocrx_word' id='word_1_358' title='bbox 2106 1054 2161 1086; x_wconf 87' lang='lat' dir='ltr'>sed</span> <span class='ocrx_word' id='word_1_359' title='bbox 2187 1053 2250 1085; x_wconf 90' lang='lat' dir='ltr'>duo</span> <span class='ocrx_word' id='word_1_360' title='bbox 2273 1053 2315 1085; x_wconf 78' lang='lat' dir='ltr'>si-</span> 
     </span>
     <span class='ocr_line' id='line_1_53' title="bbox 1358 1107 2312 1149; baseline -0.001 -10"><span class='ocrx_word' id='word_1_361' title='bbox 1358 1108 1429 1140; x_wconf 83' lang='lat' dir='ltr'>mut</span> <span class='ocrx_word' id='word_1_362' title='bbox 1452 1107 1645 1149; x_wconf 85' lang='lat' dir='ltr'>impossibile</span> <span class='ocrx_word' id='word_1_363' title='bbox 1678 1111 1725 1139; x_wconf 87' lang='grc' dir='ltr'>θεῖ</span> <span class='ocrx_word' id='word_1_364' title='bbox 1749 1107 1883 1148; x_wconf 84' lang='lat' dir='ltr'>signare.</span> <span class='ocrx_word' id='word_1_365' title='bbox 1910 1107 1944 1139; x_wconf 89' lang='lat' dir='ltr'>Et</span> <span class='ocrx_word' id='word_1_366' title='bbox 1968 1107 2012 1140; x_wconf 85' lang='lat' dir='ltr'>sic</span> <span class='ocrx_word' id='word_1_367' title='bbox 2036 1110 2138 1148; x_wconf 81' lang='lat' dir='ltr'>patet,</span> <span class='ocrx_word' id='word_1_368' title='bbox 2164 1107 2249 1148; x_wconf 87' lang='lat' dir='ltr'>quod</span> <span class='ocrx_word' id='word_1_369' title='bbox 2280 1107 2312 1138; x_wconf 86' lang='lat' dir='ltr'>in</span> 
     </span>
     <span class='ocr_line' id='line_1_54' title="bbox 1359 1159 2314 1201; baseline 0 -10"><span class='ocrx_word' id='word_1_370' title='bbox 1359 1160 1420 1192; x_wconf 87' lang='lat' dir='ltr'>alio</span> <span class='ocrx_word' id='word_1_371' title='bbox 1447 1164 1477 1192; x_wconf 89' lang='lat' dir='ltr'>et</span> <span class='ocrx_word' id='word_1_372' title='bbox 1499 1160 1560 1192; x_wconf 85' lang='lat' dir='ltr'>alio</span> <span class='ocrx_word' id='word_1_373' title='bbox 1585 1160 1711 1192; x_wconf 86' lang='lat' dir='ltr'>instanti</span> <span class='ocrx_word' id='word_1_374' title='bbox 1746 1159 1839 1191; x_wconf 84' lang='lat' dir='ltr'>babet</span> <span class='ocrx_word' id='word_1_375' title='bbox 1863 1169 1929 1191; x_wconf 85' lang='grc'><em>6336</em></span> <span class='ocrx_word' id='word_1_376' title='bbox 1954 1160 2043 1201; x_wconf 87' lang='lat' dir='ltr'>panis</span> <span class='ocrx_word' id='word_1_377' title='bbox 2067 1163 2098 1192; x_wconf 89' lang='lat' dir='ltr'>et</span> <span class='ocrx_word' id='word_1_378' title='bbox 2122 1169 2238 1201; x_wconf 86' lang='lat' dir='ltr'>corpus</span> <span class='ocrx_word' id='word_1_379' title='bbox 2270 1168 2314 1192; x_wconf 87' lang='lat' dir='ltr'>se-</span> 
     </span>
     <span class='ocr_line' id='line_1_55' title="bbox 1361 1212 2316 1254; baseline -0.002 -8"><span class='ocrx_word' id='word_1_380' title='bbox 1361 1214 1501 1246; x_wconf 84' lang='lat' dir='ltr'>cundum</span> <span class='ocrx_word' id='word_1_381' title='bbox 1526 1223 1614 1251; x_wconf 77' lang='lat' dir='ltr'>rem,</span> <span class='ocrx_word' id='word_1_382' title='bbox 1639 1217 1669 1245; x_wconf 89' lang='lat' dir='ltr'>et</span> <span class='ocrx_word' id='word_1_383' title='bbox 1693 1212 1870 1245; x_wconf 86' lang='lat' dir='ltr'>secundum</span> <span class='ocrx_word' id='word_1_384' title='bbox 1896 1213 1980 1254; x_wconf 85' lang='lat' dir='ltr'>quod</span> <span class='ocrx_word' id='word_1_385' title='bbox 1998 1216 2045 1245; x_wconf 86' lang='lat' dir='ltr'>est</span> <span class='ocrx_word' id='word_1_386' title='bbox 2061 1222 2221 1244; x_wconf 78' lang='lat' dir='ltr'>mensura</span> <span class='ocrx_word' id='word_1_387' title='bbox 2244 1222 2316 1244; x_wconf 89' lang='lat' dir='ltr'>rea-</span> 
     </span>
     <span class='ocr_line' id='line_1_56' title="bbox 1359 1265 2316 1308; baseline -0.002 -10"><span class='ocrx_word' id='word_1_388' title='bbox 1359 1267 1400 1298; x_wconf 74' lang='lat' dir='ltr'><em>lis</em></span> <span class='ocrx_word' id='word_1_389' title='bbox 1416 1271 1445 1298; x_wconf 87' lang='lat' dir='ltr'>et</span> <span class='ocrx_word' id='word_1_390' title='bbox 1466 1266 1632 1308; x_wconf 78' lang='lat' dir='ltr'>propria;</span> <span class='ocrx_word' id='word_1_391' title='bbox 1657 1265 1728 1298; x_wconf 87' lang='lat' dir='ltr'>licet</span> <span class='ocrx_word' id='word_1_392' title='bbox 1753 1265 1928 1298; x_wconf 86' lang='lat' dir='ltr'>secundum</span> <span class='ocrx_word' id='word_1_393' title='bbox 1954 1275 2147 1297; x_wconf 74' lang='lat' dir='ltr'>mensnram</span> <span class='ocrx_word' id='word_1_394' title='bbox 2174 1274 2316 1297; x_wconf 89' lang='lat' dir='ltr'>commu-</span> 
     </span>
     <span class='ocr_line' id='line_1_57' title="bbox 1358 1318 2470 1360; baseline -0.002 -8"><span class='ocrx_word' id='word_1_395' title='bbox 1358 1329 1432 1352; x_wconf 85' lang='lat' dir='ltr'>nem</span> <span class='ocrx_word' id='word_1_396' title='bbox 1457 1320 1520 1352; x_wconf 89' lang='lat' dir='ltr'>duo</span> <span class='ocrx_word' id='word_1_397' title='bbox 1546 1319 1691 1351; x_wconf 88' lang='lat' dir='ltr'>instantia</span> <span class='ocrx_word' id='word_1_398' title='bbox 1716 1319 1897 1351; x_wconf 82' lang='lat' dir='ltr'>immediate</span> <span class='ocrx_word' id='word_1_399' title='bbox 1922 1318 2047 1360; x_wconf 81' lang='lat' dir='ltr'>signare</span> <span class='ocrx_word' id='word_1_400' title='bbox 2068 1328 2129 1350; x_wconf 86' lang='lat' dir='ltr'>uon</span> <span class='ocrx_word' id='word_1_401' title='bbox 2147 1318 2313 1359; x_wconf 84' lang='lat' dir='ltr'>contingat.</span> <span class='ocrx_word' id='word_1_402' title='bbox 2469 1345 2470 1350; x_wconf 71' lang='grc'>,</span> 
     </span>
     <span class='ocr_line' id='line_1_58' title="bbox 1359 1360 2483 1423; baseline 0 -18"><span class='ocrx_word' id='word_1_403' title='bbox 1359 1393 1403 1397; x_wconf 88' lang='lat'>—</span> <span class='ocrx_word' id='word_1_404' title='bbox 1427 1373 1479 1405; x_wconf 88' lang='lat' dir='ltr'>llic</span> <span class='ocrx_word' id='word_1_405' title='bbox 1503 1377 1608 1405; x_wconf 87' lang='lat' dir='ltr'>autem</span> <span class='ocrx_word' id='word_1_406' title='bbox 1626 1373 1741 1404; x_wconf 88' lang='lat' dir='ltr'>modus</span> <span class='ocrx_word' id='word_1_407' title='bbox 1757 1372 1899 1404; x_wconf 89' lang='lat' dir='ltr'>solvendi</span> <span class='ocrx_word' id='word_1_408' title='bbox 1918 1371 2133 1404; x_wconf 83' lang='lat' dir='ltr'>rationabilior</span> <span class='ocrx_word' id='word_1_409' title='bbox 2153 1375 2183 1403; x_wconf 87' lang='lat' dir='ltr'>et</span> <span class='ocrx_word' id='word_1_410' title='bbox 2200 1372 2314 1404; x_wconf 86' lang='lat' dir='ltr'>certior</span> <span class='ocrx_word' id='word_1_411' title='bbox 2331 1360 2483 1423; x_wconf 45' lang='grc' dir='ltr'>Ιυαξὲατῑῑὲωαπ-ἕε</span> 
     </span>
     <span class='ocr_line' id='line_1_59' title="bbox 1360 1417 2483 1467; baseline -0.003 -9"><span class='ocrx_word' id='word_1_412' title='bbox 1360 1426 1486 1459; x_wconf 83' lang='lat' dir='ltr'>videtur</span> <span class='ocrx_word' id='word_1_413' title='bbox 1503 1426 1650 1458; x_wconf 88' lang='lat' dir='ltr'>omnibus</span> <span class='ocrx_word' id='word_1_414' title='bbox 1668 1425 1854 1466; x_wconf 80' lang='lat' dir='ltr'>praedictis,</span> <span class='ocrx_word' id='word_1_415' title='bbox 1872 1425 2020 1467; x_wconf 86' lang='lat' dir='ltr'>quoniam</span> <span class='ocrx_word' id='word_1_416' title='bbox 2043 1433 2141 1466; x_wconf 85' lang='lat' dir='ltr'>supra</span> <span class='ocrx_word' id='word_1_417' title='bbox 2157 1424 2217 1456; x_wconf 87' lang='lat' dir='ltr'>tria</span> <span class='ocrx_word' id='word_1_418' title='bbox 2234 1424 2317 1465; x_wconf 88' lang='lat' dir='ltr'>prin·</span> <span class='ocrx_word' id='word_1_419' title='bbox 2414 1417 2419 1422; x_wconf 56' lang='lat'>⁸</span> <span class='ocrx_word' id='word_1_420' title='bbox 2470 1417 2483 1422; x_wconf 46' lang='lat'>&#39;¹</span> 
     </span>
     <span class='ocr_line' id='line_1_60' title="bbox 1360 1470 2483 1529; baseline -0.002 -19"><span class='ocrx_word' id='word_1_421' title='bbox 1360 1479 1440 1520; x_wconf 87' lang='lat' dir='ltr'>cipia</span> <span class='ocrx_word' id='word_1_422' title='bbox 1472 1481 1557 1510; x_wconf 85' lang='lat' dir='ltr'>certa</span> <span class='ocrx_word' id='word_1_423' title='bbox 1588 1478 1750 1510; x_wconf 84' lang='lat' dir='ltr'>fundatur.</span> <span class='ocrx_word' id='word_1_424' title='bbox 1778 1477 1916 1509; x_wconf 89' lang='lat' dir='ltr'>Primum</span> <span class='ocrx_word' id='word_1_425' title='bbox 1942 1481 2006 1516; x_wconf 77' lang='lat' dir='ltr'>est,</span> <span class='ocrx_word' id='word_1_426' title='bbox 2031 1477 2114 1519; x_wconf 83' lang='lat' dir='ltr'>quod</span> <span class='ocrx_word' id='word_1_427' title='bbox 2141 1477 2171 1509; x_wconf 90' lang='lat' dir='ltr'>in</span> <span class='ocrx_word' id='word_1_428' title='bbox 2204 1477 2316 1509; x_wconf 87' lang='lat' dir='ltr'>eodem</span> <span class='ocrx_word' id='word_1_429' title='bbox 2330 1480 2380 1502; x_wconf 84' lang='lat' dir='ltr'>Tria</span> <span class='ocrx_word' id='word_1_430' title='bbox 2394 1470 2483 1529; x_wconf 56' lang='lat' dir='ltr'>igrinciss*</span> 
     </span>
     <span class='ocr_line' id='line_1_61' title="bbox 1361 1513 2421 1572; baseline -0.001 -9"><span class='ocrx_word' id='word_1_431' title='bbox 1361 1531 1501 1563; x_wconf 77' lang='lat' dir='ltr'>instanti</span> <span class='ocrx_word' id='word_1_432' title='bbox 1524 1531 1670 1572; x_wconf 75' lang='lat' dir='ltr'>simplici</span> <span class='ocrx_word' id='word_1_433' title='bbox 1692 1530 1888 1572; x_wconf 87' lang='lat' dir='ltr'>impossibile</span> <span class='ocrx_word' id='word_1_434' title='bbox 1912 1535 1959 1562; x_wconf 85' lang='grc' dir='ltr'>θεῖ</span> <span class='ocrx_word' id='word_1_435' title='bbox 1975 1530 2218 1563; x_wconf 88' lang='lat' dir='ltr'>contradictoria</span> <span class='ocrx_word' id='word_1_436' title='bbox 2235 1539 2313 1569; x_wconf 82' lang='lat' dir='ltr'>esse,</span> <span class='ocrx_word' id='word_1_437' title='bbox 2378 1513 2391 1534; x_wconf 54' lang='grc' dir='ltr'><strong>Ρ</strong></span> <span class='ocrx_word' id='word_1_438' title='bbox 2417 1523 2421 1529; x_wconf 90' lang='grc'><strong>’</strong></span> 
     </span>
     <span class='ocr_line' id='line_1_62' title="bbox 1360 1583 2318 1626; baseline -0.001 -11"><span class='ocrx_word' id='word_1_439' title='bbox 1360 1588 1655 1626; x_wconf 79' lang='lat' dir='ltr'>quantumcumque</span> <span class='ocrx_word' id='word_1_440' title='bbox 1680 1583 1799 1615; x_wconf 84' lang='lat' dir='ltr'>instans</span> <span class='ocrx_word' id='word_1_441' title='bbox 1823 1583 1938 1615; x_wconf 85' lang='lat' dir='ltr'>habeat</span> <span class='ocrx_word' id='word_1_442' title='bbox 1963 1583 2176 1615; x_wconf 81' lang='lat' dir='ltr'>diversitatem</span> <span class='ocrx_word' id='word_1_443' title='bbox 2210 1592 2318 1615; x_wconf 87' lang='lat' dir='ltr'>secun-</span> 
     </span>
    </p>

    <p class='ocr_par' dir='ltr' id='par_1_12' title="bbox 1361 1635 2319 1676">
     <span class='ocr_line' id='line_1_63' title="bbox 1361 1635 2319 1676; baseline -0.002 -8"><span class='ocrx_word' id='word_1_444' title='bbox 1361 1637 1438 1669; x_wconf 90' lang='lat' dir='ltr'>dum</span> <span class='ocrx_word' id='word_1_445' title='bbox 1464 1635 1755 1668; x_wconf 86' lang='lat' dir='ltr'>considerationem.</span> <span class='ocrx_word' id='word_1_446' title='bbox 1782 1635 1960 1667; x_wconf 81' lang='lat' dir='ltr'>Secundum</span> <span class='ocrx_word' id='word_1_447' title='bbox 1986 1639 2050 1673; x_wconf 76' lang='lat' dir='ltr'>est,</span> <span class='ocrx_word' id='word_1_448' title='bbox 2083 1635 2168 1676; x_wconf 84' lang='lat' dir='ltr'>quod</span> <span class='ocrx_word' id='word_1_449' title='bbox 2192 1635 2223 1666; x_wconf 86' lang='lat' dir='ltr'>in</span> <span class='ocrx_word' id='word_1_450' title='bbox 2248 1644 2319 1666; x_wconf 84' lang='lat' dir='ltr'>con-</span> 
     </span>
    </p>

    <p class='ocr_par' dir='ltr' id='par_1_13' title="bbox 1362 1684 2318 1729">
     <span class='ocr_line' id='line_1_64' title="bbox 1362 1684 2318 1729; baseline -0.001 -9"><span class='ocrx_word' id='word_1_451' title='bbox 1362 1689 1464 1726; x_wconf 84' lang='lat' dir='ltr'>tinuo,</span> <span class='ocrx_word' id='word_1_452' title='bbox 1496 1692 1640 1720; x_wconf 84' lang='lat' dir='ltr'>manente</span> <span class='ocrx_word' id='word_1_453' title='bbox 1677 1687 1842 1726; x_wconf 76' lang='lat' dir='ltr'>continuo,</span> <span class='ocrx_word' id='word_1_454' title='bbox 1867 1684 2139 1729; x_wconf 77' lang='lat' dir='ltr'>impossibile&#39;est</span> <span class='ocrx_word' id='word_1_455' title='bbox 2170 1687 2318 1719; x_wconf 82' lang='lat' dir='ltr'>instantia</span> 
     </span>
    </p>
   </div>
   <div class='ocr_carea' id='block_1_10' title="bbox 2456 87 2465 707">
    <p class='ocr_par' dir='ltr' id='par_1_14' title="bbox 2456 87 2465 707">
     <span class='ocr_line' id='line_1_65' title="bbox 2456 87 2465 707; baseline 0 0"><span class='ocrx_word' id='word_1_456' title='bbox 2456 87 2465 707; x_wconf 95' lang='lat' dir='ltr'> </span> 
     </span>
    </p>
   </div>
   <div class='ocr_carea' id='block_1_11' title="bbox 1353 1740 2317 1783">
    <p class='ocr_par' dir='ltr' id='par_1_15' title="bbox 1353 1740 2317 1783">
     <span class='ocr_line' id='line_1_66' title="bbox 1353 1740 2317 1783; baseline 0 -10"><span class='ocrx_word' id='word_1_457' title='bbox 1353 1750 1429 1774; x_wconf 84' lang='lat' dir='ltr'>-esse</span> <span class='ocrx_word' id='word_1_458' title='bbox 1462 1745 1691 1783; x_wconf 74' lang='lat' dir='ltr'>consequenter</span> <span class='ocrx_word' id='word_1_459' title='bbox 1723 1749 1780 1772; x_wconf 87' lang='lat' dir='ltr'>nec</span> <span class='ocrx_word' id='word_1_460' title='bbox 1811 1749 1886 1772; x_wconf 82' lang='lat' dir='ltr'>vere</span> <span class='ocrx_word' id='word_1_461' title='bbox 1918 1740 2044 1782; x_wconf 79' lang='lat' dir='ltr'>signari.</span> <span class='ocrx_word' id='word_1_462' title='bbox 2081 1741 2221 1772; x_wconf 75' lang='lat' dir='ltr'>&#39;l&#39;ertium</span> <span class='ocrx_word' id='word_1_463' title='bbox 2254 1744 2317 1779; x_wconf 84' lang='lat' dir='ltr'>est⁷</span> 
     </span>
    </p>
   </div>
   <div class='ocr_carea' id='block_1_12' title="bbox 1361 1793 2317 1879">
    <p class='ocr_par' dir='ltr' id='par_1_16' title="bbox 1361 1793 2317 1879">
     <span class='ocr_line' id='line_1_67' title="bbox 1361 1793 2317 1836; baseline -0.002 -9"><span class='ocrx_word' id='word_1_464' title='bbox 1361 1794 1446 1836; x_wconf 83' lang='lat' dir='ltr'>quod</span> <span class='ocrx_word' id='word_1_465' title='bbox 1472 1794 1552 1826; x_wconf 85' lang='lat' dir='ltr'>inter</span> <span class='ocrx_word' id='word_1_466' title='bbox 1577 1804 1643 1825; x_wconf 79' lang='grc'><em>6336</em></span> <span class='ocrx_word' id='word_1_467' title='bbox 1663 1803 1785 1835; x_wconf 77' lang='lat' dir='ltr'>panem</span> <span class='ocrx_word' id='word_1_468' title='bbox 1809 1797 1840 1825; x_wconf 89' lang='lat' dir='ltr'>et</span> <span class='ocrx_word' id='word_1_469' title='bbox 1865 1803 1986 1835; x_wconf 76' lang='lat' dir='ltr'>corpus</span> <span class='ocrx_word' id='word_1_470' title='bbox 2011 1793 2144 1832; x_wconf 76' lang='lat' dir='ltr'>Christi,</span> <span class='ocrx_word' id='word_1_471' title='bbox 2170 1793 2219 1826; x_wconf 86' lang='lat' dir='ltr'>vel</span> <span class='ocrx_word' id='word_1_472' title='bbox 2237 1793 2317 1825; x_wconf 86' lang='lat' dir='ltr'>inter</span> 
     </span>
     <span class='ocr_line' id='line_1_68' title="bbox 1362 1845 2063 1879; baseline -0.003 0"><span class='ocrx_word' id='word_1_473' title='bbox 1362 1848 1425 1879; x_wconf 92' lang='lat' dir='ltr'>duo</span> <span class='ocrx_word' id='word_1_474' title='bbox 1450 1846 1691 1879; x_wconf 89' lang='lat' dir='ltr'>contradictoria</span> <span class='ocrx_word' id='word_1_475' title='bbox 1715 1846 1792 1878; x_wconf 84' lang='lat' dir='ltr'>nihil</span> <span class='ocrx_word' id='word_1_476' title='bbox 1818 1849 1864 1878; x_wconf 86' lang='lat' dir='ltr'>est</span> <span class='ocrx_word' id='word_1_477' title='bbox 1888 1846 2029 1878; x_wconf 88' lang='lat' dir='ltr'>medium</span> <span class='ocrx_word' id='word_1_478' title='bbox 2044 1845 2063 1876; x_wconf 86' lang='lat'>⁵.</span> 
     </span>
    </p>
   </div>
   <div class='ocr_carea' id='block_1_13' title="bbox 1202 1999 1457 2041">
    <p class='ocr_par' dir='ltr' id='par_1_17' title="bbox 1202 1999 1457 2041">
     <span class='ocr_line' id='line_1_69' title="bbox 1202 1999 1457 2041; baseline -0.008 -8"><span class='ocrx_word' id='word_1_479' title='bbox 1202 1999 1385 2041; x_wconf 60' lang='lat' dir='ltr'>Quacsrio</span> <span class='ocrx_word' id='word_1_480' title='bbox 1410 1999 1457 2031; x_wconf 79' lang='lat' dir='ltr'>vt.</span> 
     </span>
    </p>
   </div>
   <div class='ocr_carea' id='block_1_14' title="bbox 913 2123 1758 2167">
    <p class='ocr_par' dir='ltr' id='par_1_18' title="bbox 913 2123 1758 2167">
     <span class='ocr_line' id='line_1_70' title="bbox 913 2123 1758 2167; baseline -0.004 -9"><span class='ocrx_word' id='word_1_481' title='bbox 913 2126 1038 2167; x_wconf 76' lang='lat' dir='ltr'>Quibus</span> <span class='ocrx_word' id='word_1_482' title='bbox 1062 2125 1170 2158; x_wconf 72' lang='lat' dir='ltr'>verbis</span> <span class='ocrx_word' id='word_1_483' title='bbox 1196 2125 1254 2157; x_wconf 79' lang='lat' dir='ltr'>illa</span> <span class='ocrx_word' id='word_1_484' title='bbox 1278 2124 1447 2157; x_wconf 71' lang='lat' dir='ltr'>conversio</span> <span class='ocrx_word' id='word_1_485' title='bbox 1471 2124 1582 2156; x_wconf 77' lang='lat' dir='ltr'>aebeat</span> <span class='ocrx_word' id='word_1_486' title='bbox 1605 2123 1758 2165; x_wconf 61' lang='lat' dir='ltr'>capriani.</span> 
     </span>
    </p>
   </div>
   <div class='ocr_carea' id='block_1_15' title="bbox 345 2278 1300 2426">
    <p class='ocr_par' dir='ltr' id='par_1_19' title="bbox 345 2278 1300 2426">
     <span class='ocr_line' id='line_1_71' title="bbox 433 2278 1300 2322; baseline -0.005 -8"><span class='ocrx_word' id='word_1_487' title='bbox 433 2282 527 2314; x_wconf 82' lang='lat' dir='ltr'>Sexto</span> <span class='ocrx_word' id='word_1_488' title='bbox 552 2285 582 2314; x_wconf 86' lang='lat' dir='ltr'>et</span> <span class='ocrx_word' id='word_1_489' title='bbox 602 2281 713 2313; x_wconf 89' lang='lat' dir='ltr'>ultimo</span> <span class='ocrx_word' id='word_1_490' title='bbox 731 2280 913 2322; x_wconf 76' lang='lat' dir='ltr'>quaeritur,</span> <span class='ocrx_word' id='word_1_491' title='bbox 931 2279 1047 2321; x_wconf 83' lang='lat' dir='ltr'>quibus</span> <span class='ocrx_word' id='word_1_492' title='bbox 1065 2278 1171 2311; x_wconf 82' lang='lat' dir='ltr'>verbis</span> <span class='ocrx_word' id='word_1_493' title='bbox 1188 2278 1300 2310; x_wconf 84' lang='lat' dir='ltr'>debeat</span> 
     </span>
     <span class='ocr_line' id='line_1_72' title="bbox 346 2332 1300 2376; baseline -0.004 -9"><span class='ocrx_word' id='word_1_494' title='bbox 346 2335 482 2376; x_wconf 84' lang='lat' dir='ltr'>exprimi</span> <span class='ocrx_word' id='word_1_495' title='bbox 506 2335 564 2367; x_wconf 87' lang='lat' dir='ltr'>ista</span> <span class='ocrx_word' id='word_1_496' title='bbox 588 2335 761 2367; x_wconf 82' lang='lat' dir='ltr'>conversio.</span> <span class='ocrx_word' id='word_1_497' title='bbox 790 2334 822 2366; x_wconf 88' lang='lat' dir='ltr'>Et</span> <span class='ocrx_word' id='word_1_498' title='bbox 846 2333 1039 2371; x_wconf 69' lang='lat' dir='ltr'>ostenditur,</span> <span class='ocrx_word' id='word_1_499' title='bbox 1057 2332 1141 2374; x_wconf 81' lang='lat' dir='ltr'>quod</span> <span class='ocrx_word' id='word_1_500' title='bbox 1159 2340 1216 2373; x_wconf 88' lang='lat' dir='ltr'>per</span> <span class='ocrx_word' id='word_1_501' title='bbox 1234 2340 1300 2363; x_wconf 84' lang='lat' dir='ltr'>ver-</span> 
     </span>
     <span class='ocr_line' id='line_1_73' title="bbox 345 2385 1299 2426; baseline -0.004 -6"><span class='ocrx_word' id='word_1_502' title='bbox 345 2388 421 2420; x_wconf 83' lang='lat' dir='ltr'>bum</span> <span class='ocrx_word' id='word_1_503' title='bbox 446 2387 709 2424; x_wconf 72' lang='lat' dir='ltr'>substantivam,</span> <span class='ocrx_word' id='word_1_504' title='bbox 734 2390 769 2418; x_wconf 90' lang='lat' dir='ltr'>ut</span> <span class='ocrx_word' id='word_1_505' title='bbox 794 2386 937 2418; x_wconf 84' lang='lat' dir='ltr'>dicatur:</span> <span class='ocrx_word' id='word_1_506' title='bbox 971 2385 1061 2417; x_wconf 86' lang='lat' dir='ltr'>Panis</span> <span class='ocrx_word' id='word_1_507' title='bbox 1093 2385 1152 2417; x_wconf 89' lang='lat' dir='ltr'>erit</span> <span class='ocrx_word' id='word_1_508' title='bbox 1184 2393 1299 2426; x_wconf 87' lang='lat' dir='ltr'>corpus</span> 
     </span>
    </p>
   </div>
   <div class='ocr_carea' id='block_1_16' title="bbox 1362 2275 2320 2423">
    <p class='ocr_par' dir='ltr' id='par_1_20' title="bbox 1362 2275 2320 2423">
     <span class='ocr_line' id='line_1_74' title="bbox 1362 2275 2319 2319; baseline -0.002 -10"><span class='ocrx_word' id='word_1_509' title='bbox 1362 2281 1430 2309; x_wconf 84' lang='lat' dir='ltr'>erat</span> <span class='ocrx_word' id='word_1_510' title='bbox 1462 2277 1551 2319; x_wconf 83' lang='lat' dir='ltr'>panis</span> <span class='ocrx_word' id='word_1_511' title='bbox 1583 2280 1654 2309; x_wconf 88' lang='lat' dir='ltr'>ante</span> <span class='ocrx_word' id='word_1_512' title='bbox 1686 2277 1951 2308; x_wconf 88' lang='lat' dir='ltr'>consecrationem</span> <span class='ocrx_word' id='word_1_513' title='bbox 1985 2279 2031 2308; x_wconf 89' lang='lat' dir='ltr'>est</span> <span class='ocrx_word' id='word_1_514' title='bbox 2064 2285 2179 2317; x_wconf 87' lang='lat' dir='ltr'>corpus</span> <span class='ocrx_word' id='word_1_515' title='bbox 2203 2275 2319 2308; x_wconf 85' lang='lat' dir='ltr'>Christi</span> 
     </span>
     <span class='ocr_line' id='line_1_75' title="bbox 1364 2330 1770 2372; baseline -0.007 -10"><span class='ocrx_word' id='word_1_516' title='bbox 1364 2334 1433 2372; x_wconf 89' lang='lat' dir='ltr'>post</span> <span class='ocrx_word' id='word_1_517' title='bbox 1457 2330 1722 2363; x_wconf 84' lang='lat' dir='ltr'>consecrationem</span> <span class='ocrx_word' id='word_1_518' title='bbox 1740 2341 1770 2360; x_wconf 85' lang='lat'>».</span> 
     </span>
     <span class='ocr_line' id='line_1_76' title="bbox 1452 2381 2320 2423; baseline -0.001 -9"><span class='ocrx_word' id='word_1_519' title='bbox 1452 2385 1480 2415; x_wconf 67' lang='lat'>2.</span> <span class='ocrx_word' id='word_1_520' title='bbox 1506 2384 1580 2415; x_wconf 89' lang='lat' dir='ltr'>ltem</span> <span class='ocrx_word' id='word_1_521' title='bbox 1592 2409 1599 2421; x_wconf 80' lang='grc'>,</span> <span class='ocrx_word' id='word_1_522' title='bbox 1616 2383 1745 2414; x_wconf 79' lang='lat' dir='ltr'>ratione</span> <span class='ocrx_word' id='word_1_523' title='bbox 1762 2382 1904 2414; x_wconf 82' lang='lat' dir='ltr'>videtur:</span> <span class='ocrx_word' id='word_1_524' title='bbox 1923 2382 1997 2423; x_wconf 81' lang='lat' dir='ltr'>quia</span> <span class='ocrx_word' id='word_1_525' title='bbox 2017 2382 2071 2413; x_wconf 85' lang='lat' dir='ltr'>ubi</span> <span class='ocrx_word' id='word_1_526' title='bbox 2089 2385 2189 2414; x_wconf 86' lang='lat' dir='ltr'>totum</span> <span class='ocrx_word' id='word_1_527' title='bbox 2207 2381 2320 2413; x_wconf 85' lang='lat' dir='ltr'>transit</span> 
     </span>
    </p>
   </div>
   <div class='ocr_carea' id='block_1_17' title="bbox 1363 2434 2320 2582">
    <p class='ocr_par' dir='ltr' id='par_1_21' title="bbox 1363 2434 2320 2582">
     <span class='ocr_line' id='line_1_77' title="bbox 1364 2434 2320 2476; baseline -0.002 -8"><span class='ocrx_word' id='word_1_528' title='bbox 1364 2436 1394 2468; x_wconf 90' lang='lat' dir='ltr'>in</span> <span class='ocrx_word' id='word_1_529' title='bbox 1424 2439 1542 2475; x_wconf 81' lang='lat' dir='ltr'>totum,</span> <span class='ocrx_word' id='word_1_530' title='bbox 1566 2436 1601 2467; x_wconf 86' lang='lat' dir='ltr'>fit</span> <span class='ocrx_word' id='word_1_531' title='bbox 1635 2435 1734 2467; x_wconf 88' lang='lat' dir='ltr'>maior</span> <span class='ocrx_word' id='word_1_532' title='bbox 1766 2435 1858 2473; x_wconf 77' lang='lat' dir='ltr'>unio,</span> <span class='ocrx_word' id='word_1_533' title='bbox 1883 2444 1976 2476; x_wconf 89' lang='lat' dir='ltr'>quam</span> <span class='ocrx_word' id='word_1_534' title='bbox 2007 2435 2059 2467; x_wconf 90' lang='lat' dir='ltr'>ubi</span> <span class='ocrx_word' id='word_1_535' title='bbox 2091 2443 2164 2476; x_wconf 89' lang='lat' dir='ltr'>pars</span> <span class='ocrx_word' id='word_1_536' title='bbox 2192 2434 2222 2466; x_wconf 90' lang='lat' dir='ltr'>in</span> <span class='ocrx_word' id='word_1_537' title='bbox 2251 2443 2320 2476; x_wconf 83' lang='lat' dir='ltr'>par-</span> 
     </span>
     <span class='ocr_line' id='line_1_78' title="bbox 1364 2488 2320 2530; baseline -0.002 -9"><span class='ocrx_word' id='word_1_538' title='bbox 1364 2493 1426 2521; x_wconf 89' lang='lat' dir='ltr'>tem</span> <span class='ocrx_word' id='word_1_539' title='bbox 1441 2501 1448 2526; x_wconf 75' lang='grc' dir='ltr'><strong>ς</strong></span> <span class='ocrx_word' id='word_1_540' title='bbox 1466 2489 1519 2521; x_wconf 88' lang='lat' dir='ltr'>sed</span> <span class='ocrx_word' id='word_1_541' title='bbox 1546 2488 1599 2520; x_wconf 66' lang='lat' dir='ltr'>ulii</span> <span class='ocrx_word' id='word_1_542' title='bbox 1625 2497 1699 2530; x_wconf 85' lang='lat' dir='ltr'>pars</span> <span class='ocrx_word' id='word_1_543' title='bbox 1724 2488 1754 2520; x_wconf 88' lang='lat' dir='ltr'>in</span> <span class='ocrx_word' id='word_1_544' title='bbox 1779 2492 1919 2529; x_wconf 74' lang='lat' dir='ltr'>partem,</span> <span class='ocrx_word' id='word_1_545' title='bbox 1938 2496 2013 2520; x_wconf 88' lang='lat' dir='ltr'>vera</span> <span class='ocrx_word' id='word_1_546' title='bbox 2029 2491 2075 2520; x_wconf 87' lang='lat' dir='ltr'>est</span> <span class='ocrx_word' id='word_1_547' title='bbox 2090 2488 2110 2526; x_wconf 83' lang='lat'>⁷,</span> <span class='ocrx_word' id='word_1_548' title='bbox 2131 2491 2167 2519; x_wconf 89' lang='lat' dir='ltr'>ut</span> <span class='ocrx_word' id='word_1_549' title='bbox 2183 2491 2259 2528; x_wconf 90' lang='lat' dir='ltr'>puta</span> <span class='ocrx_word' id='word_1_550' title='bbox 2275 2495 2320 2519; x_wconf 87' lang='lat' dir='ltr'>se-</span> 
     </span>
     <span class='ocr_line' id='line_1_79' title="bbox 1363 2539 2318 2582; baseline -0.003 -8"><span class='ocrx_word' id='word_1_551' title='bbox 1363 2542 1503 2575; x_wconf 85' lang='lat' dir='ltr'>cundum</span> <span class='ocrx_word' id='word_1_552' title='bbox 1529 2541 1682 2574; x_wconf 73' lang='lat' dir='ltr'>accidens</span> <span class='ocrx_word' id='word_1_553' title='bbox 1706 2541 1815 2573; x_wconf 85' lang='lat' dir='ltr'>album</span> <span class='ocrx_word' id='word_1_554' title='bbox 1840 2541 1899 2573; x_wconf 92' lang='lat' dir='ltr'>erit</span> <span class='ocrx_word' id='word_1_555' title='bbox 1923 2540 2064 2582; x_wconf 76' lang='lat' dir='ltr'>nigrum,</span> <span class='ocrx_word' id='word_1_556' title='bbox 2088 2543 2118 2572; x_wconf 86' lang='lat' dir='ltr'>et</span> <span class='ocrx_word' id='word_1_557' title='bbox 2143 2539 2318 2573; x_wconf 88' lang='lat' dir='ltr'>secundum</span> 
     </span>
    </p>
   </div>
   <div class='ocr_carea' id='block_1_18' title="bbox 185 2437 1332 2578">
    <p class='ocr_par' dir='ltr' id='par_1_22' title="bbox 185 2437 1332 2578">
     <span class='ocr_line' id='line_1_80' title="bbox 185 2437 1300 2503; baseline -0.002 -32"><span class='ocrx_word' id='word_1_558' title='bbox 185 2450 331 2503; x_wconf 16' lang='lat' dir='ltr'>¹³²}rndssgnsffigff</span> <span class='ocrx_word' id='word_1_559' title='bbox 346 2440 481 2479; x_wconf 77' lang='lat' dir='ltr'>Cliristi3</span> <span class='ocrx_word' id='word_1_560' title='bbox 506 2444 536 2472; x_wconf 87' lang='lat' dir='ltr'>et</span> <span class='ocrx_word' id='word_1_561' title='bbox 560 2440 644 2481; x_wconf 83' lang='lat' dir='ltr'>quod</span> <span class='ocrx_word' id='word_1_562' title='bbox 669 2439 727 2471; x_wconf 88' lang='lat' dir='ltr'>fuit</span> <span class='ocrx_word' id='word_1_563' title='bbox 751 2439 840 2481; x_wconf 84' lang='lat' dir='ltr'>panis</span> <span class='ocrx_word' id='word_1_564' title='bbox 865 2442 941 2477; x_wconf 79' lang='lat' dir='ltr'>etc.;</span> <span class='ocrx_word' id='word_1_565' title='bbox 963 2442 993 2470; x_wconf 88' lang='lat' dir='ltr'>et</span> <span class='ocrx_word' id='word_1_566' title='bbox 1018 2439 1077 2470; x_wconf 85' lang='lat' dir='ltr'>hoc</span> <span class='ocrx_word' id='word_1_567' title='bbox 1101 2437 1300 2470; x_wconf 79' lang='lat' dir='ltr'>auctoritate</span> 
     </span>
     <span class='ocr_line' id='line_1_81' title="bbox 344 2474 1332 2578; baseline -0.002 -54"><span class='ocrx_word' id='word_1_568' title='bbox 344 2496 374 2524; x_wconf 88' lang='lat' dir='ltr'>et</span> <span class='ocrx_word' id='word_1_569' title='bbox 398 2493 535 2524; x_wconf 80' lang='lat' dir='ltr'>ratione.</span> <span class='ocrx_word' id='word_1_570' title='bbox 1329 2474 1332 2578; x_wconf 53' lang='grc' dir='ltr'>ι</span> 
     </span>
    </p>
   </div>
   <div class='ocr_carea' id='block_1_19' title="bbox 208 2509 1299 2586">
    <p class='ocr_par' dir='ltr' id='par_1_23' title="bbox 208 2509 1299 2586">
     <span class='ocr_line' id='line_1_82' title="bbox 208 2509 266 2524; baseline -0.017 0"><span class='ocrx_word' id='word_1_571' title='bbox 208 2509 266 2524; x_wconf 84' lang='lat' dir='ltr'>num.</span> 
     </span>
     <span class='ocr_line' id='line_1_83' title="bbox 436 2543 1299 2586; baseline -0.001 -10"><span class='ocrx_word' id='word_1_572' title='bbox 436 2547 462 2577; x_wconf 86' lang='lat' dir='ltr'>l.</span> <span class='ocrx_word' id='word_1_573' title='bbox 487 2544 716 2576; x_wconf 62' lang='lat' dir='ltr'>auctoritate:</span> <span class='ocrx_word' id='word_1_574' title='bbox 739 2545 812 2586; x_wconf 81' lang='lat' dir='ltr'>quia</span> <span class='ocrx_word' id='word_1_575' title='bbox 833 2543 1016 2576; x_wconf 71' lang='lat' dir='ltr'>Ambrosius</span> <span class='ocrx_word' id='word_1_576' title='bbox 1030 2543 1040 2558; x_wconf 75' lang='lat'>⁰</span> <span class='ocrx_word' id='word_1_577' title='bbox 1059 2543 1152 2576; x_wconf 87' lang='lat' dir='ltr'>dicit:</span> <span class='ocrx_word' id='word_1_578' title='bbox 1178 2555 1192 2572; x_wconf 87' lang='lat'>«</span> <span class='ocrx_word' id='word_1_579' title='bbox 1210 2543 1299 2584; x_wconf 87' lang='lat' dir='ltr'>Quod</span> 
     </span>
    </p>
   </div>
   <div class='ocr_carea' id='block_1_20' title="bbox 346 2768 1300 3063">
    <p class='ocr_par' dir='ltr' id='par_1_24' title="bbox 346 2768 1300 3063">
     <span class='ocr_line' id='line_1_84' title="bbox 346 2768 1299 2800; baseline -0.001 -7"><span class='ocrx_word' id='word_1_580' title='bbox 346 2776 374 2793; x_wconf 82' lang='lat' dir='ltr'>ex</span> <span class='ocrx_word' id='word_1_581' title='bbox 390 2769 504 2800; x_wconf 68' lang='lat' dir='ltr'>aristot,</span> <span class='ocrx_word' id='word_1_582' title='bbox 524 2769 561 2793; x_wconf 78' lang='lat' dir='ltr'>Vl.</span> <span class='ocrx_word' id='word_1_583' title='bbox 578 2769 651 2800; x_wconf 65' lang='lat' dir='ltr'>ruys.</span> <span class='ocrx_word' id='word_1_584' title='bbox 673 2771 730 2793; x_wconf 81' lang='lat' dir='ltr'>text.</span> <span class='ocrx_word' id='word_1_585' title='bbox 747 2769 774 2793; x_wconf 84' lang='lat' dir='ltr'>l:</span> <span class='ocrx_word' id='word_1_586' title='bbox 791 2768 921 2794; x_wconf 65' lang='lat' dir='ltr'>Continui(</span> <span class='ocrx_word' id='word_1_587' title='bbox 943 2768 1063 2800; x_wconf 79' lang='lat' dir='ltr'>quidem7</span> <span class='ocrx_word' id='word_1_588' title='bbox 1079 2775 1191 2800; x_wconf 78' lang='lat' dir='ltr'>quorum</span> <span class='ocrx_word' id='word_1_589' title='bbox 1211 2768 1299 2793; x_wconf 84' lang='lat' dir='ltr'>ultima</span> 
     </span>
     <span class='ocr_line' id='line_1_85' title="bbox 346 2812 1300 2846; baseline 0 -10"><span class='ocrx_word' id='word_1_590' title='bbox 346 2816 406 2837; x_wconf 86' lang='lat' dir='ltr'>sunt</span> <span class='ocrx_word' id='word_1_591' title='bbox 431 2820 525 2844; x_wconf 70' lang='lat' dir='ltr'>uuumg</span> <span class='ocrx_word' id='word_1_592' title='bbox 546 2812 681 2846; x_wconf 55' lang='lat' dir='ltr'>la&#39;nyentia</span> <span class='ocrx_word' id='word_1_593' title='bbox 701 2812 776 2845; x_wconf 68' lang='lat' dir='ltr'>[sive</span> <span class='ocrx_word' id='word_1_594' title='bbox 796 2812 936 2845; x_wconf 80' lang='lat' dir='ltr'>contigua]</span> <span class='ocrx_word' id='word_1_595' title='bbox 956 2820 1035 2844; x_wconf 65' lang='lat' dir='ltr'>vero,</span> <span class='ocrx_word' id='word_1_596' title='bbox 1058 2819 1170 2844; x_wconf 82' lang='lat' dir='ltr'>quorum</span> <span class='ocrx_word' id='word_1_597' title='bbox 1195 2812 1300 2844; x_wconf 87' lang='lat' dir='ltr'>[ultima</span> 
     </span>
     <span class='ocr_line' id='line_1_86' title="bbox 348 2855 1300 2889; baseline -0.001 -8"><span class='ocrx_word' id='word_1_598' title='bbox 348 2855 424 2888; x_wconf 79' lang='lat' dir='ltr'>sunt]</span> <span class='ocrx_word' id='word_1_599' title='bbox 439 2857 529 2888; x_wconf 71' lang='lat' dir='ltr'>simu13</span> <span class='ocrx_word' id='word_1_600' title='bbox 550 2858 743 2889; x_wconf 71' lang='lat' dir='ltr'>consequenter</span> <span class='ocrx_word' id='word_1_601' title='bbox 762 2860 860 2887; x_wconf 65' lang='lat' dir='ltr'>autem,</span> <span class='ocrx_word' id='word_1_602' title='bbox 875 2857 940 2881; x_wconf 85' lang='lat' dir='ltr'>inter</span> <span class='ocrx_word' id='word_1_603' title='bbox 959 2864 1026 2888; x_wconf 75' lang='lat' dir='ltr'>qliae</span> <span class='ocrx_word' id='word_1_604' title='bbox 1046 2856 1106 2880; x_wconf 83' lang='lat' dir='ltr'>nihil</span> <span class='ocrx_word' id='word_1_605' title='bbox 1126 2860 1164 2881; x_wconf 80' lang='lat' dir='ltr'>cst</span> <span class='ocrx_word' id='word_1_606' title='bbox 1183 2855 1300 2880; x_wconf 81' lang='lat' dir='ltr'>eiusdem</span> 
     </span>
     <span class='ocr_line' id='line_1_87' title="bbox 348 2899 1300 2932; baseline 0 -9"><span class='ocrx_word' id='word_1_607' title='bbox 348 2901 457 2930; x_wconf 70' lang='lat' dir='ltr'>generis.</span> <span class='ocrx_word' id='word_1_608' title='bbox 473 2899 521 2925; x_wconf 77' lang='lat' dir='ltr'>Csr.</span> <span class='ocrx_word' id='word_1_609' title='bbox 542 2900 603 2925; x_wconf 84' lang='lat' dir='ltr'>ibid.</span> <span class='ocrx_word' id='word_1_610' title='bbox 626 2901 654 2925; x_wconf 88' lang='lat' dir='ltr'>V.</span> <span class='ocrx_word' id='word_1_611' title='bbox 677 2903 733 2924; x_wconf 88' lang='lat' dir='ltr'>text.</span> <span class='ocrx_word' id='word_1_612' title='bbox 756 2901 797 2925; x_wconf 74' lang='lat'>21.</span> <span class='ocrx_word' id='word_1_613' title='bbox 819 2908 892 2932; x_wconf 78' lang='lat' dir='ltr'>seqq.</span> <span class='ocrx_word' id='word_1_614' title='bbox 914 2900 950 2931; x_wconf 90' lang='lat' dir='ltr'>(c.</span> <span class='ocrx_word' id='word_1_615' title='bbox 973 2900 1027 2931; x_wconf 80' lang='grc'>3.),</span> <span class='ocrx_word' id='word_1_616' title='bbox 1047 2902 1071 2924; x_wconf 87' lang='lat' dir='ltr'>et</span> <span class='ocrx_word' id='word_1_617' title='bbox 1091 2899 1123 2924; x_wconf 83' lang='lat' dir='ltr'>dc</span> <span class='ocrx_word' id='word_1_618' title='bbox 1143 2899 1300 2924; x_wconf 70' lang='lat' dir='ltr'>praedicam.</span> 
     </span>
     <span class='ocr_line' id='line_1_88' title="bbox 347 2943 1000 2975; baseline -0.002 -6"><span class='ocrx_word' id='word_1_619' title='bbox 347 2951 369 2969; x_wconf 90' lang='lat' dir='ltr'>c.</span> <span class='ocrx_word' id='word_1_620' title='bbox 389 2943 419 2969; x_wconf 78' lang='lat' dir='ltr'>de</span> <span class='ocrx_word' id='word_1_621' title='bbox 441 2943 560 2974; x_wconf 74' lang='lat' dir='ltr'>Qttaizto,</span> <span class='ocrx_word' id='word_1_622' title='bbox 584 2944 626 2969; x_wconf 84' lang='lat' dir='ltr'>ubi</span> <span class='ocrx_word' id='word_1_623' title='bbox 648 2945 711 2969; x_wconf 82' lang='lat' dir='ltr'>liaec</span> <span class='ocrx_word' id='word_1_624' title='bbox 730 2945 811 2969; x_wconf 77' lang='lat' dir='ltr'>fusius</span> <span class='ocrx_word' id='word_1_625' title='bbox 831 2945 1000 2975; x_wconf 78' lang='lat' dir='ltr'>explicantur.</span> 
     </span>
     <span class='ocr_line' id='line_1_89' title="bbox 419 2987 1298 3018; baseline -0.001 -6"><span class='ocrx_word' id='word_1_626' title='bbox 419 2988 426 3003; x_wconf 78' lang='lat'>1</span> <span class='ocrx_word' id='word_1_627' title='bbox 448 2988 509 3012; x_wconf 81' lang='lat' dir='ltr'>Fere</span> <span class='ocrx_word' id='word_1_628' title='bbox 529 2995 619 3013; x_wconf 79' lang='lat' dir='ltr'>omues</span> <span class='ocrx_word' id='word_1_629' title='bbox 644 2988 719 3013; x_wconf 88' lang='lat' dir='ltr'>codd.</span> <span class='ocrx_word' id='word_1_630' title='bbox 740 2995 798 3013; x_wconf 80' lang='lat' dir='ltr'>cuni</span> <span class='ocrx_word' id='word_1_631' title='bbox 825 2988 865 3013; x_wconf 83' lang='lat' dir='ltr'>ed.</span> <span class='ocrx_word' id='word_1_632' title='bbox 888 2989 896 3012; x_wconf 85' lang='grc'>1</span> <span class='ocrx_word' id='word_1_633' title='bbox 922 2994 1058 3018; x_wconf 74' lang='lat' dir='ltr'>perperam</span> <span class='ocrx_word' id='word_1_634' title='bbox 1085 2987 1205 3011; x_wconf 85' lang='lat' dir='ltr'>omittunt</span> <span class='ocrx_word' id='word_1_635' title='bbox 1229 2992 1298 3017; x_wconf 73' lang='lat' dir='ltr'>non,</span> 
     </span>
     <span class='ocr_line' id='line_1_90' title="bbox 350 3030 1300 3063; baseline -0.002 -7"><span class='ocrx_word' id='word_1_636' title='bbox 350 3031 419 3063; x_wconf 78' lang='lat' dir='ltr'>quod</span> <span class='ocrx_word' id='word_1_637' title='bbox 440 3033 490 3056; x_wconf 87' lang='lat' dir='ltr'>iam</span> <span class='ocrx_word' id='word_1_638' title='bbox 510 3032 622 3057; x_wconf 72' lang='lat' dir='ltr'>secunda</span> <span class='ocrx_word' id='word_1_639' title='bbox 644 3039 736 3057; x_wconf 82' lang='lat' dir='ltr'>manus</span> <span class='ocrx_word' id='word_1_640' title='bbox 759 3034 782 3056; x_wconf 87' lang='lat' dir='ltr'>in</span> <span class='ocrx_word' id='word_1_641' title='bbox 812 3032 869 3057; x_wconf 92' lang='lat' dir='ltr'>cod.</span> <span class='ocrx_word' id='word_1_642' title='bbox 897 3032 913 3056; x_wconf 81' lang='lat' dir='ltr'>E</span> <span class='ocrx_word' id='word_1_643' title='bbox 939 3031 1084 3062; x_wconf 70' lang='lat' dir='ltr'>supplerit⁷</span> <span class='ocrx_word' id='word_1_644' title='bbox 1106 3030 1163 3055; x_wconf 83' lang='lat' dir='ltr'>cod.</span> <span class='ocrx_word' id='word_1_645' title='bbox 1187 3032 1205 3054; x_wconf 81' lang='grc' dir='ltr'>Α</span> <span class='ocrx_word' id='word_1_646' title='bbox 1227 3030 1300 3061; x_wconf 82' lang='lat' dir='ltr'>legit:</span> 
     </span>
    </p>
   </div>
   <div class='ocr_carea' id='block_1_21' title="bbox 349 3075 1194 3109">
    <p class='ocr_par' dir='ltr' id='par_1_25' title="bbox 349 3075 1194 3109">
     <span class='ocr_line' id='line_1_91' title="bbox 349 3075 1194 3109; baseline -0.001 -9"><span class='ocrx_word' id='word_1_647' title='bbox 349 3075 417 3101; x_wconf 70' lang='lat' dir='ltr'>uncle</span> <span class='ocrx_word' id='word_1_648' title='bbox 436 3077 473 3101; x_wconf 76' lang='lat' dir='ltr'>est</span> <span class='ocrx_word' id='word_1_649' title='bbox 492 3083 589 3108; x_wconf 73' lang='lat' dir='ltr'>ponere</span> <span class='ocrx_word' id='word_1_650' title='bbox 606 3076 689 3109; x_wconf 80' lang='lat' dir='ltr'>plura</span> <span class='ocrx_word' id='word_1_651' title='bbox 708 3075 851 3107; x_wconf 63' lang='lat' dir='ltr'>instantia,</span> <span class='ocrx_word' id='word_1_652' title='bbox 874 3082 921 3101; x_wconf 78' lang='lat' dir='ltr'>uec</span> <span class='ocrx_word' id='word_1_653' title='bbox 940 3076 1129 3108; x_wconf 76' lang='lat' dir='ltr'>consequenter</span> <span class='ocrx_word' id='word_1_654' title='bbox 1148 3077 1194 3099; x_wconf 82' lang='lat' dir='ltr'>etc.</span> 
     </span>
    </p>
   </div>
   <div class='ocr_carea' id='block_1_22' title="bbox 418 3118 1325 3150">
    <p class='ocr_par' dir='ltr' id='par_1_26' title="bbox 418 3118 1325 3150">
     <span class='ocr_line' id='line_1_92' title="bbox 418 3118 1325 3150; baseline -0.002 -7"><span class='ocrx_word' id='word_1_655' title='bbox 418 3119 429 3135; x_wconf 73' lang='lat'>‘3</span> <span class='ocrx_word' id='word_1_656' title='bbox 448 3119 515 3144; x_wconf 82' lang='lat' dir='ltr'>Libr.</span> <span class='ocrx_word' id='word_1_657' title='bbox 537 3120 561 3144; x_wconf 92' lang='grc'>11.</span> <span class='ocrx_word' id='word_1_658' title='bbox 583 3120 615 3144; x_wconf 83' lang='lat' dir='ltr'>de</span> <span class='ocrx_word' id='word_1_659' title='bbox 634 3121 752 3145; x_wconf 76' lang='lat' dir='ltr'>Generat.</span> <span class='ocrx_word' id='word_1_660' title='bbox 772 3124 796 3145; x_wconf 87' lang='lat' dir='ltr'>et</span> <span class='ocrx_word' id='word_1_661' title='bbox 816 3122 930 3150; x_wconf 84' lang='lat' dir='ltr'>corrupt.</span> <span class='ocrx_word' id='word_1_662' title='bbox 952 3122 1009 3144; x_wconf 80' lang='lat' dir='ltr'>text.</span> <span class='ocrx_word' id='word_1_663' title='bbox 1024 3118 1066 3143; x_wconf 77' lang='lat'>57.</span> <span class='ocrx_word' id='word_1_664' title='bbox 1083 3118 1120 3149; x_wconf 91' lang='lat' dir='ltr'>(c.</span> <span class='ocrx_word' id='word_1_665' title='bbox 1142 3118 1210 3149; x_wconf 79' lang='lat' dir='ltr'>lO.):</span> <span class='ocrx_word' id='word_1_666' title='bbox 1227 3118 1301 3142; x_wconf 86' lang='lat' dir='ltr'>Tem·</span> <span class='ocrx_word' id='word_1_667' title='bbox 1322 3132 1325 3133; x_wconf 33' lang='grc' dir='ltr'><em>ν</em></span> 
     </span>
    </p>
   </div>
   <div class='ocr_carea' id='block_1_23' title="bbox 350 3161 1303 3414">
    <p class='ocr_par' dir='ltr' id='par_1_27' title="bbox 350 3161 1303 3414">
     <span class='ocr_line' id='line_1_93' title="bbox 350 3161 1303 3195; baseline -0.001 -10"><span class='ocrx_word' id='word_1_668' title='bbox 350 3169 399 3192; x_wconf 84' lang='lat' dir='ltr'>pus</span> <span class='ocrx_word' id='word_1_669' title='bbox 418 3165 442 3186; x_wconf 85' lang='lat' dir='ltr'>et</span> <span class='ocrx_word' id='word_1_670' title='bbox 460 3163 510 3186; x_wconf 56' lang='lat' dir='ltr'>vita</span> <span class='ocrx_word' id='word_1_671' title='bbox 532 3164 736 3195; x_wconf 75' lang='lat' dir='ltr'>uniuscuiusque</span> <span class='ocrx_word' id='word_1_672' title='bbox 757 3163 833 3187; x_wconf 79' lang='lat' dir='ltr'>babet</span> <span class='ocrx_word' id='word_1_673' title='bbox 854 3169 1018 3187; x_wconf 85' lang='lat' dir='ltr'>numerum...</span> <span class='ocrx_word' id='word_1_674' title='bbox 1039 3161 1161 3186; x_wconf 86' lang='lat' dir='ltr'>Omnium</span> <span class='ocrx_word' id='word_1_675' title='bbox 1182 3161 1250 3185; x_wconf 85' lang='lat' dir='ltr'>enim</span> <span class='ocrx_word' id='word_1_676' title='bbox 1264 3163 1303 3185; x_wconf 77' lang='lat' dir='ltr'>est</span> 
     </span>
     <span class='ocr_line' id='line_1_94' title="bbox 350 3204 1301 3237; baseline -0.001 -8"><span class='ocrx_word' id='word_1_677' title='bbox 350 3205 427 3235; x_wconf 65' lang='lat' dir='ltr'>ordo3</span> <span class='ocrx_word' id='word_1_678' title='bbox 449 3210 472 3230; x_wconf 88' lang='lat' dir='ltr'>ct</span> <span class='ocrx_word' id='word_1_679' title='bbox 492 3212 567 3230; x_wconf 89' lang='lat' dir='ltr'>omne</span> <span class='ocrx_word' id='word_1_680' title='bbox 589 3210 691 3237; x_wconf 81' lang='lat' dir='ltr'>tempus</span> <span class='ocrx_word' id='word_1_681' title='bbox 710 3211 734 3232; x_wconf 86' lang='lat' dir='ltr'>et</span> <span class='ocrx_word' id='word_1_682' title='bbox 753 3208 803 3231; x_wconf 67' lang='lat' dir='ltr'>vita</span> <span class='ocrx_word' id='word_1_683' title='bbox 824 3210 989 3231; x_wconf 81' lang='lat' dir='ltr'>mensuratur</span> <span class='ocrx_word' id='word_1_684' title='bbox 1009 3205 1131 3237; x_wconf 83' lang='lat' dir='ltr'>periodo;</span> <span class='ocrx_word' id='word_1_685' title='bbox 1152 3204 1198 3229; x_wconf 87' lang='lat' dir='ltr'>sed</span> <span class='ocrx_word' id='word_1_686' title='bbox 1216 3208 1301 3230; x_wconf 80' lang='lat' dir='ltr'>tamen</span> 
     </span>
     <span class='ocr_line' id='line_1_95' title="bbox 351 3249 1300 3282; baseline 0 -10"><span class='ocrx_word' id='word_1_687' title='bbox 351 3255 400 3273; x_wconf 89' lang='lat' dir='ltr'>non</span> <span class='ocrx_word' id='word_1_688' title='bbox 421 3249 511 3273; x_wconf 79' lang='lat' dir='ltr'>eadem</span> <span class='ocrx_word' id='word_1_689' title='bbox 536 3256 639 3280; x_wconf 82' lang='lat' dir='ltr'>omnes,</span> <span class='ocrx_word' id='word_1_690' title='bbox 661 3250 706 3274; x_wconf 83' lang='lat' dir='ltr'>sed</span> <span class='ocrx_word' id='word_1_691' title='bbox 727 3251 750 3274; x_wconf 87' lang='lat' dir='ltr'>lii</span> <span class='ocrx_word' id='word_1_692' title='bbox 772 3250 878 3282; x_wconf 80' lang='lat' dir='ltr'>quidem</span> <span class='ocrx_word' id='word_1_693' title='bbox 905 3250 1011 3281; x_wconf 77' lang='lat' dir='ltr'>minori,</span> <span class='ocrx_word' id='word_1_694' title='bbox 1033 3250 1056 3274; x_wconf 81' lang='lat' dir='ltr'>lii</span> <span class='ocrx_word' id='word_1_695' title='bbox 1084 3251 1169 3273; x_wconf 87' lang='lat' dir='ltr'>autem</span> <span class='ocrx_word' id='word_1_696' title='bbox 1197 3249 1300 3279; x_wconf 81' lang='lat' dir='ltr'>maiori;</span> 
     </span>
     <span class='ocr_line' id='line_1_96' title="bbox 352 3293 1303 3324; baseline 0 -8"><span class='ocrx_word' id='word_1_697' title='bbox 352 3293 390 3316; x_wconf 77' lang='lat' dir='ltr'>liis</span> <span class='ocrx_word' id='word_1_698' title='bbox 409 3299 491 3317; x_wconf 83' lang='lat' dir='ltr'>annus</span> <span class='ocrx_word' id='word_1_699' title='bbox 511 3293 615 3324; x_wconf 79' lang='lat' dir='ltr'>quiden]</span> <span class='ocrx_word' id='word_1_700' title='bbox 642 3294 725 3323; x_wconf 86' lang='lat' dir='ltr'>enim;</span> <span class='ocrx_word' id='word_1_701' title='bbox 746 3294 786 3318; x_wconf 82' lang='lat' dir='ltr'>liis</span> <span class='ocrx_word' id='word_1_702' title='bbox 805 3298 890 3318; x_wconf 85' lang='lat' dir='ltr'>autem</span> <span class='ocrx_word' id='word_1_703' title='bbox 912 3294 1006 3324; x_wconf 77' lang='lat' dir='ltr'>maior,</span> <span class='ocrx_word' id='word_1_704' title='bbox 1027 3293 1082 3318; x_wconf 80' lang='lat' dir='ltr'>aliis</span> <span class='ocrx_word' id='word_1_705' title='bbox 1108 3296 1193 3317; x_wconf 77' lang='lat' dir='ltr'>auten]</span> <span class='ocrx_word' id='word_1_706' title='bbox 1218 3293 1303 3316; x_wconf 83' lang='lat' dir='ltr'>minor</span> 
     </span>
     <span class='ocr_line' id='line_1_97' title="bbox 352 3335 1300 3367; baseline -0.001 -7"><span class='ocrx_word' id='word_1_707' title='bbox 352 3336 476 3367; x_wconf 84' lang='lat' dir='ltr'>periodus</span> <span class='ocrx_word' id='word_1_708' title='bbox 496 3341 534 3361; x_wconf 79' lang='lat' dir='ltr'>est</span> <span class='ocrx_word' id='word_1_709' title='bbox 547 3343 666 3361; x_wconf 85' lang='lat' dir='ltr'>mensura</span> <span class='ocrx_word' id='word_1_710' title='bbox 682 3337 732 3362; x_wconf 83' lang='lat' dir='ltr'>(ed.</span> <span class='ocrx_word' id='word_1_711' title='bbox 749 3338 843 3362; x_wconf 72' lang='lat' dir='ltr'>Veneta</span> <span class='ocrx_word' id='word_1_712' title='bbox 859 3338 1007 3363; x_wconf 83' lang='lat' dir='ltr'>Bernardini</span> <span class='ocrx_word' id='word_1_713' title='bbox 1029 3337 1060 3361; x_wconf 86' lang='lat' dir='ltr'>de</span> <span class='ocrx_word' id='word_1_714' title='bbox 1081 3336 1196 3367; x_wconf 82' lang='lat' dir='ltr'>&#39;l&#39;ridino‚</span> <span class='ocrx_word' id='word_1_715' title='bbox 1218 3335 1300 3367; x_wconf 43' lang='lat'>1:589).</span> 
     </span>
     <span class='ocr_line' id='line_1_98' title="bbox 352 3380 1302 3414; baseline 0 -9"><span class='ocrx_word' id='word_1_716' title='bbox 352 3395 385 3398; x_wconf 82' lang='lat'>—-</span> <span class='ocrx_word' id='word_1_717' title='bbox 405 3381 452 3405; x_wconf 85' lang='lat' dir='ltr'>Pro</span> <span class='ocrx_word' id='word_1_718' title='bbox 467 3380 577 3413; x_wconf 76' lang='lat' dir='ltr'>periodo</span> <span class='ocrx_word' id='word_1_719' title='bbox 597 3381 673 3405; x_wconf 82' lang='lat' dir='ltr'>codd.</span> <span class='ocrx_word' id='word_1_720' title='bbox 694 3381 713 3405; x_wconf 66' lang='lat' dir='ltr'>l*-</span> <span class='ocrx_word' id='word_1_721' title='bbox 725 3382 741 3405; x_wconf 81' lang='lat' dir='ltr'>S</span> <span class='ocrx_word' id='word_1_722' title='bbox 753 3382 772 3405; x_wconf 85' lang='lat' dir='ltr'>T</span> <span class='ocrx_word' id='word_1_723' title='bbox 793 3388 937 3414; x_wconf 79' lang='lat' dir='ltr'>mensura,</span> <span class='ocrx_word' id='word_1_724' title='bbox 960 3382 1017 3407; x_wconf 87' lang='lat' dir='ltr'>cod.</span> <span class='ocrx_word' id='word_1_725' title='bbox 1038 3382 1073 3407; x_wconf 83' lang='lat' dir='ltr'>bl)</span> <span class='ocrx_word' id='word_1_726' title='bbox 1087 3380 1164 3407; x_wconf 81' lang='lat' dir='ltr'>modo</span> <span class='ocrx_word' id='word_1_727' title='bbox 1178 3380 1219 3406; x_wconf 73' lang='lat' dir='ltr'>vel</span> <span class='ocrx_word' id='word_1_728' title='bbox 1231 3387 1302 3406; x_wconf 72' lang='lat' dir='ltr'>inen-</span> 
     </span>
    </p>
   </div>
   <div class='ocr_carea' id='block_1_24' title="bbox 1331 2768 1335 3398">
    <p class='ocr_par' dir='ltr' id='par_1_28' title="bbox 1331 2768 1335 3398">
     <span class='ocr_line' id='line_1_99' title="bbox 1331 2768 1335 3398; baseline 0 0"><span class='ocrx_word' id='word_1_729' title='bbox 1331 2768 1335 3398; x_wconf 95' lang='lat' dir='ltr'> </span> 
     </span>
    </p>
   </div>
   <div class='ocr_carea' id='block_1_25' title="bbox 1363 2761 2319 3411">
    <p class='ocr_par' dir='ltr' id='par_1_29' title="bbox 1363 2761 2317 2841">
     <span class='ocr_line' id='line_1_100' title="bbox 1363 2761 2317 2798; baseline -0.006 -6"><span class='ocrx_word' id='word_1_730' title='bbox 1363 2774 1440 2792; x_wconf 77' lang='lat' dir='ltr'>sura.</span> <span class='ocrx_word' id='word_1_731' title='bbox 1462 2767 1587 2798; x_wconf 78' lang='lat' dir='ltr'>Superius</span> <span class='ocrx_word' id='word_1_732' title='bbox 1607 2773 1655 2797; x_wconf 83' lang='lat' dir='ltr'>pro</span> <span class='ocrx_word' id='word_1_733' title='bbox 1675 2764 1830 2796; x_wconf 74' lang='lat' dir='ltr'>duratione,</span> <span class='ocrx_word' id='word_1_734' title='bbox 1853 2763 1923 2796; x_wconf 74' lang='lat' dir='ltr'>quod</span> <span class='ocrx_word' id='word_1_735' title='bbox 1943 2763 2064 2788; x_wconf 74' lang='lat' dir='ltr'>exhibent</span> <span class='ocrx_word' id='word_1_736' title='bbox 2083 2762 2158 2788; x_wconf 84' lang='lat' dir='ltr'>codd.</span> <span class='ocrx_word' id='word_1_737' title='bbox 2180 2762 2225 2787; x_wconf 86' lang='lat' dir='ltr'>EL</span> <span class='ocrx_word' id='word_1_738' title='bbox 2240 2761 2317 2794; x_wconf 83' lang='lat' dir='ltr'>(bba</span> 
     </span>
     <span class='ocr_line' id='line_1_101' title="bbox 1364 2807 2043 2841; baseline -0.006 -5"><span class='ocrx_word' id='word_1_739' title='bbox 1364 2811 1477 2836; x_wconf 85' lang='lat' dir='ltr'>secunda</span> <span class='ocrx_word' id='word_1_740' title='bbox 1498 2810 1607 2841; x_wconf 84' lang='lat' dir='ltr'>manu),</span> <span class='ocrx_word' id='word_1_741' title='bbox 1628 2809 1667 2833; x_wconf 83' lang='lat' dir='ltr'>alii</span> <span class='ocrx_word' id='word_1_742' title='bbox 1689 2808 1764 2833; x_wconf 85' lang='lat' dir='ltr'>codd.</span> <span class='ocrx_word' id='word_1_743' title='bbox 1785 2811 1809 2833; x_wconf 90' lang='lat' dir='ltr'>et</span> <span class='ocrx_word' id='word_1_744' title='bbox 1828 2808 1887 2833; x_wconf 88' lang='lat' dir='ltr'>edd.</span> <span class='ocrx_word' id='word_1_745' title='bbox 1908 2807 2043 2833; x_wconf 70' lang='lat' dir='ltr'>divisione.</span> 
     </span>
    </p>

    <p class='ocr_par' dir='ltr' id='par_1_30' title="bbox 1364 2851 2319 3148">
     <span class='ocr_line' id='line_1_102' title="bbox 1435 2851 2319 2883; baseline -0.003 -6"><span class='ocrx_word' id='word_1_746' title='bbox 1435 2852 1446 2869; x_wconf 83' lang='grc'>3</span> <span class='ocrx_word' id='word_1_747' title='bbox 1465 2853 1514 2878; x_wconf 80' lang='lat' dir='ltr'>Csr.</span> <span class='ocrx_word' id='word_1_748' title='bbox 1535 2853 1561 2877; x_wconf 92' lang='grc'>11.</span> <span class='ocrx_word' id='word_1_749' title='bbox 1583 2854 1652 2876; x_wconf 70' lang='lat' dir='ltr'>Sent.</span> <span class='ocrx_word' id='word_1_750' title='bbox 1674 2852 1699 2876; x_wconf 89' lang='lat' dir='ltr'>d.</span> <span class='ocrx_word' id='word_1_751' title='bbox 1720 2853 1742 2876; x_wconf 74' lang='lat'>2.</span> <span class='ocrx_word' id='word_1_752' title='bbox 1764 2859 1789 2883; x_wconf 87' lang='lat' dir='ltr'>p.</span> <span class='ocrx_word' id='word_1_753' title='bbox 1811 2852 1825 2875; x_wconf 94' lang='lat' dir='ltr'>l.</span> <span class='ocrx_word' id='word_1_754' title='bbox 1847 2859 1868 2875; x_wconf 85' lang='lat' dir='ltr'>a.</span> <span class='ocrx_word' id='word_1_755' title='bbox 1894 2851 1912 2875; x_wconf 85' lang='lat'>1.</span> <span class='ocrx_word' id='word_1_756' title='bbox 1934 2858 1958 2883; x_wconf 86' lang='lat' dir='ltr'>q.</span> <span class='ocrx_word' id='word_1_757' title='bbox 1984 2851 2002 2875; x_wconf 95' lang='grc'>1.</span> <span class='ocrx_word' id='word_1_758' title='bbox 2022 2858 2075 2882; x_wconf 72' lang='lat' dir='ltr'>seq.</span> <span class='ocrx_word' id='word_1_759' title='bbox 2097 2865 2129 2868; x_wconf 85' lang='lat'>—</span> <span class='ocrx_word' id='word_1_760' title='bbox 2145 2851 2254 2882; x_wconf 71' lang='lat' dir='ltr'>Antiqua</span> <span class='ocrx_word' id='word_1_761' title='bbox 2267 2857 2319 2874; x_wconf 85' lang='lat' dir='ltr'>ma·</span> 
     </span>
     <span class='ocr_line' id='line_1_103' title="bbox 1366 2892 2318 2926; baseline -0.002 -5"><span class='ocrx_word' id='word_1_762' title='bbox 1366 2904 1413 2921; x_wconf 74' lang='lat' dir='ltr'>nus</span> <span class='ocrx_word' id='word_1_763' title='bbox 1434 2897 1456 2920; x_wconf 88' lang='lat' dir='ltr'>in</span> <span class='ocrx_word' id='word_1_764' title='bbox 1478 2897 1595 2926; x_wconf 78' lang='lat' dir='ltr'>margine</span> <span class='ocrx_word' id='word_1_765' title='bbox 1615 2895 1672 2920; x_wconf 84' lang='lat' dir='ltr'>cod.</span> <span class='ocrx_word' id='word_1_766' title='bbox 1692 2895 1709 2919; x_wconf 83' lang='grc'>1)</span> <span class='ocrx_word' id='word_1_767' title='bbox 1730 2896 1779 2919; x_wconf 61' lang='lat' dir='ltr'>liac</span> <span class='ocrx_word' id='word_1_768' title='bbox 1799 2895 1885 2925; x_wconf 86' lang='lat' dir='ltr'>posuit</span> <span class='ocrx_word' id='word_1_769' title='bbox 1904 2894 2066 2925; x_wconf 78' lang='lat' dir='ltr'>exemplum:</span> <span class='ocrx_word' id='word_1_770' title='bbox 2087 2894 2161 2919; x_wconf 74' lang='lat' dir='ltr'>Unus</span> <span class='ocrx_word' id='word_1_771' title='bbox 2174 2895 2212 2919; x_wconf 79' lang='lat' dir='ltr'>est</span> <span class='ocrx_word' id='word_1_772' title='bbox 2225 2892 2318 2919; x_wconf 80' lang='lat' dir='ltr'>radius</span> 
     </span>
     <span class='ocr_line' id='line_1_104' title="bbox 1364 2937 2319 2971; baseline -0.003 -6"><span class='ocrx_word' id='word_1_773' title='bbox 1364 2938 1428 2965; x_wconf 79' lang='lat' dir='ltr'>solis</span> <span class='ocrx_word' id='word_1_774' title='bbox 1447 2938 1593 2965; x_wconf 76' lang='lat' dir='ltr'>secundum</span> <span class='ocrx_word' id='word_1_775' title='bbox 1617 2939 1769 2966; x_wconf 74' lang='lat' dir='ltr'>essentiam,</span> <span class='ocrx_word' id='word_1_776' title='bbox 1800 2937 1846 2971; x_wconf 71' lang='lat' dir='ltr'>qui</span> <span class='ocrx_word' id='word_1_777' title='bbox 1874 2937 1972 2964; x_wconf 76' lang='lat' dir='ltr'>transit</span> <span class='ocrx_word' id='word_1_778' title='bbox 1995 2945 2045 2971; x_wconf 75' lang='lat' dir='ltr'>per</span> <span class='ocrx_word' id='word_1_779' title='bbox 2070 2937 2176 2964; x_wconf 72' lang='lat' dir='ltr'>diversa</span> <span class='ocrx_word' id='word_1_780' title='bbox 2204 2944 2319 2969; x_wconf 80' lang='lat' dir='ltr'>corpora</span> 
     </span>
     <span class='ocr_line' id='line_1_105' title="bbox 1365 2981 2319 3016; baseline -0.002 -7"><span class='ocrx_word' id='word_1_781' title='bbox 1365 2983 1565 3016; x_wconf 75' lang='lat' dir='ltr'>transpurentia</span> <span class='ocrx_word' id='word_1_782' title='bbox 1584 2984 1606 3008; x_wconf 70' lang='lat' dir='ltr'>ct</span> <span class='ocrx_word' id='word_1_783' title='bbox 1626 2982 1702 3008; x_wconf 68' lang='lat' dir='ltr'>naba</span> <span class='ocrx_word' id='word_1_784' title='bbox 1727 2982 1763 3008; x_wconf 82' lang='lat' dir='ltr'>ibi</span> <span class='ocrx_word' id='word_1_785' title='bbox 1788 2982 1893 3009; x_wconf 70' lang='lat' dir='ltr'>dicer-sa</span> <span class='ocrx_word' id='word_1_786' title='bbox 1912 2990 1982 3011; x_wconf 74' lang='lat' dir='ltr'>csse,</span> <span class='ocrx_word' id='word_1_787' title='bbox 2005 2982 2151 3009; x_wconf 75' lang='lat' dir='ltr'>seeundum</span> <span class='ocrx_word' id='word_1_788' title='bbox 2177 2981 2248 3015; x_wconf 82' lang='lat' dir='ltr'>quod</span> <span class='ocrx_word' id='word_1_789' title='bbox 2271 2981 2319 3007; x_wconf 85' lang='lat' dir='ltr'>illa</span> 
     </span>
     <span class='ocr_line' id='line_1_106' title="bbox 1365 3025 2318 3060; baseline -0.001 -8"><span class='ocrx_word' id='word_1_790' title='bbox 1365 3033 1479 3060; x_wconf 76' lang='lat' dir='ltr'>corpora</span> <span class='ocrx_word' id='word_1_791' title='bbox 1499 3026 1673 3052; x_wconf 74' lang='lat' dir='ltr'>{licei-simode</span> <span class='ocrx_word' id='word_1_792' title='bbox 1692 3028 1755 3052; x_wconf 78' lang='lat' dir='ltr'>sunt</span> <span class='ocrx_word' id='word_1_793' title='bbox 1775 3026 1903 3053; x_wconf 82' lang='lat' dir='ltr'>colorata.</span> <span class='ocrx_word' id='word_1_794' title='bbox 1924 3027 1979 3051; x_wconf 85' lang='lat' dir='ltr'>Mox</span> <span class='ocrx_word' id='word_1_795' title='bbox 2000 3033 2046 3057; x_wconf 91' lang='lat' dir='ltr'>pro</span> <span class='ocrx_word' id='word_1_796' title='bbox 2066 3025 2161 3059; x_wconf 79' lang='lat' dir='ltr'>accipit</span> <span class='ocrx_word' id='word_1_797' title='bbox 2180 3026 2235 3050; x_wconf 77' lang='lat' dir='ltr'>Vat.</span> <span class='ocrx_word' id='word_1_798' title='bbox 2250 3025 2318 3051; x_wconf 61' lang='lat' dir='ltr'>aivei-</span> 
     </span>
     <span class='ocr_line' id='line_1_107' title="bbox 1364 3069 2318 3104; baseline -0.003 -7"><span class='ocrx_word' id='word_1_799' title='bbox 1364 3071 1445 3104; x_wconf 80' lang='lat' dir='ltr'>pilur.</span> <span class='ocrx_word' id='word_1_800' title='bbox 1467 3071 1582 3096; x_wconf 80' lang='lat' dir='ltr'>Subinde</span> <span class='ocrx_word' id='word_1_801' title='bbox 1602 3078 1650 3102; x_wconf 88' lang='lat' dir='ltr'>pro</span> <span class='ocrx_word' id='word_1_802' title='bbox 1669 3078 1756 3097; x_wconf 77' lang='lat' dir='ltr'>unum</span> <span class='ocrx_word' id='word_1_803' title='bbox 1776 3071 1879 3097; x_wconf 81' lang='lat' dir='ltr'>instans</span> <span class='ocrx_word' id='word_1_804' title='bbox 1905 3071 2026 3103; x_wconf 87' lang='lat' dir='ltr'>permulti</span> <span class='ocrx_word' id='word_1_805' title='bbox 2046 3070 2120 3095; x_wconf 84' lang='lat' dir='ltr'>codd.</span> <span class='ocrx_word' id='word_1_806' title='bbox 2141 3074 2165 3095; x_wconf 90' lang='lat' dir='ltr'>et</span> <span class='ocrx_word' id='word_1_807' title='bbox 2185 3070 2225 3095; x_wconf 89' lang='lat' dir='ltr'>ed.</span> <span class='ocrx_word' id='word_1_808' title='bbox 2251 3071 2255 3094; x_wconf 98' lang='grc'>1</span> <span class='ocrx_word' id='word_1_809' title='bbox 2280 3069 2318 3095; x_wconf 84' lang='lat' dir='ltr'>ut-</span> 
     </span>
     <span class='ocr_line' id='line_1_108' title="bbox 1366 3115 1986 3148; baseline 0 -7"><span class='ocrx_word' id='word_1_810' title='bbox 1366 3116 1461 3142; x_wconf 78' lang='lat' dir='ltr'>timuin</span> <span class='ocrx_word' id='word_1_811' title='bbox 1482 3116 1597 3147; x_wconf 74' lang='lat' dir='ltr'>instans,</span> <span class='ocrx_word' id='word_1_812' title='bbox 1621 3116 1678 3140; x_wconf 88' lang='lat' dir='ltr'>cod.</span> <span class='ocrx_word' id='word_1_813' title='bbox 1699 3117 1717 3140; x_wconf 79' lang='grc' dir='ltr'>Α</span> <span class='ocrx_word' id='word_1_814' title='bbox 1737 3115 1856 3148; x_wconf 80' lang='lat' dir='ltr'>primum</span> <span class='ocrx_word' id='word_1_815' title='bbox 1876 3115 1986 3141; x_wconf 79' lang='lat' dir='ltr'>instans.</span> 
     </span>
    </p>

    <p class='ocr_par' dir='ltr' id='par_1_31' title="bbox 1365 3157 2317 3281">
     <span class='ocr_line' id='line_1_109' title="bbox 1437 3157 2312 3192; baseline -0.002 -7"><span class='ocrx_word' id='word_1_816' title='bbox 1437 3160 1446 3176; x_wconf 75' lang='lat'>⁴¹</span> <span class='ocrx_word' id='word_1_817' title='bbox 1468 3161 1499 3185; x_wconf 87' lang='lat' dir='ltr'>lta</span> <span class='ocrx_word' id='word_1_818' title='bbox 1515 3161 1567 3185; x_wconf 81' lang='lat' dir='ltr'>sere</span> <span class='ocrx_word' id='word_1_819' title='bbox 1581 3167 1672 3185; x_wconf 85' lang='lat' dir='ltr'>omnes</span> <span class='ocrx_word' id='word_1_820' title='bbox 1691 3159 1776 3189; x_wconf 59' lang='lat' dir='ltr'>codd„</span> <span class='ocrx_word' id='word_1_821' title='bbox 1791 3159 1848 3184; x_wconf 87' lang='lat' dir='ltr'>cod.</span> <span class='ocrx_word' id='word_1_822' title='bbox 1862 3160 1892 3191; x_wconf 84' lang='lat' dir='ltr'>H,</span> <span class='ocrx_word' id='word_1_823' title='bbox 1909 3160 2005 3185; x_wconf 79' lang='lat' dir='ltr'>omisso</span> <span class='ocrx_word' id='word_1_824' title='bbox 2019 3166 2082 3190; x_wconf 73' lang='lat' dir='ltr'>non,</span> <span class='ocrx_word' id='word_1_825' title='bbox 2098 3158 2226 3192; x_wconf 71' lang='lat' dir='ltr'>siynetztr,</span> <span class='ocrx_word' id='word_1_826' title='bbox 2241 3157 2312 3191; x_wconf 79' lang='lat' dir='ltr'>quia,</span> 
     </span>
     <span class='ocr_line' id='line_1_110' title="bbox 1366 3201 2317 3238; baseline -0.002 -9"><span class='ocrx_word' id='word_1_827' title='bbox 1366 3205 1441 3230; x_wconf 84' lang='lat' dir='ltr'>codd.</span> <span class='ocrx_word' id='word_1_828' title='bbox 1463 3205 1479 3229; x_wconf 86' lang='lat' dir='ltr'>F</span> <span class='ocrx_word' id='word_1_829' title='bbox 1491 3205 1528 3229; x_wconf 69' lang='lat' dir='ltr'>(ji</span> <span class='ocrx_word' id='word_1_830' title='bbox 1549 3204 1620 3238; x_wconf 75' lang='lat' dir='ltr'>quoa</span> <span class='ocrx_word' id='word_1_831' title='bbox 1637 3210 1691 3229; x_wconf 86' lang='lat' dir='ltr'>non</span> <span class='ocrx_word' id='word_1_832' title='bbox 1710 3203 1840 3237; x_wconf 65' lang='lat' dir='ltr'>sianctur,</span> <span class='ocrx_word' id='word_1_833' title='bbox 1863 3203 1941 3237; x_wconf 80' lang='lat' dir='ltr'>qm&#39;a‚·</span> <span class='ocrx_word' id='word_1_834' title='bbox 1959 3203 2019 3228; x_wconf 87' lang='lat' dir='ltr'>edd.</span> <span class='ocrx_word' id='word_1_835' title='bbox 2040 3203 2146 3228; x_wconf 81' lang='lat' dir='ltr'>brevius</span> <span class='ocrx_word' id='word_1_836' title='bbox 2164 3202 2230 3234; x_wconf 73' lang='lat' dir='ltr'>(lico,</span> <span class='ocrx_word' id='word_1_837' title='bbox 2246 3201 2317 3235; x_wconf 81' lang='lat' dir='ltr'>quod</span> 
     </span>
     <span class='ocr_line' id='line_1_111' title="bbox 1365 3248 1612 3281; baseline 0 -8"><span class='ocrx_word' id='word_1_838' title='bbox 1365 3256 1420 3274; x_wconf 81' lang='lat' dir='ltr'>non</span> <span class='ocrx_word' id='word_1_839' title='bbox 1439 3249 1477 3273; x_wconf 78' lang='lat' dir='ltr'>cst</span> <span class='ocrx_word' id='word_1_840' title='bbox 1495 3248 1612 3281; x_wconf 63' lang='lat' dir='ltr'>siqnure.</span> 
     </span>
    </p>

    <p class='ocr_par' dir='ltr' id='par_1_32' title="bbox 1437 3291 2094 3323">
     <span class='ocr_line' id='line_1_112' title="bbox 1437 3291 2094 3323; baseline 0 -7"><span class='ocrx_word' id='word_1_841' title='bbox 1437 3292 1448 3308; x_wconf 82' lang='lat'>5</span> <span class='ocrx_word' id='word_1_842' title='bbox 1468 3292 1532 3317; x_wconf 74' lang='lat' dir='ltr'>Vide</span> <span class='ocrx_word' id='word_1_843' title='bbox 1552 3292 1666 3317; x_wconf 80' lang='lat' dir='ltr'>scholion</span> <span class='ocrx_word' id='word_1_844' title='bbox 1688 3292 1719 3316; x_wconf 85' lang='lat' dir='ltr'>ad</span> <span class='ocrx_word' id='word_1_845' title='bbox 1741 3291 1764 3316; x_wconf 71' lang='lat' dir='ltr'>t.</span> <span class='ocrx_word' id='word_1_846' title='bbox 1784 3292 1860 3317; x_wconf 79' lang='lat' dir='ltr'>liuius</span> <span class='ocrx_word' id='word_1_847' title='bbox 1879 3291 1976 3316; x_wconf 79' lang='lat' dir='ltr'>articuli</span> <span class='ocrx_word' id='word_1_848' title='bbox 1997 3295 2094 3323; x_wconf 82' lang='lat' dir='ltr'>quaest.</span> 
     </span>
    </p>

    <p class='ocr_par' dir='ltr' id='par_1_33' title="bbox 1436 3334 2312 3366">
     <span class='ocr_line' id='line_1_113' title="bbox 1436 3334 2312 3366; baseline -0.002 -6"><span class='ocrx_word' id='word_1_849' title='bbox 1436 3335 1447 3351; x_wconf 78' lang='lat'><strong><em>⁶</em></strong></span> <span class='ocrx_word' id='word_1_850' title='bbox 1466 3336 1534 3360; x_wconf 86' lang='lat' dir='ltr'>Libr.</span> <span class='ocrx_word' id='word_1_851' title='bbox 1550 3336 1589 3361; x_wconf 92' lang='lat' dir='ltr'>lV.</span> <span class='ocrx_word' id='word_1_852' title='bbox 1605 3336 1635 3360; x_wconf 87' lang='lat' dir='ltr'>de</span> <span class='ocrx_word' id='word_1_853' title='bbox 1650 3336 1763 3360; x_wconf 85' lang='lat' dir='ltr'>Sacram.</span> <span class='ocrx_word' id='word_1_854' title='bbox 1778 3342 1799 3360; x_wconf 90' lang='lat' dir='ltr'>c.</span> <span class='ocrx_word' id='word_1_855' title='bbox 1815 3335 1838 3360; x_wconf 72' lang='lat' dir='ltr'>li.</span> <span class='ocrx_word' id='word_1_856' title='bbox 1853 3342 1876 3360; x_wconf 92' lang='lat' dir='ltr'>n.</span> <span class='ocrx_word' id='word_1_857' title='bbox 1897 3335 1933 3360; x_wconf 87' lang='grc'>16.</span> <span class='ocrx_word' id='word_1_858' title='bbox 1948 3334 1997 3360; x_wconf 83' lang='lat' dir='ltr'>Csr.</span> <span class='ocrx_word' id='word_1_859' title='bbox 2013 3335 2053 3359; x_wconf 81' lang='lat' dir='ltr'>liic</span> <span class='ocrx_word' id='word_1_860' title='bbox 2066 3335 2100 3359; x_wconf 90' lang='lat' dir='ltr'>lit.</span> <span class='ocrx_word' id='word_1_861' title='bbox 2115 3335 2240 3366; x_wconf 76' lang='lat' dir='ltr'>Magistri,</span> <span class='ocrx_word' id='word_1_862' title='bbox 2254 3340 2274 3358; x_wconf 91' lang='lat' dir='ltr'>c.</span> <span class='ocrx_word' id='word_1_863' title='bbox 2290 3334 2312 3358; x_wconf 77' lang='lat'>2.</span> 
     </span>
    </p>

    <p class='ocr_par' dir='ltr' id='par_1_34' title="bbox 1437 3380 1750 3411">
     <span class='ocr_line' id='line_1_114' title="bbox 1437 3380 1750 3411; baseline 0.003 -8"><span class='ocrx_word' id='word_1_864' title='bbox 1437 3380 1447 3395; x_wconf 78' lang='lat'>7</span> <span class='ocrx_word' id='word_1_865' title='bbox 1467 3380 1577 3411; x_wconf 76' lang='lat' dir='ltr'>Supplc:</span> <span class='ocrx_word' id='word_1_866' title='bbox 1599 3381 1750 3411; x_wconf 74' lang='lat' dir='ltr'>propositio.</span> 
     </span>
    </p>
   </div>
  </div>
 </body>
</html>
