2483 3882
0 1129 29 1150 ba-

696 242 790 273 DIST.
814 242 939 274 XXXIII.
963 242 1044 274 ART.
1070 242 1102 274 II.
1127 242 1280 283 QUAEST.
1305 243 1350 274 III.

43 331 199 374 quoddam
235 329 441 370 martyrium,
477 333 507 361 et
543 329 572 361 in
598 329 781 362 sustinendo
817 329 987 368 terribilia,

45 392 123 427 quae
140 386 271 415 mortem
296 382 451 414 inducunt
463 382 490 420 ³3
508 382 577 414 ideo
601 381 735 424 fruetus
752 382 885 414 debetur
901 382 989 414 Mar-

45 435 170 480 tyribus
193 438 223 467 et
247 434 493 466 continentibus.
519 434 668 466 perfectio
692 443 767 467 vero
786 435 924 466 maxima
941 439 988 467 est

43 490 74 523 in
106 487 226 520 actibus
261 487 363 519 tribus
399 487 497 528 ipsius
532 487 672 525 animae,
704 487 822 519 scilicet
857 487 988 519 ratleua-

42 542 95 580 lis,
119 539 368 581 concupiscibilis
392 542 422 571 et
446 539 630 577 irascibilis3
654 543 684 571 et
708 539 766 571 hoc
797 539 985 580 dupliciter:

41 603 96 636 per
119 592 352 625 conversionem
377 592 416 624 ad
443 592 563 629 Deum,
587 595 617 624 et
642 592 684 623 ita
701 592 834 624 debetur
858 592 903 624 eis
920 600 987 633 per-

40 645 128 679 fectio
151 654 275 677 aureae
283 656 294 682 ‚·
317 648 348 677 et
371 653 428 685 per
451 644 715 685 comparationem
740 644 778 675 ad
805 643 924 676 bonum
941 644 987 676 iii-

39 697 161 741 feriuS,
193 700 223 729 et
248 697 289 729 ita
313 696 446 729 debetur
470 696 628 733 aureola,
653 705 734 738 quae
758 700 805 728 est
829 696 986 729 diminuti-

40 759 130 788 vum,
153 750 227 791 quia
251 752 297 782 est
329 749 541 782 remuneratio
565 749 595 780 in
629 749 710 780 bono
734 753 856 787 creat03
888 752 918 781 et
943 758 987 781 se-

40 803 176 837 cundum
201 806 305 834 actum
324 802 496 846 perfectum
523 801 653 842 triplicis
671 802 825 842 potentiae
851 802 986 843 assigna-

39 861 89 889 tur
112 855 160 887 vel
188 855 331 887 redditur
355 855 503 886 aureola.
528 855 604 886 Nam
629 855 876 896 perfectissimus
897 859 985 888 actus

38 907 241 942 rationalis2
278 917 333 949 per
373 907 638 949 comparationem
674 907 720 939 ctct
760 906 904 948 inferitis
939 911 985 940 est

38 961 197 994 veritatem
222 960 294 992 fidei
328 960 527 1002 praedicare,
560 960 824 1001 concupiscibilis
856 969 983 993 carnem

38 1013 160 1046 omnino
184 1022 202 1045 a
226 1014 310 1045 coitu
335 1013 511 1051 refrenare,
537 1012 718 1045 irascibilis
734 1017 868 1045 mortem
894 1014 984 1046 susti-

37 1075 125 1105 nere,
150 1070 180 1098 et
205 1066 274 1098 ideo
294 1066 393 1098 tribus
418 1067 551 1098 debetur
568 1066 696 1098 aureola
721 1066 846 1108 triplex.
864 1085 907 1090 —
924 1066 983 1099 Sed

38 1119 111 1152 haec
134 1119 238 1151 adbuc
263 1119 374 1160 positio
399 1128 458 1150 non
485 1119 609 1151 videtur
627 1120 753 1151 omnino
777 1120 982 1158 convenIens‚

37 1172 107 1214 quia
132 1175 233 1203 tantae
258 1176 302 1204 est
328 1172 525 1213 perfectiouis
549 1173 653 1204 omma
685 1172 864 1214 relinquere
888 1176 918 1205 et
950 1181 982 1205 se

35 1225 136 1266 ipsum
160 1224 332 1265 abnegare,
359 1224 439 1256 sicut
471 1224 654 1266 praedicare
679 1229 708 1256 et
739 1225 865 1257 omnino
890 1225 983 1257 conti-

35 1286 121 1315 nere3
153 1280 182 1308 et
214 1277 283 1308 ideo
307 1286 366 1308 non
397 1277 531 1316 videtur,
556 1278 638 1318 quod
673 1278 847 1310 secundum
879 1276 983 1320 perfe-

35 1329 165 1361 ctionem
192 1329 239 1361 vel
265 1329 384 1361 ratione
410 1330 606 1371 perfectionis
631 1330 799 1371 virginitati
829 1331 982 1362 debeatur

35 1382 167 1414 aureola.

119 1436 213 1467 Aliter
239 1436 333 1477 Igitur
358 1436 548 1474 dicendum,
566 1436 668 1477 quod,
694 1436 774 1468 sicut
799 1436 981 1468 dictumest

5 1501 24 1521 ei
36 1498 128 1530 supra
140 1489 159 1527 ³,
185 1489 268 1531 quod
292 1490 319 1520 in
347 1489 522 1529 vlrgimtate
540 1489 599 1520 tria
623 1490 878 1527 considerentur.
904 1489 982 1521 scili-

0 1532 21 1547 10.

0 1663 20 1678 ’3.

0 1716 20 1731 ’,11.

0 2290 24 2310 la.

35 1546 80 1574 cet
102 1540 248 1579 liabitas,
273 1546 380 1573 status
404 1545 434 1573 et
458 1542 571 1579 decor,-
596 1541 725 1574 fatuitati
746 1542 914 1582 respondet
930 1552 982 1574 au-

35 1603 102 1634 rea,
125 1594 230 1626 statui
244 1594 383 1632 fructus,
408 1595 462 1626 sed
484 1594 595 1626 decori
618 1595 818 1637 iutegyritcttis
842 1595 980 1627 aureola.

33 1665 75 1671 ——
92 1647 124 1679 Et
147 1647 230 1688 quod
256 1646 385 1678 habitui
408 1656 521 1685 aurea,
541 1648 597 1679 boc
623 1657 682 1679 uon
708 1652 754 1680 est
779 1648 922 1680 dubium.
938 1667 982 1671 —

35 1699 120 1741 Quod
146 1708 220 1731 vero
243 1699 348 1731 statui
364 1699 500 1737 fructus,
528 1700 584 1732 lioc
609 1704 692 1741 patet
710 1700 768 1732 sic:
796 1701 883 1741 quia,
901 1701 981 1732 sicut

35 1752 153 1784 fructus
189 1752 286 1783 maior
318 1756 346 1784 et
374 1753 483 1789 minor,
520 1762 613 1793 quem
644 1753 730 1794 ponit
766 1753 917 1786 Dominus
950 1754 980 1785 in

36 1804 196 1845 Evangelio
210 1805 231 1843 ⁴,
256 1805 429 1836 attenditur
447 1805 622 1837 secundum
649 1804 840 1837 nobilitatem
860 1810 980 1844 terrae,

36 1857 75 1890 sic
98 1856 231 1898 fi'itetzts
257 1858 354 1889 maior
379 1862 409 1889 et
432 1858 533 1889 minor
558 1858 731 1889 secundum
757 1862 891 1889 statum.
910 1859 991 1893 Εεῖο,

36 1910 130 1948 enim,
156 1911 238 1952 quod
272 1915 335 1942 tres
361 1911 388 1942 in
415 1911 516 1943 tribus
546 1911 678 1942 statibus
711 1912 904 1950 contIneant,
937 1921 981 1944 se-

35 1963 168 1995 cundum
196 1963 277 2004 quod
305 1963 417 1995 melius
442 1967 589 2004 possunt,
614 1964 719 1996 adbuc
740 1965 864 1996 excedit
889 1964 981 1996 conti-

37 2016 135 2048 nentia
151 2016 298 2048 vicinalis
314 2016 535 2058 coniugalem,
561 2021 591 2049 et
609 2017 786 2059 virginalis
805 2017 979 2049 vidualem.

37 2069 118 2101 Unde
134 2078 207 2110 quta
232 2069 262 2100 in
284 2070 471 2101 continentia
498 2070 635 2101 maxime
653 2074 753 2102 status
778 2070 895 2102 diversi
913 2079 981 2103 con-

36 2121 210 2154 siderantur
239 2126 269 2154 et
305 2122 477 2154 secundnm
512 2122 595 2154 illam
622 2123 878 2164 distinguuntur;
911 2124 981 2155 ideo

37 2174 88 2206 soli
124 2175 329 2207 continentiae
365 2175 539 2217 praemium
577 2174 711 2217 fz'iictus
742 2181 883 2218 aptatur,
919 2186 980 2208 non

36 2228 106 2269 quin
130 2232 158 2260 et
184 2228 252 2260 aliis
268 2228 277 2242 ⁵
310 2229 408 2270 possit
432 2229 550 2270 aptari,
583 2229 607 2261 si
632 2233 679 2261 est
708 2230 850 2262 diversos
874 2234 981 2262 status

37 2280 216 2323 assignare.
241 2301 284 2304 -—
309 2282 398 2322 Quod
423 2286 527 2314 autem
553 2282 693 2314 cmo-eota
718 2283 906 2324 respondeat
930 2283 981 2315 ali-

36 2333 82 2365 cui
106 2327 208 2365 dec-ori
234 2334 401 2372 exteriori,
426 2338 526 2375 patet:
552 2335 626 2376 quia
650 2335 797 2367 aureolae
825 2336 982 2376 assignan-

37 2388 86 2417 tur
103 2385 149 2418 bis
165 2387 300 2425 actibus,
326 2387 378 2428 qui
397 2387 596 2419 considerant
613 2387 732 2429 aliquid
750 2388 981 2428 extrinsecum,

38 2442 71 2469 ut
105 2444 177 2479 puta
212 2440 294 2481 quod
329 2444 374 2471 est
399 2438 513 2482 infimi,
540 2445 574 2472 ut
598 2450 727 2482 corpus3
752 2441 801 2473 vel
827 2441 909 2482 quod
936 2445 982 2473 est

39 2489 149 2529 iuxta,
173 2496 205 2524 ut
232 2493 414 2533 proximus,
440 2502 533 2534 quem
559 2493 712 2525 convertit
736 2497 766 2525 et
783 2494 822 2526 ad
848 2495 981 2535 patriam

36 2552 91 2584 per
114 2544 222 2576 bonam
257 2546 431 2577 doctrinam
461 2546 582 2578 ducitss.
616 2546 701 2578 Unde
726 2546 819 2578 decor
852 2547 980 2588 quidam

39 2597 94 2628 erit
119 2597 309 2630 Doctoribus
339 2599 377 2630 de
402 2599 561 2631 conversis
587 2608 641 2639 per
666 2600 766 2640 ipsos;
791 2603 821 2631 et
852 2600 981 2640 quidam

38 2648 125 2680 etiam
144 2650 236 2681 decor
252 2655 282 2682 et
306 2651 455 2691 gaudium
474 2651 532 2683 erit
557 2651 764 2694 Martyrium-s
785 2652 815 2683 in
840 2660 981 2692 corpore,

1223 175 1237 190 tr

1939 247 2003 278 757

1054 330 1107 371 qui
1131 339 1164 362 se
1195 339 1253 372 pro
1284 330 1407 363 Christo
1439 331 1636 372 passionibus
1668 336 1906 373 exposuerunt;
1938 333 2004 374 qui-

1054 383 1124 414 dam
1151 383 1244 415 decor
1276 383 1466 425 Viryinibiis
1483 384 1512 415 in
1538 393 1682 425 corpore,
1700 385 1783 426 quod
1802 394 1858 426 pro
1880 385 2003 418 Christo

1054 435 1269 477 incorruptum
1288 440 1509 475 servaverunt3
1534 441 1564 468 et
1583 437 1633 469 ille
1657 437 1751 470 decor
1777 438 1825 470 vel
1850 438 2002 479 gaudium

1053 487 1092 519 de
1115 488 1169 519 illo
1200 488 1313 520 decore
1337 489 1476 521 aureola
1500 493 1582 521 recte
1615 490 1739 522 dicitur.
1765 490 1865 523 Credo
1887 494 2001 530 tamen,

1053 540 1136 581 quod
1154 540 1268 573 melius
1292 541 1388 573 decor
1404 542 1534 574 aureola
1558 542 1681 574 dicatur
1698 552 1792 584 quam
1815 544 2000 585 quodiam,

1052 592 1126 633 quia
1142 602 1250 625 omnes
1275 593 1457 634 gaudebunt
1475 594 1513 626 de
1537 595 1664 633 decore,
1687 604 1746 627 non
1772 599 1876 628 tamen
1894 605 2002 629 omnes

1052 644 1213 677 habebunt
1237 646 1419 684 aureolam3
1445 647 1497 679 sed
1531 651 1567 679 ut
1591 651 1690 679 totum
1715 648 1754 680 ad
1790 658 1890 681 unum
1922 649 2003 682 dica—

1053 700 1104 728 tur
1119 697 1140 735 ⁷,
1173 697 1285 729 melius
1317 702 1363 731 est
1387 699 1512 738 dicere,
1545 701 1629 742 quod
1662 704 1851 743 utrumque,
1885 702 2001 734 scilicet

1052 748 1147 780 decor
1172 759 1247 781 cum
1268 751 1395 792 yctudio
1419 755 1449 784 et
1473 752 1623 793 gaudium
1649 763 1721 786 cum
1747 754 1868 786 decore.
1894 774 1936 778 —
1951 755 2001 787 llis

1052 801 1140 840 visis,
1166 806 1271 843 patent
1295 803 1424 835 obiecta.

1143 855 1168 885 1.
1195 856 1223 886 2.
1250 854 1278 886 3.
1304 856 1391 896 Quod
1410 857 1492 888 enim
1517 857 1676 896 obiicitur,
1694 859 1777 900 quod
1803 859 1936 891 debetur
1955 868 2001 891 ra-

1051 905 1110 937 dici
1128 907 1266 939 caritatis
1282 917 1374 940 omne
1399 909 1561 948 meritum;
1579 911 1763 950 dfflendum,
1780 912 1863 953 quod
1889 921 2000 944 verum

1050 962 1097 991 est
1120 959 1159 991 de
1185 960 1324 1001 praemio
1344 961 1574 1000 sztbstaiitictli;
1599 963 1637 995 de
1655 964 1853 996 accidentali
1877 974 1935 996 ΠοΠ
1954 968 2001 997 θεῖ

1051 1021 1160 1044 verum
1179 1013 1281 1054 primo
1298 1017 1328 1045 et
1345 1023 1401 1055 per
1418 1023 1467 1053 se,
1494 1015 1548 1047 sed
1564 1016 1573 1030 Β
1598 1025 1659 1047 ΠοΠ
1678 1017 1742 1049 sine
1763 1017 1831 1054 illo;
1852 1018 1936 1050 unde
1954 1021 2016 1061 est

1049 1073 1144 1096 causa
1167 1065 1237 1097 sine
1260 1075 1327 1108 qua
1351 1076 1425 1098 nou.
1442 1086 1485 1090 —
1502 1068 1649 1100 Similiter
1674 1073 1771 1110 patet,
1790 1079 1887 1111 quare
1910 1070 2001 1111 virgi-

1049 1117 1137 1149 nitati
1154 1118 1306 1150 debeatur
1323 1120 1473 1158 aureola,
1491 1130 1551 1152 non
1572 1121 1691 1153 ratione
1713 1122 1926 1162 perfectionis,
1945 1123 1999 1155 sed

1048 1171 1168 1203 ratione
1193 1172 1328 1204 decoris.
1353 1173 1479 1205 Bellone
1500 1173 1712 1216 perfectionis
1736 1179 1843 1207 sicitas
1867 1176 2000 1208 debetur

1047 1224 1169 1256 fructus
1194 1226 1404 1265 centesimus,
1429 1227 1482 1258 sed
1509 1227 1629 1259 ratione
1654 1228 1781 1260 decoris
1805 1229 1941 1261 aureola.

1137 1277 1180 1309 Ad
1206 1278 1285 1310 illud
1308 1279 1390 1320 quod
1418 1280 1592 1321 quaeritur,
1610 1282 1729 1313 ratione
1747 1281 1837 1313 cuius
1861 1282 2000 1313 incorru-
2015 1290 2048 1320 Api
2063 1292 2144 1320 quaest.

1047 1329 1160 1371 ptionis
1178 1330 1331 1363 debeatur
1348 1332 1506 1369 ctiireolc‘m
1519 1332 1702 1372 dicendum,
1720 1334 1803 1375 quod
1821 1334 1861 1366 ad
1878 1334 1936 1366 boc
1953 1338 1999 1366 est
2028 1317 2094 1338 ’ΠΜ

1047 1382 1162 1423 triplex
1180 1383 1293 1424 opinio.
1320 1384 1452 1424 Quidam
1471 1385 1553 1416 enim
1571 1386 1692 1425 dicunty
1718 1387 1801 1427 quod
1820 1396 1890 1418 cum
1910 1387 2000 1418 meri·
2014 1395 2091 1422 Opinio
2107 1396 2127 1416 i.

1047 1439 1112 1467 tum
1132 1437 1279 1469 consistat
1302 1437 1331 1468 in
1355 1438 1476 1476 anima,
1506 1439 1589 1479 quod
1615 1439 1860 1480 incorruptioni
1882 1440 1999 1471 mentis

1047 1489 1200 1521 debeatur
1225 1491 1368 1528 aureola3
1394 1491 1536 1523 similiter
1562 1492 1716 1532 perfectae
1741 1492 1892 1524 voluntati
1910 1493 2003 1525 susti-

1047 1542 1139 1574 nendi
1166 1548 1299 1574 mortem
1333 1553 1389 1584 pro
1421 1544 1565 1583 Cbrist03
1589 1549 1619 1576 et
1652 1545 1709 1577 boc
1734 1545 1920 1577 confirmant
1944 1555 2000 1587 per

1048 1595 1126 1627 illud
1159 1596 1241 1636 quod
1276 1596 1390 1628 dicitur
1424 1597 1462 1628 de
1487 1597 1577 1629 beato
1610 1597 1780 1629 Marone-0:
1812 1610 1826 1626 «
1851 1597 1875 1630 O
1909 1599 1999 1630 beata

1046 1648 1168 1687 anima,
1193 1658 1286 1690 quam
1324 1649 1380 1681 etsi
1417 1649 1541 1690 gladius
1567 1651 1777 1691 persecutoris
1808 1660 1869 1682 non
1895 1651 1998 1683 abstu-

1047 1700 1097 1737 lit,
1123 1700 1260 1741 palmam
1294 1705 1396 1732 tamen
1422 1701 1562 1742 martyrii
1590 1711 1649 1733 non
1679 1702 1784 1734 amisit
1807 1715 1837 1733 ».
1867 1722 1909 1725 —
1938 1703 1997 1734 Sed
2014 1711 2061 1732 Non
2074 1712 2152 1738 proba-

1046 1753 1104 1784 ista
1128 1754 1238 1794 positio
1262 1763 1323 1785 non
1348 1754 1473 1786 videtur
1498 1755 1701 1792 conveniens,
1728 1755 1801 1796 quia
1833 1759 1999 1796 quantum-
2061 1741 2102 1759 Μ’

1046 1814 1182 1847 cumque
1209 1806 1282 1838 velit
1307 1806 1420 1848 aliquis
1445 1807 1645 1848 praedicare,
1664 1807 1720 1839 nisi
1746 1812 1839 1839 exeat
1857 1808 1886 1839 in
1905 1817 1999 1849 opus,

1047 1867 1105 1889 non
1131 1859 1240 1897 erede.
1266 1859 1350 1900 quod
1375 1859 1488 1891 habeut
1513 1860 1683 1892 aureolam.
1711 1860 1795 1892 Unde
1820 1860 1899 1892 illud
1917 1861 1999 1893 beati

1047 1911 1168 1943 Martini
1203 1911 1241 1943 de
1278 1913 1416 1953 praemio
1452 1912 1618 1945 essentiali
1656 1913 1893 1954 intelligendum
1932 1917 1998 1952 est,

1046 1965 1119 2005 quia
1150 1964 1291 2006 aequalIs
1319 1965 1377 1996 suit
1405 1965 1594 2007 Martyribus
1608 1966 1627 1982 ¹⁰
1652 1970 1780 2008 propter
1813 1967 2001 2008 magnitudi-

1047 2026 1117 2049 nem
1143 2018 1290 2050 caritatis.

1135 2070 1199 2102 Alia
1223 2070 1327 2112 opinio
1351 2074 1415 2110 est,
1439 2071 1523 2113 quod
1548 2071 1683 2103 debetur
1707 2072 1800 2104 actui
1822 2072 1981 2104 exteriori
1990 2084 2001 2111 ;
2016 2081 2092 2108 opinio
2107 2082 2128 2102 2.

1047 2123 1131 2155 unde
1153 2132 1177 2155 si
1203 2124 1317 2165 aliquis
1342 2133 1403 2155 non
1429 2124 1650 2165 martyrizetur
1674 2128 1761 2164 actu,
1786 2134 1846 2157 non
1873 2125 2001 2158 habebit

1046 2177 1227 2215 aureolam,
1250 2177 1393 2209 similiter
1418 2178 1441 2210 si
1468 2178 1631 2210 auferatur
1651 2178 1814 2219 virginitas
1838 2179 2001 2218 violenter,

1046 2230 1192 2271 perditur
1216 2230 1353 2262 aureola.
1380 2231 1466 2263 Unde
1491 2231 1550 2263 Leo
1575 2231 1686 2272 Papa¹¹
1713 2231 1805 2270 dicit,
1827 2232 1911 2273 quod
1937 2241 2001 2264 cor-

1048 2287 1159 2324 ruptae
1184 2291 1240 2324 per
1265 2283 1445 2315 violentiam
1476 2296 1490 2312 «
1511 2292 1543 2315 se
1568 2293 1628 2315 non
1653 2284 1790 2316 audeant
1815 2285 1912 2316 saeris
1942 2285 2002 2316 vir-

1047 2335 1172 2376 ginibus
1189 2344 1372 2376 comparare
1390 2348 1420 2374 »³
1445 2345 1501 2367 nec
1518 2336 1610 2368 etiam
1637 2336 1732 2367 anulo
1757 2336 2000 2377 desponsantur.

1048 2389 1082 2420 Et
1108 2389 1282 2420 secuudum
1308 2388 1365 2420 lios
1390 2392 1683 2430 quantumcumque
1708 2389 1801 2420 bomo
1826 2389 1999 2430 praedicet,

1048 2444 1187 2482 reportat
1207 2441 1417 2481 praemium,
1443 2441 1497 2473 sed
1534 2450 1594 2472 non
1627 2441 1819 2479 aureolam,
1854 2441 1912 2473 nisi
1946 2441 1998 2473 ali-

1046 2502 1139 2534 quem
1165 2498 1335 2525 convertat.
1360 2512 1404 2515 —-
1432 2494 1490 2525 Sed
1525 2494 1640 2525 durum
1667 2498 1713 2526 est
1737 2494 1859 2533 ulcere,
1886 2494 1998 2535 quodsi
2014 2504 2061 2525 Non
2084 2503 2160 2530 proha-

1046 2547 1182 2578 violetur
1198 2547 1324 2578 omnino
1341 2556 1397 2588 per
1415 2547 1593 2579 violentiam
1605 2573 1612 2585 ‚
1630 2547 1713 2588 quod
1731 2547 1849 2588 aliquid
1873 2547 1911 2579 ibi
1932 2556 1999 2589 per·
2072 2533 2115 2551 ‘ur'

1047 2599 1114 2638 dat,
1132 2599 1207 2630 dum
1226 2599 1333 2631 nullus
1351 2608 1521 2631 consensus
1538 2599 1738 2638 interveniat,
1755 2599 1842 2631 nulla
1860 2600 1953 2641 culpa
1968 2600 1998 2631 ¹2.

1137 2651 1171 2683 Et
1197 2651 1265 2683 ideo
1290 2652 1380 2683 tertio
1406 2652 1498 2683 modo
1531 2652 1718 2690 dicendum,
1743 2652 1827 2693 quod
1860 2652 1998 2685 aureola
2013 2662 2159 2710 Ossjssssgrss·²⁵

2028 870 2108 900 Salutio
2124 876 2161 897 op-

2016 899 2140 923 positorum.

107 2839 114 2855 ¹
134 2839 182 2866 cfr.
202 2842 316 2873 Aristoi„
338 2843 373 2867 Ill.
394 2843 471 2867 Etbic.
492 2850 513 2868 c.
533 2843 557 2868 7.

105 2883 115 2898 ‘²
136 2884 195 2910 Fere
214 2892 304 2910 omnes
324 2886 399 2911 codd.
419 2886 545 2918 rollonis,
571 2887 627 2912 cod.
649 2888 654 2911 1
676 2895 689 2912 a
710 2888 823 2912 secunda
844 2895 922 2912 manu
941 2894 984 2913 ra-

40 2925 173 2953 tionabilis.
195 2929 299 2954 Interius
321 2938 366 2960 pro
386 2932 409 2956 et
427 2930 483 2956 ideo
504 2932 571 2963 (cod.
592 2932 611 2956 U
632 2932 702 2957 addit
722 2931 776 2963 liis,
800 2932 857 2957 cod.
878 2932 900 2956 X
915 2931 981 2964 ils-lis)

40 2971 111 2996 codd.
132 2972 151 2996 M
164 2972 184 2997 Ο
203 2974 226 2998 el
245 2973 374 2999 omuibus.

106 3014 116 3031 ³
135 3016 235 3047 Quaest.
260 3018 279 3042 1.

107 3059 116 3074 ⁴
136 3060 220 3086 Manli.
244 3062 288 3092 113,
310 3063 332 3087 8.
353 3065 377 3087 et
397 3063 438 3087 23.
459 3077 494 3081 —
514 3063 594 3088 Codd.
620 3065 791 3088 communiter
811 3065 930 3089 omittunt
952 3063 984 3089 si-

39 3102 84 3127 cut
100 3107 123 3127 et
143 3103 270 3130 Dominus
290 3105 314 3130 iii
336 3106 487 3139 Econssclio.

107 3146 117 3161 ⁵
137 3147 159 3171 ΙΠ
180 3148 235 3172 rod.
258 3150 273 3172 Ρ
293 3150 405 3174 serundo
426 3157 518 3175 manus
538 3150 669 3180 supplevit
688 3150 837 3176 *ciiiztlibus

108 3189 118 3205 ⁶
137 3190 205 3221 Quae
225 3196 284 3216 suut
303 3194 354 3217 duo
374 3200 404 3217 ex
425 3195 550 3226 quatuor,
567 3201 633 3225 quae
647 3199 706 3219 sunt
720 3194 861 3225 diligenda,
880 3197 906 3219 ut
924 3194 985 3219 dicit

41 3233 153 3263 August..
169 3235 185 3259 l,
201 3235 232 3260 de
253 3236 336 3261 Doctr.
357 3238 443 3262 clii-ist.
464 3245 484 3262 c.
507 3238 546 3261 213.
568 3244 591 3261 n.
613 3238 653 3262 ⁶22.
674 3237 723 3262 Ct'r.
746 3238 780 3261 111.
802 3239 868 3263 sont.
895 3238 921 3262 d.
943 3239 984 3263 23.

40 3282 64 3307 q.
83 3277 105 3300 6.
121 3291 152 3294 —
166 3279 287 3315 Superius
307 3281 393 3305 vvrbis
412 3280 452 3306 his
471 3280 573 3307 aclibus
593 3281 649 3305 cod.
672 3281 691 3305 Y
711 3282 837 3306 lou-rsrrit
857 3281 948 3307 tribus.

107 3320 117 3336 ⁷
136 3321 215 3347 Codd.
236 3324 283 3355 QZ
304 3323 403 3356 (licam,
433 3326 519 3355 plures
545 3325 620 3350 codd.
647 3325 736 3351 (lz'conl
756 3326 823 3351 (cod.
850 3326 866 3349 Β
886 3325 981 3357 (liciti),

40 3369 103 3394 quos
121 3365 179 3390 edd.
199 3373 343 3398 sequuntur
363 3369 488 3399 legentes:
508 3369 553 3394 scil
568 3370 595 3393 ut
609 3370 691 3394 lotum
714 3376 797 3394 imum
811 3369 907 3395 (tremet.
929 3371 984 3395 Mox

1049 2850 1095 2875 pro
1117 2850 1178 2869 cum
1196 2842 1295 2876 glaudio
1316 2844 1403 2874 plures
1423 2843 1498 2868 codd.
1513 2849 1574 2869 cum
1593 2842 1689 2876 ylorz'a.
1710 2845 1734 2868 et
1753 2843 1863 2868 subinde
1884 2843 1961 2868 codd.
1983 2844 2000 2868 Ε

1048 2888 1067 2912 G
1080 2888 1098 2912 L
1110 2887 1131 2911 V
1144 2887 1178 2912 bb
1199 2886 1229 2912 de
1248 2887 1341 2913 dacore
1362 2894 1408 2918 pro
1428 2894 1489 2913 cum
1508 2886 1609 2913 clecore.

1118 2931 1128 2947 ²3
1149 2933 1195 2956 Pro
1215 2931 1260 2957 secl
1279 2932 1335 2956 cod.
1356 2932 1377 2956 K
1398 2932 1416 2963 (I
1437 2939 1451 2956 a
1471 2931 1584 2956 secunda
1604 2931 1696 2961 manu)
1717 2931 1775 2957 Ii'cel
1793 2938 1847 2957 iton
1861 2931 2000 2957 liubealtm

1117 2975 1127 2991 ⁹
1149 2977 1172 3000 ΙΠ
1194 2976 1308 3000 Βι“θ]’ἰῑ]ι“.
1331 2976 1447 3001 Romano
1468 2982 1515 3006 pro
1535 2976 1597 3000 sesto
1617 2976 1641 3000 S.
1663 2976 1759 3000 Mai-tini
1787 2976 1824 3003 (ll
1859 2976 1947 3007 Nou),
1975 2976 2001 3000 ll.

1048 3020 1125 3051 Vesp.
1146 3020 1178 3044 ad
1199 3020 1350 3051 Mag-nificat.
1364 3019 1488 3049 (lIabetur
1507 3020 1583 3044 etiam
1603 3020 1627 3043 in
1644 3018 1710 3044 libro
1724 3019 1880 3052 Rrspousali
1893 3021 2000 3050 Gregor.

1048 3065 1132 3094 Magni
1153 3070 1199 3095 pro
1220 3064 1283 3088 sesto
1303 3064 1327 3088 S.
1349 3064 1461 3093 Martini,
1482 3063 1530 3088 sub
1551 3063 1654 3088 rubrica
1674 3064 1705 3088 In
1724 3063 1889 3096 Etssuiiyelio).
1910 3063 1959 3088 Csr.
1974 3064 1999 3088 11.

1047 3108 1115 3133 Sent.
1136 3108 1160 3132 d.
1183 3107 1223 3132 40.
1244 3115 1266 3132 a.
1288 3109 1312 3132 2.
1335 3115 1358 3139 q.
1386 3108 1403 3132 1.
1424 3107 1456 3132 ad
1482 3108 1500 3131 1.

1120 3151 1140 3167 ¹0
1160 3151 1221 3177 Cod.
1238 3153 1259 3176 K
1281 3152 1298 3183 (l
1319 3159 1332 3176 a
1353 3152 1466 3176 secunda
1487 3152 1591 3183 manu),
1608 3151 1745 3177 substituto
1765 3151 1935 3177 substunliali
1954 3160 2001 3184 pro

1047 3195 1193 3226 essentiali,
1222 3195 1333 3220 subinde
1352 3196 1454 3226 legunt:
1475 3195 1539 3228 quia
1559 3195 1627 3227 [cod.
1648 3197 1670 3220 K
1691 3195 1748 3228 qui]
1769 3195 1889 3229 aequalis
1907 3196 1937 3229 sil
1957 3197 2001 3228 [ila

1048 3240 1123 3264 etiam
1144 3239 1219 3263 codd.
1241 3239 1314 3270 llaa,
1336 3239 1411 3269 codd,
1432 3239 1494 3263 FW
1514 3239 1557 3270 sii]
1572 3238 1738 3272 illartfflilsus
1756 3241 1779 3265 el
1793 3239 2000 3272 Coiifessoribit-s.

1120 3282 1138 3298 ¹1
1161 3283 1238 3313 Epist.
1259 3284 1293 3307 12,
1310 3282 1383 3313 (alias
1408 3283 1437 3314 l.)
1458 3283 1490 3308 ad
1510 3284 1624 3314 episcop.
1640 3284 1786 3314 Africanos,
1807 3291 1829 3309 c.
1852 3285 1874 3309 8.
1891 3285 1925 3316 (et
1940 3286 2000 3317 11.),

1048 3326 1097 3352 Csr.
1118 3327 1229 3351 Gratiam.
1250 3326 1276 3351 C.
1297 3326 1361 3351 Illae
1380 3328 1471 3352 stlitem
1489 3326 1609 3359 famulae
1628 3327 1676 3352 Dei
1695 3327 1772 3360 (14.),
1794 3327 1821 3353 C.
1843 3329 1883 3353 32.
1904 3336 1929 3360 (ι.
1952 3328 1975 3353 5.

1120 3370 1140 3386 12
1160 3370 1221 3395 Cod.
1242 3371 1263 3395 K
1283 3370 1359 3396 nullst
1380 3372 1418 3396 est
1436 3370 1522 3404 culpa.
