2483 3882
325 386 358 408 Ad
375 386 457 413 opposi-

366 415 415 433 tum.

345 1646 421 1672 Opinio
437 1646 455 1666 1.

342 2223 419 2249 Opinio
434 2223 453 2243 2.

311 2328 357 2349 Non
381 2328 455 2354 proha-

368 2357 410 2375 tur.

473 240 534 271 668

557 327 702 358 CONTRA:
733 327 759 356 1.
784 325 813 356 Si
838 326 1074 356 Sacramentum
1098 323 1217 364 aliquid
1242 323 1353 361 efficit,
1379 324 1419 356 es-

473 379 536 411 ficit
552 379 635 419 quod
653 378 785 418 figurat,
803 377 857 409 sed
882 376 966 408 istud
991 376 1143 417 significat
1167 376 1416 408 coniunctionem

470 431 582 462 Christi
606 434 636 462 et
662 430 812 462 Ecclesiae
827 429 848 466 ¹,
873 432 903 460 et
927 428 1006 460 hanc
1039 438 1098 460 non
1123 428 1233 461 efficit:
1263 438 1338 470 ergo
1361 438 1418 461 nec

470 483 586 524 aliquid
612 482 707 513 aliud.

558 536 586 566 Ξ).
612 535 702 571 ltem,
738 533 991 571 Sacramentum,
1028 533 1111 574 quod
1147 533 1200 565 dat
1232 533 1363 574 gratiam
1388 537 1419 566 et

470 586 563 618 habet
587 585 773 623 efficaciam,
795 585 835 616 ab
859 584 1005 616 omnibus
1030 585 1122 617 debet
1146 585 1261 627 accipi,
1286 585 1339 627 qui
1367 585 1419 617 ha-

470 639 543 670 bent
578 637 746 675 niorbuni;
781 637 836 669 sed
871 646 979 669 omnes
1013 637 1129 670 habent
1168 638 1313 670 morbum
1351 648 1419 671 con-

470 690 700 731 cupiscentiae:
733 698 808 730 ergo
839 698 948 722 omnes
972 690 1086 722 debent
1117 690 1246 723 nubere.
1279 690 1337 723 Sed
1368 691 1419 722 bo-

469 751 545 774 num
570 746 616 774 est
633 741 751 773 homini
773 751 834 773 non
853 742 973 774 nubere
987 742 1011 773 2:
1030 751 1104 784 ergo
1120 752 1181 774 non
1206 743 1259 775 dat
1275 743 1417 784 gratiam.

557 794 586 826 3.
611 795 701 833 Item,
725 795 748 826 si
768 795 821 826 dat
845 795 994 836 gratiam.;
1012 804 1142 837 quaero:
1168 799 1288 837 quam?
1304 796 1333 827 Si
1351 805 1419 828 con-

470 846 568 888 iungit
602 847 738 878 animam
763 846 826 878 Deo
861 850 891 878 et
928 847 1108 888 desponsat,
1144 848 1194 880 vel
1229 848 1298 880 unit
1325 848 1418 880 etiam

470 899 611 931 membra
646 899 684 931 ad
710 899 861 936 invicem,
897 908 967 932 cum
997 901 1133 932 animam
1169 900 1238 932 fieri
1272 909 1419 942 sponsam

469 952 599 990 Christi,
625 955 655 983 et
679 952 822 984 membra
853 953 960 984 uniri³
991 953 1030 985 sit
1059 953 1187 986 effectus
1213 954 1355 995 baptismi
1390 958 1420 986 et

469 1004 691 1043 eucharistiae,
709 1005 844 1043 videtur,
862 1005 940 1037 illud
958 1006 1193 1038 Sacramentum
1212 1005 1418 1047 superfluere.

557 1057 586 1088 lt.
612 1057 705 1095 Item,
730 1057 985 1096 Sacramentum,
1016 1058 1100 1099 quod
1132 1059 1185 1090 dat
1209 1059 1362 1100 gratiam,
1393 1059 1419 1091 si

470 1109 634 1147 vendatur,
660 1110 708 1141 vel
726 1110 785 1142 sub
802 1114 892 1151 pacto
908 1112 1059 1152 pecuniae
1082 1111 1269 1153 accipiatur,
1286 1111 1359 1144 facit
1379 1112 1421 1144 in-

469 1162 626 1194 tervenire
651 1162 832 1194 simoniam:
858 1172 932 1204 ergo
957 1163 1009 1204 qui
1035 1163 1171 1204 aliquam
1198 1164 1327 1196 duceret
1343 1173 1420 1195 uxo-

470 1222 536 1246 rem
561 1223 632 1246 cum
653 1218 742 1256 pacto
763 1215 914 1256 pecuniae
942 1219 1023 1247 esset
1046 1216 1249 1254 simoniacus3
1267 1216 1350 1258 quod
1368 1216 1420 1248 fal-

470 1275 539 1298 sum
564 1270 619 1299 est.

823 1364 1062 1388 CONCLUSIO.

469 1441 719 1473 Matrimonium
740 1443 775 1474 in
798 1453 884 1475 nova
902 1443 965 1485 leye
982 1453 1047 1475 non
1064 1448 1192 1476 tantum
1206 1449 1357 1486 praestat
1374 1454 1419 1476 re-

557 1495 718 1533 medium,
742 1496 799 1527 secl
821 1496 921 1528 etiam
944 1497 1081 1539 aliquod
1104 1498 1227 1529 donum
1249 1498 1391 1539 mattae.

557 1583 752 1616 Respounsso:
767 1584 810 1616 Ad
828 1584 887 1616 hoc
904 1584 1073 1616 voluerunt
1089 1585 1184 1627 aliqui
1199 1585 1317 1624 dicere,
1334 1587 1419 1627 quod

472 1635 549 1667 illud
575 1635 810 1668 Sacramentum
843 1636 970 1669 nullam
996 1637 1053 1669 ctat
1078 1638 1251 1679 qratiam;
1281 1642 1311 1670 et
1335 1639 1419 1680 quod

471 1687 602 1726 dicitur,
628 1689 712 1730 quod
730 1689 930 1721 Sacramenta
953 1698 1053 1722 novae
1070 1690 1146 1732 legis
1171 1691 1246 1723 dant
1269 1692 1419 1732 gratiam,

471 1740 578 1772 dicunt
602 1741 729 1782 intelligi
756 1741 794 1773 de
818 1742 867 1774 his
892 1751 972 1783 quae
997 1742 1027 1774 in
1052 1752 1132 1774 nova
1156 1743 1223 1784 lege
1241 1747 1313 1775 sunt
1338 1743 1420 1775 insti-

470 1796 554 1831 tuta:
578 1802 633 1826 nec
658 1798 705 1826 est
730 1794 787 1826 hoc
813 1795 1049 1827 Sacramentum
1073 1797 1251 1828 remedium
1275 1806 1331 1838 per
1359 1796 1420 1839 esst-

470 1846 618 1884 caeiam,
645 1847 699 1878 sed
732 1855 788 1888 per
812 1847 1060 1889 i'rzclulyetttittiii.
1087 1849 1122 1880 Et
1152 1848 1225 1881 inde
1249 1852 1311 1887 est,
1335 1850 1419 1890 quod

471 1899 753 1940 concupiscentiam
778 1909 839 1931 non
865 1900 977 1932 minuit
1001 1901 1194 1942 simpliciter
1225 1902 1290 1933 sive
1314 1911 1420 1934 secun-

470 1952 546 1983 dum
579 1951 743 1990 habitum,
777 1953 890 1985 minuit
921 1956 1025 1985 tamen
1055 1954 1228 1986 secundum
1255 1954 1420 1996 inclulyen-

471 2004 553 2036 tiam
577 2008 606 2036 et
630 2005 804 2037 secundum
830 2009 960 2043 aetum,
986 2009 1021 2037 ut
1044 2015 1105 2037 non
1130 2010 1215 2045 urat,
1245 2007 1419 2039 secundum

469 2057 553 2098 quod
578 2057 693 2089 dicitur
724 2058 845 2099 primae
869 2058 908 2090 ad
933 2058 1109 2090 Corinthios
1139 2060 1271 2101 septimo
1289 2060 1310 2099 ⁴,
1335 2060 1418 2101 quod

469 2109 585 2141 melius
610 2114 654 2141 est
678 2110 798 2142 nubere
822 2120 923 2153 quam
947 2111 1012 2142 uri.

557 2162 611 2194 Alii
630 2163 752 2201 dicunt,
770 2164 854 2205 quod
880 2164 909 2195 in
928 2164 1127 2196 Sacramento
1151 2164 1341 2196 matrimonii
1365 2165 1420 2197 (la-

470 2218 525 2245 tur
552 2214 668 2256 qratia
700 2215 793 2256 digne
817 2219 847 2247 et
879 2215 990 2247 devote
1021 2216 1264 2257 suscipientibus
1300 2217 1419 2248 ratione

470 2266 698 2298 benedictionis
721 2268 976 2309 superaclclitae;
999 2268 1083 2300 Deus
1100 2269 1180 2300 enim
1199 2269 1244 2300 eis
1264 2269 1420 2301 benedicit

469 2319 509 2351 ad
525 2319 771 2352 benedictionem
798 2321 978 2352 sacerdotis.
996 2340 1038 2343 —
1051 2321 1110 2353 Sed
1135 2321 1212 2354 haec
1228 2322 1340 2363 positio
1358 2331 1419 2353 non

469 2372 594 2404 videtur
619 2372 741 2411 valere,
766 2373 839 2414 quia
857 2373 909 2404 illa
934 2373 1108 2406 benedictio
1125 2378 1171 2406 est
1195 2378 1420 2406 sacramenta-

469 2424 530 2462 lis,·
553 2428 583 2457 et
607 2425 631 2456 si
648 2425 891 2458 sacramentale
908 2425 1015 2465 efficit,
1040 2429 1158 2467 quanto
1175 2426 1274 2467 magis
1299 2427 1420 2459 Sacra-

467 2482 610 2509 mentum
624 2478 634 2508 J

558 2531 591 2562 Et
616 2530 685 2562 ideo
710 2531 800 2563 tertio
818 2531 910 2563 modo
935 2531 1120 2570 dicendum,
1142 2531 1227 2573 quod
1251 2532 1420 2573 suscipien-

312 2591 390 2617 omnio
404 2592 423 2612 3.
438 2594 458 2612 et
472 2582 555 2615 tibus
580 2583 638 2615 hoc
662 2584 897 2616 Sacramentum
923 2584 1017 2616 detur
1040 2584 1240 2622 remedium,
1265 2588 1418 2626 quantum

320 2618 425 2639 conclusio
435 2618 454 2638 1.

470 2638 516 2666 est
541 2635 578 2667 de
603 2636 722 2668 ratione
747 2636 952 2675 sacramenti,
977 2637 1060 2678 quod
1090 2640 1222 2669 excusat
1245 2637 1361 2669 coitum
1389 2641 1419 2669 et

468 2687 553 2726 facit,
579 2688 656 2720 illud
693 2697 761 2721 esse
786 2689 921 2728 veniale,
952 2690 1016 2722 sive
1052 2699 1112 2721 non
1137 2698 1205 2722 esse
1240 2693 1419 2731 peccatum,

538 2868 545 2884 ¹
568 2869 599 2893 Ut
618 2872 748 2895 ostensum
770 2873 807 2895 est
827 2873 925 2902 quaest.
948 2871 1067 2902 praeced.

538 2912 548 2928 ‘³
567 2912 616 2938 Csr.
638 2913 722 2937 Malui.
752 2914 797 2944 19,
820 2914 864 2945 νὶΟς
886 2915 901 2938 l.
923 2914 979 2939 Cor.
1000 2914 1029 2945 7,
1051 2915 1073 2939 8.
1094 2917 1119 2939 et
1138 2915 1179 2939 26.

539 2955 549 2972 3
569 2955 649 2981 Codd.
670 2957 710 2981 lli
725 2955 815 2990 lunai,
832 2965 881 2983 non
896 2959 971 2989 pauci
987 2958 1062 2983 codd.
1076 2957 1165 2990 nnita,
1186 2959 1299 2983 nonnulli
1313 2962 1337 2983 et
1356 2959 1416 2984 edd.

468 2998 552 3025 unire.

539 3044 549 3059 ⁴¹
569 3044 643 3068 Vers.
663 3045 688 3068 9.
709 3059 742 3061 —
762 3045 817 3069 Mox
837 3046 894 3070 voci
913 3045 990 3078 cliyne
1010 3045 1097 3076 plures
1111 3045 1186 3070 codd.
1201 3047 1369 3077 praemittunt
1382 3045 1416 3070 in.

539 3087 549 3103 ⁵
569 3087 630 3113 Cod.
660 3089 679 3112 U
706 3088 777 3113 addit
805 3089 926 3115 mortale.
957 3090 1081 3121 Superius
1107 3096 1154 3120 pro
1182 3091 1207 3115 et
1235 3089 1314 3122 facit,
1349 3088 1419 3115 illucl

470 3130 544 3155 codd.
565 3131 581 3154 F
596 3132 612 3155 L
625 3132 657 3155 W
676 3131 776 3163 foetens
796 3132 870 3158 illuct.
891 3133 1027 3165 Aliquanto
1046 3133 1151 3158 iuferius
1170 3133 1279 3158 vocibus
1298 3132 1375 3166 ctione
1394 3136 1418 3158 et

471 3173 510 3198 Itis
529 3176 648 3205 permulti
669 3176 744 3201 codd.
766 3177 912 3208 praefigunt
930 3177 965 3201 in.

539 3217 550 3233 ⁶
570 3218 713 3249 Respicitur
745 3219 859 3245 definitio
888 3222 1043 3246 matrimonii
1073 3222 1136 3246 infra
1166 3222 1190 3246 in
1221 3222 1254 3247 lit.
1284 3222 1414 3253 Magistri,

472 3260 495 3284 d.
516 3261 617 3285 XXVll.
638 3269 659 3286 c.
680 3263 706 3293 2,
728 3265 810 3294 posita
830 3267 854 3289 et
873 3265 896 3289 in
918 3264 1061 3290 Comment.
1084 3265 1145 3290 ibid.
1161 3265 1223 3290 dub.
1244 3266 1267 3289 4,
1281 3265 1414 3297 explicata.

472 3316 504 3319 —
524 3304 570 3327 Pro
590 3303 618 3328 in
646 3304 810 3331 individuam
835 3307 909 3332 codd.
931 3308 950 3331 R
963 3309 978 3332 S
990 3309 1010 3332 T
1029 3307 1197 3334 individuam
1216 3308 1294 3334 habet
1317 3308 1416 3341 (plures

472 3345 511 3369 alii
532 3346 606 3370 codd.
626 3350 650 3371 et
669 3348 708 3372 ed.
730 3349 738 3372 ·1
764 3350 883 3375 omittunt
902 3352 977 3375 etiam
998 3351 1044 3383 in).

1226 238 1509 270 SENTENTIARUM
1533 238 1599 269 LIB.
1623 238 1670 270 lv.

1482 324 1567 365 qnod
1590 324 1667 356 alias
1691 329 1772 357 esset
1795 329 1957 366 peccatum
1976 326 2005 365 ⁵3
2029 330 2059 359 et
2083 327 2142 360 hoc
2160 331 2259 369 potest
2279 338 2346 361 esse
2363 330 2426 364 sine

1484 376 1565 408 dono
1589 377 1720 418 gratiae,
1744 380 1775 409 et
1798 377 1909 409 habuit
1932 378 1991 410 hoc
2007 378 2086 411 illud
2111 379 2347 413 Sacramentum
2367 386 2427 415 sta-

1485 428 1542 459 tim
1565 433 1636 469 post
1671 429 1812 470 lapsum.
1838 430 1896 461 Sed
1931 440 2020 462 nune
2055 434 2196 472 tempore
2220 432 2296 473 legis
2330 442 2426 467 novae
2439 429 2483 466 σοῦ’

1483 489 1545 512 Ποῖ]
1570 483 1691 512 tantum
1713 484 1850 522 praestat
1875 482 1953 514 illud
1970 483 2164 522 remedium,
2189 484 2242 516 sed
2267 484 2362 517 etiam
2378 486 2428 518 ali·
2480 477 2483 501 t

1483 533 1568 573 quod
1589 533 1723 574 gratiae
1755 534 1878 566 (tonum
1910 535 2002 576 digne
2034 535 2290 577 suscipientibus,
2322 541 2425 579 utpote

1484 585 1532 617 his
1556 586 1608 627 qui
1633 594 1673 617 ex
1699 586 1836 619 caritatis
1853 596 2006 619 consensu
2032 588 2185 619 uniuntur
2205 589 2244 620 ad
2270 598 2427 630 procrean-

1486 638 1561 669 dum
1587 638 1710 679 prolem
1734 639 1773 671 ad
1799 639 1941 671 divinum
1966 640 2096 672 cultum.

1573 691 1698 723 Ratione
1722 691 1804 723 enim
1829 692 2042 733 expressionis
2071 701 2241 725 consensus
2266 693 2296 725 in
2324 686 2483 727 indivi-nat

1484 743 1578 774 duam
1597 743 1855 775 consuetudinem
1878 744 1959 776 vitae
1974 744 1995 783 ⁶,
2020 748 2050 777 et
2066 745 2185 777 ratione
2209 745 2429 780 benedictionis

1485 795 1654 834 Ecclesiae,
1679 796 1769 828 cuius
1786 800 1832 828 est
1849 797 2049 829 Sacramenta
2070 797 2174 830 debite
2197 801 2345 838 tractare,
2363 799 2428 832 sub-

1484 848 1607 880 levatur
1637 848 1741 880 anima
1776 858 1794 880 a
1826 849 2026 891 corruptione
2055 850 2324 892 concupiscentiae
2352 851 2428 884 inor·
2482 884 2483 891 ,

1484 901 1606 939 dinata,
1631 905 1661 933 et
1692 902 1786 933 datur
1818 902 1918 943 gratia
1942 902 1981 934 ad
2006 903 2151 944 copulam
2175 903 2381 945 singularem
2401 909 2429 937 et
2482 895 2483 940 i

1484 953 1524 985 ad
1549 953 1692 994 copulam
1726 953 1836 985 utilem
1865 958 1895 985 et
1926 954 1966 986 ad
1995 955 2139 996 copulam
2169 955 2427 997 inseparabilem.
2482 953 2483 985 l

1486 1005 1530 1037 Ex
1556 1006 1613 1037 hac
1634 1005 1751 1047 qratia
1775 1006 1809 1037 fit
1833 1006 2014 1038 remedium
2039 1011 2147 1039 contra
2175 1007 2330 1049 triplicem
2354 999 2483 1055 inor-niel

1485 1058 1674 1090 dinationem
1707 1058 1994 1099 concupiscentiae,
2019 1063 2049 1091 et
2076 1060 2215 1092 nascitur
2244 1059 2361 1101 triplex
2385 1060 2430 1093 bo·
2453 1046 2483 1092 3:³2³

1484 1119 1564 1140 niam
1590 1110 1789 1141 matrimonii.
1824 1110 2079 1152 Concupiscentia
2114 1111 2196 1143 enim
2233 1111 2359 1143 inclinat
2393 1096 2483 1144 adri-1¹13

1484 1162 1623 1200 niultas,
1648 1163 1721 1204 quia
1746 1163 1931 1195 luxuriosus
1955 1172 2016 1195 non
2042 1167 2088 1196 est
2112 1174 2174 1195 una
2198 1168 2378 1203 contentus;
2401 1169 2429 1197 et
2453 1154 2478 1170 Μ

1485 1215 1515 1246 in
1541 1216 1739 1247 matrimonio
1764 1216 1857 1248 datur
1893 1216 1993 1257 gratia
2024 1216 2156 1255 homini,
2193 1220 2226 1248 ut
2250 1217 2307 1249 soli
2338 1217 2428 1250 uxori

1484 1268 1559 1300 velit
1583 1268 1744 1310 coniungi,
1769 1272 1799 1300 et
1823 1269 1865 1300 ita
1890 1269 2027 1310 pronitas
2051 1269 2090 1301 ad
2116 1269 2231 1301 multas
2252 1269 2429 1302 excluditur

1485 1330 1540 1362 per
1565 1320 1710 1362 copulam
1735 1321 1949 1363 sinqularem.
1982 1340 2025 1344 ——
2056 1322 2312 1364 Concupiscentia
2341 1323 2429 1355 etiam
2441 1330 2479 1352 sem

1485 1373 1612 1405 inclinat
1635 1374 1674 1405 ad
1704 1373 1961 1412 delectationem,
1990 1384 2051 1406 non
2079 1375 2119 1407 ad
2148 1375 2330 1414 utilitatem,
2360 1375 2429 1417 quia

1485 1426 1670 1458 luxuriosus
1695 1435 1754 1458 non
1780 1427 1904 1468 quaerit
1927 1427 1985 1459 nisi
2011 1427 2188 1460 satisfacere
2213 1427 2379 1469 appetitui,
2402 1431 2429 1461 et

1485 1479 1516 1510 in
1540 1479 1740 1511 matrimonio
1765 1479 1859 1511 datur
1883 1480 1999 1521 gratia,
2023 1483 2058 1512 ut
2082 1489 2142 1512 non
2172 1484 2336 1522 cognoscat
2357 1489 2430 1512 uxo-

1485 1540 1551 1563 rem
1577 1532 1636 1563 nisi
1660 1536 1789 1573 propter
1813 1532 1949 1573 prolem,
1973 1537 2004 1564 et
2027 1533 2069 1564 ita
2086 1533 2267 1565 excluditur
2282 1533 2292 1548 ⁷
2316 1541 2371 1574 per
2387 1542 2430 1565 co-

1484 1584 1592 1625 pulam
1621 1584 1742 1616 utilem.
1773 1604 1813 1607 -
1843 1585 1936 1623 Item,
1972 1585 2223 1626 concupiscentia
2257 1584 2476 1627 fastidiuntur

1482 1640 1618 1678 9enemt
1649 1641 1719 1678 post
1751 1637 1982 1678 impletionem3
2008 1637 2093 1669 unde
2125 1637 2324 1676 luxuriosus,
2356 1641 2430 1679 post-

1485 1697 1580 1730 quam
1616 1690 1760 1730 cognovit
1795 1698 1909 1728 unam,
1934 1689 2020 1721 illam
2057 1690 2178 1731 respuit
2213 1694 2242 1722 et
2275 1690 2359 1722 vadit
2392 1690 2429 1723 ad

1485 1741 1593 1780 aliani;
1618 1741 1647 1773 in
1673 1741 1871 1774 matrimomo
1896 1750 1971 1774 vero
1996 1742 2089 1774 datur
2113 1743 2227 1784 gratia,
2251 1746 2287 1774 ut
2310 1751 2429 1784 semper

1485 1794 1560 1827 velit
1583 1803 1651 1827 esse
1676 1804 1747 1827 cum
1773 1804 1851 1834 una,
1876 1798 1906 1827 et
1930 1795 1972 1827 ita
1989 1795 2172 1828 excluditur
2187 1796 2197 1811 ³
2214 1804 2271 1837 per
2288 1795 2429 1837 copulam

1485 1847 1748 1888 inseparabilem.
1773 1866 1817 1870 -—
1840 1848 1886 1879 Ex
1910 1848 2023 1889 copula
2053 1847 2224 1889 sinyulari
2253 1848 2353 1880 oritur
2383 1848 2478 1880 ho-Bon

1485 1909 1560 1932 num
1584 1900 1676 1941 fidei,
1701 1904 1736 1932 ut
1752 1901 1791 1932 ad
1809 1900 1903 1932 aliam
1921 1909 1982 1932 non
1999 1901 2141 1939 accedat3
2166 1909 2206 1933 ex
2231 1900 2343 1942 copula
2360 1900 2431 1932 utili

1484 1953 1601 1985 bonum
1625 1953 1809 1994 prolis;,ex
1845 1953 1956 1995 copula
1988 1953 2206 1995 inseparabili
2236 1954 2352 1986 bonum
2377 1953 2430 1986 Sa-

1485 2006 1655 2037 eramenti.

1575 2061 1602 2090 l.
1627 2059 1669 2091 Ad
1695 2059 1772 2091 illud
1797 2068 1871 2100 ergo
1895 2059 1978 2101 quod
2003 2059 2163 2097 obiicitur,
2188 2059 2345 2101 quomodo
2372 2058 2429 2091 effi·
2440 2065 2478 2118 Ρξξίῑ

1484 2112 1525 2143 cit
1549 2111 1632 2153 quod
1657 2111 1787 2153 figuratg
1806 2112 1991 2154 dicendum,
2016 2112 2099 2154 quod
2117 2112 2232 2154 figurat
2249 2111 2428 2145 coniunctio-

1484 2173 1556 2196 nem
1580 2164 1772 2196 animorum
1801 2165 1903 2205 primo
1934 2168 1965 2197 et
2000 2165 2080 2196 lianc
2104 2164 2211 2203 efficit,
2240 2174 2301 2196 non
2322 2164 2427 2206 primo
2441 2169 2478 2191 Not

1484 2217 1639 2255 uniendo,
1664 2217 1718 2249 sed
1744 2217 1863 2258 mayis,
1881 2217 1961 2249 sicut
1978 2217 2129 2249 confessio
2153 2217 2385 2254 contritionem3
2400 2220 2428 2248 et

1485 2270 1543 2301 hoc
1568 2270 1681 2302 iterum
1701 2270 1836 2312 quodam
1863 2270 1956 2302 modo
1973 2269 2067 2302 efficit
2091 2270 2339 2302 coniunctionem
2356 2278 2426 2301 euin

1485 2322 1567 2359 Deo;
1590 2322 1681 2364 quia,
1706 2322 1730 2354 si
1755 2322 1934 2355 membrum
1960 2322 2102 2354 membro
2119 2322 2217 2364 magis
2241 2322 2359 2361 unitur,
2375 2330 2426 2363 per

1485 2382 1678 2415 consequens
1702 2374 1794 2406 etiam
1820 2374 1919 2416 magis
1943 2374 2052 2406 unitur
2076 2374 2208 2406 Christo.
2233 2374 2291 2406 Sed
2323 2374 2354 2405 in
2380 2382 2427 2405 eu-

1484 2427 1632 2459 charistia
1650 2426 1671 2465 9,
1704 2427 1781 2458 dum
1813 2427 1956 2459 membra
1980 2427 2078 2468 magis
2109 2427 2262 2459 uniuntur
2293 2425 2425 2463 CltristO,

1485 2482 1514 2511 et
1531 2488 1587 2520 per
1611 2488 1805 2520 consequens
1828 2479 1928 2521 magis
1944 2480 2099 2512 uniuntur
2119 2479 2159 2511 ad
2184 2480 2331 2517 invicem,
2347 2478 2426 2511 unde

1485 2531 1607 2564 Christo
1632 2532 1890 2574 incorporantur,
1914 2536 1944 2565 et
1968 2532 2012 2565 sic
2035 2536 2119 2574 patet
2143 2532 2326 2564 differentia.

1574 2585 1602 2615 ἱ).
1628 2584 1671 2616 Ad
1703 2584 1782 2616 illud
1814 2584 1898 2626 quod
1929 2584 2085 2623 obiicitur,
2110 2584 2193 2626 quod
2222 2588 2296 2616 tunc
2323 2591 2425 2615 omnes

1485 2636 1634 2669 deberent
1658 2637 1798 2677 accipere
1823 2645 1941 2669 uxores
1950 2649 1957 2675 ς
1988 2637 2173 2675 dicendum,
2198 2637 2281 2678 quod
2310 2636 2338 2668 in
2363 2640 2483 2677 nia-Non

1486 2689 1640 2721 trimonio
1665 2689 1759 2721 datur
1790 2690 1890 2731 gratia
1913 2691 1953 2721 ad
1976 2689 2177 2728 remedium,
2210 2690 2264 2721 sed
2296 2689 2325 2720 in
2357 2692 2424 2720 volo

1553 2872 1563 2887 ⁷
1583 2871 1693 2903 Supple:
1714 2872 1760 2896 ista
1781 2872 2001 2902 concupiscentia3
2022 2870 2080 2895 cod.
2101 2870 2137 2895 bb
2156 2871 2259 2902 supplet
2277 2869 2324 2895 illa
2341 2867 2423 2902 proni-

1483 2916 1538 2947 tas,
1561 2915 1620 2940 edd.
1640 2914 1774 2941 delectatio
1794 2914 1962 2948 appetitivae,
1986 2915 2043 2939 cod.
2058 2915 2075 2938 L
2090 2915 2151 2946 legit
2163 2916 2188 2940 et
2199 2913 2250 2940 ista
2268 2912 2422 2939 meluditar.
2481 2917 2483 2943 ζ

1483 2960 1607 2990 Superius
1621 2966 1668 2990 pro
1681 2958 1834 2991 satisfacere
1853 2959 1992 2992 appetitui,
2015 2958 2085 2991 quod
2099 2958 2193 2983 liabent
2212 2958 2286 2983 codd.
2307 2958 2323 2982 F
2334 2958 2365 2982 W
2377 2955 2422 2986 bb,

1483 3002 1558 3027 codd.
1579 3003 1617 3027 ll<
1639 3001 1845 3034 satisfactionem
1874 3001 2018 3035 appetitus,
2050 3002 2089 3026 alii
2120 3001 2194 3027 codd.
2223 2999 2422 3033 satisfactionem

1482 3045 1622 3080 appetitui,
1639 3046 1697 3071 edd.
1711 3045 1918 3078 satisfactionem
1936 3044 2091 3078 appetitivae
2103 3052 2150 3070 seu
2163 3044 2292 3078 appetitus
2305 3041 2422 3069 sensitivi.

1552 3090 1563 3107 ⁸
1582 3090 1645 3116 Edd.
1672 3090 1793 3122 supplent
1816 3089 1958 3116 variarum
1987 3089 2204 3122 eoncupiscentia.
2224 3102 2259 3107 —-
2277 3089 2313 3113 De
2337 3085 2422 3118 triplici

1482 3134 1551 3159 bono
1581 3135 1743 3159 matrimonio
1773 3134 1818 3159 cfr.
1847 3134 1909 3158 infra
1939 3134 1974 3159 lit.
2004 3134 2127 3165 Magistri,
2148 3133 2171 3158 d.
2199 3132 2292 3157 XXXl.
2312 3138 2333 3157 c.
2354 3131 2379 3161 sl,
2398 3131 2420 3154 et

1482 3177 1624 3203 Comment.
1645 3185 1666 3203 a.
1689 3179 1711 3203 l.
1732 3185 1755 3210 q.
1777 3179 1800 3202 ⁶2.

1552 3221 1563 3238 ⁹
1582 3221 1643 3247 Cod.
1666 3222 1685 3246 Κ
1706 3221 1724 3253 (l
1745 3229 1757 3246 a
1778 3221 1891 3246 secunda
1912 3221 2000 3253 manu)
2022 3221 2092 3246 addit
2117 3221 2154 3245 est
2173 3227 2185 3245 e
2205 3224 2343 3249 converso,
2363 3215 2420 3250 quia

1482 3265 1538 3297 (cfr.
1559 3273 1637 3297 supra
1657 3266 1682 3290 d.
1703 3266 1726 3290 8.
1746 3272 1771 3297 p.
1793 3266 1818 3290 ll.
1839 3273 1861 3290 a.
1882 3266 1906 3290 2.
1929 3272 1953 3297 q.
1979 3266 1998 3289 l.
2018 3265 2050 3290 ad
2071 3265 2093 3288 ὃ.
2115 3264 2158 3295 6.).
2179 3264 2234 3288 Vat.
2254 3262 2320 3288 sicut
2339 3260 2366 3286 in
2383 3266 2421 3285 eu·

1481 3308 1616 3334 charistia.
1638 3309 1732 3333 Eodem
1761 3309 1817 3334 Vat.
1846 3315 1906 3334 cum
1934 3308 1974 3333 ed.
1996 3309 2004 3332 l
2039 3309 2157 3339 superius
2186 3310 2242 3339 post
2269 3305 2314 3331 secl
2339 3301 2419 3336 onayis

1481 3352 1552 3377 addit
1571 3352 1700 3385 augendo.
