2483 3882
260 875 324 900 Argg.
339 879 377 899 pro

246 903 306 930 parte
323 900 377 921 affir-

247 929 331 948 maura.

264 1873 305 1894 Pro
319 1874 379 1899 parte

272 1899 378 1925 negativa.

390 261 476 293 101&

1253 427 1435 469 QUAESTtO
1460 428 1491 459 ιι.

838 528 956 560 Utrum
976 527 1088 569 yloria
1112 525 1262 567 eorporis
1285 525 1327 557 sit
1351 534 1373 557 a
1395 524 1506 567 yloria
1530 524 1664 556 animae
1688 524 1907 567 originaliter.

480 650 623 684 Secundo
651 649 815 692 quaeritur
844 647 885 690 de·
906 647 1026 688 origine
1050 644 1253 677 beatitudinis
1277 644 1343 676 sive

391 705 508 747 gloriae
532 703 690 744 corporis,
716 705 825 734 utrum
851 701 890 733 sit
906 710 924 732 a
941 699 1040 741 gloria
1063 698 1186 730 animae
1210 697 1344 740 origina—

391 759 471 791 liter.
498 757 531 789 Et
555 755 638 798 quod
665 755 725 793 sic,
750 754 884 786 videtur.

484 811 509 841 l.
534 808 700 850 Dionysius
732 807 771 839 ad
802 805 1028 839 Dioscorum¹z
1060 818 1074 834 «
1091 804 1254 837 Beatitudo
1282 813 1342 836 non

392 869 438 896 est
451 871 619 904 corporum
631 887 638 900 ,
652 860 707 893 sed
720 860 760 892 ab
772 859 939 892 animabus
952 858 1110 891 redundat
1123 857 1152 889 in
1167 866 1326 898 corpora»
1335 883 1342 890 .

481 916 511 947 9..
534 914 628 951 Item,
653 913 752 955 gloria
783 913 863 944 inest
894 911 1017 953 corpori
1050 919 1107 952 per
1142 909 1344 942 resurrectio-

390 977 480 1006 nem,
505 971 535 999 et
560 965 749 998 resurrectio
780 973 836 1006 per
861 964 1008 996 unionem
1037 964 1179 996 animae:
1205 972 1280 1004 ergo
1304 963 1343 994 ab

391 1021 495 1053 anima
518 1020 598 1051 inest
622 1018 745 1060 corpori
769 1017 877 1059 gloria.

482 1073 509 1105 3.
534 1072 624 1109 Item,
657 1070 824 1112 specialius
856 1070 982 1101 videtur
1005 1069 1108 1111 quoad
1134 1068 1344 1111 impassibili-

393 1131 511 1159 tatem:
545 1125 639 1167 quia,
671 1128 707 1156 ut
739 1124 813 1156 dicit
847 1123 1095 1164 Philosophus&
1131 1123 1343 1164 «egrediente

392 1180 512 1217 anima,
529 1178 671 1219 exspirat
687 1181 717 1209 et
734 1177 898 1209 marcescit
921 1185 1036 1218 corpus
1052 1188 1082 1208 »z
1100 1185 1174 1218 ergo
1199 1176 1283 1218 quod
1305 1176 1344 1208 sit

393 1230 647 1272 incorruptibile,
673 1230 731 1262 hoc
758 1238 819 1261 non
845 1229 938 1261 babet
962 1229 1020 1261 nisi
1045 1230 1085 1261 ab
1109 1229 1222 1261 anima.
1243 1248 1286 1252 ——
1307 1229 1345 1261 Si

393 1285 505 1322 dieas,
530 1283 615 1325 quod
640 1282 780 1324 loquitur
804 1282 979 1314 secundum
1004 1285 1119 1314 statum
1146 1283 1259 1319 istum;
1284 1282 1343 1313 hoc

393 1347 455 1370 non
479 1336 586 1374 solvit,
611 1336 701 1377 quia,
726 1335 807 1367 sicut
830 1335 935 1367 anima
959 1344 1042 1367 nunc
1059 1335 1195 1367 continet
1211 1343 1344 1376 corpus,

393 1391 436 1423 ita
467 1393 497 1422 et
528 1393 624 1425 tunc;
656 1388 741 1420 unde
772 1387 965 1429 Augustinus
996 1388 1035 1420 de
1059 1388 1141 1420 Vera
1165 1387 1343 1428 Religione:

400 1443 551 1484 «Corpus
575 1451 636 1474 non
661 1441 788 1473 habebit
812 1440 1011 1472 stabilitatem
1038 1441 1096 1473 nisi
1121 1449 1177 1482 per
1194 1440 1345 1478 animam,

394 1501 423 1529 et
447 1496 524 1528 haec
548 1504 605 1537 per
629 1495 777 1536 Deum».

481 1549 512 1581 li.
537 1549 627 1584 Item,
659 1547 698 1579 de
721 1546 959 1588 spiritualitate
985 1546 1128 1578 videtur:
1155 1546 1228 1588 quia
1250 1554 1346 1587 super

394 1602 473 1634 illud
503 1601 624 1643 primae
648 1600 687 1632 ad
713 1599 889 1631 Corinthios
914 1599 1036 1631 decimo
1059 1599 1209 1641 quinto³:
1235 1598 1347 1631 Novis-

393 1655 499 1687 simus
535 1654 645 1685 Adam
681 1653 715 1684 in
750 1652 906 1694 spiritmn
942 1651 1185 1693 vivificantem;
1217 1651 1344 1684 Glossa:

400 1708 511 1749 «Quia
535 1707 665 1749 spiritus
689 1706 825 1748 perfecte
849 1705 1000 1737 adhaeret
1025 1705 1104 1743 Deo,
1126 1705 1170 1737 sic
1195 1704 1346 1744 vivificat,

394 1765 430 1793 ut
453 1769 568 1802 corpus
592 1758 755 1801 spirituale
779 1757 892 1789 efficiat
908 1769 938 1789 »z
963 1766 1039 1799 ergo
1062 1757 1262 1790 manifestum
1288 1761 1345 1789 etc.

482 1812 628 1845 CONTRA:
658 1813 684 1843 1.
710 1810 981 1852 Quandocumque
1005 1810 1125 1852 aliquid
1150 1814 1196 1842 est
1212 1810 1346 1842 alicuius

393 1867 481 1908 origo
505 1874 561 1907 per
586 1864 846 1901 redundantiam,
872 1863 1044 1895 similitudo
1061 1867 1108 1895 est
1132 1864 1300 1905 utrobique
1316 1867 1346 1896 et

394 1918 592 1955 univocatio;
617 1917 671 1950 sed
696 1917 821 1949 claritas
845 1917 986 1958 corporis
1003 1920 1031 1949 et
1050 1916 1180 1957 spiritus
1197 1921 1271 1949 sunt
1288 1917 1347 1949 cla.-

394 1972 503 2004 ritates
526 1971 696 2012 aequivoce
709 1969 739 2000 ⁴¹:
756 1978 831 2011 ergo
854 1969 931 2001 baec
949 1978 1009 2001 non
1027 1969 1185 2001 redundat
1202 1970 1231 2001 in
1249 1969 1344 2001 illam.

483 2025 512 2056 Ξ).
537 2024 631 2062 Item,
652 2031 744 2054 omne
769 2022 853 2064 quod
877 2026 924 2054 est
940 2022 980 2053 ab
1004 2022 1064 2053 alio
1088 2030 1145 2063 per
1170 2021 1347 2054 redundan-

394 2079 486 2115 tiam,
519 2076 572 2108 illo
603 2079 764 2117 separato,
789 2076 849 2107 iam
875 2084 934 2106 non
961 2075 1060 2107 inest:
1087 2083 1161 2116 ergo
1185 2075 1210 2106 si
1241 2074 1346 2106 anima

395 2134 597 2173 separaretur
612 2139 630 2161 a
647 2137 796 2170 corpore,
813 2128 1036 2169 corpus-fieret
1053 2128 1242 2166 obscurum3
1260 2127 1343 2169 quod

392 2183 519 2215 videtur
543 2181 763 2214 inconveniens
787 2181 892 2213 dicere
905 2181 926 2212 ⁵.

482 2235 511 2267 3.
536 2235 629 2273 ltem,
654 2234 738 2276 quod
763 2233 858 2265 habet
882 2232 1017 2265 totaliter
1049 2242 1115 2264 esse
1146 2241 1202 2273 per
1233 2232 1345 2265 redun-

393 2287 530 2321 dantiam
555 2286 594 2318 ab
618 2286 740 2328 aliquo,
766 2286 809 2317 illi
835 2286 1055 2322 coniunctum,
1080 2285 1248 2327 participat
1277 2294 1345 2326 pro-

392 2341 540 2382 prietates
564 2339 633 2371 illas
657 2338 723 2371 sine
747 2338 852 2380 aliqua
878 2338 1095 2369 immutatione
1112 2346 1151 2369 ex
1170 2340 1259 2378 parte
1277 2337 1343 2369 sui:

392 2402 467 2435 ergo
491 2392 515 2425 si
540 2392 644 2424 anima
676 2391 811 2432 gloriosa
843 2391 989 2422 uniretur
1014 2390 1106 2422 modo
1131 2390 1254 2431 corpori
1278 2398 1345 2431 pas-

392 2445 491 2484 sibili,
516 2445 619 2487 ipsum
645 2444 761 2476 faceret
785 2443 998 2485 impassibile;
1018 2443 1072 2475 sed
1090 2443 1148 2475 boc
1165 2452 1225 2474 non
1244 2446 1345 2484 potest

392 2502 490 2530 stare:
516 2497 606 2539 quia,
631 2497 715 2538 quod
740 2496 779 2528 de
803 2496 941 2538 passibili
967 2505 1024 2538 per
1049 2499 1195 2527 naturam
1221 2495 1275 2527 fiat
1292 2495 1345 2526 im-

391 2550 556 2592 passibile,
581 2553 627 2582 est
651 2559 668 2581 a
692 2550 808 2581 virtute
832 2549 972 2580 infinita:
999 2558 1074 2590 ergo
1096 2557 1155 2580 non
1174 2548 1214 2580 ab
1230 2547 1343 2579 anima.

480 2604 511 2635 [ι.
536 2603 629 2641 item,
654 2602 758 2634 anima
782 2602 894 2633 Christi
921 2610 1044 2633 summe
1061 2604 1129 2633 erat
1144 2600 1297 2641 gloriosa,
1314 2603 1344 2631 et

1149 253 1432 286 SENTENTIARUM
1456 253 1523 284 [ΑΒ.
1547 253 1595 284 lV.
2470 271 2472 284 ι

1407 652 1523 684 corpus
1547 652 1670 675 summe
1693 643 1858 685 passibile,
1882 652 1957 685 ergo
1981 647 2011 676 et
2036 644 2154 676 babens
2178 644 2255 677 alios
2276 645 2356 677 defe-

1408 699 1498 727 ctus:
1523 704 1597 737 ergo
1621 699 1652 728 et
1676 695 1857 728 huiusmodi
1881 695 2021 728 defectus
2038 705 2099 728 non
2118 696 2283 738 privantur
2299 705 2355 738 per

1408 748 1540 790 gloriam
1564 749 1704 787 animae,
1728 749 1782 781 sed
1807 757 1863 790 per
1887 749 2069 791 qualitatem
2094 749 2271 782 absolutam
2293 759 2358 782 cor-

1407 801 1512 842 poris:
1538 810 1612 842 ergo
1636 804 1692 833 etc.

1766 915 2003 939 CONCLUSIO.

1412 1011 1528 1043 Gloria
1544 1012 1694 1053 eorporis
1710 1012 1820 1054 quoad
1836 1011 2074 1053 dispositiones,
2088 1022 2171 1054 qaae
2186 1017 2266 1044 sant
2280 1022 2359 1055 qaa-

1496 1062 1602 1095 litates
1632 1063 1801 1095 absolutae
1832 1063 1937 1105 ipsias
1964 1064 2133 1105 eorporis,
2157 1068 2204 1097 est
2237 1074 2259 1096 a
2294 1065 2357 1097 Deo

1496 1125 1617 1157 eorpus
1629 1115 1843 1157 reformante,
1861 1117 1971 1159 quoad
1987 1117 2300 1149 consummationem
2314 1122 2360 1149 est

1496 1178 1556 1210 pei·
1581 1167 1788 1210 influentiam
1811 1169 1945 1201 animae
1967 1169 2141 1211 olei'iosae.

1499 1274 1695 1306 Ruspounno:
1721 1274 1911 1313 Dicendum,
1937 1275 2020 1317 quod
2042 1279 2089 1308 est
2113 1276 2197 1318 loqui
2222 1276 2261 1308 de
2285 1276 2478 1308 doti-nistiucuo

1410 1327 1469 1359 bus
1493 1327 1648 1368 corporis,
1682 1327 1711 1358 in
1744 1327 1861 1368 quibus
1890 1328 1959 1360 eius
1990 1328 2174 1369 glorificatio
2202 1328 2357 1367 consistit,

1410 1379 1460 1411 vel
1484 1383 1637 1421 quantum
1655 1379 1695 1412 ad
1713 1379 1977 1421 dispositione-m,
1996 1381 2045 1412 vel
2062 1384 2216 1422 quantum
2234 1381 2272 1413 ad
2290 1390 2360 1413 eon-

1409 1432 1672 1464 santmationem.
1705 1433 1733 1463 Si
1764 1437 1916 1474 quantum
1950 1433 1988 1465 ad
2023 1433 2284 1475 disposicionem
2316 1435 2360 1466 sic
2375 1444 2479 1467 concinno

1410 1485 1496 1523 dico,
1521 1486 1604 1527 quod
1630 1485 1738 1517 dicunt
1763 1485 1998 1526 dispositiones,
2023 1495 2103 1527 quae
2136 1490 2209 1518 sunt
2233 1486 2361 1528 qualita-

1410 1542 1456 1569 tes
1480 1538 1642 1570 absolutae
1668 1538 1766 1579 ipsius
1782 1538 1940 1579 corporis,
1958 1547 2038 1580 quae
2056 1539 2172 1571 dantur
2188 1539 2246 1571 sibi
2263 1548 2280 1570 a
2297 1539 2360 1571 Deo

1412 1591 1442 1622 in
1466 1591 1534 1622 eius
1560 1590 1787 1622 reformatione.
1805 1608 1849 1613 ——-
1865 1590 1893 1621 Si
1911 1595 2065 1632 quantum
2090 1591 2128 1622 ad
2155 1601 2360 1623 eonsummct—
2375 1602 2480 1624 Conclusio

1412 1643 1547 1681 tionem,
1566 1643 1610 1675 sic
1627 1643 1713 1681 dico,
1738 1643 1821 1685 quod
1847 1648 1921 1675 sunt
1944 1653 1962 1675 a
1986 1643 2085 1685 gloria
2101 1644 2223 1676 animae
2240 1644 2305 1676 sive
2322 1644 2361 1676 ab

1410 1696 1515 1728 anima
1546 1696 1690 1737 gloriosa.
1725 1697 1810 1729 Unde
1843 1697 1923 1729 sicut
1954 1698 1984 1728 in
2013 1698 2170 1739 praesenti
2195 1698 2299 1729 anima
2332 1698 2361 1729 in

1411 1758 1526 1791 corpus
1552 1749 1670 1788 influit,
1699 1754 1729 1782 et
1758 1759 1814 1791 per
1839 1749 1925 1782 illam
1950 1750 2143 1783 influentiam
2169 1759 2284 1792 corpus
2316 1754 2363 1783 est

1410 1802 1597 1841 coloratius‚
1623 1811 1738 1844 corpus
1762 1807 1809 1835 est
1833 1803 2028 1840 durabilius,
2051 1812 2166 1845 corpus
2182 1808 2229 1835 est
2247 1804 2361 1836 virtuo-

1410 1856 1476 1888 sius
1500 1859 1530 1887 et
1553 1856 1684 1897 agilius,
1709 1864 1805 1897 quam
1829 1865 1901 1888 cum
1934 1856 2039 1888 anima
2071 1860 2256 1898 separatur:
2282 1857 2364 1888 simi-

1410 1909 1481 1941 liter
1506 1908 1575 1941 dico
1600 1909 1628 1940 in
1654 1909 1814 1950 proposito
1847 1917 1903 1940 suo
1936 1909 2046 1947 modo,
2064 1909 2147 1950 quod
2176 1909 2280 1940 anima
2301 1909 2363 1950 glo-

1410 1962 1493 1994 riosa
1516 1962 1651 1993 influens
1676 1962 1705 1993 in
1731 1970 1846 2003 corpus
1864 1970 1973 1993 omnes
1998 1961 2086 1994 dotes
2111 1962 2203 2000 istas,
2227 1961 2267 1993 ad
2284 1970 2363 2002 quas

1410 2014 1637 2056 dispositiones
1663 2014 1815 2052 hahebat,
1840 2022 1896 2055 per
1921 2014 1967 2046 sui
1992 2013 2244 2046 reformationem
2267 2013 2363 2055 perli-

1410 2068 1454 2099 cit
1476 2072 1505 2099 et
1528 2071 1745 2099 consummat.
1772 2067 1858 2099 Unde
1882 2067 1991 2105 credo,
2016 2067 2128 2108 quodsi
2146 2075 2261 2108 corpus
2278 2075 2364 2108 sepa-

1410 2124 1553 2158 raretur,
1578 2120 1662 2162 quod
1687 2120 1742 2152 etsi
1768 2124 1849 2152 esset
1874 2119 1994 2152 clarum
2021 2123 2050 2152 et
2076 2119 2283 2161 impassibile,
2302 2128 2361 2151 non

1411 2177 1512 2205 tamen
1538 2174 1579 2205 ita
1604 2177 1638 2205 ut
1663 2173 1776 2205 nuncss.
2399 2206 2403 2211 ⁸

1500 2227 1544 2258 Ex
1569 2226 1618 2258 bis
1653 2229 1758 2267 patent
1793 2225 1913 2257 obiecta
1948 2225 1987 2257 ad
2024 2229 2192 2266 utramque
2228 2229 2358 2266 partem.
2376 2234 2409 2256 Ad
2422 2240 2476 2261 argg.

1409 2280 1485 2311 Nam
1510 2279 1629 2320 primae
1662 2278 1796 2310 rationes
1824 2278 2010 2316 ostendunt,
2035 2278 2118 2319 quod
2145 2281 2217 2309 sunt
2242 2277 2272 2308 in
2297 2286 2361 2309 cor-

1410 2341 1484 2374 pore
1508 2341 1564 2373 per
1589 2331 1782 2363 influentiam
1798 2343 1805 2369 ;
1822 2331 1906 2372 quod
1924 2331 2051 2372 quidem
2074 2339 2184 2362 verum
2203 2334 2249 2362 est
2265 2339 2359 2371 quan-

1409 2389 1475 2417 tum
1501 2385 1540 2416 ad
1565 2384 1889 2416 consummationem.
1915 2383 2075 2416 Secundae
2100 2383 2236 2416 rationes
2259 2386 2360 2415 osten-

1409 2438 1505 2476 dunt,
1526 2437 1608 2479 quod
1636 2446 1694 2469 non
1721 2440 1793 2469 sunt
1819 2436 1959 2468 totaliter
1977 2436 2005 2467 in
2024 2444 2154 2477 corpore
2171 2444 2226 2477 per
2244 2435 2359 2467 redun-

1409 2491 1545 2523 dantiam
1564 2500 1582 2522 a
1598 2490 1697 2531 gloria
1713 2490 1853 2526 animae:
1870 2492 1900 2521 et
1923 2489 1979 2521 hoc
1997 2489 2124 2530 quidem
2144 2497 2253 2521 verum
2271 2489 2357 2527 est⁷;

1408 2543 1624 2585 praeexigitur
1647 2543 1748 2581 enim,
1774 2542 1858 2584 quod
1883 2551 1901 2574 a
1926 2542 1988 2574 Deo
2016 2541 2204 2573 reformetur
2236 2541 2357 2579 habile,

1408 2602 1438 2630 et
1455 2605 1510 2638 per
1528 2595 1720 2628 influentiam
1739 2595 1861 2626 animae
1878 2594 1930 2626 illa
1948 2594 2093 2626 habilitas
2110 2597 2357 2626 consummetur.

463 2812 470 2828 ¹
493 2813 525 2837 lta
546 2812 651 2844 quidem
672 2811 747 2836 codd.
768 2815 792 2836 ot
817 2810 894 2842 odd.;
915 2817 987 2835 error
1017 2812 1100 2834 tamen
1130 2810 1153 2834 in
1184 2810 1255 2840 ipsos
1283 2809 1341 2833 irre-

393 2858 475 2888 psisse
494 2855 613 2886 videtur,
634 2861 693 2880 cum
715 2855 780 2879 inter
799 2854 920 2885 epistolas
935 2853 1047 2884 Dionysii
1063 2853 1130 2878 nulla
1144 2852 1176 2877 ad
1191 2852 1342 2877 Dioscorum

392 2900 524 2926 habeatur.
554 2900 618 2924 lntrr
647 2899 767 2930 epistolas
786 2897 931 2931 Anausaro
950 2898 1013 2922 haec
1042 2898 1115 2928 epist.
1136 2897 1266 2921 invenitur
1291 2895 1341 2920 sub

391 2952 415 2969 n.
440 2944 495 2968 118.
518 2943 590 2974 (alias
609 2942 677 2975 56),
699 2943 722 2966 in
743 2948 826 2974 eaque
845 2948 866 2966 c.
888 2942 910 2965 3.
932 2948 954 2965 n.
982 2940 1018 2965 lsi.
1039 2941 1102 2965 llaec
1121 2941 1245 2965 sententia
1266 2939 1345 2964 conti-

391 2991 481 3018 netur;
502 2986 581 3011 verba
603 2986 662 3011 vide
682 2993 759 3016 supra
783 2992 842 3016 pag.
864 2985 946 3016 1005,
968 2988 1025 3010 nota
1047 2986 1070 3008 t.

460 3032 471 3048 '2
490 3031 559 3056 Libr.
581 3031 597 3055 l.
617 3030 650 3055 de
670 3030 774 3061 Anima,
798 3032 854 3054 text.
870 3030 912 3054 90.
927 3030 958 3060 (o.
980 3029 1030 3060 5.),
1051 3028 1095 3053 ubi
1109 3029 1185 3053 otiam
1200 3028 1343 3052 insinuatur

393 3075 463 3107 quod
482 3074 573 3100 anima
594 3073 708 3100 continet
726 3080 830 3106 corpus.
844 3087 879 3091 —
895 3072 978 3097 Verba
995 3073 1119 3103 August,
1134 3071 1166 3096 de
1179 3071 1245 3095 Vera
1262 3071 1341 3102 Relig.

393 3126 413 3143 c.
439 3120 475 3143 12.
495 3125 519 3142 n.
541 3118 572 3142 25
585 3139 591 3149 ‚
613 3121 688 3142 sunt:
709 3117 768 3142 lndc
789 3118 838 3142 iam
859 3117 906 3141 erit
925 3123 1095 3148 consequens,
1112 3119 1138 3140 ut
1158 3117 1216 3146 post
1234 3117 1342 3139 mortem

393 3162 579 3193 corporalem...
601 3162 649 3186 lior
668 3168 764 3192 corpus
790 3161 937 3185 restituatur
957 3160 1079 3190 pristinae
1103 3158 1243 3189 stabilitati,
1264 3164 1342 3189 quam

393 3212 442 3229 non
463 3212 509 3236 per
529 3212 555 3229 se
578 3204 696 3235 habebit,
714 3204 760 3229 sed
779 3211 826 3235 per
848 3204 960 3228 animam
984 3202 1119 3227 stabilitam
1140 3203 1163 3226 in
1186 3202 1255 3233 Deo;
1276 3208 1342 3233 quae

391 3256 483 3276 rursus
503 3255 552 3273 non
573 3256 618 3279 per
638 3256 665 3273 se
679 3248 819 3279 stabilitur,
836 3248 881 3272 scd
896 3254 942 3278 per
958 3247 1052 3277 Deum,
1068 3253 1120 3278 quo
1140 3247 1232 3271 fruitur
1251 3248 1297 3270 etc.

462 3291 473 3308 3
493 3293 564 3316 Vers.
586 3291 625 3316 45.
646 3305 679 3308 —
699 3292 814 3316 Glossam
835 3290 937 3316 exhibet
957 3291 1020 3315 retr.
1047 3289 1185 3314 Lombard.
1214 3289 1248 3319 (in
1274 3290 1343 3313 hunc

392 3335 469 3367 loc.);
490 3339 573 3360 sumta
593 3338 630 3359 est
649 3342 679 3359 cx
700 3336 821 3366 August.7
838 3335 914 3365 Epist.
936 3334 994 3358 205.
1009 3334 1081 3365 (alius
1096 3333 1165 3365 246.)
1181 3340 1203 3358 c.
1218 3334 1240 3357 2.
1256 3340 1279 3357 u.
1295 3333 1303 3356 sl
1314 3333 1341 3356 l:

392 3378 483 3402 Anima
504 3379 601 3410 quippe
621 3379 644 3402 in
665 3385 773 3408 corpore
793 3377 905 3403 animali
924 3378 988 3402 vivit
1016 3377 1136 3409 quidem,
1159 3377 1204 3401 sed
1230 3383 1281 3401 non
1307 3376 1341 3400 vi-

1407 2807 1493 2832 vificat
1513 2813 1595 2838 usque
1616 2805 1648 2830 ad
1675 2803 1840 2829 auferendam
1870 2804 2078 2834 corruptionem3
2099 2804 2122 2827 iu
2152 2809 2260 2834 corpore
2293 2810 2356 2827 vero

1407 2850 1556 2884 spirituali,
1576 2851 1699 2882 quoniam
1720 2848 1831 2880 perfecte
1850 2846 2000 2873 adhaerens
2019 2845 2132 2872 Domino
2152 2853 2223 2872 unas
2246 2846 2356 2880 spiritns

1407 2896 1445 2920 est
1464 2893 1493 2927 [l.
1508 2893 1564 2918 Cor.
1581 2894 1611 2925 6,
1633 2891 1698 2924 17.]‚
1715 2893 1751 2916 sic
1765 2891 1892 2919 viviticat,
1911 2893 1937 2915 ut
1951 2890 2081 2921 spirituale
2096 2896 2191 2921 corpus
2204 2890 2296 2914 efficiat
2308 2892 2355 2914 etc.

1478 2937 1487 2953 ⁴
1508 2938 1624 2968 Ariston,
1647 2936 1678 2961 cle
1693 2935 1848 2960 Praedicam.
1866 2941 1885 2959 c.
1907 2935 1911 2958 l
1928 2941 1934 2958 :
1948 2932 2097 2967 Aequiuooa
2113 2933 2232 2958 dicuntur
2246 2940 2356 2965 quorum

1407 2989 1500 3007 nomen
1521 2981 1604 3006 solum
1625 2986 1763 3005 commune
1782 2983 1834 3010 est,
1850 2977 1993 3003 secundum
2009 2984 2101 3002 nomen
2115 2984 2178 3002 vero
2202 2976 2357 3002 substantiae

1408 3028 1471 3051 ratio
1492 3026 1622 3051 diversa...
1645 3023 1761 3050 Uniooca
1781 3029 1843 3047 vero
1864 3022 1984 3047 dicuntur
2003 3028 2114 3053 quorum
2134 3025 2158 3046 et
2181 3027 2274 3045 nomen
2289 3027 2356 3045 com-

1408 3078 1487 3096 mune
1505 3073 1554 3101 est,
1568 3073 1593 3094 et
1612 3068 1756 3093 secundum
1778 3073 1870 3092 nomen
1891 3066 1982 3091 eadem
2002 3065 2159 3091 substantiae
2173 3066 2249 3096 ratioy
2266 3067 2293 3089 ut
2306 3066 2356 3089 ani-

1408 3115 1457 3139 mal
1478 3116 1502 3138 et
1521 3114 1599 3138 homo
1619 3116 1664 3137 rtr,

1477 3156 1488 3172 5
1506 3155 1556 3181 Cir.
1575 3158 1620 3180 art.
1641 3162 1694 3186 seq.
1715 3161 1739 3186 q.
1765 3155 1783 3178 l.
1804 3156 1828 3178 et
1847 3154 1925 3178 sectio
1946 3153 1968 3177 2.
1989 3160 2010 3177 a.
2032 3153 2055 3177 2.

1407 3207 1454 3232 pro
1473 3201 1511 3225 est
1529 3198 1562 3225 al}
1581 3198 1633 3224 alio
1654 3198 1712 3223 cod.
1735 3197 1751 3221 F
1771 3198 1808 3222 est
1821 3196 1849 3221 in
1861 3195 1960 3229 aliquo.

1476 3243 1487 3259 θ
1507 3243 1588 3274 lidd.⁷
1610 3246 1667 3273 post
1686 3240 1792 3267 clarum
1812 3239 1899 3265 addito
1918 3238 2025 3270 subtile,
2048 3238 2130 3272 agile,
2152 3239 2192 3263 liic
2206 3238 2305 3269 legunt:
2326 3238 2355 3261 nt

1406 3288 1484 3318 tunc,
1507 3285 1613 3320 quando
1633 3285 1725 3311 anima
1745 3283 1820 3309 beata
1838 3283 1888 3308 erit
1907 3281 1957 3308 sibi
1984 3282 2133 3309 coniuncta.
2163 3283 2286 3313 Superius
2306 3288 2352 3312 pro

1405 3330 1440 3356 ad
1458 3337 1525 3363 quas
1544 3328 1725 3362 dispositiones
1745 3328 1833 3359 plures
1853 3327 1928 3352 codd.
1949 3326 1985 3352 acl
2003 3333 2070 3360 qaas
2089 3325 2293 3359 dispositionem.

1475 3374 1485 3390 ⁷
1505 3374 1567 3399 Cod.
1588 3375 1605 3397 Α
1627 3373 1698 3398 addit
1717 3373 1849 3405 quantum
1868 3371 1903 3396 acl
1922 3370 2124 3404 dispositionem.

2085 3160 2108 3184 q.
2139 3153 2157 3176 l.
2178 3165 2212 3169 —
2232 3152 2356 3182 Superius
