2483 3882
807 236 901 268 DIST.
926 235 999 267 XXl.
1022 235 1052 267 P.
1078 235 1109 267 ll.
1135 234 1254 267 DUBIA.

54 331 101 363 nis
124 329 173 360 via
202 331 285 360 recte
319 326 449 368 agendi3
472 334 530 357 nec
564 325 657 357 debet
685 325 788 357 claudi
812 324 917 356 aditus
941 323 994 355 uni

53 382 150 420 malo,
174 384 209 413 ut
242 379 403 421 aperiatur
435 378 542 410 alteri:
567 382 598 409 ει
632 378 702 409 ideo
738 377 817 409 ratio
854 377 905 408 illa
934 385 995 408 non

53 434 224 472 concludit,
242 432 325 474 quod
351 432 429 463 illud
454 431 537 473 quod
563 430 730 472 dupliciter
754 433 800 462 est
825 430 995 471 cognitum,

51 487 224 522 necessario
248 488 389 527 oporteat
412 484 517 517 celari.

137 541 164 572 5.
190 538 232 570 Ad
258 537 336 569 illud
360 537 445 578 quod
469 535 632 574 obiicitur,
656 535 741 577 quod
769 533 922 575 promittit
946 533 998 565 ha-

50 594 122 626 bere
146 594 320 628 secretum,
345 597 416 621 cum
441 588 547 625 audit,
572 596 684 619 verum
709 590 772 625 est,
797 586 895 627 ipsam
925 595 999 617 con-

50 644 239 688 fessionem,
264 646 294 674 et
325 641 402 673 illud
428 644 574 679 eatenus,
598 649 661 681 qua
693 639 736 671 sic
766 639 881 676 scitur3
905 638 996 670 aliter

50 706 108 730 non
133 695 302 738 promittit,
320 698 350 727 et
374 694 399 726 si
423 693 516 725 etiam
541 692 755 734 promitteret,
784 691 837 723 ubi
871 691 997 728 veritas,

50 750 99 783 vel
122 748 298 781 obedientia
321 747 516 788 praeciperet
529 746 547 784 ¹,
572 745 705 777 revelari
731 748 850 786 potest,
875 747 905 775 et
929 752 996 784 pro-

50 802 155 836 missio
173 801 221 833 vel
238 801 449 832 iuramentum
474 798 597 830 nullum
614 801 695 829 esset
707 796 847 828 —unde
864 795 888 827 si
906 795 999 827 vidis-

51 864 114 889 sem
139 853 320 896 proximum
340 856 518 895 peccantem
543 851 595 883 tali
621 853 765 892 peccato,
782 849 867 890 quod
890 853 997 880 teneor

1948 234 2007 264 571

1061 323 1165 355 dicere
1190 322 1365 363 superiori;
1390 321 1414 353 si
1440 321 1541 353 iurem
1568 321 1625 353 sibi
1651 330 1710 352 non
1735 321 1857 359 dicere,
1881 329 1943 352 non
1960 320 2010 352 ab·

1060 375 1175 412 solvor,
1200 374 1296 405 immo
1320 374 1424 406 dicere
1448 376 1570 415 oportet
1590 391 1633 396 —
1654 377 1684 405 et
1707 373 1848 405 facienda
1872 376 1918 405 est
1942 381 2012 414 poe-

1062 427 1190 459 nitentia
1218 427 1256 459 de
1286 427 1439 468 periurio,
1465 436 1522 468 pro
1549 435 1585 458 eo
1614 426 1698 468 quod
1724 430 1832 458 contra
1859 426 2010 458 iustitiam

1062 480 1186 512 iuravit.
1212 481 1246 512 Et
1270 480 1313 512 sic
1337 484 1421 521 patet
1447 483 1555 511 totum.

1151 532 1195 563 Ex
1220 533 1278 564 lioc
1302 535 1426 570 autem,
1444 532 1526 573 quod
1545 532 1663 564 dictum
1688 536 1754 571 est,
1771 541 1832 564 non
1857 532 1949 564 debet
1966 541 2010 563 sa-

1061 585 1171 616 cerdos
1195 593 1321 617 sumere
1344 585 1508 616 audaciam
1534 584 1694 616 revelandi
1719 584 1767 616 vel
1798 584 1944 626 loquendi
1971 584 2010 616 de

1060 637 1142 669 facili
1167 638 1205 670 de
1241 646 1277 670 eo
1308 637 1393 679 quod
1426 646 1482 678 per
1517 637 1741 669 consessionem
1767 637 1867 676 novit,
1892 646 1949 679 pro
1974 646 2010 669 eo

1060 690 1145 730 quod
1169 689 1370 721 confessionis
1394 689 1531 730 sigillum
1567 690 1645 721 adeo
1676 694 1723 721 est
1747 690 1987 722 custodiendum
2002 716 2009 729 ,

1061 746 1096 773 ut
1119 751 1180 773 non
1205 742 1307 773 solum
1331 742 1447 773 vitetur
1475 741 1614 783 strictio,
1640 742 1736 774 immo
1760 743 1851 775 etiam
1879 744 2008 784 dignum

1061 798 1121 832 est,
1146 798 1181 826 ut
1207 794 1332 825 tollatur
1356 794 1395 826 de
1420 794 1478 826 hoc
1507 795 1607 826 omnis
1634 795 1793 836 sus-picto,
1817 804 1854 827 ne
1884 796 1913 827 in
1942 805 2012 828 con-

1061 850 1216 888 temptum
1241 846 1345 878 veniat
1369 847 1603 879 sacramentalis
1627 847 1809 880 consessio².

702 987 812 1020 DUsstA
837 986 942 1018 CtRCA
966 985 1153 1017 LITTERAM
1177 984 1360 1016 MAGISTRI.

460 1114 535 1146 Due.
560 1114 580 1145 l.

136 1223 166 1254 lu
191 1225 280 1264 parte
305 1221 362 1253 ista
391 1223 464 1253 sunt
496 1219 707 1252 dubitationes
736 1219 818 1251 circa
842 1218 997 1256 litteram,

50 1279 79 1309 et
101 1276 203 1317 primo
227 1275 266 1307 de
289 1274 348 1306 hoc
369 1273 451 1315 quod
478 1273 570 1310 dicit,
595 1272 682 1315 quod
704 1272 817 1303 omniu
841 1270 998 1302 eriminu-

51 1329 96 1361 lia
121 1328 236 1360 saltem
267 1326 364 1359 semel
394 1329 517 1367 oportet
548 1325 583 1357 in
615 1323 817 1367 confessione
844 1323 997 1365 exprimi.

49 1381 178 1414 Videtur
201 1380 284 1411 euim
310 1379 442 1417 falsum,
467 1378 541 1420 quia
564 1377 604 1409 ad
629 1377 705 1416 hoc,
736 1376 820 1418 quod
853 1376 997 1408 contritio

49 1433 165 1471 valeat,
190 1441 250 1463 nou
279 1434 401 1472 oportet
425 1429 603 1471 singillatim
630 1429 747 1461 conteri
772 1428 811 1461 de
840 1428 997 1470 quolibet,

49 1487 143 1518 immo
167 1485 354 1517 iustificatur
378 1484 407 1515 in
433 1483 618 1516 contritione
641 1483 681 1515 de
704 1482 851 1514 omnibus
866 1481 897 1512 ³:
923 1490 998 1522 ergo

50 1539 114 1581 pari
139 1538 258 1570 ratione
282 1537 408 1569 videtur
432 1536 471 1568 de
495 1535 697 1568 confessione.

134 1592 336 1622 RESPONm-:ot
362 1589 555 1627 Dicendum,
587 1589 671 1630 quod
703 1597 765 1620 non
797 1591 843 1620 est
872 1587 996 1620 simile:

50 1644 122 1687 quia
145 1643 297 1676 contritio
321 1646 368 1675 est
392 1643 422 1674 in
447 1646 616 1684 conspectu
640 1642 713 1680 Dei,
738 1641 791 1683 qui
817 1650 880 1673 uno
911 1650 999 1682 aspe-

50 1701 101 1730 ctu
124 1695 208 1729 videt
231 1696 356 1734 omnia;
381 1696 433 1728 sed
460 1693 620 1736 confessio
643 1695 736 1727 estin
754 1698 923 1735 conspectu
947 1694 999 1725 ho-

50 1748 156 1787 minis,
180 1749 232 1790 qui
258 1757 319 1780 non
343 1750 444 1789 potest
476 1747 567 1788 plene
595 1755 725 1778 noscere
756 1746 903 1777 morbum
938 1746 997 1777 nisi

49 1800 203 1833 audiendo
228 1799 372 1832 mortalia
396 1799 528 1841 singula.
555 1800 589 1831 Et
613 1798 751 1836 iterum,
778 1798 938 1840 confessio
963 1798 998 1830 fit

49 1855 87 1887 ad
111 1854 378 1892 erubescentiam,
403 1852 556 1885 contritio
574 1861 649 1885 vero
665 1852 705 1884 ad
721 1852 838 1893 peccati
864 1852 996 1884 detesta-

50 1907 161 1939 tionem
184 1915 241 1948 per
265 1906 425 1938 iustitiam.
440 1905 614 1937 Detestutio
638 1908 744 1937 autem
768 1904 942 1936 intenditur
965 1904 996 1935 in

50 1959 226 1992 collectione
250 1959 424 1991 multorum
446 1958 621 1997 malorum,
646 1958 701 1990 sed
725 1956 948 1989 erubescentia
966 1957 995 1988 iu

25 2023 28 2027 ·
50 2012 252 2054 explicatione
277 2011 473 2053 singulorum
489 2011 508 2042 ⁴.

451 2117 526 2149 DUB.
552 2116 585 2148 tt.

135 2224 208 2256 ltem
225 2223 388 2265 quaeritur
405 2223 444 2255 de
461 2223 519 2255 hoc
535 2223 618 2264 quod
642 2216 733 2261 dicit,
750 2222 834 2264 quod
853 2221 996 2253 venialia

50 2275 167 2319 sufficit
191 2276 388 2318 yenerctlitet·
416 2275 580 2317 confiteri,
604 2275 672 2307 nisi
699 2275 814 2317 aliqua
842 2274 909 2306 sitit
931 2272 998 2316 fre-

50 2334 179 2370 quenter
202 2329 332 2361 iterata.
358 2329 489 2362 Videtur
513 2328 596 2361 enim
614 2338 675 2360 non
693 2328 772 2360 bene
789 2328 904 2366 dicere,
921 2328 996 2369 quia

50 2381 177 2414 iteratio
210 2391 270 2414 non
302 2382 400 2414 trahit
424 2383 454 2414 in
478 2382 564 2414 aliud
590 2390 705 2423 genus:
732 2390 806 2422 ergo
831 2384 997 2422 quantum-

50 2443 182 2476 cumque
214 2435 384 2473 iterentur,
420 2434 553 2466 venialia
577 2438 670 2466 sunt:
696 2443 771 2475 ergo
796 2433 911 2465 sufficit
944 2433 998 2464 illa

50 2487 232 2528 generaliter
257 2488 412 2526 confiteri,
437 2487 518 2519 sicut
541 2491 571 2519 et
595 2487 665 2518 alia.

136 2541 334 2573 Respotxmsso:
364 2540 558 2578 Dicendum,
591 2539 675 2581 quod
709 2539 907 2570 consuetudo
939 2539 998 2570 fre-

1064 1113 1196 1151 quenter
1220 1109 1306 1142 ducit
1332 1110 1361 1141 in
1379 1109 1540 1142 libidinem
1558 1113 1588 1142 et
1604 1114 1835 1152 contetnptuin3
1857 1112 1927 1144 ideo
1944 1122 2012 1154 pro-

1063 1167 1132 1204 pter
1157 1163 1289 1195 dubium
1315 1167 1345 1195 et
1368 1163 1531 1195 vitandum
1557 1163 1752 1205 periculum,
1777 1165 1903 1205 quando
1927 1165 2012 1197 time-

1064 1220 1115 1248 tur
1132 1215 1336 1257 probabiliter
1353 1216 1481 1257 aliquod
1499 1216 1612 1248 horum
1624 1241 1631 1255 ‚
1648 1220 1695 1248 est
1712 1217 1832 1249 veniale
1849 1221 2010 1258 peccatum

1063 1269 1286 1308 confitendum,
1303 1273 1334 1301 et
1350 1268 1465 1301 sufficit
1481 1273 1565 1301 stare
1582 1269 1612 1301 in
1630 1270 1843 1310 generalitate,
1856 1279 1912 1303 nec
1925 1280 2016 1312 opor-

1063 1325 1106 1354 tet
1137 1322 1176 1354 ad
1209 1322 1333 1363 singula
1365 1322 1577 1361 descendere;
1602 1322 1627 1354 si
1659 1327 1763 1354 tamen
1788 1323 1863 1355 velit
1886 1323 2011 1356 descen-

1063 1375 1155 1414 dere,
1182 1375 1339 1407 laudabile
1363 1378 1410 1407 est
1433 1375 1525 1407 valde
1542 1379 1572 1407 et
1589 1376 1665 1408 utile
1686 1380 1716 1408 et
1741 1377 2009 1417 pernecessarium

1063 1428 1177 1460 volenti
1202 1428 1373 1460 ascendere
1396 1428 1436 1460 ad
1460 1428 1684 1469 perfectionem
1697 1429 1716 1459 ⁵.

1462 1534 1538 1565 DUB.
1562 1534 1608 1565 Ill.

1152 1639 1226 1671 [tem
1251 1639 1416 1680 quaeritur
1440 1639 1478 1671 de
1503 1640 1561 1671 hoc
1578 1640 1662 1681 quod
1688 1640 1778 1671 dicit:
1804 1640 2013 1673 Huniititcttis

1062 1701 1168 1723 eausa
1184 1701 1249 1723 non
1266 1691 1353 1723 debet
1368 1690 1473 1734 fateri
1486 1701 1520 1723 se
1535 1701 1640 1724 reum.
1655 1692 1786 1724 Videtur
1799 1693 1880 1724 enim
1897 1697 2016 1725 contra-

1062 1745 1144 1777 rium
1163 1744 1268 1776 dicere
1291 1745 1484 1786 Augustinus
1501 1745 1531 1776 in
1553 1744 1634 1776 libro
1658 1745 1894 1777 Confessionum
1908 1745 1935 1784 ⁶,
1960 1746 2015 1778 ubi

1062 1797 1136 1829 dicit
1160 1797 1223 1829 sic:
1249 1797 1279 1828 Si
1304 1797 1431 1839 quaeris
1454 1806 1472 1828 a
1498 1806 1564 1836 me,
1591 1800 1698 1829 utrum
1724 1797 1826 1830 iustus
1858 1798 1940 1837 sim;
1971 1807 2017 1830 re-

1062 1850 1218 1891 spondeo,
1243 1850 1328 1891 quod
1352 1859 1435 1888 non;
1464 1850 1519 1882 sed
1548 1853 1685 1889 constat,
1713 1850 1798 1892 quod
1821 1850 2013 1892 Augustinus

1062 1903 1164 1935 iustus
1195 1906 1279 1942 erat,
1304 1906 1335 1935 et
1359 1903 1418 1935 hoc
1441 1912 1481 1936 ex
1511 1903 1689 1936 humilitate
1721 1903 1844 1936 dicebat
1875 1907 1905 1936 et
1936 1903 2016 1936 bene

1061 1960 1092 1989 et
1116 1956 1285 1988 meritorie.

1151 2009 1349 2041 Ruspounno:
1375 2009 1567 2047 Dicendum,
1590 2009 1675 2050 quod
1699 2009 1789 2041 fateri
1807 2018 1840 2041 se
1857 2018 1947 2041 reum
1966 2009 2015 2041 vel

1062 2062 1213 2094 iniustum
1238 2065 1286 2094 est
1309 2062 1499 2104 dupliciter:
1524 2065 1578 2094 aut
1602 2066 1697 2103 prout
1722 2066 1828 2095 reatus
1850 2066 1880 2095 et
1897 2062 2014 2095 iniusti-

1061 2115 1126 2147 tia⁷
1150 2115 1334 2157 simpliciter
1358 2115 1462 2156 privat
1486 2115 1671 2153 iustitiam;
1693 2120 1723 2147 et
1752 2116 1810 2148 hoc
1835 2116 1928 2148 modo
1952 2125 2013 2148 non

1062 2168 1154 2200 debet
1178 2176 1211 2200 se
1235 2168 1306 2209 quis
1329 2168 1419 2200 fateri
1446 2176 1555 2205 reum,
1578 2168 1637 2200 nisi
1656 2168 1770 2200 habeat
1787 2168 1929 2201 mortalis
1946 2178 2016 2201 con-

1061 2220 1233 2253 scientiam.
1263 2220 1328 2252 Alio
1361 2220 1454 2252 modo
1486 2224 1533 2252 est
1564 2220 1652 2252 fateri
1686 2230 1718 2253 se
1752 2230 1842 2252 reum
1875 2225 1905 2253 et
1937 2221 2014 2253 iniu-

1062 2278 1145 2306 stum
1156 2300 1163 2312 ,
1188 2277 1282 2315 prout
1306 2273 1410 2315 privat
1427 2273 1573 2306 iustitiae
1586 2273 1819 2316 perfectionem
1833 2286 1844 2311 ;
1860 2278 1890 2306 et
1907 2283 2016 2307 secun-

1062 2327 1139 2358 dum
1165 2327 1223 2359 hoc
1245 2327 1347 2358 omnis
1371 2326 1466 2358 homo
1490 2330 1591 2367 potest
1615 2335 1647 2358 se
1672 2327 1824 2359 iniustum
1846 2326 1953 2365 fateri,
1970 2336 2014 2359 se-

1062 2379 1202 2412 cundum
1228 2379 1307 2411 illud
1332 2379 1427 2411 Isaiae
1459 2379 1655 2420 sexagesimo
1687 2380 1843 2421 quarto⁸:
1875 2379 1913 2411 Ut
1933 2389 2015 2420 pun-

1061 2442 1125 2464 itus
1149 2436 1375 2464 menstruatae
1406 2432 1582 2463 universae
1612 2432 1758 2463 iustitiae
1782 2436 1923 2463 nostrae.
1948 2431 2012 2463 Nee

1063 2484 1267 2526 iustificatur
1291 2484 1385 2516 leonio
1410 2488 1626 2525 comparatus
1645 2485 1726 2521 Deo,
1745 2484 1921 2516 secundum
1939 2484 1990 2516 lob
2006 2497 2012 2520 ;

1063 2542 1093 2570 et
1116 2538 1175 2570 hoc
1200 2538 1293 2569 modo
1317 2537 1509 2578 Augustinus
1530 2537 1654 2569 dicebat
1671 2546 1703 2569 se
1720 2546 1781 2568 nou
1798 2545 1866 2568 esse
1884 2537 2013 2569 iustum.

118 2716 126 2732 ¹
148 2716 228 2742 Codd.
248 2718 268 2742 M
281 2717 301 2742 Ο
314 2718 333 2742 V
346 2718 407 2742 WZ
427 2717 457 2749 (L
479 2717 613 2748 primitus,
634 2717 657 2741 X
686 2723 700 2741 a
720 2716 834 2741 secunda
864 2716 956 2748 manu)
975 2718 1000 2740 et

53 2760 91 2785 ed.
110 2761 118 2785 l
142 2761 254 2787 addunt:
274 2761 344 2794 quod
362 2768 409 2794 per
428 2761 512 2786 ulium
531 2761 602 2786 vium
621 2760 711 2792 sciret,
733 2760 797 2793 quid
817 2759 885 2785 iliud
902 2760 998 2785 solum.

52 2804 106 2829 Vnt.
121 2812 179 2830 cum
194 2813 244 2830 uno
258 2806 389 2837 alteroque
404 2805 460 2830 cod.
476 2806 549 2836 legit:
561 2804 726 2837 praeciperet
744 2803 874 2835 revelari,
889 2805 999 2836 potest...

51 2847 154 2874 nullum
173 2856 234 2874 esse.
256 2850 312 2874 Post
332 2849 369 2874 sic
388 2848 473 2874 scitur
492 2848 549 2873 cod.
571 2848 590 2873 U
610 2848 681 2873 addit
698 2855 746 2881 per
765 2847 962 2880 coufhssionem.

120 2892 131 2908 2
150 2893 235 2918 Plures
255 2893 330 2918 codd.
351 2892 521 2918 Suet-umenti
544 2891 687 2924 confessio,
709 2892 768 2917 edd.
788 2892 999 2917 Sacramentum

52 2935 227 2968 confessionis.
248 2951 282 2954 —
302 2937 367 2961 Vide
386 2937 501 2961 scholion
521 2936 553 2961 ad
578 2937 597 2961 1.
617 2937 694 2961 huius
714 2936 811 2961 articuli
831 2939 929 2968 quaest.

121 2979 132 2996 ³
149 2980 214 3005 Vide
233 2988 310 3012 supra
333 2980 356 3005 d.
380 2981 421 3004 to.
442 2987 468 3011 p.
489 2981 505 3004 l.
525 2987 548 3004 a.
569 2979 592 3004 4.
613 2987 637 3011 q.
659 2980 682 3004 2.

121 3022 130 3039 ⁴
149 3023 198 3049 Ctr.
218 3031 295 3055 supra
316 3024 340 3049 d.
363 3024 404 3048 t7.
434 3031 459 3054 p.
480 3023 515 3048 ΙΙΙ.
546 3031 568 3048 a.
589 3024 612 3048 2.
632 3031 657 3055 q.
687 3024 710 3048 2.
732 3037 764 3041 —
784 3023 846 3048 Cod.
870 3025 888 3047 Α
909 3023 936 3048 in
956 3030 999 3048 (⁷:15-

53 3066 187 3099 pressione
214 3068 301 3099 (codd.
321 3068 341 3092 ll
354 3068 419 3092 VW
440 3070 465 3092 et
483 3067 525 3092 ed.
547 3067 555 3091 l
579 3066 736 3099 eoepletione)
766 3066 945 3100 stimulorum.
965 3080 1000 3085 —-

53 3110 121 3135 ldem
141 3111 202 3136 dub.
222 3112 326 3137 solvunt
345 3112 413 3136 Alex.
435 3112 496 3142 llal.‚
518 3111 544 3135 S.
567 3118 591 3141 p.
613 3111 652 3135 lV.
668 3118 693 3142 q.
709 3111 750 3135 18.
766 3118 800 3134 m.
821 3110 844 3135 4.
859 3118 881 3135 a.
902 3110 925 3134 5.
939 3111 954 3142 3
973 3111 998 3141 t;

52 3154 79 3179 B.
99 3155 202 3187 Albert„
224 3157 265 3180 liic
285 3164 306 3180 a.
332 3156 375 3186 tt;
395 3156 420 3179 S.
441 3155 543 3185 Tuom„
564 3155 605 3178 hic
624 3155 691 3179 circa
712 3154 745 3178 lit.
772 3189 779 3191 -

120 3198 131 3215 5
150 3199 215 3224 Vide
239 3207 316 3230 supra
337 3199 362 3224 d.
384 3200 424 3223 17.
447 3206 471 3229 p.
493 3199 527 3223 lll.
548 3205 571 3223 a.
598 3199 622 3222 2.
645 3205 672 3230 q.
699 3199 720 3222 1.
741 3212 775 3215 -
794 3198 919 3228 Superius
943 3201 1000 3229 post

52 3241 220 3274 probabiliter
233 3243 293 3267 edd.
304 3249 440 3274 perperam
452 3242 553 3272 legunt:
567 3241 677 3274 aliquod
689 3240 760 3274 [Vat.
771 3241 886 3274 aliquid]
901 3241 999 3267 lterum

53 3291 106 3310 esse
125 3285 225 3311 veniale
240 3286 393 3318 peccatum,
416 3284 592 3318 confitendum
612 3286 657 3309 est.
678 3299 711 3302 —
726 3285 795 3309 ldom
809 3285 871 3310 dub.
892 3286 1000 3311 solvitur

53 3335 67 3353 a
86 3329 110 3354 S.
131 3330 232 3361 Tliom„
254 3330 316 3354 potr.
337 3337 350 3354 a
371 3330 431 3354 Tur.
453 3334 477 3354 et
498 3329 616 3353 menard.
637 3336 649 3353 a
671 3329 743 3359 Med„
765 3330 805 3354 liic
821 3330 890 3354 circu
912 3330 945 3354 lit.

122 3373 133 3389 θ
154 3373 239 3398 Verba
260 3374 335 3404 liaeo,
356 3380 422 3405 quae
442 3372 534 3397 eodem
554 3372 633 3397 modo
652 3373 728 3397 etiarn
748 3380 761 3397 a
776 3373 803 3398 B.
825 3373 928 3398 Alberto
949 3374 1000 3405 (liic

1064 2723 1085 2740 a.
1109 2715 1158 2746 12.)
1179 2716 1335 2746 afferuntur,
1357 2716 1381 2739 in
1402 2714 1589 2739 recentioribus
1607 2713 1667 2739 edd.
1688 2713 1890 2747 Confessionum
1910 2722 1960 2740 non
1981 2716 2015 2740 in-

1064 2760 1215 2788 veniuntur;
1236 2759 1358 2784 sententia
1380 2759 1403 2782 in
1424 2759 1486 2789 ipsis
1499 2765 1620 2789 expressa
1641 2758 1743 2782 collecta
1765 2759 1842 2782 tuisse
1862 2758 1965 2783 videtur
1985 2766 2015 2783 ex

1064 2804 1094 2828 iis
1114 2803 1182 2833 locis,
1203 2804 1228 2826 In
1249 2802 1345 2834 quibus
1365 2803 1474 2833 August.
1496 2802 1601 2832 fatetur,
1622 2809 1649 2826 se
1669 2808 1724 2826 esse
1739 2803 1815 2826 ettam
1830 2806 1889 2833 post
1908 2809 2013 2827 conver-

1064 2848 1163 2871 sionem
1183 2853 1256 2871 suam
1277 2846 1457 2877 imperfectum
1477 2849 1501 2870 et
1521 2848 1682 2876 peecatorem
1710 2853 1794 2878 neque
1814 2847 1919 2871 omnino
1940 2854 2015 2871 mun-

1064 2891 1127 2915 dum
1147 2891 1172 2915 in
1192 2893 1331 2921 conspectu
1360 2890 1404 2914 Dei
1424 2890 1451 2921 (Ι.
1472 2897 1493 2914 c.
1523 2889 1546 2914 5.
1567 2897 1590 2914 n.
1611 2890 1640 2920 6;
1661 2890 1693 2914 X.
1714 2897 1734 2915 c.
1757 2891 1798 2915 28.
1821 2897 1845 2915 n.
1866 2890 1908 2915 39.
1930 2898 1951 2915 c.
1974 2891 2014 2915 30.

1064 2941 1088 2959 n.
1110 2934 1150 2959 42.
1171 2941 1193 2959 c.
1216 2935 1256 2959 31,
1278 2941 1301 2958 n.
1327 2933 1367 2958 47.
1388 2941 1442 2965 seq.
1463 2941 1483 2958 c.
1514 2933 1555 2958 35.
1587 2940 1610 2957 n.
1631 2933 1672 2958 57.
1699 2940 1720 2957 c.
1741 2934 1782 2958 37.
1803 2941 1826 2958 n.
1847 2934 1887 2958 60.
1908 2937 1932 2958 ct
1952 2934 2014 2958 Xttt.

1064 2985 1085 3002 c.
1108 2978 1129 3002 st.
1150 2985 1173 3003 n.
1193 2978 1237 3009 5.).
1257 2977 1306 3003 Csr.
1327 2978 1402 3002 etiam
1419 2977 1452 3002 ΙΙΙ.
1467 2981 1555 3002 contra
1569 2976 1688 3002 Crescon.
1703 2977 1820 3002 donatist.
1841 2984 1862 3002 c.
1878 2978 1918 3001 80.
1935 2984 1957 3001 n.
1973 2979 2014 3002 9‘2.

1133 3022 1144 3038 ⁷
1165 3022 1227 3046 Edd.
1247 3023 1338 3047 reatus
1357 3022 1394 3047 est
1413 3020 1558 3052 iniustitia,
1580 3020 1625 3046 sio.

1134 3065 1145 3082 ⁸
1165 3066 1236 3090 Vers.
1258 3066 1287 3090 G:
1308 3066 1336 3090 Et
1354 3066 1427 3097 quasi
1447 3071 1548 3095 pannus
1567 3068 1614 3089 etc.
1634 3064 1706 3096 (edd.
1726 3072 1785 3090 cuni
1801 3065 1919 3096 plurimis
1938 3065 2015 3090 codd.

1064 3110 1184 3141 vestrae).
1203 3123 1239 3128 —
1259 3110 1316 3141 Seq.
1337 3112 1419 3133 textus
1438 3112 1476 3133 est
1495 3108 1537 3133 lob
1559 3109 1588 3139 9,
1610 3110 1639 3133 2:
1661 3109 1726 3133 Vere
1746 3110 1812 3139 scio,
1832 3109 1902 3141 quod
1922 3110 1954 3134 ita
1975 3110 2014 3140 sit,

1063 3157 1088 3178 et
1107 3153 1176 3185 quod
1197 3160 1247 3178 non
1276 3153 1427 3177 iustificetur
1456 3153 1533 3177 ltomo
1561 3153 1721 3183 compositus
1746 3153 1808 3177 Deo.
1831 3154 1937 3184 Gregor.
1959 3153 2014 3185 (tx.

1065 3198 1150 3222 ltloral.
1171 3204 1193 3222 c.
1214 3198 1237 3221 2.
1258 3204 1281 3221 n.
1303 3197 1337 3228 2.)
1358 3198 1420 3221 naec
1439 3196 1518 3220 verba
1539 3203 1670 3227 exponens
1689 3197 1736 3221 ait:
1752 3197 1834 3221 Homo
1849 3198 1946 3229 quippe
1960 3197 2013 3223 Deo

1063 3241 1215 3275 suppositus
1234 3242 1355 3266 iustitiam
1377 3241 1498 3272 percipit,
1519 3240 1679 3273 compositus
1699 3242 1805 3272 amittit,
1822 3242 1881 3273 quia
1896 3242 2014 3273 quisquis

1064 3293 1091 3311 se
1111 3286 1208 3310 auctori
1228 3285 1357 3309 bonorum
1377 3288 1521 3316 comparat,
1537 3284 1605 3309 bono
1625 3292 1664 3316 se,
1679 3284 1750 3317 quod
1763 3288 1905 3317 acceperat,
1922 3286 2014 3316 privat.

1065 3330 1113 3361 Qui
1133 3330 1200 3354 enini
1220 3331 1325 3360 accepta
1345 3328 1412 3353 bona
1431 3328 1479 3354 sibi
1499 3332 1616 3361 arrogat,
1638 3330 1692 3354 suis
1720 3333 1807 3355 contra
1834 3330 1915 3355 Deum
1940 3330 2015 3355 donis

1065 3377 1164 3404 pugnat
1183 3376 1229 3398 etc.

2027 540 2139 561 Restrictio

2039 567 2139 588 notanda.

2028 1119 2157 1141 Notandum.

2032 2067 2153 2089 Disttnctio.
