2483 3882
435 227 501 259 418
1197 222 1480 255 SENTENTIARUM
1505 223 1572 255 LlB.
1597 223 1644 255 IV.

755 398 1249 454 COMMENTARIUS
1287 398 1357 452 IN
1394 397 1889 452 DISTINCTIONEM
1925 398 2083 452 XVII.

1358 515 1439 547 PARS
1462 515 1484 546 Ι.

848 614 898 651 De
919 612 1144 661 confessione⁷
1165 619 1337 664 quatenus
1357 619 1409 651 est
1428 613 1622 650 necessaria
1641 613 1686 650 ad
1705 612 1991 650 iustificationem.

894 720 957 752 Hic
974 720 1085 752 oritur
1101 719 1248 763 quaestio
1265 719 1444 761 multipicae.
1462 719 1581 751 Primo
1598 719 1684 751 euim
1701 719 1876 762 quaeritur
1893 723 1951 752 etc.

1263 831 1402 864 DIVISIO
1427 831 1582 863 TEXTUS.

523 947 626 988 Supra
657 945 719 987 egit
743 945 889 986 Magister
921 944 960 976 de
984 944 1129 986 partibus
1160 943 1390 984 integrantibus

435 999 659 1043 poenitentiam
677 998 767 1040 quasi
784 997 844 1030 sub
861 997 999 1039 quodam
1017 996 1213 1038 compendio.
1231 996 1298 1035 Hic,
1316 996 1390 1038 quia

434 1053 640 1096 poenitentia,
657 1055 692 1084 ut
716 1054 763 1084 est
779 1051 1017 1083 Sacramentum
1037 1049 1203 1087 Ecclesiae,
1221 1048 1390 1091 praecipue

435 1106 610 1139 attenditur
627 1109 781 1147 quantum
799 1104 839 1136 ad
857 1103 1092 1141 confessionem,
1106 1102 1320 1143 principaliter
1341 1101 1391 1133 de-

434 1159 583 1192 terminat
596 1158 634 1190 de
648 1157 850 1190 confessione.
865 1156 899 1188 Et
912 1155 1064 1188 dividitur
1078 1155 1156 1187 haec
1169 1164 1243 1196 pars
1256 1154 1286 1186 in
1300 1154 1390 1186 duas.

435 1213 467 1244 In
492 1213 595 1254 prima
618 1211 681 1253 agit
705 1211 744 1242 de
767 1209 958 1242 consessione
982 1208 1216 1244 sacramentali,
1237 1211 1273 1239 ut
1297 1207 1391 1239 habet

435 1266 588 1297 rationem
603 1263 745 1296 remedii.
758 1262 790 1294 ln
809 1261 958 1300 secunda,
972 1262 1002 1293 in
1017 1265 1171 1303 quantum
1189 1260 1284 1292 habet
1302 1261 1392 1292 ratio-

434 1328 507 1351 nem
524 1317 602 1359 signi
614 1343 621 1355 ,
638 1316 719 1348 infra
736 1315 873 1357 capitulo
890 1315 1002 1347 ultimo
1026 1314 1122 1346 huius
1147 1313 1250 1346 totalis
1274 1314 1391 1355 partis,

436 1371 633 1404 distinctione
650 1369 802 1411 vigesima
818 1369 973 1401 secunda:
992 1369 1073 1400 Posi
1089 1367 1266 1409 praedicta
1287 1371 1392 1399 restat

435 1423 653 1465 investigare,
678 1422 759 1464 quid
783 1422 815 1453 iu
842 1421 969 1453 actione
991 1420 1207 1462 poeniteutiae
1231 1423 1290 1452 etc.

524 1477 627 1508 Prima
662 1484 736 1517 pars
766 1475 861 1507 habet
897 1478 1033 1516 quatuor
1069 1476 1183 1515 partes.
1221 1474 1252 1505 In
1288 1473 1392 1516 prima

435 1530 499 1572 agit
515 1530 554 1562 de
578 1528 771 1561 consessione
788 1531 941 1570 quantum
960 1527 1000 1559 ad
1024 1527 1242 1559 necessitatem
1266 1536 1284 1558 a
1301 1529 1391 1568 parte

435 1582 620 1615 confitentis.
638 1582 670 1613 ln
696 1581 834 1614 secunda
855 1584 1009 1622 quantum
1027 1580 1067 1612 ad
1089 1582 1275 1621 potestatem
1292 1579 1393 1612 absol-

435 1636 554 1674 ventis,
580 1635 660 1667 infra
684 1634 882 1666 distinctione
900 1633 1021 1666 decima
1046 1637 1168 1665 octava:
1194 1633 1257 1664 Hic
1273 1633 1393 1676 quaeri

436 1688 532 1726 solet,
556 1688 588 1719 si
599 1691 773 1729 peccatum
790 1686 923 1718 omuino
948 1686 1124 1718 dimissum
1142 1690 1188 1717 est
1211 1695 1233 1718 a
1250 1686 1315 1718 Deo
1332 1690 1390 1719 etc.

435 1742 468 1773 ln
493 1741 584 1773 tertia
608 1743 763 1782 quantum
787 1740 826 1771 ad
856 1739 1123 1781 opportunitatem
1156 1739 1325 1780 temporis,
1350 1739 1393 1770 in-

436 1794 484 1826 fra
508 1793 705 1825 distinctione
729 1792 897 1834 vigesima:
921 1791 1097 1824 Sciendum
1122 1795 1182 1829 est,
1208 1792 1295 1833 quod
1320 1795 1392 1822 iem-

432 1858 499 1890 pus
519 1846 736 1889 pocuitcutiac
760 1851 806 1877 est
829 1845 983 1888 usquein
1006 1849 1200 1876 extremum.
1222 1845 1254 1876 ln
1279 1847 1392 1886 quarta

436 1904 591 1943 quantum
615 1900 654 1931 ad
679 1899 847 1931 utilitatem
871 1908 889 1930 a
920 1898 1034 1939 partel
1060 1897 1147 1936 finis,
1173 1897 1254 1929 infra
1286 1897 1393 1930 distin-

437 1954 538 1987 ctione
555 1952 706 1994 vigesima
722 1952 825 1994 prima
842 1951 927 1983 ultra
945 1951 1103 1983 medium:
1129 1951 1209 1982 Post
1226 1949 1305 1982 ltaec
1321 1959 1393 1982 cou-

435 2005 655 2038 siderandum
679 2009 743 2042 cst,
767 2008 884 2036 utrum
903 2003 1013 2045 prosu
1037 2001 1197 2045 confessio
1222 2007 1279 2035 etc.

1544 942 1646 974 Prima
1665 952 1736 984 pars
1754 946 1871 983 spectat
1889 943 1929 975 ad
1947 946 2144 984 praesentem
2159 942 2404 983 distinctionem,

1454 1004 1535 1037 quae
1559 995 1654 1027 habet
1678 998 1742 1027 tres
1768 1000 1873 1036 partes
1898 995 2073 1027 secundum
2099 1000 2163 1027 tres
2187 995 2404 1036 quaestiones,

1455 1057 1533 1089 quas
1558 1048 1746 1080 determinat
1770 1048 1914 1089 Magister
1939 1048 2022 1080 circa
2051 1048 2253 1080 confessionis
2278 1049 2408 1081 necessi-

1456 1104 1561 1133 tatem.
1578 1101 1682 1132 Primo
1706 1101 1788 1133 enim
1807 1101 1948 1142 quaerit,
1973 1105 2081 1132 utrum
2100 1100 2252 1133 confessio
2277 1101 2316 1133 sit
2340 1110 2406 1142 pec-

1455 1153 1551 1186 catori
1585 1153 1761 1185 necessaria
1793 1154 1833 1186 ad
1867 1153 2129 1185 iustificationem.
2154 1153 2311 1192 Secundo,
2337 1154 2407 1186 dato

1456 1206 1540 1248 quod
1565 1206 1702 1247 quodam
1730 1206 1822 1238 modo
1847 1207 1886 1239 sit
1912 1206 2105 1242 necessaria,
2134 1210 2242 1238 utrum
2276 1206 2409 1239 sufficiat

1456 1259 1597 1292 confiteri
1622 1260 1734 1298 corde,
1758 1269 1797 1291 an
1831 1268 1958 1292 necesse.
1981 1259 2020 1291 sit
2044 1259 2184 1291 confiteri
2209 1268 2263 1291 ore
2287 1259 2407 1301 ipsius²

1455 1313 1510 1345 Dei
1537 1313 1694 1351 ministro,
1718 1316 1749 1345 et
1772 1313 1853 1345 hanc
1888 1312 2092 1354 prosequitur
2117 1313 2176 1344 ibi:
2202 1312 2277 1344 Iam
2300 1322 2409 1344 secuu-

1456 1366 1535 1398 dum
1580 1366 1782 1409 quaestionis
1818 1366 2002 1398 cirticulum
2038 1366 2267 1407 inspiciamus.
2308 1365 2409 1398 Tertio

1457 1428 1532 1451 vero
1556 1419 1762 1455 determinat,
1795 1419 1843 1451 cui
1877 1419 1996 1451 homini
2030 1428 2156 1451 necesse
2181 1419 2220 1450 sit
2252 1418 2408 1460 confiteri,

1456 1477 1566 1504 utrum
1592 1473 1726 1505 sufficiat
1750 1472 1890 1505 confiteri
1917 1473 2012 1511 laico,
2036 1482 2074 1504 an
2107 1481 2232 1504 necesse
2257 1472 2296 1504 sit
2320 1472 2410 1504 confi-

1457 1526 1515 1557 teri
1541 1526 1714 1563 sacerdoti,
1739 1528 1769 1557 et
1796 1526 1853 1557 hoc
1879 1525 1936 1557 ibi:
1962 1524 2059 1557 Nuuc
2084 1525 2288 1567 priusquam
2316 1534 2410 1566 prae-

1457 1578 1569 1610 missis
1594 1577 1851 1610 sitietorilatibus
1875 1581 1931 1610 ete.

1548 1631 1650 1662 Prima
1675 1640 1748 1672 pars
1774 1631 1867 1663 habet
1893 1635 1955 1663 tres
1979 1634 2093 1673 partes.
2119 1631 2151 1662 In
2177 1631 2279 1672 prima
2303 1640 2411 1672 propo-

1458 1684 1503 1716 nit
1526 1684 1733 1726 quaestiones.
1753 1684 1783 1715 ln
1803 1684 1942 1716 secunda
1962 1684 1999 1716 ad
2019 1688 2188 1726 utramque
2212 1690 2333 1726 partem
2351 1684 2411 1726 pri-

1458 1746 1527 1769 mae
1552 1737 1743 1779 quaestionis
1768 1738 1910 1778 opponit,
1936 1740 2044 1769 utrum
2063 1737 2180 1769 scilicet
2204 1737 2355 1769 confessio
2372 1737 2410 1769 sit

1457 1791 1634 1823 necessaria
1658 1791 1695 1822 ad
1723 1791 1993 1829 iustificationem,
2019 1791 2076 1822 ibi:
2106 1791 2226 1822 Dicunt
2254 1790 2409 1833 quidam,

1456 1844 1527 1875 siue
1562 1842 1765 1885 confessione
1800 1844 1879 1875 oris.
1908 1844 1940 1875 ln
1976 1844 2068 1876 tertia
2104 1843 2310 1882 determinat,
2348 1843 2408 1875 ihi:

1460 1896 1548 1936 Quid
1579 1897 1684 1938 igitur
1715 1906 1815 1938 super
1847 1895 1899 1928 liis
1929 1896 2163 1928 sentiendum?
2195 1896 2276 1939 quid
2311 1901 2411 1928 teneu-

1457 1949 1537 1981 cium
1561 1953 1618 1982 etc.

1170 2114 1379 2146 TRACTATIO
1408 2113 1682 2155 QUAESTIONUM.

526 2228 569 2260 Ad
587 2227 824 2269 intelligentiam
842 2227 964 2269 primae
981 2226 1182 2268 quaestionis,
1197 2235 1292 2267 quam
1306 2226 1393 2267 ponit

440 2281 512 2314 hic³
531 2281 685 2322 Magister,
703 2280 868 2322 quaeritur
885 2280 914 2312 in
932 2283 1021 2322 parte
1042 2280 1101 2311 ista
1118 2280 1156 2312 de
1174 2279 1392 2312 iustificatione

438 2335 536 2377 impii.
562 2335 597 2366 Et
621 2334 704 2366 circa
728 2334 787 2366 hoc
812 2333 876 2365 duo
902 2333 1116 2374 principaliter
1140 2336 1349 2374 quaeruntur.

526 2388 630 2419 Primo
653 2387 818 2428 quaeritur
835 2387 874 2419 de
892 2386 941 2419 his
964 2395 1045 2428 quae
1063 2389 1136 2418 sunt
1158 2386 1336 2418 necessaria
1352 2386 1392 2418 ad

437 2441 690 2474 justificationem
715 2440 802 2482 impii
827 2439 980 2472 absolute.

526 2493 669 2526 Secundo
694 2493 859 2535 quaeritur
883 2492 922 2524 de
945 2491 1022 2533 ipsis
1046 2491 1076 2523 in
1102 2492 1335 2533 comparatione
1352 2492 1392 2523 ad

437 2555 581 2579 invicem.

1546 2226 1635 2258 Circa
1658 2226 1796 2267 primum
1824 2230 2021 2267 quaeruntur
2043 2229 2189 2267 quatuor.

1548 2279 1650 2310 Primo
1675 2279 1853 2320 quaeritur,
1880 2282 1986 2310 utrum
2013 2279 2053 2310 ad
2083 2278 2334 2311 iustificationem
2358 2278 2411 2310 im-

1457 2332 1499 2373 pii
1524 2332 1563 2364 sit
1588 2332 1765 2364 necessaria
1789 2332 1907 2373 gratiae
1932 2332 2055 2363 infusio.

1547 2385 1707 2423 Secundo,
1738 2390 1844 2417 utrum
1877 2385 2075 2417 necessarius
2110 2385 2150 2417 sit
2184 2388 2288 2417 motus
2320 2384 2407 2417 liberi

1457 2438 1590 2470 arbitrii.

1547 2490 1665 2529 Tertio,
1690 2495 1798 2522 utrum
1825 2491 2000 2523 necessaria
2025 2491 2064 2523 sit
2088 2491 2243 2523 contritio.

1547 2544 1678 2585 Quarto,
1703 2548 1812 2575 utrum
1837 2545 2014 2576 necessaria
2038 2544 2078 2576 sit
2102 2544 2262 2576 confessio.

1267 2655 1533 2693 ARTICULUS
1561 2655 1587 2692 Ι.

854 2750 900 2782 De
917 2748 968 2781 liis
985 2758 1068 2792 quae
1084 2748 1275 2781 necessaria
1290 2752 1369 2780 suut
1385 2748 1431 2780 aci
1446 2747 1713 2790 iustificatioucm
1731 2748 1828 2789 impii
1843 2748 1998 2780 absolute.

1307 2846 1490 2888 QUAESTIO
1514 2847 1534 2877 Ι.

806 2933 924 2964 Utrum
956 2932 1002 2964 aa
1033 2931 1300 2973 iustificatioucm
1333 2931 1429 2972 impii
1457 2931 1648 2963 neccssaria
1679 2931 1722 2962 sit
1750 2931 1884 2973 gyratiac
1916 2929 2051 2972 infusio.

530 3031 618 3063 Circa
639 3031 796 3072 primum,
814 3031 898 3072 quod
916 3030 1092 3063 necessaria
1117 3030 1156 3062 sit
1177 3030 1295 3071 gratiae
1319 3029 1397 3061 infu-

443 3083 505 3117 sio,
530 3084 665 3115 videtur.

535 3138 561 3167 l.
586 3137 628 3168 Ad
663 3137 817 3169 Romanos
848 3136 940 3169 tertio
958 3137 989 3168 4:

285 3194 438 3216 Fundamenta.
447 3188 528 3220 tiam
552 3189 658 3229 ipsius
681 3193 738 3221 etc.

1024 3135 1204 3178 Iustisicati
1230 3145 1290 3177 per
1319 3144 1397 3177 yra-

1551 3030 1580 3060 2.
1611 3029 1704 3067 Item,
1735 3029 1865 3061 ratione
1889 3029 2031 3061 videtur:
2065 3030 2139 3071 quia
2171 3032 2332 3071 peccatum
2365 3031 2409 3060 est

1462 3082 1612 3123 privatim
1638 3082 1690 3114 sed
1717 3092 1776 3114 non
1805 3087 1985 3114 removetur
2011 3083 2143 3124 privatio
2168 3082 2224 3114 nisi
2244 3090 2299 3123 per
2323 3080 2410 3113 colla-

1462 3134 1576 3166 tionem
1604 3135 1746 3167 habitus:
1772 3144 1846 3177 ergo
1876 3136 2036 3167 confertur
2060 3135 2089 3166 in
2116 3135 2269 3167 deletione
2294 3131 2407 3175 peccati

515 3328 522 3344 1
545 3329 648 3353 Plurimi
669 3330 744 3355 codd.
765 3332 884 3356 omittunt
902 3338 920 3357 a
937 3333 1022 3364 parte.

514 3372 525 3389 2
545 3372 625 3398 Codd.
646 3373 693 3397 FG
713 3373 769 3406 ipsi.

1531 3331 1542 3347 ³
1562 3330 1623 3362 Cap.
1644 3331 1666 3355 ll.

1427 3330 1430 3408 i
1532 3375 1542 3392 ⁴
1562 3376 1635 3400 Vers.
1656 3375 1705 3400 24:
1725 3376 1852 3401 lustificati
1872 3376 1951 3407 gratis
1972 3382 2018 3406 per
2037 3378 2084 3400 etc.

1462 3187 1576 3228 aliquis
1609 3188 1745 3220 habitus.
1774 3188 1830 3220 Sed
1869 3193 2031 3230 peccatum
2066 3188 2127 3220 Deo
2163 3187 2346 3229 displicebat
2380 3188 2429 3218 et.
