2483 3882
459 243 521 275 76ss

866 325 934 354 etp,
961 324 1007 353 Vt.

567 423 652 461 Quod
675 431 736 452 non
758 426 798 450 est
821 418 1002 449 dimittenda
1023 427 1104 448 uxor
1125 427 1181 456 pro
1204 416 1309 455 alz'qmt

788 468 909 498 macula
937 465 1082 506 corporis.

543 566 618 596 lllud
641 566 731 595 etiam
747 564 902 594 sciendum
926 566 985 599 est,
1001 562 1082 601 quod
1105 570 1160 600 pro
1177 561 1278 600 aliqua
1296 561 1416 590 iufirmi-

317 625 409 645 numum
428 625 446 644 a.
465 620 522 645 tate
545 614 590 644 vel
613 613 732 643 macula
750 611 901 651 corporali
919 620 975 641 non
998 610 1068 640 licet
1091 610 1155 639 viro
1173 617 1296 639 uxorem
1321 608 1417 637 dimit-

751 778 1244 835 COMMENTARIUS
1285 777 1353 830 IN
1390 774 1885 829 DISTINCTIONEM
1923 773 2145 827 XXXIV.

514 901 565 937 De
586 899 800 937 matrimonio
822 897 1009 936 secundum
1032 908 1171 934 causam
1192 894 1414 940 materialem,
1436 905 1524 943 quae
1544 899 1595 929 est
1614 903 1839 942 personarum
1860 890 2063 941 legitimitas,
2086 890 2137 927 vel
2158 889 2384 940 illegitimitas.

892 1003 988 1036 Nune
1011 1006 1159 1044 superest
1182 1001 1364 1041 accendere,
1390 1009 1472 1042 qttcte
1493 1008 1654 1040 personae
1677 998 1742 1029 sint
1767 997 1928 1039 legyttt'mcte
1953 1000 2009 1029 etc.

1294 1111 1432 1144 DlVlSlO
1457 1110 1613 1142 TEXTUS.

554 1227 656 1267 Supra
680 1225 741 1266 egit
759 1224 902 1265 Magister
928 1223 966 1254 de
989 1221 1187 1253 matrimonio
1209 1223 1362 1262 qnantum
1380 1219 1420 1251 ad

465 1280 525 1311 tria
542 1287 655 1320 genera
673 1285 851 1310 causarum.
877 1276 929 1307 Hic
953 1275 1016 1316 agit
1033 1277 1187 1316 quantum
1205 1273 1245 1305 ad
1269 1276 1418 1314 quartum

465 1341 563 1374 genus
587 1340 715 1368 causae,
740 1329 857 1362 scilicet
882 1332 1034 1370 quantum
1059 1327 1098 1359 ad
1124 1335 1250 1359 causam
1277 1325 1420 1358 materia-

466 1386 545 1424 lem,
570 1393 650 1426 quae
675 1383 803 1425 quidem
828 1385 875 1414 est
898 1389 1108 1423 personarum
1142 1379 1335 1420 legitimitas,
1369 1378 1419 1410 vel

466 1437 677 1479 illegitimitas.
704 1436 738 1468 Et
762 1435 915 1467 dividitur
940 1435 1016 1466 baec
1048 1441 1121 1474 pars
1146 1432 1176 1464 in
1213 1432 1309 1469 duas,
1347 1431 1421 1473 quia

466 1491 621 1533 quaedam
659 1497 810 1531 personae
835 1491 908 1520 sunt
944 1486 1128 1528 simpliciter
1164 1485 1345 1526 illegitimae
1376 1493 1421 1516 re-

466 1548 576 1586 spectu
612 1541 819 1579 matrimonii,
857 1540 1012 1582 quaedam
1046 1542 1191 1581 respectu
1229 1537 1419 1569 matrimonii

466 1597 609 1640 perfecti,
634 1599 741 1637 utpote
766 1594 837 1626 illae
862 1602 943 1635 quae
972 1593 1048 1624 alias
1078 1595 1274 1634 nupserunt,
1304 1595 1334 1622 et
1359 1590 1421 1621 iam

468 1652 613 1682 mortuus
641 1652 688 1680 est
712 1647 774 1686 vir,
800 1646 849 1678 vel
875 1646 1020 1678 defuncta
1047 1654 1138 1676 uxor.
1171 1644 1242 1676 Ideo
1276 1643 1421 1684 Magister

467 1703 570 1744 primo
606 1701 669 1742 agit
693 1700 731 1732 de
767 1698 1009 1741 impedimentis.
1036 1697 1178 1729 Secundo
1215 1696 1298 1728 cirea
1328 1696 1420 1727 finem

469 1756 559 1787 istius
576 1757 727 1786 tractatus
741 1753 751 1770 1
777 1752 839 1793 agit
857 1752 895 1784 de
913 1751 1060 1784 secundis
1084 1749 1216 1791 nuptiis,
1242 1749 1297 1781 ibi:
1317 1748 1423 1780 Scien-

469 1809 549 1840 1111111
578 1811 641 1845 est,
673 1805 760 1849 quod
790 1814 855 1836 non
886 1803 993 1836 solum
1014 1803 1147 1845 primae
1179 1802 1226 1834 vel
1257 1801 1423 1833 secundae

469 1860 604 1902 nuptiae.
628 1863 684 1892 ete.

558 1913 660 1945 Prima
684 1921 758 1954 pars
782 1911 877 1943 habet
897 1911 985 1943 duas.
1005 1910 1035 1941 111
1060 1910 1163 1951 prima
1186 1909 1249 1950 agit
1267 1908 1305 1940 de
1330 1908 1424 1949 impe-

470 1966 631 2004 dimentis,
656 1973 736 2006 quae
769 1973 830 1996 non
855 1963 981 1995 omnino
1005 1962 1153 1994 auserunt
1185 1961 1421 2002 legitimitatem.

470 2020 502 2052 In
528 2019 666 2051 secunda
690 2027 765 2050 vero
790 2017 828 2049 de
853 2017 902 2048 liis
927 2024 1007 2057 quae
1032 2014 1158 2047 omnino
1188 2013 1305 2046 faciunt
1329 2012 1424 2054 illegi-

470 2073 577 2111 timas3
602 2076 632 2103 et
655 2071 714 2103 hoc
739 2070 808 2102 dico
833 2069 1006 2101 secundnm
1033 2067 1217 2099 divisionem
1236 2066 1374 2107 Magistri
1392 2066 1423 2097 in

470 2125 592 2163 litter33
617 2128 646 2156 et
682 2123 788 2164 incipit
817 2121 955 2154 secunda
990 2129 1063 2162 pars
1099 2120 1259 2161 trigesima
1292 2119 1424 2160 septima

471 2181 542 2209 ante
559 2176 748 2219 principium
764 2175 791 2206 ‘21
818 2173 914 2205 Nune
937 2173 974 2205 cte
989 2173 1078 2210 aliis,
1097 2182 1180 2215 (sttcte
1193 2181 1356 2213 personas
1374 2180 1425 2212 pe-

470 2231 561 2262 ‘nt‘t‘tts
585 2229 774 2272 illeyitt‘irtcts
799 2231 873 2265 eto,
900 2226 947 2259 vel
973 2226 1028 2257 ibi:
1057 2225 1141 2257 511111
1159 2225 1262 2267 igitur
1286 2224 1425 2266 quidam

471 2283 612 2316 ordines.
639 2282 741 2314 Prima
765 2290 839 2322 pars
864 2280 958 2312 habet
982 2279 1062 2311 duas
1083 2278 1258 2311 secundum
1284 2278 1347 2309 duo
1373 2277 1426 2308 im-

472 2336 665 2378 pedimenta,
690 2335 729 2366 de
746 2333 862 2376 quibus
886 2331 1102 2374 principaliter
1123 2331 1196 2372 agit.
1223 2330 1324 2362 Primo
1341 2329 1425 2362 enim

472 2390 535 2431 agit
559 2389 597 2421 de
622 2387 805 2430 impotentia
829 2386 977 2425 coeundi=
1008 2394 1088 2427 quae
1118 2384 1245 2426 respicit
1270 2383 1426 2415 defectum

473 2447 605 2475 naturae
619 2441 639 2472 ³.
665 2441 808 2474 Secundo
826 2449 901 2472 vero
926 2439 964 2471 de
989 2438 1179 2476 conditione,
1197 2446 1278 2479 quae
1300 2435 1427 2477 respicit

1219 232 1501 265 SENTENTIARUM
1525 231 1593 262 Ltss.
1616 230 1664 262 IV.

1478 321 1553 354 tere,
1570 320 1598 347 et
1621 325 1636 346 e
1652 324 1812 351 converso,
1835 315 1887 345 sed
1903 315 1993 345 debet
2015 315 2089 344 alter
2105 315 2188 344 alteri
2212 314 2345 344 subsidia
2361 322 2425 352 pro·
2476 303 2479 337 l

1478 365 1589 395 videre.
1613 364 1698 394 Unde
1726 364 1949 400 Augustinus1:
1978 363 2035 393 «Si
2065 371 2190 392 uxorem
2220 363 2288 401 quis
2316 362 2471 398 habeatem

1479 413 1626 448 sterilem,
1644 413 1708 442 sive
1723 413 1886 442 deformem
1904 419 2046 449 corpore,
2064 411 2108 440 vel
2125 410 2255 440 debilem
2271 410 2425 446 membris,

1480 461 1525 490 vel
1542 469 1674 496 caecam,
1695 460 1740 490 vel
1756 460 1906 496 claudam,
1927 459 1972 488 vel
1989 459 2121 493 surdam,
2142 458 2188 488 vel
2207 459 2230 487 si
2248 458 2321 497 quid
2336 458 2425 494 aliud,
2478 490 2480 500 γ

1479 510 1542 539 sive
1566 510 1678 539 morbis
1701 509 1746 539 vel
1769 508 1924 539 laboribus
1950 507 2167 546 doloribusque
2197 507 2378 542 confectam,
2400 511 2427 537 et
2478 529 2481 543 4

1480 558 1644 597 quidquid,
1660 561 1787 596 excepta
1803 557 2011 592 fornicatione,
2039 556 2202 593 excogitari
2223 559 2321 594 potest
2341 556 2429 585 velie-

1480 611 1594 637 menter
1617 606 1775 641 horrIbile,
1797 614 1852 644 pro
1875 605 2018 635 societate
2042 604 2161 642 fideque
2184 605 2371 634 sustineat».

1485 1221 1600 1249 statum
1628 1217 1704 1258 legis
1740 1217 1910 1254 humanae,
1940 1216 2020 1247 infra
2045 1216 2241 1248 distinctione
2277 1217 2434 1258 trigesima

1485 1274 1590 1303 sexta:
1625 1269 1721 1301 Nttne
1751 1270 1788 1301 cte
1812 1268 1994 1301 conditione
2024 1269 2202 1300 videamus.
2229 1269 2331 1301 Prima,
2363 1279 2434 1311 pars

1486 1324 1580 1356 habet
1605 1323 1698 1361 duas,
1723 1323 1796 1364 quia
1813 1322 1852 1354 ad
1870 1322 2130 1363 impedimentum
2157 1322 2299 1364 sequitur
2335 1323 2434 1355 divor-

1485 1377 1573 1408 tium.
1599 1376 1670 1408 Ideo
1694 1376 1797 1417 primo
1821 1376 1884 1417 agit
1914 1375 1952 1407 de
1983 1375 2173 1407 matrimonii
2200 1375 2434 1417 impedimento,

1488 1430 1557 1462 licet
1581 1429 1761 1470 semiplene.
1787 1428 1930 1460 Secundo
1955 1437 2029 1460 vero
2054 1428 2092 1460 de
2117 1428 2265 1466 divortio,
2291 1428 2370 1460 infra
2395 1429 2435 1461 di-

1486 1483 1649 1515 stinctione
1683 1482 1844 1523 trigesima
1868 1482 1998 1523 quinta:
2024 1481 2092 1513 Hoc
2124 1481 2223 1513 etiam
2255 1482 2434 1514 notandum

1486 1540 1551 1574 est,
1576 1535 1662 1578 quod
1686 1545 1762 1566 eum
1787 1534 1949 1566 Dominus
1973 1538 2030 1566 ete.

1575 1588 1678 1619 Prima
1702 1597 1775 1629 pars
1800 1587 1894 1619 habet
1919 1587 1998 1619 duas
2024 1590 2137 1628 partes.
2163 1587 2193 1619 111
2212 1588 2314 1629 prima
2339 1588 2436 1620 deter-

1489 1641 1584 1673 minat
1603 1641 1783 1672 huiusmodi
1802 1640 2025 1682 impedimenta
2045 1641 2072 1671 in
2087 1640 2234 1681 generali.
2252 1640 2284 1672 111
2302 1641 2437 1673 secunda

1488 1694 1518 1726 in
1543 1694 1688 1736 speciali,
1714 1694 1771 1725 ibi:
1798 1694 1843 1725 De
1868 1692 1918 1725 ltz's
1943 1693 2044 1731 enim,
2070 1694 2248 1736 qttt'octttstt
2272 1693 2437 1736 frigidita-

1488 1747 1529 1779 τίς
1553 1751 1609 1779 ete.
1637 1747 1670 1778 Et
1699 1746 1752 1778 illa
1776 1746 1914 1779 secunda
1946 1755 2020 1788 pars
2045 1746 2259 1778 subdividitur
2284 1747 2315 1778 in
2340 1747 2437 1785 duas,

1488 1801 1561 1842 quia
1586 1800 1847 1842 impedimentum
1873 1804 1973 1841 potest
1998 1800 2104 1832 venire
2135 1800 2184 1832 vel
2210 1809 2250 1832 ex
2280 1805 2368 1842 parte
2393 1801 2437 1833 vis

1488 1855 1673 1895 imperatae,
1704 1853 1821 1886 seilicet
1850 1853 2062 1895 generativae,
2094 1853 2141 1885 vel
2174 1853 2372 1895 imperantis,
2404 1857 2437 1886 ut

1489 1906 1579 1938 liberi
1603 1906 1734 1938 arbitrii.
1761 1906 1832 1937 ldeo
1858 1905 1959 1947 primo
1984 1906 2069 1946 ponit
2098 1906 2323 1947 impedimenta
2347 1906 2439 1947 respi-

1489 1959 1600 1991 cientia
1626 1958 1759 1999 primam
1790 1958 1862 1989 vim.
1889 1959 2032 1990 Secundo
2064 1967 2138 1990 vero
2164 1959 2353 1997 secundam,
2378 1959 2438 1991 ibi:

1489 2011 1628 2043 Fttrt'ost'
1644 2020 1785 2053 qttoqtte,
1803 2011 1883 2042 (Cum
1908 2011 1940 2042 itt
1959 2011 2105 2043 (nitentia
2128 2015 2207 2042 sant
2223 2015 2280 2043 etc.
2300 2012 2334 2043 Et
2351 2020 2440 2053 quae·

1490 2065 1565 2096 libet
1581 2064 1695 2096 harum
1714 2064 1808 2096 habet
1833 2064 1912 2095 duas
1930 2063 2104 2096 seeundum
2123 2063 2369 2096 subdivisionem
2389 2065 2440 2096 im-

1490 2116 1756 2159 pedimenti.Nam
1772 2117 2032 2158 impedimentum
2047 2116 2075 2148 in
2091 2117 2118 2148 vi
2135 2117 2315 2158 generativa
2329 2121 2375 2149 est
2388 2117 2440 2148 im-

1491 2171 1627 2212 potentia
1640 2170 1790 2203 coeundi:
1805 2174 1835 2202 et
1849 2170 1924 2202 haec
1943 2173 1989 2201 est
2007 2169 2138 2210 duplex,
2153 2169 2306 2202 naturalis
2325 2170 2439 2202 scilicet

1491 2227 1521 2256 et
1541 2223 1750 2256 accidentalis.
1765 2222 1912 2255 Similiter
1938 2222 2199 2264 impedimentum
2216 2232 2256 2255 ex
2275 2223 2373 2255 libero
2396 2232 2441 2257 ar-

1492 2276 1584 2308 bitrio
1602 2279 1648 2308 est
1664 2280 1719 2307 aut
1735 2279 1865 2317 propter
1882 2275 2037 2307 defectum
2053 2275 2235 2316 cognitionis
2251 2275 2279 2307 in
2295 2275 2412 2308 ratione
2421 2276 2439 2314 ⁴,

1492 2333 1545 2361 aut
1571 2329 1741 2361 honestatis
1765 2329 1796 2360 in
1822 2328 1999 2366 voluntate3
2017 2332 2046 2360 et
2071 2328 2114 2360 sic
2139 2332 2211 2360 sunt
2229 2328 2307 2366 duo,
2325 2328 2438 2361 scilicet

1492 2382 1574 2414 furia
1591 2385 1620 2414 et
1637 2381 1777 2414 oriminis
1794 2381 1964 2413 enormitas
1982 2381 2031 2413 vel
2049 2381 2195 2413 incestus.
2215 2381 2319 2414 Partes
2344 2381 2372 2413 in
2398 2381 2441 2413 lit-

1493 2438 1559 2466 tera
1584 2435 1722 2476 signatae
1746 2438 1819 2466 sunt
1844 2434 2018 2466 secundum
2044 2438 2180 2476 quatuor
2205 2434 2350 2475 capitula.

1172 2591 1174 2595 ι
1204 2548 1413 2581 ΤΒᾹΟΤΑΤΙΟ
1443 2547 1717 2589 ΟΠΑΕΞΤΙΟΝΠΜ.

562 2660 605 2692 Ad
630 2659 864 2700 intelligentiam
898 2667 1008 2690 eorum
1041 2666 1121 2699 quae
1146 2657 1177 2688 in
1202 2655 1358 2697 praesenti
1384 2655 1426 2687 di-

473 2713 635 2745 stinctione
660 2711 920 2749 determinantur,
938 2710 1113 2742 secundum
1140 2709 1215 2747 tria,
1232 2717 1312 2750 quae
1338 2708 1368 2739 in
1391 2716 1427 2739 ea

474 2769 655 2806 tanguntur,
681 2764 740 2796 tria
764 2763 979 2805 principaliter
1003 2766 1212 2804 quaeruntur.

565 2818 666 2849 Primo
683 2817 846 2858 quaeritur
871 2816 909 2848 de
934 2815 1166 2857 impedimentis
1188 2814 1377 2846 matrimonii
1396 2813 1427 2845 in

475 2870 622 2912 generali.

564 2922 723 2960 Secundo,
749 2923 778 2953 in
804 2921 928 2963 speciali
955 2921 993 2953 de
1018 2920 1200 2962 impotentia
1225 2919 1367 2952 coeundi.

1581 2654 1694 2692 Tertio,
1705 2654 1744 2685 de
1754 2653 1887 2691 defectu,
1898 2652 1950 2694 qui
1963 2652 2046 2684 venit
2056 2661 2095 2684 ex
2108 2656 2194 2693 parte
2209 2652 2299 2684 liberi
2314 2651 2439 2684 arbitrii.

1581 2706 1669 2738 Circa
1692 2706 1831 2747 primum
1857 2709 2055 2746 quaerui‘itur
2080 2705 2153 2736 duo.

1582 2759 1683 2790 Primo
1715 2758 1889 2799 quaeritur,
1919 2760 2026 2789 utrum
2060 2757 2295 2789 matrimonium
2332 2756 2440 2788 habeat

1494 2812 1764 2853 impedimentum.

1581 2865 1740 2902 Secundo,
1758 2864 1831 2895 dato
1855 2864 1938 2905 quoel
1965 2863 2077 2895 habeat
2094 2863 2204 2905 plura,
2221 2863 2383 2904 quaeritur
2404 2862 2440 2893 de

1493 2926 1625 2949 numero
1650 2920 1680 2948 et
1705 2916 1890 2949 sufficientia
1915 2916 2223 2957 impedimentorum.

548 3064 554 3080 ¹
577 3064 643 3089 Libr.
666 3065 680 3089 l.
701 3064 731 3089 de
751 3064 832 3088 Serui.
854 3064 954 3088 Domini
975 3064 998 3087 in
1019 3067 1120 3094 moute,
1140 3069 1161 3087 e.
1187 3063 1223 3086 18.
1245 3069 1268 3086 11.
1289 3062 1336 3093 5553
1357 3061 1385 3086 C.
1401 3061 1432 3087 δι’

478 3116 589 3134 oaorem
612 3109 691 3140 (18),
712 3107 737 3133 C.
759 3109 799 3132 32.
821 3115 846 3139 q.
869 3108 892 3132 5.

722 3177 829 3203 NOTAE
849 3177 890 3203 AD
911 3176 1187 3203 COMMENTARIUM.

550 3239 557 3254 ¹
579 3240 638 3264 Dist.
660 3239 732 3263 XLll.
753 3246 774 3264 c.
794 3240 818 3264 7.

547 3283 557 3298 2
577 3283 633 3306 Sril.
660 3283 748 3307 ultima
776 3290 882 3314 propos.
909 3283 933 3307 d.
954 3283 1072 3307 xxxvt
1086 3296 1121 3300 —
1136 3282 1228 3307 Verbis
1254 3281 1325 3307 Sicut
1348 3280 1430 3314 ith'lttr

481 3325 589 3358 (suidam
618 3325 723 3351 ordines
752 3327 839 3358 incipit
865 3327 890 3351 d.
913 3326 1042 3351 XXXVll.
1059 3325 1169 3350 —Ecld
1195 3325 1308 3350 breviter
1328 3325 1430 3356 legunt:

480 3369 583 3401 fstct'unt
601 3369 803 3402 illept'tc'nzt‘tates,
821 3369 894 3402 infra
907 3370 931 3395 cl.
947 3368 1005 3395 57:
1019 3370 1090 3396 Sunt
1103 3377 1165 3403 erqo
1186 3369 1295 3402 quidam
1315 3368 1428 3395 ordines.

1495 3061 1619 3092 Superius
1630 3067 1677 3091 pro
1690 3058 1878 3092 tiyettmttatem
1890 3065 1939 3083 non
1952 3059 2026 3089 pauci
2038 3058 2113 3083 codd,
2125 3061 2148 3082 et
2159 3057 2217 3082 edd.
2231 3056 2440 3090 illeqitt'mt'tatem.

1564 3104 1575 3120 3
1595 3105 1628 3129 Ex
1654 3104 1731 3129 codd.
1754 3103 1862 3128 AELY
1888 3102 2068 3128 substituimus
2093 3103 2208 3127 naturae
2235 3108 2281 3133 pro
2309 3100 2371 3132 oiri,
2392 3105 2438 3124 non

1495 3150 1569 3180 pauci
1589 3149 1665 3174 eodd.
1684 3147 1750 3182 fieri.
1772 3148 1827 3172 Mox
1848 3154 1894 3179 pro
1914 3148 2013 3172 3111111111.
2034 3146 2110 3172 codd.
2134 3147 2152 3171 G
2165 3146 2181 3171 L
2195 3146 2275 3171 VYZ
2294 3145 2427 3171 statutum.

1567 3192 1575 3208 ‘¹
1594 3193 1638 3218 Ed.
1664 3194 1669 3217 Ι
1700 3191 1865 3225 coynrttt'nw's
1883 3190 1911 3216 iit
1930 3190 2052 3222 erimine,
2075 3191 2130 3216 Vat.
2156 3188 2321 3223 coqitattom's
2346 3188 2372 3213 in
2395 3184 2440 3212 cri-

1495 3236 1571 3261 mine.
1586 3236 1698 3261 Eaedem
1718 3235 1778 3260 edd.
1800 3235 1919 3265 insertus,
1939 3235 2034 3259 omisso
2054 3233 2128 3266 furia
2148 3235 2179 3264 el,
2197 3236 2254 3264 post
2272 3232 2313 3258 vel
2331 3231 2438 3257 incestus

1496 3281 1598 3311 (plures
1624 3279 1700 3304 codd.
1724 3280 1751 3304 111
1776 3278 1900 3309 incestus)
1927 3277 2025 3303 addunt
2051 3279 2075 3303 et
2098 3277 2218 3310 corporis
2244 3275 2394 3309 deformitas
2417 3273 2439 3298 et

1494 3323 1593 3349 horror
1613 3331 1642 3348 ac
1662 3323 1720 3348 dein
1741 3323 1860 3348 omittunt
1880 3322 1971 3347 Partes
1986 3321 2013 3346 in
2028 3321 2115 3347 littera
2134 3321 2253 3354 siffltcttae
2272 3320 2335 3346 sant
2352 3323 2439 3344 secun-

1494 3367 1558 3393 dum
1577 3368 1695 3401 quatuor
1715 3365 1781 3399 [scil.
1802 3368 1913 3398 quatuor
1933 3356 2034 3398 tiltiina]
2054 3365 2179 3398 capitula.
