<?xml version="1.0" encoding="UTF-8"?>
<!DOCTYPE html PUBLIC "-//W3C//DTD XHTML 1.0 Transitional//EN"
    "http://www.w3.org/TR/xhtml1/DTD/xhtml1-transitional.dtd">
<html xmlns="http://www.w3.org/1999/xhtml" xml:lang="en" lang="en">
 <head>
  <title>
</title>
<meta http-equiv="Content-Type" content="text/html;charset=utf-8" />
  <meta name='ocr-system' content='tesseract 3.04.00' />
  <meta name='ocr-capabilities' content='ocr_page ocr_carea ocr_par ocr_line ocrx_word'/>
</head>
<body>
  <div class='ocr_page' id='page_1' title='image "./doctorisseraphic04bona_0870.png"; bbox 0 0 2483 3882; ppageno 0'>
   <div class='ocr_carea' id='block_1_1' title="bbox 319 1028 432 1081">
    <p class='ocr_par' dir='ltr' id='par_1_1' title="bbox 319 1028 432 1081">
     <span class='ocr_line' id='line_1_1' title="bbox 322 1028 432 1049; baseline -0.009 0"><span class='ocrx_word' id='word_1_1' title='bbox 322 1028 432 1049; x_wconf 66' lang='lat' dir='ltr'>Conclusio</span> 
     </span>
     <span class='ocr_line' id='line_1_2' title="bbox 319 1055 429 1081; baseline -0.018 -5"><span class='ocrx_word' id='word_1_2' title='bbox 319 1055 429 1081; x_wconf 77' lang='lat' dir='ltr'>generalis.</span> 
     </span>
    </p>
   </div>
   <div class='ocr_carea' id='block_1_2' title="bbox 287 1238 427 1260">
    <p class='ocr_par' dir='ltr' id='par_1_2' title="bbox 287 1238 427 1260">
     <span class='ocr_line' id='line_1_3' title="bbox 287 1238 427 1260; baseline -0.007 -1"><span class='ocrx_word' id='word_1_3' title='bbox 287 1238 398 1260; x_wconf 83' lang='lat' dir='ltr'>Conclusio</span> <span class='ocrx_word' id='word_1_4' title='bbox 408 1239 427 1258; x_wconf 68' lang='grc' dir='ltr'>Ξ.</span> 
     </span>
    </p>
   </div>
   <div class='ocr_carea' id='block_1_3' title="bbox 362 1397 429 1418">
    <p class='ocr_par' dir='ltr' id='par_1_3' title="bbox 362 1397 429 1418">
     <span class='ocr_line' id='line_1_4' title="bbox 362 1397 429 1418; baseline -0.015 0"><span class='ocrx_word' id='word_1_5' title='bbox 362 1397 429 1418; x_wconf 79' lang='lat' dir='ltr'>Ratio.</span> 
     </span>
    </p>
   </div>
   <div class='ocr_carea' id='block_1_4' title="bbox 287 2084 430 2105">
    <p class='ocr_par' dir='ltr' id='par_1_4' title="bbox 287 2084 430 2105">
     <span class='ocr_line' id='line_1_5' title="bbox 287 2084 430 2105; baseline 0 0"><span class='ocrx_word' id='word_1_6' title='bbox 287 2084 399 2105; x_wconf 82' lang='lat' dir='ltr'>Conclusio</span> <span class='ocrx_word' id='word_1_7' title='bbox 411 2084 430 2105; x_wconf 89' lang='grc'>3.</span> 
     </span>
    </p>
   </div>
   <div class='ocr_carea' id='block_1_5' title="bbox 364 2242 433 2263">
    <p class='ocr_par' dir='ltr' id='par_1_5' title="bbox 364 2242 433 2263">
     <span class='ocr_line' id='line_1_6' title="bbox 364 2242 433 2263; baseline -0.014 0"><span class='ocrx_word' id='word_1_8' title='bbox 364 2242 433 2263; x_wconf 82' lang='lat' dir='ltr'>Ratio.</span> 
     </span>
    </p>
   </div>
   <div class='ocr_carea' id='block_1_6' title="bbox 291 2718 402 2739">
    <p class='ocr_par' dir='ltr' id='par_1_6' title="bbox 291 2718 402 2739">
     <span class='ocr_line' id='line_1_7' title="bbox 291 2718 402 2739; baseline 0 -1"><span class='ocrx_word' id='word_1_9' title='bbox 291 2718 402 2739; x_wconf 75' lang='lat' dir='ltr'>Conclusio</span> 
     </span>
    </p>
   </div>
   <div class='ocr_carea' id='block_1_7' title="bbox 366 2771 435 2791">
    <p class='ocr_par' dir='ltr' id='par_1_7' title="bbox 366 2771 435 2791">
     <span class='ocr_line' id='line_1_8' title="bbox 366 2771 435 2791; baseline -0.014 0"><span class='ocrx_word' id='word_1_10' title='bbox 366 2771 435 2791; x_wconf 81' lang='lat' dir='ltr'>Ratio.</span> 
     </span>
    </p>
   </div>
   <div class='ocr_carea' id='block_1_8' title="bbox 452 251 516 282">
    <p class='ocr_par' dir='ltr' id='par_1_8' title="bbox 452 251 516 282">
     <span class='ocr_line' id='line_1_9' title="bbox 452 251 516 282; baseline 0 -1"><span class='ocrx_word' id='word_1_11' title='bbox 452 251 516 282; x_wconf 73' lang='lat'>850</span> 
     </span>
    </p>
   </div>
   <div class='ocr_carea' id='block_1_9' title="bbox 448 334 1401 586">
    <p class='ocr_par' dir='ltr' id='par_1_9' title="bbox 448 334 1401 586">
     <span class='ocr_line' id='line_1_10' title="bbox 450 334 1400 378; baseline -0.003 -10"><span class='ocrx_word' id='word_1_12' title='bbox 450 337 519 378; x_wconf 88' lang='lat' dir='ltr'>qui:</span> <span class='ocrx_word' id='word_1_13' title='bbox 546 337 570 368; x_wconf 90' lang='lat' dir='ltr'>si</span> <span class='ocrx_word' id='word_1_14' title='bbox 596 346 670 377; x_wconf 83' lang='lat' dir='ltr'>ergo</span> <span class='ocrx_word' id='word_1_15' title='bbox 696 337 769 368; x_wconf 88' lang='lat' dir='ltr'>haec</span> <span class='ocrx_word' id='word_1_16' title='bbox 797 336 959 376; x_wconf 85' lang='lat' dir='ltr'>turpitudo</span> <span class='ocrx_word' id='word_1_17' title='bbox 984 335 1143 367; x_wconf 77' lang='lat' dir='ltr'>revelatur</span> <span class='ocrx_word' id='word_1_18' title='bbox 1170 335 1198 365; x_wconf 87' lang='lat' dir='ltr'>in</span> <span class='ocrx_word' id='word_1_19' title='bbox 1217 335 1317 371; x_wconf 88' lang='lat' dir='ltr'>coitu;</span> <span class='ocrx_word' id='word_1_20' title='bbox 1335 334 1400 375; x_wconf 91' lang='lat' dir='ltr'>qui-</span> 
     </span>
     <span class='ocr_line' id='line_1_11' title="bbox 450 387 1399 431; baseline -0.004 -10"><span class='ocrx_word' id='word_1_21' title='bbox 450 398 585 431; x_wconf 89' lang='lat' dir='ltr'>cumque</span> <span class='ocrx_word' id='word_1_22' title='bbox 611 389 765 429; x_wconf 79' lang='lat' dir='ltr'>cognoscit</span> <span class='ocrx_word' id='word_1_23' title='bbox 792 388 1018 429; x_wconf 75' lang='lat' dir='ltr'>propinquam,</span> <span class='ocrx_word' id='word_1_24' title='bbox 1037 387 1108 419; x_wconf 88' lang='lat' dir='ltr'>facit</span> <span class='ocrx_word' id='word_1_25' title='bbox 1125 391 1233 418; x_wconf 83' lang='lat' dir='ltr'>contra</span> <span class='ocrx_word' id='word_1_26' title='bbox 1258 387 1399 418; x_wconf 83' lang='lat' dir='ltr'>honesta-</span> 
     </span>
     <span class='ocr_line' id='line_1_12' title="bbox 450 439 1399 480; baseline -0.002 -8"><span class='ocrx_word' id='word_1_27' title='bbox 450 446 510 472; x_wconf 87' lang='lat' dir='ltr'>tem</span> <span class='ocrx_word' id='word_1_28' title='bbox 536 441 721 472; x_wconf 72' lang='lat' dir='ltr'>naturalem.</span> <span class='ocrx_word' id='word_1_29' title='bbox 747 439 775 470; x_wconf 77' lang='lat' dir='ltr'>Si</span> <span class='ocrx_word' id='word_1_30' title='bbox 802 448 876 480; x_wconf 85' lang='lat' dir='ltr'>ergo</span> <span class='ocrx_word' id='word_1_31' title='bbox 902 439 1135 470; x_wconf 75' lang='lat' dir='ltr'>matrimonium</span> <span class='ocrx_word' id='word_1_32' title='bbox 1155 439 1320 470; x_wconf 86' lang='lat' dir='ltr'>honestum</span> <span class='ocrx_word' id='word_1_33' title='bbox 1338 443 1399 475; x_wconf 87' lang='lat' dir='ltr'>est;</span> 
     </span>
     <span class='ocr_line' id='line_1_13' title="bbox 449 491 1401 532; baseline -0.001 -9"><span class='ocrx_word' id='word_1_34' title='bbox 449 502 521 524; x_wconf 88' lang='lat' dir='ltr'>cum</span> <span class='ocrx_word' id='word_1_35' title='bbox 550 491 801 532; x_wconf 72' lang='lat' dir='ltr'>consanguinitas</span> <span class='ocrx_word' id='word_1_36' title='bbox 832 492 871 523; x_wconf 87' lang='lat' dir='ltr'>sit</span> <span class='ocrx_word' id='word_1_37' title='bbox 902 495 1009 523; x_wconf 87' lang='lat' dir='ltr'>contra</span> <span class='ocrx_word' id='word_1_38' title='bbox 1038 491 1250 529; x_wconf 75' lang='lat' dir='ltr'>honestatem,</span> <span class='ocrx_word' id='word_1_39' title='bbox 1275 500 1401 523; x_wconf 80' lang='lat' dir='ltr'>consan-</span> 
     </span>
     <span class='ocr_line' id='line_1_14' title="bbox 448 544 1007 586; baseline 0 -11"><span class='ocrx_word' id='word_1_40' title='bbox 448 545 582 586; x_wconf 82' lang='lat' dir='ltr'>guinitas</span> <span class='ocrx_word' id='word_1_41' title='bbox 608 544 737 585; x_wconf 89' lang='lat' dir='ltr'>impedit</span> <span class='ocrx_word' id='word_1_42' title='bbox 763 544 1007 576; x_wconf 73' lang='lat' dir='ltr'>matrimonium.</span> 
     </span>
    </p>
   </div>
   <div class='ocr_carea' id='block_1_10' title="bbox 803 641 1043 664">
    <p class='ocr_par' dir='ltr' id='par_1_10' title="bbox 803 641 1043 664">
     <span class='ocr_line' id='line_1_15' title="bbox 803 641 1043 664; baseline 0 -1"><span class='ocrx_word' id='word_1_43' title='bbox 803 641 1043 664; x_wconf 87' lang='lat' dir='ltr'>CONCLUSIO.</span> 
     </span>
    </p>
   </div>
   <div class='ocr_carea' id='block_1_11' title="bbox 451 719 1400 918">
    <p class='ocr_par' dir='ltr' id='par_1_11' title="bbox 451 719 1400 918">
     <span class='ocr_line' id='line_1_16' title="bbox 451 719 1400 762; baseline 0.002 -13"><span class='ocrx_word' id='word_1_44' title='bbox 451 719 732 761; x_wconf 57' lang='lat' dir='ltr'>Con-sanguinitas</span> <span class='ocrx_word' id='word_1_45' title='bbox 761 719 896 761; x_wconf 55' lang='lat' dir='ltr'>{inpedit</span> <span class='ocrx_word' id='word_1_46' title='bbox 930 719 1183 751; x_wconf 72' lang='lat' dir='ltr'>matrimonium</span> <span class='ocrx_word' id='word_1_47' title='bbox 1220 719 1254 751; x_wconf 76' lang='lat' dir='ltr'>in</span> <span class='ocrx_word' id='word_1_48' title='bbox 1289 719 1400 762; x_wconf 71' lang='lat' dir='ltr'>atiquo</span> 
     </span>
     <span class='ocr_line' id='line_1_17' title="bbox 533 773 1400 816; baseline 0.001 -13"><span class='ocrx_word' id='word_1_49' title='bbox 533 777 668 813; x_wconf 75' lang='lat' dir='ltr'>propter</span> <span class='ocrx_word' id='word_1_50' title='bbox 705 773 868 804; x_wconf 72' lang='lat' dir='ltr'>dictamen</span> <span class='ocrx_word' id='word_1_51' title='bbox 905 773 984 814; x_wconf 66' lang='lat' dir='ltr'>lepis</span> <span class='ocrx_word' id='word_1_52' title='bbox 1019 778 1182 811; x_wconf 71' lang='lat' dir='ltr'>naturae,</span> <span class='ocrx_word' id='word_1_53' title='bbox 1219 773 1254 804; x_wconf 68' lang='lat' dir='ltr'>itt</span> <span class='ocrx_word' id='word_1_54' title='bbox 1289 773 1400 816; x_wconf 69' lang='lat' dir='ltr'>aliquo</span> 
     </span>
     <span class='ocr_line' id='line_1_18' title="bbox 532 824 1400 868; baseline 0.001 -12"><span class='ocrx_word' id='word_1_55' title='bbox 532 829 668 866; x_wconf 75' lang='lat' dir='ltr'>propter</span> <span class='ocrx_word' id='word_1_56' title='bbox 688 824 941 867; x_wconf 66' lang='lat' dir='ltr'>prohibitionem</span> <span class='ocrx_word' id='word_1_57' title='bbox 968 826 1046 868; x_wconf 61' lang='lat' dir='ltr'>lepis</span> <span class='ocrx_word' id='word_1_58' title='bbox 1068 825 1219 864; x_wconf 66' lang='lat' dir='ltr'>(livinae,</span> <span class='ocrx_word' id='word_1_59' title='bbox 1239 826 1273 857; x_wconf 72' lang='grc' dir='ltr'>ἱη</span> <span class='ocrx_word' id='word_1_60' title='bbox 1289 825 1400 868; x_wconf 70' lang='lat' dir='ltr'>atiquo</span> 
     </span>
     <span class='ocr_line' id='line_1_19' title="bbox 533 878 1052 918; baseline 0.004 -10"><span class='ocrx_word' id='word_1_61' title='bbox 533 883 667 918; x_wconf 74' lang='lat' dir='ltr'>propter</span> <span class='ocrx_word' id='word_1_62' title='bbox 691 882 853 910; x_wconf 68' lang='lat' dir='ltr'>statatum</span> <span class='ocrx_word' id='word_1_63' title='bbox 881 878 1052 910; x_wconf 76' lang='lat' dir='ltr'>Ecclesiae.</span> 
     </span>
    </p>
   </div>
   <div class='ocr_carea' id='block_1_12' title="bbox 445 966 1404 2699">
    <p class='ocr_par' dir='ltr' id='par_1_12' title="bbox 445 966 1402 2011">
     <span class='ocr_line' id='line_1_20' title="bbox 536 966 1402 1008; baseline 0.001 -11"><span class='ocrx_word' id='word_1_64' title='bbox 536 966 734 998; x_wconf 74' lang='lat' dir='ltr'>RESPONnno:</span> <span class='ocrx_word' id='word_1_65' title='bbox 760 966 952 1004; x_wconf 80' lang='lat' dir='ltr'>Dicendum,</span> <span class='ocrx_word' id='word_1_66' title='bbox 978 967 1061 1008; x_wconf 87' lang='lat' dir='ltr'>quod</span> <span class='ocrx_word' id='word_1_67' title='bbox 1087 966 1248 999; x_wconf 87' lang='lat' dir='ltr'>vinculum</span> <span class='ocrx_word' id='word_1_68' title='bbox 1275 976 1402 999; x_wconf 86' lang='lat' dir='ltr'>consan-</span> 
     </span>
     <span class='ocr_line' id='line_1_21' title="bbox 448 1018 1400 1061; baseline 0.002 -12"><span class='ocrx_word' id='word_1_69' title='bbox 448 1018 608 1058; x_wconf 87' lang='lat' dir='ltr'>guinitatis</span> <span class='ocrx_word' id='word_1_70' title='bbox 634 1019 764 1060; x_wconf 88' lang='lat' dir='ltr'>impedit</span> <span class='ocrx_word' id='word_1_71' title='bbox 789 1020 1024 1051; x_wconf 77' lang='lat' dir='ltr'>matrimonium</span> <span class='ocrx_word' id='word_1_72' title='bbox 1050 1019 1080 1051; x_wconf 93' lang='lat' dir='ltr'>in</span> <span class='ocrx_word' id='word_1_73' title='bbox 1110 1019 1215 1061; x_wconf 84' lang='lat' dir='ltr'>aliquo</span> <span class='ocrx_word' id='word_1_74' title='bbox 1231 1019 1238 1033; x_wconf 85' lang='lat'><em>¹</em></span> <span class='ocrx_word' id='word_1_75' title='bbox 1272 1023 1400 1061; x_wconf 89' lang='lat' dir='ltr'>propter</span> 
     </span>
     <span class='ocr_line' id='line_1_22' title="bbox 448 1070 1402 1114; baseline 0.003 -13"><span class='ocrx_word' id='word_1_76' title='bbox 448 1070 613 1102; x_wconf 61' lang='lat' dir='ltr'>dictamen</span> <span class='ocrx_word' id='word_1_77' title='bbox 630 1071 708 1113; x_wconf 63' lang='lat' dir='ltr'>lepis</span> <span class='ocrx_word' id='word_1_78' title='bbox 733 1076 895 1109; x_wconf 60' lang='lat' dir='ltr'>flaturae,</span> <span class='ocrx_word' id='word_1_79' title='bbox 914 1072 943 1103; x_wconf 91' lang='lat' dir='ltr'>in</span> <span class='ocrx_word' id='word_1_80' title='bbox 962 1072 1068 1113; x_wconf 87' lang='lat' dir='ltr'>aliquo</span> <span class='ocrx_word' id='word_1_81' title='bbox 1093 1080 1168 1104; x_wconf 84' lang='lat' dir='ltr'>vero</span> <span class='ocrx_word' id='word_1_82' title='bbox 1186 1076 1314 1114; x_wconf 89' lang='lat' dir='ltr'>propter</span> <span class='ocrx_word' id='word_1_83' title='bbox 1326 1081 1402 1113; x_wconf 78' lang='lat' dir='ltr'>pro-</span> 
     </span>
     <span class='ocr_line' id='line_1_23' title="bbox 447 1122 1402 1166; baseline 0.003 -13"><span class='ocrx_word' id='word_1_84' title='bbox 447 1122 634 1155; x_wconf 63' lang='lat' dir='ltr'>habitionem</span> <span class='ocrx_word' id='word_1_85' title='bbox 660 1124 738 1165; x_wconf 65' lang='lat' dir='ltr'>lepis</span> <span class='ocrx_word' id='word_1_86' title='bbox 764 1124 915 1162; x_wconf 63' lang='lat' dir='ltr'>(ticinae,</span> <span class='ocrx_word' id='word_1_87' title='bbox 941 1125 971 1156; x_wconf 91' lang='lat' dir='ltr'>in</span> <span class='ocrx_word' id='word_1_88' title='bbox 1001 1125 1107 1166; x_wconf 90' lang='lat' dir='ltr'>aliquo</span> <span class='ocrx_word' id='word_1_89' title='bbox 1139 1128 1268 1166; x_wconf 90' lang='lat' dir='ltr'>propter</span> <span class='ocrx_word' id='word_1_90' title='bbox 1300 1129 1402 1156; x_wconf 73' lang='lat' dir='ltr'>stata-</span> 
     </span>
     <span class='ocr_line' id='line_1_24' title="bbox 447 1176 1400 1219; baseline 0.002 -12"><span class='ocrx_word' id='word_1_91' title='bbox 447 1181 515 1208; x_wconf 75' lang='lat' dir='ltr'>tum</span> <span class='ocrx_word' id='word_1_92' title='bbox 540 1176 712 1208; x_wconf 72' lang='lat' dir='ltr'>Ecclesiae.</span> <span class='ocrx_word' id='word_1_93' title='bbox 738 1196 780 1200; x_wconf 78' lang='lat'>—-</span> <span class='ocrx_word' id='word_1_94' title='bbox 805 1177 972 1209; x_wconf 77' lang='lat' dir='ltr'>Vinculum</span> <span class='ocrx_word' id='word_1_95' title='bbox 999 1177 1294 1219; x_wconf 72' lang='lat' dir='ltr'>consanguinitatis,</span> <span class='ocrx_word' id='word_1_96' title='bbox 1315 1177 1400 1219; x_wconf 91' lang='lat' dir='ltr'>quod</span> 
     </span>
     <span class='ocr_line' id='line_1_25' title="bbox 446 1229 1399 1271; baseline 0.001 -11"><span class='ocrx_word' id='word_1_97' title='bbox 446 1232 492 1260; x_wconf 87' lang='lat' dir='ltr'>est</span> <span class='ocrx_word' id='word_1_98' title='bbox 517 1229 630 1270; x_wconf 85' lang='lat' dir='ltr'>stipitis</span> <span class='ocrx_word' id='word_1_99' title='bbox 665 1229 703 1260; x_wconf 87' lang='lat' dir='ltr'>ad</span> <span class='ocrx_word' id='word_1_100' title='bbox 742 1229 880 1270; x_wconf 87' lang='lat' dir='ltr'>prolem,</span> <span class='ocrx_word' id='word_1_101' title='bbox 906 1230 1037 1271; x_wconf 87' lang='lat' dir='ltr'>impedit</span> <span class='ocrx_word' id='word_1_102' title='bbox 1073 1233 1202 1271; x_wconf 85' lang='lat' dir='ltr'>propter</span> <span class='ocrx_word' id='word_1_103' title='bbox 1237 1230 1399 1262; x_wconf 75' lang='lat' dir='ltr'>dictamen</span> 
     </span>
     <span class='ocr_line' id='line_1_26' title="bbox 445 1283 1401 1324; baseline 0.001 -11"><span class='ocrx_word' id='word_1_104' title='bbox 445 1286 609 1319; x_wconf 56' lang='grc' dir='ltr'>Μυκη-(ιω</span> <span class='ocrx_word' id='word_1_105' title='bbox 626 1283 710 1314; x_wconf 89' lang='lat' dir='ltr'>unde</span> <span class='ocrx_word' id='word_1_106' title='bbox 734 1286 765 1315; x_wconf 84' lang='lat' dir='ltr'>et</span> <span class='ocrx_word' id='word_1_107' title='bbox 789 1283 933 1315; x_wconf 87' lang='lat' dir='ltr'>naturale</span> <span class='ocrx_word' id='word_1_108' title='bbox 957 1283 1042 1324; x_wconf 86' lang='lat' dir='ltr'>apud</span> <span class='ocrx_word' id='word_1_109' title='bbox 1067 1292 1193 1321; x_wconf 88' lang='lat' dir='ltr'>omnes,</span> <span class='ocrx_word' id='word_1_110' title='bbox 1211 1283 1293 1324; x_wconf 90' lang='lat' dir='ltr'>qnod</span> <span class='ocrx_word' id='word_1_111' title='bbox 1316 1283 1401 1315; x_wconf 89' lang='lat' dir='ltr'>filius</span> 
     </span>
     <span class='ocr_line' id='line_1_27' title="bbox 446 1335 1402 1378; baseline 0.002 -12"><span class='ocrx_word' id='word_1_112' title='bbox 446 1344 506 1366; x_wconf 88' lang='lat' dir='ltr'>non</span> <span class='ocrx_word' id='word_1_113' title='bbox 532 1335 741 1376; x_wconf 87' lang='lat' dir='ltr'>coniungatur</span> <span class='ocrx_word' id='word_1_114' title='bbox 766 1336 876 1375; x_wconf 81' lang='lat' dir='ltr'>matri,</span> <span class='ocrx_word' id='word_1_115' title='bbox 901 1340 931 1368; x_wconf 91' lang='lat' dir='ltr'>et</span> <span class='ocrx_word' id='word_1_116' title='bbox 955 1336 1038 1378; x_wconf 91' lang='lat' dir='ltr'>quod</span> <span class='ocrx_word' id='word_1_117' title='bbox 1066 1336 1129 1368; x_wconf 85' lang='lat' dir='ltr'>filia</span> <span class='ocrx_word' id='word_1_118' title='bbox 1153 1345 1213 1368; x_wconf 92' lang='lat' dir='ltr'>non</span> <span class='ocrx_word' id='word_1_119' title='bbox 1236 1336 1402 1377; x_wconf 86' lang='lat' dir='ltr'>coniunga-</span> 
     </span>
     <span class='ocr_line' id='line_1_28' title="bbox 448 1389 1400 1431; baseline 0.001 -11"><span class='ocrx_word' id='word_1_120' title='bbox 448 1393 499 1420; x_wconf 87' lang='lat' dir='ltr'>tur</span> <span class='ocrx_word' id='word_1_121' title='bbox 524 1389 615 1430; x_wconf 91' lang='lat' dir='ltr'>patri.</span> <span class='ocrx_word' id='word_1_122' title='bbox 633 1407 674 1412; x_wconf 91' lang='lat'><strong>—</strong></span> <span class='ocrx_word' id='word_1_123' title='bbox 694 1390 727 1421; x_wconf 87' lang='lat' dir='ltr'>Et</span> <span class='ocrx_word' id='word_1_124' title='bbox 745 1389 769 1421; x_wconf 91' lang='lat' dir='ltr'>si</span> <span class='ocrx_word' id='word_1_125' title='bbox 795 1393 967 1431; x_wconf 82' lang='lat' dir='ltr'>quaeratur</span> <span class='ocrx_word' id='word_1_126' title='bbox 985 1389 1064 1421; x_wconf 86' lang='lat' dir='ltr'>ratio</span> <span class='ocrx_word' id='word_1_127' title='bbox 1081 1389 1194 1428; x_wconf 80' lang='lat' dir='ltr'>huius3</span> <span class='ocrx_word' id='word_1_128' title='bbox 1213 1389 1400 1427; x_wconf 85' lang='lat' dir='ltr'>dicendum,</span> 
     </span>
     <span class='ocr_line' id='line_1_29' title="bbox 447 1441 1399 1484; baseline 0 -10"><span class='ocrx_word' id='word_1_129' title='bbox 447 1442 531 1482; x_wconf 89' lang='lat' dir='ltr'>quod</span> <span class='ocrx_word' id='word_1_130' title='bbox 549 1442 608 1474; x_wconf 91' lang='lat' dir='ltr'>hoc</span> <span class='ocrx_word' id='word_1_131' title='bbox 625 1442 692 1474; x_wconf 78' lang='lat' dir='ltr'>est²</span> <span class='ocrx_word' id='word_1_132' title='bbox 710 1446 839 1484; x_wconf 88' lang='lat' dir='ltr'>propter</span> <span class='ocrx_word' id='word_1_133' title='bbox 863 1442 1082 1474; x_wconf 69' lang='lat' dir='ltr'>reverentiam</span> <span class='ocrx_word' id='word_1_134' title='bbox 1106 1446 1136 1474; x_wconf 90' lang='lat' dir='ltr'>et</span> <span class='ocrx_word' id='word_1_135' title='bbox 1158 1441 1328 1479; x_wconf 72' lang='lat' dir='ltr'>honorem,</span> <span class='ocrx_word' id='word_1_136' title='bbox 1347 1442 1399 1484; x_wconf 88' lang='lat' dir='ltr'>qui</span> 
     </span>
     <span class='ocr_line' id='line_1_30' title="bbox 447 1495 1401 1536; baseline 0.001 -10"><span class='ocrx_word' id='word_1_137' title='bbox 447 1495 539 1527; x_wconf 89' lang='lat' dir='ltr'>dehet</span> <span class='ocrx_word' id='word_1_138' title='bbox 563 1495 707 1527; x_wconf 82' lang='lat' dir='ltr'>exhiheri</span> <span class='ocrx_word' id='word_1_139' title='bbox 734 1495 812 1536; x_wconf 85' lang='lat' dir='ltr'>patri</span> <span class='ocrx_word' id='word_1_140' title='bbox 839 1499 869 1527; x_wconf 90' lang='lat' dir='ltr'>et</span> <span class='ocrx_word' id='word_1_141' title='bbox 894 1495 1003 1534; x_wconf 87' lang='lat' dir='ltr'>matri,</span> <span class='ocrx_word' id='word_1_142' title='bbox 1028 1499 1058 1527; x_wconf 88' lang='lat' dir='ltr'>et</span> <span class='ocrx_word' id='word_1_143' title='bbox 1090 1495 1160 1527; x_wconf 90' lang='lat' dir='ltr'>ideo</span> <span class='ocrx_word' id='word_1_144' title='bbox 1192 1504 1252 1527; x_wconf 90' lang='lat' dir='ltr'>non</span> <span class='ocrx_word' id='word_1_145' title='bbox 1286 1495 1401 1527; x_wconf 82' lang='lat' dir='ltr'>dehent</span> 
     </span>
     <span class='ocr_line' id='line_1_31' title="bbox 447 1547 1400 1590; baseline 0.001 -12"><span class='ocrx_word' id='word_1_146' title='bbox 447 1548 660 1586; x_wconf 71' lang='lat' dir='ltr'>001nmisceri3</span> <span class='ocrx_word' id='word_1_147' title='bbox 687 1548 733 1580; x_wconf 90' lang='lat' dir='ltr'>vel</span> <span class='ocrx_word' id='word_1_148' title='bbox 760 1549 854 1580; x_wconf 87' lang='lat' dir='ltr'>etiam</span> <span class='ocrx_word' id='word_1_149' title='bbox 880 1553 1007 1589; x_wconf 89' lang='lat' dir='ltr'>propter</span> <span class='ocrx_word' id='word_1_150' title='bbox 1030 1547 1254 1590; x_wconf 60' lang='lat' dir='ltr'>generationis</span> <span class='ocrx_word' id='word_1_151' title='bbox 1277 1557 1400 1579; x_wconf 80' lang='lat' dir='ltr'>sueces-</span> 
     </span>
     <span class='ocr_line' id='line_1_32' title="bbox 446 1600 1400 1642; baseline 0.001 -11"><span class='ocrx_word' id='word_1_152' title='bbox 446 1600 588 1638; x_wconf 71' lang='lat' dir='ltr'>sionem,</span> <span class='ocrx_word' id='word_1_153' title='bbox 621 1610 701 1642; x_wconf 84' lang='lat' dir='ltr'>quae</span> <span class='ocrx_word' id='word_1_154' title='bbox 733 1601 826 1633; x_wconf 85' lang='lat' dir='ltr'>debet</span> <span class='ocrx_word' id='word_1_155' title='bbox 862 1601 1050 1642; x_wconf 86' lang='lat' dir='ltr'>procedere,</span> <span class='ocrx_word' id='word_1_156' title='bbox 1086 1610 1146 1632; x_wconf 89' lang='lat' dir='ltr'>non</span> <span class='ocrx_word' id='word_1_157' title='bbox 1183 1600 1400 1639; x_wconf 79' lang='lat' dir='ltr'>retrocedere3</span> 
     </span>
     <span class='ocr_line' id='line_1_33' title="bbox 446 1653 1402 1695; baseline 0 -11"><span class='ocrx_word' id='word_1_158' title='bbox 446 1653 531 1685; x_wconf 87' lang='lat' dir='ltr'>unde</span> <span class='ocrx_word' id='word_1_159' title='bbox 556 1662 615 1685; x_wconf 88' lang='lat' dir='ltr'>non</span> <span class='ocrx_word' id='word_1_160' title='bbox 641 1653 734 1685; x_wconf 83' lang='lat' dir='ltr'>debet</span> <span class='ocrx_word' id='word_1_161' title='bbox 758 1653 862 1694; x_wconf 88' lang='lat' dir='ltr'>proles</span> <span class='ocrx_word' id='word_1_162' title='bbox 887 1653 989 1695; x_wconf 85' lang='lat' dir='ltr'>genita</span> <span class='ocrx_word' id='word_1_163' title='bbox 1021 1653 1165 1694; x_wconf 89' lang='lat' dir='ltr'>coniungi</span> <span class='ocrx_word' id='word_1_164' title='bbox 1200 1662 1258 1685; x_wconf 87' lang='lat' dir='ltr'>suo</span> <span class='ocrx_word' id='word_1_165' title='bbox 1290 1653 1402 1695; x_wconf 89' lang='lat' dir='ltr'>princi—</span> 
     </span>
     <span class='ocr_line' id='line_1_34' title="bbox 449 1705 1400 1748; baseline 0 -11"><span class='ocrx_word' id='word_1_166' title='bbox 449 1706 515 1747; x_wconf 85' lang='lat' dir='ltr'>pio,</span> <span class='ocrx_word' id='word_1_167' title='bbox 533 1710 567 1738; x_wconf 88' lang='lat' dir='ltr'>nt</span> <span class='ocrx_word' id='word_1_168' title='bbox 583 1706 697 1747; x_wconf 89' lang='lat' dir='ltr'>gignat.</span> <span class='ocrx_word' id='word_1_169' title='bbox 724 1706 758 1737; x_wconf 87' lang='lat' dir='ltr'>Et</span> <span class='ocrx_word' id='word_1_170' title='bbox 782 1706 853 1738; x_wconf 89' lang='lat' dir='ltr'>hinc</span> <span class='ocrx_word' id='word_1_171' title='bbox 870 1710 933 1745; x_wconf 83' lang='lat' dir='ltr'>est,</span> <span class='ocrx_word' id='word_1_172' title='bbox 951 1706 1034 1748; x_wconf 92' lang='lat' dir='ltr'>quod</span> <span class='ocrx_word' id='word_1_173' title='bbox 1054 1710 1167 1738; x_wconf 86' lang='lat' dir='ltr'>natura</span> <span class='ocrx_word' id='word_1_174' title='bbox 1185 1706 1297 1745; x_wconf 85' lang='lat' dir='ltr'>dictat,</span> <span class='ocrx_word' id='word_1_175' title='bbox 1316 1705 1400 1747; x_wconf 87' lang='lat' dir='ltr'>quod</span> 
     </span>
     <span class='ocr_line' id='line_1_35' title="bbox 447 1759 1402 1800; baseline 0.001 -11"><span class='ocrx_word' id='word_1_176' title='bbox 447 1759 508 1790; x_wconf 82' lang='lat' dir='ltr'>alio</span> <span class='ocrx_word' id='word_1_177' title='bbox 532 1759 643 1791; x_wconf 77' lang='lat' dir='ltr'>affectu</span> <span class='ocrx_word' id='word_1_178' title='bbox 671 1759 822 1791; x_wconf 81' lang='lat' dir='ltr'>tractandi</span> <span class='ocrx_word' id='word_1_179' title='bbox 849 1762 921 1791; x_wconf 90' lang='lat' dir='ltr'>sunt</span> <span class='ocrx_word' id='word_1_180' title='bbox 942 1763 1113 1800; x_wconf 73' lang='lat' dir='ltr'>parentes,</span> <span class='ocrx_word' id='word_1_181' title='bbox 1133 1759 1194 1790; x_wconf 89' lang='lat' dir='ltr'>alio</span> <span class='ocrx_word' id='word_1_182' title='bbox 1211 1759 1323 1790; x_wconf 83' lang='lat' dir='ltr'>affectu</span> <span class='ocrx_word' id='word_1_183' title='bbox 1344 1762 1402 1790; x_wconf 86' lang='lat' dir='ltr'>tra-</span> 
     </span>
     <span class='ocr_line' id='line_1_36' title="bbox 448 1811 1402 1853; baseline 0 -10"><span class='ocrx_word' id='word_1_184' title='bbox 448 1811 523 1843; x_wconf 88' lang='lat' dir='ltr'>ctari</span> <span class='ocrx_word' id='word_1_185' title='bbox 550 1811 665 1843; x_wconf 87' lang='lat' dir='ltr'>debent</span> <span class='ocrx_word' id='word_1_186' title='bbox 689 1811 877 1853; x_wconf 69' lang='lat' dir='ltr'>coitiuycs³.</span> <span class='ocrx_word' id='word_1_187' title='bbox 907 1812 978 1844; x_wconf 89' lang='lat' dir='ltr'>ldeo</span> <span class='ocrx_word' id='word_1_188' title='bbox 1010 1814 1139 1853; x_wconf 90' lang='lat' dir='ltr'>propter</span> <span class='ocrx_word' id='word_1_189' title='bbox 1171 1811 1326 1843; x_wconf 77' lang='lat' dir='ltr'>dictamen</span> <span class='ocrx_word' id='word_1_190' title='bbox 1350 1820 1402 1843; x_wconf 92' lang='lat' dir='ltr'>na-</span> 
     </span>
     <span class='ocr_line' id='line_1_37' title="bbox 448 1865 1401 1906; baseline 0.001 -11"><span class='ocrx_word' id='word_1_191' title='bbox 448 1869 537 1896; x_wconf 83' lang='lat' dir='ltr'>turae</span> <span class='ocrx_word' id='word_1_192' title='bbox 562 1865 733 1906; x_wconf 79' lang='lat' dir='ltr'>impeditur</span> <span class='ocrx_word' id='word_1_193' title='bbox 766 1865 1002 1896; x_wconf 77' lang='lat' dir='ltr'>matrimonium</span> <span class='ocrx_word' id='word_1_194' title='bbox 1035 1874 1091 1906; x_wconf 91' lang='lat' dir='ltr'>per</span> <span class='ocrx_word' id='word_1_195' title='bbox 1123 1865 1401 1906; x_wconf 83' lang='lat' dir='ltr'>consanguinitatis</span> 
     </span>
     <span class='ocr_line' id='line_1_38' title="bbox 447 1916 1400 1959; baseline 0.001 -11"><span class='ocrx_word' id='word_1_196' title='bbox 447 1916 585 1957; x_wconf 87' lang='lat' dir='ltr'>primum</span> <span class='ocrx_word' id='word_1_197' title='bbox 611 1917 791 1955; x_wconf 86' lang='lat' dir='ltr'>vinculum,</span> <span class='ocrx_word' id='word_1_198' title='bbox 809 1917 893 1958; x_wconf 86' lang='lat' dir='ltr'>quod</span> <span class='ocrx_word' id='word_1_199' title='bbox 910 1921 957 1949; x_wconf 88' lang='lat' dir='ltr'>est</span> <span class='ocrx_word' id='word_1_200' title='bbox 980 1917 1078 1959; x_wconf 90' lang='lat' dir='ltr'>prolis</span> <span class='ocrx_word' id='word_1_201' title='bbox 1103 1917 1224 1958; x_wconf 82' lang='lat' dir='ltr'>genitae</span> <span class='ocrx_word' id='word_1_202' title='bbox 1248 1917 1286 1949; x_wconf 85' lang='lat' dir='ltr'>ad</span> <span class='ocrx_word' id='word_1_203' title='bbox 1306 1926 1400 1949; x_wconf 88' lang='lat' dir='ltr'>suum</span> 
     </span>
     <span class='ocr_line' id='line_1_39' title="bbox 449 1970 648 2011; baseline -0.005 -9"><span class='ocrx_word' id='word_1_204' title='bbox 449 1970 648 2011; x_wconf 88' lang='lat' dir='ltr'>principium.</span> 
     </span>
    </p>

    <p class='ocr_par' dir='ltr' id='par_1_13' title="bbox 446 2023 1404 2645">
     <span class='ocr_line' id='line_1_40' title="bbox 537 2023 1402 2065; baseline 0 -11"><span class='ocrx_word' id='word_1_205' title='bbox 537 2023 665 2065; x_wconf 83' lang='lat' dir='ltr'>Propter</span> <span class='ocrx_word' id='word_1_206' title='bbox 696 2023 939 2065; x_wconf 84' lang='lat' dir='ltr'>prohibitionem</span> <span class='ocrx_word' id='word_1_207' title='bbox 972 2023 1051 2065; x_wconf 69' lang='lat' dir='ltr'>legyz&#39;s</span> <span class='ocrx_word' id='word_1_208' title='bbox 1074 2023 1206 2055; x_wconf 68' lang='lat' dir='ltr'>(livinae</span> <span class='ocrx_word' id='word_1_209' title='bbox 1230 2023 1402 2064; x_wconf 77' lang='lat' dir='ltr'>impeditur</span> 
     </span>
     <span class='ocr_line' id='line_1_41' title="bbox 448 2075 1403 2117; baseline 0 -10"><span class='ocrx_word' id='word_1_210' title='bbox 448 2076 682 2108; x_wconf 85' lang='lat' dir='ltr'>matrimonium</span> <span class='ocrx_word' id='word_1_211' title='bbox 709 2085 765 2117; x_wconf 88' lang='lat' dir='ltr'>per</span> <span class='ocrx_word' id='word_1_212' title='bbox 789 2076 1089 2117; x_wconf 73' lang='lat' dir='ltr'>consanguinitatem</span> <span class='ocrx_word' id='word_1_213' title='bbox 1116 2084 1216 2117; x_wconf 90' lang='lat' dir='ltr'>usque</span> <span class='ocrx_word' id='word_1_214' title='bbox 1238 2075 1277 2107; x_wconf 87' lang='lat' dir='ltr'>ad</span> <span class='ocrx_word' id='word_1_215' title='bbox 1295 2084 1403 2107; x_wconf 90' lang='lat' dir='ltr'>secun-</span> 
     </span>
     <span class='ocr_line' id='line_1_42' title="bbox 448 2124 1403 2170; baseline -0.001 -10"><span class='ocrx_word' id='word_1_216' title='bbox 448 2129 523 2160; x_wconf 90' lang='lat' dir='ltr'>dum</span> <span class='ocrx_word' id='word_1_217' title='bbox 542 2128 694 2170; x_wconf 82' lang='lat' dir='ltr'>gradum,</span> <span class='ocrx_word' id='word_1_218' title='bbox 712 2128 793 2160; x_wconf 87' lang='lat' dir='ltr'>sicut</span> <span class='ocrx_word' id='word_1_219' title='bbox 819 2132 901 2169; x_wconf 81' lang='lat' dir='ltr'>patet</span> <span class='ocrx_word' id='word_1_220' title='bbox 926 2137 982 2169; x_wconf 86' lang='lat' dir='ltr'>per</span> <span class='ocrx_word' id='word_1_221' title='bbox 1004 2124 1128 2160; x_wconf 67' lang='lat' dir='ltr'>Le&#39;vitici</span> <span class='ocrx_word' id='word_1_222' title='bbox 1147 2127 1304 2160; x_wconf 87' lang='lat' dir='ltr'>decimum</span> <span class='ocrx_word' id='word_1_223' title='bbox 1323 2130 1403 2160; x_wconf 91' lang='lat' dir='ltr'>octa-</span> 
     </span>
     <span class='ocr_line' id='line_1_43' title="bbox 446 2180 1401 2222; baseline 0 -10"><span class='ocrx_word' id='word_1_224' title='bbox 446 2190 521 2212; x_wconf 80' lang='lat' dir='ltr'>vum</span> <span class='ocrx_word' id='word_1_225' title='bbox 540 2180 724 2221; x_wconf 85' lang='lat' dir='ltr'>capitulum,</span> <span class='ocrx_word' id='word_1_226' title='bbox 741 2180 795 2212; x_wconf 88' lang='lat' dir='ltr'>uhi</span> <span class='ocrx_word' id='word_1_227' title='bbox 814 2180 848 2212; x_wconf 84' lang='lat' dir='ltr'>fit</span> <span class='ocrx_word' id='word_1_228' title='bbox 865 2180 1034 2221; x_wconf 77' lang='lat' dir='ltr'>prohibitio</span> <span class='ocrx_word' id='word_1_229' title='bbox 1051 2189 1152 2222; x_wconf 89' lang='lat' dir='ltr'>usque</span> <span class='ocrx_word' id='word_1_230' title='bbox 1169 2181 1208 2213; x_wconf 87' lang='lat' dir='ltr'>ad</span> <span class='ocrx_word' id='word_1_231' title='bbox 1226 2180 1401 2213; x_wconf 87' lang='lat' dir='ltr'>secundum</span> 
     </span>
     <span class='ocr_line' id='line_1_44' title="bbox 450 2233 1401 2275; baseline 0.001 -10"><span class='ocrx_word' id='word_1_232' title='bbox 450 2234 594 2275; x_wconf 88' lang='lat' dir='ltr'>gradum.</span> <span class='ocrx_word' id='word_1_233' title='bbox 618 2252 661 2256; x_wconf 81' lang='lat'>—</span> <span class='ocrx_word' id='word_1_234' title='bbox 687 2234 721 2265; x_wconf 84' lang='lat' dir='ltr'>Et</span> <span class='ocrx_word' id='word_1_235' title='bbox 745 2234 769 2265; x_wconf 90' lang='lat' dir='ltr'>si</span> <span class='ocrx_word' id='word_1_236' title='bbox 794 2238 968 2275; x_wconf 85' lang='lat' dir='ltr'>quaeratur</span> <span class='ocrx_word' id='word_1_237' title='bbox 992 2233 1071 2265; x_wconf 87' lang='lat' dir='ltr'>ratio</span> <span class='ocrx_word' id='word_1_238' title='bbox 1089 2234 1199 2272; x_wconf 78' lang='lat' dir='ltr'>huius3</span> <span class='ocrx_word' id='word_1_239' title='bbox 1217 2234 1401 2273; x_wconf 78' lang='lat' dir='ltr'>dicendum=</span> 
     </span>
     <span class='ocr_line' id='line_1_45' title="bbox 447 2286 1404 2329; baseline -0.001 -10"><span class='ocrx_word' id='word_1_240' title='bbox 447 2287 531 2328; x_wconf 87' lang='lat' dir='ltr'>quod</span> <span class='ocrx_word' id='word_1_241' title='bbox 558 2287 616 2319; x_wconf 90' lang='lat' dir='ltr'>hoc</span> <span class='ocrx_word' id='word_1_242' title='bbox 640 2291 687 2319; x_wconf 92' lang='lat' dir='ltr'>est</span> <span class='ocrx_word' id='word_1_243' title='bbox 711 2291 839 2328; x_wconf 89' lang='lat' dir='ltr'>propter</span> <span class='ocrx_word' id='word_1_244' title='bbox 864 2286 1083 2324; x_wconf 71' lang='lat' dir='ltr'>ltonestatem;</span> <span class='ocrx_word' id='word_1_245' title='bbox 1107 2287 1159 2329; x_wconf 91' lang='lat' dir='ltr'>qui</span> <span class='ocrx_word' id='word_1_246' title='bbox 1185 2287 1268 2319; x_wconf 89' lang='lat' dir='ltr'>enim</span> <span class='ocrx_word' id='word_1_247' title='bbox 1296 2287 1404 2319; x_wconf 92' lang='lat' dir='ltr'>mulie-</span> 
     </span>
     <span class='ocr_line' id='line_1_46' title="bbox 447 2340 1404 2382; baseline 0 -10"><span class='ocrx_word' id='word_1_248' title='bbox 447 2350 513 2372; x_wconf 86' lang='lat' dir='ltr'>rem</span> <span class='ocrx_word' id='word_1_249' title='bbox 540 2341 697 2382; x_wconf 80' lang='lat' dir='ltr'>cognoscit</span> <span class='ocrx_word' id='word_1_250' title='bbox 721 2340 839 2372; x_wconf 87' lang='lat' dir='ltr'>revelat</span> <span class='ocrx_word' id='word_1_251' title='bbox 863 2340 931 2372; x_wconf 91' lang='lat' dir='ltr'>eius</span> <span class='ocrx_word' id='word_1_252' title='bbox 961 2340 1191 2381; x_wconf 85' lang='lat' dir='ltr'>turpitudinem</span> <span class='ocrx_word' id='word_1_253' title='bbox 1224 2344 1255 2372; x_wconf 91' lang='lat' dir='ltr'>et</span> <span class='ocrx_word' id='word_1_254' title='bbox 1287 2340 1404 2372; x_wconf 88' lang='lat' dir='ltr'>discoo-</span> 
     </span>
     <span class='ocr_line' id='line_1_47' title="bbox 447 2393 1403 2434; baseline 0.001 -10"><span class='ocrx_word' id='word_1_255' title='bbox 447 2393 528 2434; x_wconf 84' lang='lat' dir='ltr'>perit</span> <span class='ocrx_word' id='word_1_256' title='bbox 565 2393 785 2434; x_wconf 81' lang='lat' dir='ltr'>ignominiam3</span> <span class='ocrx_word' id='word_1_257' title='bbox 821 2396 851 2425; x_wconf 91' lang='lat' dir='ltr'>et</span> <span class='ocrx_word' id='word_1_258' title='bbox 887 2393 946 2425; x_wconf 88' lang='lat' dir='ltr'>hoc</span> <span class='ocrx_word' id='word_1_259' title='bbox 982 2393 1181 2425; x_wconf 89' lang='lat' dir='ltr'>inhonestum</span> <span class='ocrx_word' id='word_1_260' title='bbox 1219 2396 1266 2425; x_wconf 90' lang='lat' dir='ltr'>est</span> <span class='ocrx_word' id='word_1_261' title='bbox 1301 2393 1403 2425; x_wconf 87' lang='lat' dir='ltr'>facere</span> 
     </span>
     <span class='ocr_line' id='line_1_48' title="bbox 450 2445 1404 2486; baseline 0.001 -10"><span class='ocrx_word' id='word_1_262' title='bbox 450 2445 661 2486; x_wconf 75' lang='lat' dir='ltr'>propinquae,</span> <span class='ocrx_word' id='word_1_263' title='bbox 685 2445 824 2477; x_wconf 83' lang='lat' dir='ltr'>maxime</span> <span class='ocrx_word' id='word_1_264' title='bbox 850 2454 921 2477; x_wconf 86' lang='lat' dir='ltr'>cum</span> <span class='ocrx_word' id='word_1_265' title='bbox 948 2445 1095 2477; x_wconf 87' lang='lat' dir='ltr'>honestas</span> <span class='ocrx_word' id='word_1_266' title='bbox 1119 2445 1231 2483; x_wconf 85' lang='lat' dir='ltr'>dictet,</span> <span class='ocrx_word' id='word_1_267' title='bbox 1256 2445 1339 2486; x_wconf 90' lang='lat' dir='ltr'>quod</span> <span class='ocrx_word' id='word_1_268' title='bbox 1359 2454 1404 2477; x_wconf 89' lang='lat' dir='ltr'>so-</span> 
     </span>
     <span class='ocr_line' id='line_1_49' title="bbox 448 2497 1403 2539; baseline 0.001 -10"><span class='ocrx_word' id='word_1_269' title='bbox 448 2507 501 2529; x_wconf 90' lang='lat' dir='ltr'>ror</span> <span class='ocrx_word' id='word_1_270' title='bbox 526 2507 587 2529; x_wconf 93' lang='lat' dir='ltr'>non</span> <span class='ocrx_word' id='word_1_271' title='bbox 612 2502 659 2530; x_wconf 87' lang='lat' dir='ltr'>est</span> <span class='ocrx_word' id='word_1_272' title='bbox 683 2497 846 2529; x_wconf 87' lang='lat' dir='ltr'>tractanda</span> <span class='ocrx_word' id='word_1_273' title='bbox 871 2501 906 2529; x_wconf 87' lang='lat' dir='ltr'>ut</span> <span class='ocrx_word' id='word_1_274' title='bbox 935 2507 1028 2529; x_wconf 80' lang='lat' dir='ltr'>uxor.</span> <span class='ocrx_word' id='word_1_275' title='bbox 1060 2498 1093 2529; x_wconf 85' lang='lat' dir='ltr'>Et</span> <span class='ocrx_word' id='word_1_276' title='bbox 1125 2497 1198 2529; x_wconf 74' lang='lat' dir='ltr'>&#39;hinc</span> <span class='ocrx_word' id='word_1_277' title='bbox 1230 2501 1294 2536; x_wconf 75' lang='lat' dir='ltr'>est,</span> <span class='ocrx_word' id='word_1_278' title='bbox 1318 2497 1403 2539; x_wconf 88' lang='lat' dir='ltr'>quod</span> 
     </span>
     <span class='ocr_line' id='line_1_50' title="bbox 449 2550 1403 2592; baseline 0 -10"><span class='ocrx_word' id='word_1_279' title='bbox 449 2551 478 2582; x_wconf 94' lang='lat' dir='ltr'>in</span> <span class='ocrx_word' id='word_1_280' title='bbox 504 2555 671 2592; x_wconf 82' lang='lat' dir='ltr'>praecepto</span> <span class='ocrx_word' id='word_1_281' title='bbox 696 2560 754 2583; x_wconf 85' lang='lat' dir='ltr'>suo</span> <span class='ocrx_word' id='word_1_282' title='bbox 778 2551 931 2583; x_wconf 80' lang='lat' dir='ltr'>Dominus</span> <span class='ocrx_word' id='word_1_283' title='bbox 955 2550 1045 2582; x_wconf 88' lang='lat' dir='ltr'>dicit:</span> <span class='ocrx_word' id='word_1_284' title='bbox 1081 2550 1155 2582; x_wconf 76' lang='lat' dir='ltr'>Non</span> <span class='ocrx_word' id='word_1_285' title='bbox 1186 2551 1403 2592; x_wconf 72' lang='lat' dir='ltr'>discooperies</span> 
     </span>
     <span class='ocr_line' id='line_1_51' title="bbox 450 2604 817 2645; baseline -0.003 -10"><span class='ocrx_word' id='word_1_286' title='bbox 450 2604 687 2645; x_wconf 69' lang='lat' dir='ltr'>turpitudinem</span> <span class='ocrx_word' id='word_1_287' title='bbox 712 2604 783 2635; x_wconf 69' lang='lat' dir='ltr'>elas</span> <span class='ocrx_word' id='word_1_288' title='bbox 796 2604 817 2634; x_wconf 67' lang='lat'>⁴.</span> 
     </span>
    </p>

    <p class='ocr_par' dir='ltr' id='par_1_14' title="bbox 538 2657 1403 2699">
     <span class='ocr_line' id='line_1_52' title="bbox 538 2657 1403 2699; baseline 0.001 -11"><span class='ocrx_word' id='word_1_289' title='bbox 538 2657 691 2695; x_wconf 79' lang='lat' dir='ltr'>Ulterius,</span> <span class='ocrx_word' id='word_1_290' title='bbox 709 2662 838 2699; x_wconf 90' lang='lat' dir='ltr'>propter</span> <span class='ocrx_word' id='word_1_291' title='bbox 859 2661 1021 2688; x_wconf 73' lang='lat' dir='ltr'>statutum</span> <span class='ocrx_word' id='word_1_292' title='bbox 1047 2657 1209 2689; x_wconf 65' lang='lat' dir='ltr'>Ecclesiae</span> <span class='ocrx_word' id='word_1_293' title='bbox 1231 2657 1403 2698; x_wconf 85' lang='lat' dir='ltr'>impeditur</span> 
     </span>
    </p>
   </div>
   <div class='ocr_carea' id='block_1_13' title="bbox 417 2709 1403 2751">
    <p class='ocr_par' dir='ltr' id='par_1_15' title="bbox 417 2709 1403 2751">
     <span class='ocr_line' id='line_1_53' title="bbox 417 2709 1403 2751; baseline 0.002 -12"><span class='ocrx_word' id='word_1_294' title='bbox 417 2718 434 2738; x_wconf 70' lang='lat' dir='ltr'>t.</span> <span class='ocrx_word' id='word_1_295' title='bbox 451 2709 686 2741; x_wconf 81' lang='lat' dir='ltr'>matrimonium</span> <span class='ocrx_word' id='word_1_296' title='bbox 712 2718 729 2741; x_wconf 88' lang='lat' dir='ltr'>a</span> <span class='ocrx_word' id='word_1_297' title='bbox 754 2710 892 2741; x_wconf 89' lang='lat' dir='ltr'>secundo</span> <span class='ocrx_word' id='word_1_298' title='bbox 924 2710 1025 2751; x_wconf 87' lang='lat' dir='ltr'>gradu</span> <span class='ocrx_word' id='word_1_299' title='bbox 1058 2714 1087 2741; x_wconf 86' lang='lat' dir='ltr'>et</span> <span class='ocrx_word' id='word_1_300' title='bbox 1119 2709 1275 2751; x_wconf 86' lang='lat' dir='ltr'>deinceps.</span> <span class='ocrx_word' id='word_1_301' title='bbox 1300 2728 1343 2732; x_wconf 82' lang='lat'>—-</span> <span class='ocrx_word' id='word_1_302' title='bbox 1369 2710 1403 2741; x_wconf 88' lang='lat' dir='ltr'>Et</span> 
     </span>
    </p>
   </div>
   <div class='ocr_carea' id='block_1_14' title="bbox 452 2762 1404 2857">
    <p class='ocr_par' dir='ltr' id='par_1_16' title="bbox 452 2762 1404 2857">
     <span class='ocr_line' id='line_1_54' title="bbox 452 2762 1404 2804; baseline 0 -10"><span class='ocrx_word' id='word_1_303' title='bbox 452 2763 475 2794; x_wconf 88' lang='lat' dir='ltr'>si</span> <span class='ocrx_word' id='word_1_304' title='bbox 501 2767 673 2804; x_wconf 80' lang='lat' dir='ltr'>quaeratur</span> <span class='ocrx_word' id='word_1_305' title='bbox 698 2763 777 2794; x_wconf 88' lang='lat' dir='ltr'>ratio</span> <span class='ocrx_word' id='word_1_306' title='bbox 801 2762 914 2795; x_wconf 86' lang='lat' dir='ltr'>huius:</span> <span class='ocrx_word' id='word_1_307' title='bbox 940 2762 1128 2800; x_wconf 84' lang='lat' dir='ltr'>dicendum,</span> <span class='ocrx_word' id='word_1_308' title='bbox 1153 2762 1236 2804; x_wconf 91' lang='lat' dir='ltr'>quod</span> <span class='ocrx_word' id='word_1_309' title='bbox 1261 2763 1321 2794; x_wconf 88' lang='lat' dir='ltr'>hoc</span> <span class='ocrx_word' id='word_1_310' title='bbox 1346 2765 1404 2794; x_wconf 88' lang='lat' dir='ltr'>sta-</span> 
     </span>
     <span class='ocr_line' id='line_1_55' title="bbox 452 2815 1402 2857; baseline 0 -10"><span class='ocrx_word' id='word_1_311' title='bbox 452 2819 552 2847; x_wconf 92' lang='lat' dir='ltr'>tutum</span> <span class='ocrx_word' id='word_1_312' title='bbox 587 2815 644 2847; x_wconf 86' lang='lat' dir='ltr'>fuit</span> <span class='ocrx_word' id='word_1_313' title='bbox 675 2820 804 2857; x_wconf 82' lang='lat' dir='ltr'>propter</span> <span class='ocrx_word' id='word_1_314' title='bbox 835 2815 1036 2847; x_wconf 72' lang='lat' dir='ltr'>dilectionem</span> <span class='ocrx_word' id='word_1_315' title='bbox 1069 2815 1290 2847; x_wconf 68' lang='lat' dir='ltr'>dilaatndam.</span> <span class='ocrx_word' id='word_1_316' title='bbox 1323 2815 1402 2856; x_wconf 86' lang='lat' dir='ltr'>Quia</span> 
     </span>
    </p>
   </div>
   <div class='ocr_carea' id='block_1_15' title="bbox 1430 342 1435 2367">
    <p class='ocr_par' dir='ltr' id='par_1_17' title="bbox 1430 342 1435 2367">
     <span class='ocr_line' id='line_1_56' title="bbox 1430 342 1435 2367; baseline 0 0"><span class='ocrx_word' id='word_1_317' title='bbox 1430 342 1435 2367; x_wconf 95' lang='lat' dir='ltr'> </span> 
     </span>
    </p>
   </div>
   <div class='ocr_carea' id='block_1_16' title="bbox 1208 247 1656 279">
    <p class='ocr_par' dir='ltr' id='par_1_18' title="bbox 1208 247 1656 279">
     <span class='ocr_line' id='line_1_57' title="bbox 1208 247 1656 279; baseline 0 0"><span class='ocrx_word' id='word_1_318' title='bbox 1208 247 1492 279; x_wconf 64' lang='lat' dir='ltr'>SENTENTIARUM</span> <span class='ocrx_word' id='word_1_319' title='bbox 1518 247 1585 278; x_wconf 83' lang='lat' dir='ltr'>LlB.</span> <span class='ocrx_word' id='word_1_320' title='bbox 1609 247 1656 279; x_wconf 82' lang='lat' dir='ltr'>lv.</span> 
     </span>
    </p>
   </div>
   <div class='ocr_carea' id='block_1_17' title="bbox 1464 333 2483 2856">
    <p class='ocr_par' dir='ltr' id='par_1_19' title="bbox 1464 333 2418 849">
     <span class='ocr_line' id='line_1_58' title="bbox 1464 333 2417 378; baseline 0.003 -13"><span class='ocrx_word' id='word_1_321' title='bbox 1464 333 1545 365; x_wconf 89' lang='lat' dir='ltr'>enim</span> <span class='ocrx_word' id='word_1_322' title='bbox 1572 334 1666 366; x_wconf 89' lang='lat' dir='ltr'>homo</span> <span class='ocrx_word' id='word_1_323' title='bbox 1690 344 1809 375; x_wconf 89' lang='lat' dir='ltr'>pronus</span> <span class='ocrx_word' id='word_1_324' title='bbox 1834 338 1880 367; x_wconf 87' lang='lat' dir='ltr'>est</span> <span class='ocrx_word' id='word_1_325' title='bbox 1903 335 1942 367; x_wconf 88' lang='lat' dir='ltr'>ad</span> <span class='ocrx_word' id='word_1_326' title='bbox 1976 336 2169 377; x_wconf 85' lang='lat' dir='ltr'>diligendum</span> <span class='ocrx_word' id='word_1_327' title='bbox 2204 336 2260 368; x_wconf 84' lang='lat' dir='ltr'>sibi</span> <span class='ocrx_word' id='word_1_328' title='bbox 2293 336 2417 378; x_wconf 90' lang='lat' dir='ltr'>propin·</span> 
     </span>
     <span class='ocr_line' id='line_1_59' title="bbox 1464 387 2416 430; baseline 0.003 -12"><span class='ocrx_word' id='word_1_329' title='bbox 1464 395 1582 428; x_wconf 88' lang='lat' dir='ltr'>quum;</span> <span class='ocrx_word' id='word_1_330' title='bbox 1610 391 1640 419; x_wconf 90' lang='lat' dir='ltr'>et</span> <span class='ocrx_word' id='word_1_331' title='bbox 1676 387 1911 419; x_wconf 87' lang='lat' dir='ltr'>matrimonium</span> <span class='ocrx_word' id='word_1_332' title='bbox 1948 392 2116 429; x_wconf 86' lang='lat' dir='ltr'>aggenerat</span> <span class='ocrx_word' id='word_1_333' title='bbox 2151 389 2416 430; x_wconf 87' lang='lat' dir='ltr'>propinquitatem</span> 
     </span>
     <span class='ocr_line' id='line_1_60' title="bbox 1465 439 2416 482; baseline 0.003 -11"><span class='ocrx_word' id='word_1_334' title='bbox 1465 442 1495 471; x_wconf 92' lang='lat' dir='ltr'>et</span> <span class='ocrx_word' id='word_1_335' title='bbox 1519 439 1693 472; x_wconf 85' lang='lat' dir='ltr'>dilectionis</span> <span class='ocrx_word' id='word_1_336' title='bbox 1719 445 1847 473; x_wconf 88' lang='lat' dir='ltr'>mutuae</span> <span class='ocrx_word' id='word_1_337' title='bbox 1872 445 2010 482; x_wconf 85' lang='lat' dir='ltr'>praestat</span> <span class='ocrx_word' id='word_1_338' title='bbox 2041 441 2230 474; x_wconf 85' lang='lat' dir='ltr'>fomentum:</span> <span class='ocrx_word' id='word_1_339' title='bbox 2257 442 2329 474; x_wconf 87' lang='lat' dir='ltr'>hinc</span> <span class='ocrx_word' id='word_1_340' title='bbox 2353 445 2416 481; x_wconf 84' lang='lat' dir='ltr'>est,</span> 
     </span>
     <span class='ocr_line' id='line_1_61' title="bbox 1465 493 2418 534; baseline 0.002 -10"><span class='ocrx_word' id='word_1_341' title='bbox 1465 493 1549 534; x_wconf 89' lang='lat' dir='ltr'>quod</span> <span class='ocrx_word' id='word_1_342' title='bbox 1576 493 1711 525; x_wconf 82' lang='lat' dir='ltr'>Ecclesia</span> <span class='ocrx_word' id='word_1_343' title='bbox 1735 493 1860 532; x_wconf 82' lang='lat' dir='ltr'>statuit,</span> <span class='ocrx_word' id='word_1_344' title='bbox 1885 496 1920 525; x_wconf 87' lang='lat' dir='ltr'>ut</span> <span class='ocrx_word' id='word_1_345' title='bbox 1944 502 2032 525; x_wconf 88' lang='lat' dir='ltr'>amor</span> <span class='ocrx_word' id='word_1_346' title='bbox 2056 494 2095 525; x_wconf 90' lang='lat' dir='ltr'>ad</span> <span class='ocrx_word' id='word_1_347' title='bbox 2121 499 2290 526; x_wconf 85' lang='lat' dir='ltr'>extraneos</span> <span class='ocrx_word' id='word_1_348' title='bbox 2313 498 2418 526; x_wconf 84' lang='lat' dir='ltr'>exten-</span> 
     </span>
     <span class='ocr_line' id='line_1_62' title="bbox 1465 545 2418 588; baseline 0.003 -12"><span class='ocrx_word' id='word_1_349' title='bbox 1465 545 1612 584; x_wconf 88' lang='lat' dir='ltr'>deretur,</span> <span class='ocrx_word' id='word_1_350' title='bbox 1638 545 1722 587; x_wconf 87' lang='lat' dir='ltr'>qnod</span> <span class='ocrx_word' id='word_1_351' title='bbox 1747 546 1948 577; x_wconf 90' lang='lat' dir='ltr'>matrimonia</span> <span class='ocrx_word' id='word_1_352' title='bbox 1972 550 2063 578; x_wconf 83' lang='lat' dir='ltr'>extra</span> <span class='ocrx_word' id='word_1_353' title='bbox 2087 547 2247 588; x_wconf 84' lang='lat' dir='ltr'>propriam</span> <span class='ocrx_word' id='word_1_354' title='bbox 2278 550 2418 588; x_wconf 90' lang='lat' dir='ltr'>parente-</span> 
     </span>
     <span class='ocr_line' id='line_1_63' title="bbox 1466 597 2417 638; baseline 0.002 -9"><span class='ocrx_word' id='word_1_355' title='bbox 1466 597 1527 628; x_wconf 86' lang='lat' dir='ltr'>lam</span> <span class='ocrx_word' id='word_1_356' title='bbox 1553 598 1832 636; x_wconf 80' lang='lat' dir='ltr'>contraherentur3</span> <span class='ocrx_word' id='word_1_357' title='bbox 1857 601 1887 630; x_wconf 88' lang='lat' dir='ltr'>et</span> <span class='ocrx_word' id='word_1_358' title='bbox 1912 598 1954 630; x_wconf 86' lang='lat' dir='ltr'>ita</span> <span class='ocrx_word' id='word_1_359' title='bbox 1978 607 2037 630; x_wconf 89' lang='lat' dir='ltr'>non</span> <span class='ocrx_word' id='word_1_360' title='bbox 2064 599 2165 630; x_wconf 89' lang='lat' dir='ltr'>solum</span> <span class='ocrx_word' id='word_1_361' title='bbox 2199 599 2229 630; x_wconf 92' lang='lat' dir='ltr'>in</span> <span class='ocrx_word' id='word_1_362' title='bbox 2262 599 2417 638; x_wconf 90' lang='lat' dir='ltr'>secundo,</span> 
     </span>
     <span class='ocr_line' id='line_1_64' title="bbox 1465 650 2417 692; baseline 0.001 -10"><span class='ocrx_word' id='word_1_363' title='bbox 1465 650 1519 682; x_wconf 89' lang='lat' dir='ltr'>sed</span> <span class='ocrx_word' id='word_1_364' title='bbox 1551 650 1644 682; x_wconf 84' lang='lat' dir='ltr'>etiam</span> <span class='ocrx_word' id='word_1_365' title='bbox 1678 651 1843 692; x_wconf 84' lang='lat' dir='ltr'>deinceps,</span> <span class='ocrx_word' id='word_1_366' title='bbox 1871 654 2000 692; x_wconf 90' lang='lat' dir='ltr'>propter</span> <span class='ocrx_word' id='word_1_367' title='bbox 2032 651 2222 683; x_wconf 85' lang='lat' dir='ltr'>dilatandam</span> <span class='ocrx_word' id='word_1_368' title='bbox 2256 652 2417 684; x_wconf 87' lang='lat' dir='ltr'>caritatem</span> 
     </span>
     <span class='ocr_line' id='line_1_65' title="bbox 1465 703 2417 745; baseline 0.002 -11"><span class='ocrx_word' id='word_1_369' title='bbox 1465 706 1495 735; x_wconf 92' lang='lat' dir='ltr'>et</span> <span class='ocrx_word' id='word_1_370' title='bbox 1521 706 1649 744; x_wconf 88' lang='lat' dir='ltr'>propter</span> <span class='ocrx_word' id='word_1_371' title='bbox 1672 703 1885 744; x_wconf 82' lang='lat' dir='ltr'>ampliandam</span> <span class='ocrx_word' id='word_1_372' title='bbox 1911 704 2119 736; x_wconf 84' lang='lat' dir='ltr'>honestatem.</span> <span class='ocrx_word' id='word_1_373' title='bbox 2138 723 2181 727; x_wconf 84' lang='lat'>—</span> <span class='ocrx_word' id='word_1_374' title='bbox 2205 704 2239 736; x_wconf 88' lang='lat' dir='ltr'>Et</span> <span class='ocrx_word' id='word_1_375' title='bbox 2255 704 2299 736; x_wconf 89' lang='lat' dir='ltr'>sic</span> <span class='ocrx_word' id='word_1_376' title='bbox 2316 707 2417 745; x_wconf 88' lang='lat' dir='ltr'>patet,</span> 
     </span>
     <span class='ocr_line' id='line_1_66' title="bbox 1465 755 2418 798; baseline 0.002 -11"><span class='ocrx_word' id='word_1_377' title='bbox 1465 756 1548 798; x_wconf 88' lang='lat' dir='ltr'>quod</span> <span class='ocrx_word' id='word_1_378' title='bbox 1574 756 1853 797; x_wconf 81' lang='lat' dir='ltr'>consanguinitatis</span> <span class='ocrx_word' id='word_1_379' title='bbox 1879 755 2038 788; x_wconf 88' lang='lat' dir='ltr'>vinculum</span> <span class='ocrx_word' id='word_1_380' title='bbox 2064 757 2104 788; x_wconf 88' lang='lat' dir='ltr'>oh</span> <span class='ocrx_word' id='word_1_381' title='bbox 2134 757 2276 789; x_wconf 87' lang='lat' dir='ltr'>diversas</span> <span class='ocrx_word' id='word_1_382' title='bbox 2307 765 2418 789; x_wconf 84' lang='lat' dir='ltr'>causas</span> 
     </span>
     <span class='ocr_line' id='line_1_67' title="bbox 1466 807 2418 849; baseline 0.001 -10"><span class='ocrx_word' id='word_1_383' title='bbox 1466 807 1560 839; x_wconf 84' lang='lat' dir='ltr'>habet</span> <span class='ocrx_word' id='word_1_384' title='bbox 1583 807 1737 849; x_wconf 90' lang='lat' dir='ltr'>impedire</span> <span class='ocrx_word' id='word_1_385' title='bbox 1761 808 2018 846; x_wconf 78' lang='lat' dir='ltr'>matrimonium3</span> <span class='ocrx_word' id='word_1_386' title='bbox 2043 811 2072 840; x_wconf 82' lang='lat' dir='ltr'>et</span> <span class='ocrx_word' id='word_1_387' title='bbox 2097 809 2155 841; x_wconf 90' lang='lat' dir='ltr'>hoc</span> <span class='ocrx_word' id='word_1_388' title='bbox 2172 809 2418 841; x_wconf 88' lang='lat' dir='ltr'>concedendum.</span> 
     </span>
    </p>

    <p class='ocr_par' dir='ltr' id='par_1_20' title="bbox 1464 860 2483 1537">
     <span class='ocr_line' id='line_1_68' title="bbox 1557 860 2483 906; baseline -0.001 -15"><span class='ocrx_word' id='word_1_389' title='bbox 1557 861 1583 892; x_wconf 87' lang='lat'>1.</span> <span class='ocrx_word' id='word_1_390' title='bbox 1608 861 1651 892; x_wconf 74' lang='lat' dir='ltr'>Ad</span> <span class='ocrx_word' id='word_1_391' title='bbox 1670 860 1749 893; x_wconf 86' lang='lat' dir='ltr'>illud</span> <span class='ocrx_word' id='word_1_392' title='bbox 1766 869 1841 901; x_wconf 89' lang='lat' dir='ltr'>ergo</span> <span class='ocrx_word' id='word_1_393' title='bbox 1858 861 1942 902; x_wconf 91' lang='lat' dir='ltr'>quod</span> <span class='ocrx_word' id='word_1_394' title='bbox 1960 860 2105 893; x_wconf 89' lang='lat' dir='ltr'>obiicitur</span> <span class='ocrx_word' id='word_1_395' title='bbox 2123 861 2162 893; x_wconf 88' lang='lat' dir='ltr'>de</span> <span class='ocrx_word' id='word_1_396' title='bbox 2180 861 2242 893; x_wconf 84' lang='lat' dir='ltr'>Eva</span> <span class='ocrx_word' id='word_1_397' title='bbox 2258 865 2289 893; x_wconf 90' lang='lat' dir='ltr'>et</span> <span class='ocrx_word' id='word_1_398' title='bbox 2305 861 2400 894; x_wconf 85' lang='lat' dir='ltr'>Adam</span> <span class='ocrx_word' id='word_1_399' title='bbox 2412 887 2419 900; x_wconf 93' lang='lat'>,</span> <span class='ocrx_word' id='word_1_400' title='bbox 2448 869 2483 906; x_wconf 67' lang='lat' dir='ltr'>sni</span> 
     </span>
     <span class='ocr_line' id='line_1_69' title="bbox 1465 901 2480 956; baseline 0.001 -11"><span class='ocrx_word' id='word_1_401' title='bbox 1465 913 1547 955; x_wconf 89' lang='lat' dir='ltr'>quod</span> <span class='ocrx_word' id='word_1_402' title='bbox 1575 913 1704 945; x_wconf 89' lang='lat' dir='ltr'>fuerunt</span> <span class='ocrx_word' id='word_1_403' title='bbox 1727 922 1762 946; x_wconf 90' lang='lat' dir='ltr'>os</span> <span class='ocrx_word' id='word_1_404' title='bbox 1785 917 1816 945; x_wconf 91' lang='lat' dir='ltr'>et</span> <span class='ocrx_word' id='word_1_405' title='bbox 1840 922 1930 952; x_wconf 83' lang='lat' dir='ltr'>caro,</span> <span class='ocrx_word' id='word_1_406' title='bbox 1955 913 2142 952; x_wconf 78' lang='lat' dir='ltr'>dicendum,</span> <span class='ocrx_word' id='word_1_407' title='bbox 2166 914 2250 956; x_wconf 88' lang='lat' dir='ltr'>quod</span> <span class='ocrx_word' id='word_1_408' title='bbox 2275 914 2420 956; x_wconf 88' lang='lat' dir='ltr'>quamvis</span> <span class='ocrx_word' id='word_1_409' title='bbox 2436 901 2480 923; x_wconf 63' lang='lat'>⁹⁰⁸¹</span> 
     </span>
     <span class='ocr_line' id='line_1_70' title="bbox 1468 966 2420 1005; baseline 0 -7"><span class='ocrx_word' id='word_1_410' title='bbox 1468 967 1528 998; x_wconf 84' lang='lat' dir='ltr'>Eva</span> <span class='ocrx_word' id='word_1_411' title='bbox 1552 970 1582 998; x_wconf 89' lang='lat' dir='ltr'>et</span> <span class='ocrx_word' id='word_1_412' title='bbox 1606 966 1701 998; x_wconf 81' lang='lat' dir='ltr'>Adam</span> <span class='ocrx_word' id='word_1_413' title='bbox 1727 966 1845 999; x_wconf 89' lang='lat' dir='ltr'>fuerint</span> <span class='ocrx_word' id='word_1_414' title='bbox 1869 975 1903 998; x_wconf 92' lang='lat' dir='ltr'>os</span> <span class='ocrx_word' id='word_1_415' title='bbox 1927 970 1958 999; x_wconf 91' lang='lat' dir='ltr'>et</span> <span class='ocrx_word' id='word_1_416' title='bbox 1982 976 2072 1005; x_wconf 77' lang='lat' dir='ltr'>car03</span> <span class='ocrx_word' id='word_1_417' title='bbox 2097 976 2157 998; x_wconf 89' lang='lat' dir='ltr'>non</span> <span class='ocrx_word' id='word_1_418' title='bbox 2180 970 2283 998; x_wconf 85' lang='lat' dir='ltr'>tamen</span> <span class='ocrx_word' id='word_1_419' title='bbox 2301 967 2344 999; x_wconf 88' lang='lat' dir='ltr'>sic</span> <span class='ocrx_word' id='word_1_420' title='bbox 2361 967 2420 999; x_wconf 88' lang='lat' dir='ltr'>fuit</span> 
     </span>
     <span class='ocr_line' id='line_1_71' title="bbox 1466 1019 2420 1061; baseline 0.001 -10"><span class='ocrx_word' id='word_1_421' title='bbox 1466 1023 1557 1057; x_wconf 77' lang='lat' dir='ltr'>tunc,</span> <span class='ocrx_word' id='word_1_422' title='bbox 1582 1019 1852 1061; x_wconf 88' lang='lat' dir='ltr'>quemadmodum</span> <span class='ocrx_word' id='word_1_423' title='bbox 1887 1028 1970 1051; x_wconf 91' lang='lat' dir='ltr'>nunc</span> <span class='ocrx_word' id='word_1_424' title='bbox 1995 1023 2057 1051; x_wconf 87' lang='lat' dir='ltr'>est:</span> <span class='ocrx_word' id='word_1_425' title='bbox 2083 1019 2230 1060; x_wconf 88' lang='lat' dir='ltr'>quoniam</span> <span class='ocrx_word' id='word_1_426' title='bbox 2265 1029 2349 1052; x_wconf 90' lang='lat' dir='ltr'>nunc</span> <span class='ocrx_word' id='word_1_427' title='bbox 2372 1029 2420 1052; x_wconf 90' lang='lat' dir='ltr'>ea-</span> 
     </span>
     <span class='ocr_line' id='line_1_72' title="bbox 1466 1072 2420 1113; baseline 0.001 -10"><span class='ocrx_word' id='word_1_428' title='bbox 1466 1072 1536 1104; x_wconf 90' lang='lat' dir='ltr'>dem</span> <span class='ocrx_word' id='word_1_429' title='bbox 1562 1075 1609 1104; x_wconf 88' lang='lat' dir='ltr'>est</span> <span class='ocrx_word' id='word_1_430' title='bbox 1633 1072 1683 1103; x_wconf 87' lang='lat' dir='ltr'>via</span> <span class='ocrx_word' id='word_1_431' title='bbox 1708 1072 1941 1113; x_wconf 84' lang='lat' dir='ltr'>propagationis</span> <span class='ocrx_word' id='word_1_432' title='bbox 1965 1075 1995 1104; x_wconf 91' lang='lat' dir='ltr'>et</span> <span class='ocrx_word' id='word_1_433' title='bbox 2017 1072 2267 1111; x_wconf 78' lang='lat' dir='ltr'>commixtionis,</span> <span class='ocrx_word' id='word_1_434' title='bbox 2285 1073 2339 1104; x_wconf 89' lang='lat' dir='ltr'>sed</span> <span class='ocrx_word' id='word_1_435' title='bbox 2358 1073 2420 1104; x_wconf 89' lang='lat' dir='ltr'>Eva</span> 
     </span>
     <span class='ocr_line' id='line_1_73' title="bbox 1466 1125 2419 1168; baseline 0.002 -11"><span class='ocrx_word' id='word_1_436' title='bbox 1466 1134 1526 1157; x_wconf 93' lang='lat' dir='ltr'>non</span> <span class='ocrx_word' id='word_1_437' title='bbox 1551 1125 1629 1157; x_wconf 73' lang='lat' dir='ltr'>exiit</span> <span class='ocrx_word' id='word_1_438' title='bbox 1654 1125 1692 1157; x_wconf 82' lang='lat' dir='ltr'>ab</span> <span class='ocrx_word' id='word_1_439' title='bbox 1717 1125 1813 1157; x_wconf 84' lang='lat' dir='ltr'>Adam</span> <span class='ocrx_word' id='word_1_440' title='bbox 1839 1134 1896 1167; x_wconf 91' lang='lat' dir='ltr'>per</span> <span class='ocrx_word' id='word_1_441' title='bbox 1921 1125 2001 1157; x_wconf 86' lang='lat' dir='ltr'>viam</span> <span class='ocrx_word' id='word_1_442' title='bbox 2033 1125 2259 1167; x_wconf 77' lang='lat' dir='ltr'>generationis,</span> <span class='ocrx_word' id='word_1_443' title='bbox 2284 1126 2338 1158; x_wconf 90' lang='lat' dir='ltr'>sed</span> <span class='ocrx_word' id='word_1_444' title='bbox 2363 1135 2419 1168; x_wconf 88' lang='lat' dir='ltr'>per</span> 
     </span>
     <span class='ocr_line' id='line_1_74' title="bbox 1466 1178 2419 1220; baseline 0.002 -11"><span class='ocrx_word' id='word_1_445' title='bbox 1466 1178 1596 1210; x_wconf 88' lang='lat' dir='ltr'>modum</span> <span class='ocrx_word' id='word_1_446' title='bbox 1622 1178 1915 1220; x_wconf 85' lang='lat' dir='ltr'>supernaturalem,</span> <span class='ocrx_word' id='word_1_447' title='bbox 1940 1187 2000 1210; x_wconf 88' lang='lat' dir='ltr'>non</span> <span class='ocrx_word' id='word_1_448' title='bbox 2025 1187 2081 1220; x_wconf 91' lang='lat' dir='ltr'>per</span> <span class='ocrx_word' id='word_1_449' title='bbox 2107 1179 2241 1216; x_wconf 90' lang='lat' dir='ltr'>coitum,</span> <span class='ocrx_word' id='word_1_450' title='bbox 2268 1179 2363 1210; x_wconf 88' lang='lat' dir='ltr'>immo</span> <span class='ocrx_word' id='word_1_451' title='bbox 2380 1179 2419 1211; x_wconf 89' lang='lat' dir='ltr'>de</span> 
     </span>
     <span class='ocr_line' id='line_1_75' title="bbox 1466 1231 2420 1273; baseline 0 -10"><span class='ocrx_word' id='word_1_452' title='bbox 1466 1231 1580 1269; x_wconf 79' lang='lat' dir='ltr'>latere3</span> <span class='ocrx_word' id='word_1_453' title='bbox 1610 1231 1712 1272; x_wconf 85' lang='lat' dir='ltr'>qualis</span> <span class='ocrx_word' id='word_1_454' title='bbox 1749 1231 1862 1263; x_wconf 90' lang='lat' dir='ltr'>modus</span> <span class='ocrx_word' id='word_1_455' title='bbox 1898 1231 2092 1272; x_wconf 83' lang='lat' dir='ltr'>producendi</span> <span class='ocrx_word' id='word_1_456' title='bbox 2129 1232 2304 1273; x_wconf 87' lang='lat' dir='ltr'>peroptime</span> <span class='ocrx_word' id='word_1_457' title='bbox 2339 1241 2420 1264; x_wconf 88' lang='lat' dir='ltr'>com-</span> 
     </span>
     <span class='ocr_line' id='line_1_76' title="bbox 1466 1283 2418 1325; baseline 0.001 -10"><span class='ocrx_word' id='word_1_458' title='bbox 1466 1283 1590 1324; x_wconf 84' lang='lat' dir='ltr'>petebat</span> <span class='ocrx_word' id='word_1_459' title='bbox 1614 1283 1776 1324; x_wconf 80' lang='lat' dir='ltr'>coniugio,</span> <span class='ocrx_word' id='word_1_460' title='bbox 1802 1287 1866 1315; x_wconf 91' lang='lat' dir='ltr'>tum</span> <span class='ocrx_word' id='word_1_461' title='bbox 1893 1288 2022 1325; x_wconf 89' lang='lat' dir='ltr'>propter</span> <span class='ocrx_word' id='word_1_462' title='bbox 2046 1283 2201 1325; x_wconf 87' lang='lat' dir='ltr'>figuram,</span> <span class='ocrx_word' id='word_1_463' title='bbox 2225 1289 2292 1316; x_wconf 87' lang='lat' dir='ltr'>tum</span> <span class='ocrx_word' id='word_1_464' title='bbox 2314 1285 2418 1323; x_wconf 82' lang='lat' dir='ltr'>etiam,</span> 
     </span>
     <span class='ocr_line' id='line_1_77' title="bbox 1465 1336 2449 1378; baseline 0.002 -11"><span class='ocrx_word' id='word_1_465' title='bbox 1465 1340 1500 1368; x_wconf 88' lang='lat' dir='ltr'>ut</span> <span class='ocrx_word' id='word_1_466' title='bbox 1531 1336 1763 1377; x_wconf 83' lang='lat' dir='ltr'>significaretur</span> <span class='ocrx_word' id='word_1_467' title='bbox 1800 1336 1916 1368; x_wconf 89' lang='lat' dir='ltr'>vinculi</span> <span class='ocrx_word' id='word_1_468' title='bbox 1955 1336 2194 1368; x_wconf 86' lang='lat' dir='ltr'>matrimonialis</span> <span class='ocrx_word' id='word_1_469' title='bbox 2228 1337 2418 1378; x_wconf 84' lang='lat' dir='ltr'>aequalitas,</span> <span class='ocrx_word' id='word_1_470' title='bbox 2447 1360 2449 1363; x_wconf 61' lang='grc'>«</span> 
     </span>
     <span class='ocr_line' id='line_1_78' title="bbox 1465 1389 2420 1431; baseline 0.001 -10"><span class='ocrx_word' id='word_1_471' title='bbox 1465 1389 1539 1430; x_wconf 89' lang='lat' dir='ltr'>quia</span> <span class='ocrx_word' id='word_1_472' title='bbox 1563 1389 1601 1421; x_wconf 91' lang='lat' dir='ltr'>de</span> <span class='ocrx_word' id='word_1_473' title='bbox 1626 1389 1723 1421; x_wconf 86' lang='lat' dir='ltr'>latere</span> <span class='ocrx_word' id='word_1_474' title='bbox 1747 1393 1777 1421; x_wconf 87' lang='lat' dir='ltr'>et</span> <span class='ocrx_word' id='word_1_475' title='bbox 1800 1389 2005 1422; x_wconf 85' lang='lat' dir='ltr'>adhaerentia</span> <span class='ocrx_word' id='word_1_476' title='bbox 2019 1389 2040 1420; x_wconf 75' lang='lat'>⁵.</span> <span class='ocrx_word' id='word_1_477' title='bbox 2075 1389 2160 1421; x_wconf 87' lang='lat' dir='ltr'>Unde</span> <span class='ocrx_word' id='word_1_478' title='bbox 2192 1390 2266 1431; x_wconf 84' lang='lat' dir='ltr'>quia</span> <span class='ocrx_word' id='word_1_479' title='bbox 2298 1399 2358 1422; x_wconf 94' lang='lat' dir='ltr'>non</span> <span class='ocrx_word' id='word_1_480' title='bbox 2383 1390 2420 1422; x_wconf 86' lang='lat' dir='ltr'>si-</span> 
     </span>
     <span class='ocr_line' id='line_1_79' title="bbox 1466 1442 2418 1481; baseline 0.002 -8"><span class='ocrx_word' id='word_1_481' title='bbox 1466 1442 1581 1474; x_wconf 86' lang='lat' dir='ltr'>militer</span> <span class='ocrx_word' id='word_1_482' title='bbox 1606 1442 1700 1474; x_wconf 80' lang='lat' dir='ltr'>modo</span> <span class='ocrx_word' id='word_1_483' title='bbox 1725 1442 1775 1473; x_wconf 90' lang='lat' dir='ltr'>alii</span> <span class='ocrx_word' id='word_1_484' title='bbox 1802 1442 1859 1474; x_wconf 84' lang='lat' dir='ltr'>sibi</span> <span class='ocrx_word' id='word_1_485' title='bbox 1885 1443 2033 1481; x_wconf 88' lang='lat' dir='ltr'>attinent,</span> <span class='ocrx_word' id='word_1_486' title='bbox 2060 1442 2129 1474; x_wconf 89' lang='lat' dir='ltr'>ideo</span> <span class='ocrx_word' id='word_1_487' title='bbox 2161 1443 2274 1475; x_wconf 85' lang='lat' dir='ltr'>modus</span> <span class='ocrx_word' id='word_1_488' title='bbox 2304 1443 2355 1475; x_wconf 91' lang='lat' dir='ltr'>ille</span> <span class='ocrx_word' id='word_1_489' title='bbox 2379 1444 2418 1475; x_wconf 89' lang='lat' dir='ltr'>ad</span> 
     </span>
     <span class='ocr_line' id='line_1_80' title="bbox 1464 1495 2247 1537; baseline 0.001 -11"><span class='ocrx_word' id='word_1_490' title='bbox 1464 1495 1720 1536; x_wconf 87' lang='lat' dir='ltr'>consequentiam</span> <span class='ocrx_word' id='word_1_491' title='bbox 1745 1495 1827 1527; x_wconf 81' lang='lat' dir='ltr'>trahi</span> <span class='ocrx_word' id='word_1_492' title='bbox 1853 1504 1913 1527; x_wconf 89' lang='lat' dir='ltr'>non</span> <span class='ocrx_word' id='word_1_493' title='bbox 1939 1499 2041 1537; x_wconf 88' lang='lat' dir='ltr'>potest</span> <span class='ocrx_word' id='word_1_494' title='bbox 2065 1504 2120 1527; x_wconf 84' lang='lat' dir='ltr'>nec</span> <span class='ocrx_word' id='word_1_495' title='bbox 2145 1495 2247 1527; x_wconf 82' lang='lat' dir='ltr'>dehet.</span> 
     </span>
    </p>

    <p class='ocr_par' dir='ltr' id='par_1_21' title="bbox 1465 1548 2483 2065">
     <span class='ocr_line' id='line_1_81' title="bbox 1554 1548 2419 1589; baseline 0.003 -11"><span class='ocrx_word' id='word_1_496' title='bbox 1554 1549 1583 1579; x_wconf 65' lang='grc' dir='ltr'>Ξ.</span> <span class='ocrx_word' id='word_1_497' title='bbox 1609 1548 1650 1580; x_wconf 83' lang='lat' dir='ltr'>Ad</span> <span class='ocrx_word' id='word_1_498' title='bbox 1678 1548 1756 1580; x_wconf 91' lang='lat' dir='ltr'>illud</span> <span class='ocrx_word' id='word_1_499' title='bbox 1782 1548 1866 1589; x_wconf 85' lang='lat' dir='ltr'>quod</span> <span class='ocrx_word' id='word_1_500' title='bbox 1891 1548 2056 1587; x_wconf 83' lang='lat' dir='ltr'>obiicitur,</span> <span class='ocrx_word' id='word_1_501' title='bbox 2081 1548 2164 1589; x_wconf 89' lang='lat' dir='ltr'>quod</span> <span class='ocrx_word' id='word_1_502' title='bbox 2190 1557 2282 1580; x_wconf 87' lang='lat' dir='ltr'>omne</span> <span class='ocrx_word' id='word_1_503' title='bbox 2303 1549 2419 1581; x_wconf 88' lang='lat' dir='ltr'>animal</span> 
     </span>
     <span class='ocr_line' id='line_1_82' title="bbox 1465 1600 2420 1642; baseline 0.002 -11"><span class='ocrx_word' id='word_1_504' title='bbox 1465 1600 1567 1641; x_wconf 88' lang='lat' dir='ltr'>diligit</span> <span class='ocrx_word' id='word_1_505' title='bbox 1591 1600 1647 1632; x_wconf 81' lang='lat' dir='ltr'>sibi</span> <span class='ocrx_word' id='word_1_506' title='bbox 1674 1600 1792 1639; x_wconf 77' lang='lat' dir='ltr'>simile3</span> <span class='ocrx_word' id='word_1_507' title='bbox 1818 1601 2006 1639; x_wconf 85' lang='lat' dir='ltr'>dicendum,</span> <span class='ocrx_word' id='word_1_508' title='bbox 2023 1601 2106 1642; x_wconf 88' lang='lat' dir='ltr'>quod</span> <span class='ocrx_word' id='word_1_509' title='bbox 2133 1601 2212 1632; x_wconf 89' lang='lat' dir='ltr'>illud</span> <span class='ocrx_word' id='word_1_510' title='bbox 2234 1601 2420 1642; x_wconf 83' lang='lat' dir='ltr'>intelligitur</span> 
     </span>
     <span class='ocr_line' id='line_1_83' title="bbox 1466 1653 2419 1695; baseline 0.001 -11"><span class='ocrx_word' id='word_1_511' title='bbox 1466 1653 1504 1685; x_wconf 91' lang='lat' dir='ltr'>de</span> <span class='ocrx_word' id='word_1_512' title='bbox 1528 1653 1734 1686; x_wconf 86' lang='lat' dir='ltr'>similitudine</span> <span class='ocrx_word' id='word_1_513' title='bbox 1758 1654 1932 1685; x_wconf 86' lang='lat' dir='ltr'>secundum</span> <span class='ocrx_word' id='word_1_514' title='bbox 1958 1654 2116 1695; x_wconf 75' lang='lat' dir='ltr'>specicm;</span> <span class='ocrx_word' id='word_1_515' title='bbox 2140 1654 2189 1685; x_wconf 78' lang='lat' dir='ltr'>vel</span> <span class='ocrx_word' id='word_1_516' title='bbox 2215 1654 2239 1686; x_wconf 90' lang='lat' dir='ltr'>si</span> <span class='ocrx_word' id='word_1_517' title='bbox 2269 1653 2419 1695; x_wconf 87' lang='lat' dir='ltr'>intelliga-</span> 
     </span>
     <span class='ocr_line' id='line_1_84' title="bbox 1466 1707 2418 1748; baseline 0 -10"><span class='ocrx_word' id='word_1_518' title='bbox 1466 1710 1518 1738; x_wconf 90' lang='lat' dir='ltr'>tur</span> <span class='ocrx_word' id='word_1_519' title='bbox 1543 1707 1582 1738; x_wconf 90' lang='lat' dir='ltr'>de</span> <span class='ocrx_word' id='word_1_520' title='bbox 1607 1707 1813 1739; x_wconf 88' lang='lat' dir='ltr'>similitudine</span> <span class='ocrx_word' id='word_1_521' title='bbox 1830 1707 2004 1739; x_wconf 85' lang='lat' dir='ltr'>secundum</span> <span class='ocrx_word' id='word_1_522' title='bbox 2023 1707 2139 1738; x_wconf 72' lang='lat' dir='ltr'>carnis</span> <span class='ocrx_word' id='word_1_523' title='bbox 2155 1707 2418 1748; x_wconf 71' lang='lat' dir='ltr'>prooez‘mz&#39;tatem,</span> 
     </span>
     <span class='ocr_line' id='line_1_85' title="bbox 1465 1760 2483 1801; baseline 0 -10"><span class='ocrx_word' id='word_1_524' title='bbox 1465 1760 1569 1792; x_wconf 87' lang='lat' dir='ltr'>adhuc</span> <span class='ocrx_word' id='word_1_525' title='bbox 1595 1760 1689 1792; x_wconf 87' lang='lat' dir='ltr'>habet</span> <span class='ocrx_word' id='word_1_526' title='bbox 1714 1760 1896 1798; x_wconf 80' lang='lat' dir='ltr'>veritatem,</span> <span class='ocrx_word' id='word_1_527' title='bbox 1922 1760 2005 1801; x_wconf 88' lang='lat' dir='ltr'>quod</span> <span class='ocrx_word' id='word_1_528' title='bbox 2031 1760 2141 1801; x_wconf 89' lang='lat' dir='ltr'>diligit.</span> <span class='ocrx_word' id='word_1_529' title='bbox 2174 1760 2231 1792; x_wconf 86' lang='lat' dir='ltr'>Sed</span> <span class='ocrx_word' id='word_1_530' title='bbox 2265 1760 2346 1792; x_wconf 85' lang='lat' dir='ltr'>alius</span> <span class='ocrx_word' id='word_1_531' title='bbox 2374 1764 2420 1792; x_wconf 90' lang='lat' dir='ltr'>est</span> <span class='ocrx_word' id='word_1_532' title='bbox 2436 1769 2483 1791; x_wconf 73' lang='lat' dir='ltr'>Nota</span> 
     </span>
     <span class='ocr_line' id='line_1_86' title="bbox 1466 1813 2419 1854; baseline 0 -10"><span class='ocrx_word' id='word_1_533' title='bbox 1466 1813 1580 1845; x_wconf 83' lang='lat' dir='ltr'>modus</span> <span class='ocrx_word' id='word_1_534' title='bbox 1604 1813 1793 1849; x_wconf 74' lang='lat' dir='ltr'>affectionis,</span> <span class='ocrx_word' id='word_1_535' title='bbox 1817 1822 1880 1854; x_wconf 90' lang='lat' dir='ltr'>quo</span> <span class='ocrx_word' id='word_1_536' title='bbox 1912 1813 2072 1854; x_wconf 86' lang='lat' dir='ltr'>diligenda</span> <span class='ocrx_word' id='word_1_537' title='bbox 2103 1816 2150 1845; x_wconf 86' lang='lat' dir='ltr'>est</span> <span class='ocrx_word' id='word_1_538' title='bbox 2182 1822 2288 1851; x_wconf 72' lang='lat' dir='ltr'>mcor,</span> <span class='ocrx_word' id='word_1_539' title='bbox 2321 1813 2419 1852; x_wconf 86' lang='lat' dir='ltr'>alius,</span> 
     </span>
     <span class='ocr_line' id='line_1_87' title="bbox 1466 1865 2423 1907; baseline 0 -10"><span class='ocrx_word' id='word_1_540' title='bbox 1466 1875 1528 1907; x_wconf 91' lang='lat' dir='ltr'>quo</span> <span class='ocrx_word' id='word_1_541' title='bbox 1553 1865 1712 1906; x_wconf 88' lang='lat' dir='ltr'>diligenda</span> <span class='ocrx_word' id='word_1_542' title='bbox 1736 1869 1783 1898; x_wconf 90' lang='lat' dir='ltr'>est</span> <span class='ocrx_word' id='word_1_543' title='bbox 1806 1875 1923 1903; x_wconf 54' lang='lat' dir='ltr'>sorem</span> <span class='ocrx_word' id='word_1_544' title='bbox 1946 1870 1976 1898; x_wconf 85' lang='lat' dir='ltr'>et</span> <span class='ocrx_word' id='word_1_545' title='bbox 2000 1866 2070 1898; x_wconf 92' lang='lat' dir='ltr'>ideo</span> <span class='ocrx_word' id='word_1_546' title='bbox 2094 1865 2271 1898; x_wconf 83' lang='lat' dir='ltr'>coniunctio</span> <span class='ocrx_word' id='word_1_547' title='bbox 2288 1866 2423 1898; x_wconf 88' lang='lat' dir='ltr'>affectio-</span> 
     </span>
     <span class='ocr_line' id='line_1_88' title="bbox 1466 1918 2423 1960; baseline 0 -10"><span class='ocrx_word' id='word_1_548' title='bbox 1466 1919 1513 1950; x_wconf 87' lang='lat' dir='ltr'>nis</span> <span class='ocrx_word' id='word_1_549' title='bbox 1537 1918 1690 1950; x_wconf 87' lang='lat' dir='ltr'>naturalis</span> <span class='ocrx_word' id='word_1_550' title='bbox 1716 1922 1871 1960; x_wconf 84' lang='lat' dir='ltr'>repugnat</span> <span class='ocrx_word' id='word_1_551' title='bbox 1895 1919 2026 1960; x_wconf 83' lang='lat' dir='ltr'>copulae</span> <span class='ocrx_word' id='word_1_552' title='bbox 2051 1919 2291 1951; x_wconf 76' lang='lat' dir='ltr'>matrimoniali:</span> <span class='ocrx_word' id='word_1_553' title='bbox 2323 1928 2397 1960; x_wconf 83' lang='lat' dir='ltr'>ergo</span> <span class='ocrx_word' id='word_1_554' title='bbox 2412 1919 2423 1934; x_wconf 69' lang='lat'><strong>⁶</strong></span> 
     </span>
     <span class='ocr_line' id='line_1_89' title="bbox 1466 1972 2445 2015; baseline 0 -11"><span class='ocrx_word' id='word_1_555' title='bbox 1466 1972 1490 2004; x_wconf 88' lang='lat' dir='ltr'>si</span> <span class='ocrx_word' id='word_1_556' title='bbox 1516 1972 1683 2013; x_wconf 86' lang='lat' dir='ltr'>copuletur</span> <span class='ocrx_word' id='word_1_557' title='bbox 1707 1981 1762 2013; x_wconf 87' lang='lat' dir='ltr'>per</span> <span class='ocrx_word' id='word_1_558' title='bbox 1787 1972 1959 2004; x_wconf 79' lang='lat' dir='ltr'>affectionis</span> <span class='ocrx_word' id='word_1_559' title='bbox 1986 1973 2165 2011; x_wconf 84' lang='lat' dir='ltr'>vinculum,</span> <span class='ocrx_word' id='word_1_560' title='bbox 2185 1982 2243 2004; x_wconf 88' lang='lat' dir='ltr'>non</span> <span class='ocrx_word' id='word_1_561' title='bbox 2263 1973 2445 2015; x_wconf 45' lang='lat' dir='ltr'>sequitur„</span> 
     </span>
     <span class='ocr_line' id='line_1_90' title="bbox 1466 2018 2465 2065; baseline 0.001 -10"><span class='ocrx_word' id='word_1_562' title='bbox 1466 2023 1551 2065; x_wconf 86' lang='lat' dir='ltr'>quod</span> <span class='ocrx_word' id='word_1_563' title='bbox 1576 2023 1688 2055; x_wconf 82' lang='lat' dir='ltr'>debeat</span> <span class='ocrx_word' id='word_1_564' title='bbox 1712 2024 1852 2065; x_wconf 84' lang='lat' dir='ltr'>copulari</span> <span class='ocrx_word' id='word_1_565' title='bbox 1879 2033 1936 2065; x_wconf 92' lang='lat' dir='ltr'>per</span> <span class='ocrx_word' id='word_1_566' title='bbox 1960 2024 2205 2056; x_wconf 82' lang='lat' dir='ltr'>matrimonium.</span> <span class='ocrx_word' id='word_1_567' title='bbox 2449 2018 2465 2026; x_wconf 59' lang='lat'>„-</span> 
     </span>
    </p>

    <p class='ocr_par' dir='ltr' id='par_1_22' title="bbox 1466 2075 2483 2487">
     <span class='ocr_line' id='line_1_91' title="bbox 1555 2075 2422 2118; baseline 0.001 -11"><span class='ocrx_word' id='word_1_568' title='bbox 1555 2075 1583 2107; x_wconf 79' lang='lat'>3.</span> <span class='ocrx_word' id='word_1_569' title='bbox 1609 2076 1651 2108; x_wconf 80' lang='lat' dir='ltr'>Ad</span> <span class='ocrx_word' id='word_1_570' title='bbox 1678 2076 1757 2108; x_wconf 88' lang='lat' dir='ltr'>illud</span> <span class='ocrx_word' id='word_1_571' title='bbox 1782 2076 1864 2118; x_wconf 87' lang='lat' dir='ltr'>quod</span> <span class='ocrx_word' id='word_1_572' title='bbox 1891 2077 2055 2114; x_wconf 86' lang='lat' dir='ltr'>obiicitur,</span> <span class='ocrx_word' id='word_1_573' title='bbox 2080 2077 2164 2118; x_wconf 88' lang='lat' dir='ltr'>quod</span> <span class='ocrx_word' id='word_1_574' title='bbox 2189 2081 2302 2108; x_wconf 87' lang='lat' dir='ltr'>natura</span> <span class='ocrx_word' id='word_1_575' title='bbox 2327 2077 2422 2108; x_wconf 80' lang='lat' dir='ltr'>firmi-</span> 
     </span>
     <span class='ocr_line' id='line_1_92' title="bbox 1468 2129 2421 2171; baseline 0.001 -11"><span class='ocrx_word' id='word_1_576' title='bbox 1468 2133 1561 2161; x_wconf 88' lang='lat' dir='ltr'>tatem</span> <span class='ocrx_word' id='word_1_577' title='bbox 1587 2132 1725 2170; x_wconf 85' lang='lat' dir='ltr'>praestat</span> <span class='ocrx_word' id='word_1_578' title='bbox 1753 2129 1878 2161; x_wconf 84' lang='lat' dir='ltr'>vinculo</span> <span class='ocrx_word' id='word_1_579' title='bbox 1911 2130 2097 2167; x_wconf 68' lang='lat' dir='ltr'>voluntatisg</span> <span class='ocrx_word' id='word_1_580' title='bbox 2123 2129 2309 2168; x_wconf 84' lang='lat' dir='ltr'>dicendum,</span> <span class='ocrx_word' id='word_1_581' title='bbox 2335 2130 2421 2171; x_wconf 86' lang='lat' dir='ltr'>quod</span> 
     </span>
     <span class='ocr_line' id='line_1_93' title="bbox 1467 2182 2483 2223; baseline -0.001 -10"><span class='ocrx_word' id='word_1_582' title='bbox 1467 2190 1579 2213; x_wconf 88' lang='lat' dir='ltr'>verum</span> <span class='ocrx_word' id='word_1_583' title='bbox 1604 2185 1667 2219; x_wconf 87' lang='lat' dir='ltr'>est,</span> <span class='ocrx_word' id='word_1_584' title='bbox 1692 2182 1747 2213; x_wconf 90' lang='lat' dir='ltr'>ubi</span> <span class='ocrx_word' id='word_1_585' title='bbox 1763 2182 1772 2196; x_wconf 90' lang='lat'><strong>⁷</strong></span> <span class='ocrx_word' id='word_1_586' title='bbox 1798 2182 1919 2214; x_wconf 80' lang='lat' dir='ltr'>affectio</span> <span class='ocrx_word' id='word_1_587' title='bbox 1944 2182 2121 2213; x_wconf 84' lang='lat' dir='ltr'>voluntaria</span> <span class='ocrx_word' id='word_1_588' title='bbox 2146 2182 2185 2214; x_wconf 83' lang='lat' dir='ltr'>ad</span> <span class='ocrx_word' id='word_1_589' title='bbox 2209 2182 2237 2213; x_wconf 91' lang='lat' dir='ltr'>id</span> <span class='ocrx_word' id='word_1_590' title='bbox 2264 2182 2420 2223; x_wconf 89' lang='lat' dir='ltr'>dirigitur,</span> <span class='ocrx_word' id='word_1_591' title='bbox 2437 2190 2483 2212; x_wconf 70' lang='lat' dir='ltr'>Nou</span> 
     </span>
     <span class='ocr_line' id='line_1_94' title="bbox 1466 2234 2422 2275; baseline 0 -10"><span class='ocrx_word' id='word_1_592' title='bbox 1466 2235 1506 2266; x_wconf 88' lang='lat' dir='ltr'>ad</span> <span class='ocrx_word' id='word_1_593' title='bbox 1531 2234 1615 2275; x_wconf 86' lang='lat' dir='ltr'>quod</span> <span class='ocrx_word' id='word_1_594' title='bbox 1642 2234 1768 2266; x_wconf 87' lang='lat' dir='ltr'>inclinat</span> <span class='ocrx_word' id='word_1_595' title='bbox 1792 2238 1923 2272; x_wconf 79' lang='lat' dir='ltr'>natura;</span> <span class='ocrx_word' id='word_1_596' title='bbox 1956 2239 1986 2266; x_wconf 91' lang='lat' dir='ltr'>et</span> <span class='ocrx_word' id='word_1_597' title='bbox 2018 2235 2164 2275; x_wconf 88' lang='lat' dir='ltr'>quoniam</span> <span class='ocrx_word' id='word_1_598' title='bbox 2199 2238 2312 2266; x_wconf 87' lang='lat' dir='ltr'>natura</span> <span class='ocrx_word' id='word_1_599' title='bbox 2343 2234 2422 2266; x_wconf 88' lang='lat' dir='ltr'>hene</span> 
     </span>
     <span class='ocr_line' id='line_1_95' title="bbox 1466 2286 2423 2325; baseline 0.001 -8"><span class='ocrx_word' id='word_1_600' title='bbox 1466 2286 1610 2318; x_wconf 84' lang='lat' dir='ltr'>ordinata</span> <span class='ocrx_word' id='word_1_601' title='bbox 1634 2295 1695 2318; x_wconf 93' lang='lat' dir='ltr'>non</span> <span class='ocrx_word' id='word_1_602' title='bbox 1721 2286 1849 2318; x_wconf 88' lang='lat' dir='ltr'>inclinat</span> <span class='ocrx_word' id='word_1_603' title='bbox 1872 2287 1910 2318; x_wconf 85' lang='lat' dir='ltr'>ad</span> <span class='ocrx_word' id='word_1_604' title='bbox 1936 2287 2114 2319; x_wconf 88' lang='lat' dir='ltr'>coeundum</span> <span class='ocrx_word' id='word_1_605' title='bbox 2140 2295 2211 2318; x_wconf 89' lang='lat' dir='ltr'>cum</span> <span class='ocrx_word' id='word_1_606' title='bbox 2243 2295 2368 2325; x_wconf 86' lang='lat' dir='ltr'>sorore,</span> <span class='ocrx_word' id='word_1_607' title='bbox 2392 2289 2423 2318; x_wconf 86' lang='lat' dir='ltr'>et</span> 
     </span>
     <span class='ocr_line' id='line_1_96' title="bbox 1468 2339 2423 2381; baseline 0.001 -11"><span class='ocrx_word' id='word_1_608' title='bbox 1468 2339 1589 2371; x_wconf 84' lang='lat' dir='ltr'>affectio</span> <span class='ocrx_word' id='word_1_609' title='bbox 1615 2339 1855 2372; x_wconf 87' lang='lat' dir='ltr'>matrimonialis</span> <span class='ocrx_word' id='word_1_610' title='bbox 1877 2340 2004 2371; x_wconf 83' lang='lat' dir='ltr'>inclinat</span> <span class='ocrx_word' id='word_1_611' title='bbox 2020 2340 2057 2371; x_wconf 89' lang='lat' dir='ltr'>ad</span> <span class='ocrx_word' id='word_1_612' title='bbox 2078 2340 2329 2381; x_wconf 86' lang='lat' dir='ltr'>cognoscendum</span> <span class='ocrx_word' id='word_1_613' title='bbox 2347 2349 2423 2371; x_wconf 83' lang='lat' dir='ltr'>uxo-</span> 
     </span>
     <span class='ocr_line' id='line_1_97' title="bbox 1467 2393 2423 2435; baseline 0 -11"><span class='ocrx_word' id='word_1_614' title='bbox 1467 2401 1551 2425; x_wconf 86' lang='lat' dir='ltr'>rem:</span> <span class='ocrx_word' id='word_1_615' title='bbox 1580 2393 1653 2425; x_wconf 90' lang='lat' dir='ltr'>hinc</span> <span class='ocrx_word' id='word_1_616' title='bbox 1677 2396 1740 2432; x_wconf 89' lang='lat' dir='ltr'>est,</span> <span class='ocrx_word' id='word_1_617' title='bbox 1765 2393 1849 2435; x_wconf 87' lang='lat' dir='ltr'>quod</span> <span class='ocrx_word' id='word_1_618' title='bbox 1876 2393 2029 2425; x_wconf 89' lang='lat' dir='ltr'>naturalis</span> <span class='ocrx_word' id='word_1_619' title='bbox 2054 2393 2175 2425; x_wconf 87' lang='lat' dir='ltr'>affectio</span> <span class='ocrx_word' id='word_1_620' title='bbox 2198 2402 2258 2425; x_wconf 89' lang='lat' dir='ltr'>non</span> <span class='ocrx_word' id='word_1_621' title='bbox 2286 2396 2423 2434; x_wconf 86' lang='lat' dir='ltr'>praestat</span> 
     </span>
     <span class='ocr_line' id='line_1_98' title="bbox 1468 2445 2387 2487; baseline 0 -10"><span class='ocrx_word' id='word_1_622' title='bbox 1468 2445 1618 2478; x_wconf 87' lang='lat' dir='ltr'>voluntati</span> <span class='ocrx_word' id='word_1_623' title='bbox 1645 2445 1882 2483; x_wconf 78' lang='lat' dir='ltr'>fulcimentum,</span> <span class='ocrx_word' id='word_1_624' title='bbox 1908 2445 1961 2478; x_wconf 86' lang='lat' dir='ltr'>sed</span> <span class='ocrx_word' id='word_1_625' title='bbox 1988 2446 2092 2487; x_wconf 88' lang='lat' dir='ltr'>potius</span> <span class='ocrx_word' id='word_1_626' title='bbox 2117 2445 2387 2486; x_wconf 87' lang='lat' dir='ltr'>impedimentum.</span> 
     </span>
    </p>

    <p class='ocr_par' dir='ltr' id='par_1_23' title="bbox 1467 2498 2478 2856">
     <span class='ocr_line' id='line_1_99' title="bbox 1556 2498 2422 2540; baseline 0 -11"><span class='ocrx_word' id='word_1_627' title='bbox 1556 2499 1586 2530; x_wconf 69' lang='lat' dir='ltr'>lt.</span> <span class='ocrx_word' id='word_1_628' title='bbox 1612 2498 1655 2530; x_wconf 77' lang='lat' dir='ltr'>Ad</span> <span class='ocrx_word' id='word_1_629' title='bbox 1679 2498 1757 2529; x_wconf 91' lang='lat' dir='ltr'>illud</span> <span class='ocrx_word' id='word_1_630' title='bbox 1784 2498 1866 2540; x_wconf 90' lang='lat' dir='ltr'>quod</span> <span class='ocrx_word' id='word_1_631' title='bbox 1893 2498 2057 2536; x_wconf 84' lang='lat' dir='ltr'>obiicitur,</span> <span class='ocrx_word' id='word_1_632' title='bbox 2075 2498 2158 2539; x_wconf 89' lang='lat' dir='ltr'>quod</span> <span class='ocrx_word' id='word_1_633' title='bbox 2184 2507 2244 2529; x_wconf 86' lang='lat' dir='ltr'>non</span> <span class='ocrx_word' id='word_1_634' title='bbox 2269 2502 2422 2539; x_wconf 88' lang='lat' dir='ltr'>repugnat</span> 
     </span>
     <span class='ocr_line' id='line_1_100' title="bbox 1467 2550 2422 2592; baseline 0 -10"><span class='ocrx_word' id='word_1_635' title='bbox 1467 2551 1559 2583; x_wconf 87' lang='lat' dir='ltr'>alicui</span> <span class='ocrx_word' id='word_1_636' title='bbox 1587 2551 1667 2583; x_wconf 88' lang='lat' dir='ltr'>hono</span> <span class='ocrx_word' id='word_1_637' title='bbox 1692 2551 1900 2588; x_wconf 78' lang='lat' dir='ltr'>matrimonii3</span> <span class='ocrx_word' id='word_1_638' title='bbox 1926 2550 2113 2589; x_wconf 86' lang='lat' dir='ltr'>dicendum,</span> <span class='ocrx_word' id='word_1_639' title='bbox 2138 2550 2221 2592; x_wconf 90' lang='lat' dir='ltr'>quod</span> <span class='ocrx_word' id='word_1_640' title='bbox 2253 2550 2311 2582; x_wconf 88' lang='lat' dir='ltr'>hoc</span> <span class='ocrx_word' id='word_1_641' title='bbox 2344 2550 2422 2582; x_wconf 84' lang='lat' dir='ltr'>solvi</span> 
     </span>
     <span class='ocr_line' id='line_1_101' title="bbox 1467 2603 2421 2645; baseline -0.001 -9"><span class='ocrx_word' id='word_1_642' title='bbox 1467 2608 1569 2645; x_wconf 82' lang='lat' dir='ltr'>potest</span> <span class='ocrx_word' id='word_1_643' title='bbox 1600 2614 1661 2645; x_wconf 77' lang='lat' dir='ltr'>per</span> <span class='ocrx_word' id='word_1_644' title='bbox 1697 2604 1975 2645; x_wconf 67' lang='lat' dir='ltr'>oitei-emptionem</span> <span class='ocrx_word' id='word_1_645' title='bbox 1998 2604 2028 2641; x_wconf 81' lang='lat'>⁸,</span> <span class='ocrx_word' id='word_1_646' title='bbox 2064 2604 2212 2645; x_wconf 81' lang='lat' dir='ltr'>quoniam</span> <span class='ocrx_word' id='word_1_647' title='bbox 2254 2603 2421 2644; x_wconf 70' lang='lat' dir='ltr'>Gregorius</span> 
     </span>
     <span class='ocr_line' id='line_1_102' title="bbox 1467 2655 2419 2698; baseline -0.002 -9"><span class='ocrx_word' id='word_1_648' title='bbox 1467 2657 1558 2694; x_wconf 82' lang='lat' dir='ltr'>dicit,</span> <span class='ocrx_word' id='word_1_649' title='bbox 1576 2657 1659 2698; x_wconf 89' lang='lat' dir='ltr'>quod</span> <span class='ocrx_word' id='word_1_650' title='bbox 1684 2657 1928 2698; x_wconf 84' lang='lat' dir='ltr'>«experimento</span> <span class='ocrx_word' id='word_1_651' title='bbox 1953 2656 2078 2694; x_wconf 72' lang='lat' dir='ltr'>didicit.</span> <span class='ocrx_word' id='word_1_652' title='bbox 2096 2665 2134 2688; x_wconf 85' lang='lat' dir='ltr'>ex</span> <span class='ocrx_word' id='word_1_653' title='bbox 2155 2656 2205 2687; x_wconf 84' lang='lat' dir='ltr'>tali</span> <span class='ocrx_word' id='word_1_654' title='bbox 2224 2655 2337 2696; x_wconf 87' lang='lat' dir='ltr'>copula</span> <span class='ocrx_word' id='word_1_655' title='bbox 2358 2664 2419 2687; x_wconf 91' lang='lat' dir='ltr'>non</span> 
     </span>
     <span class='ocr_line' id='line_1_103' title="bbox 1467 2708 2478 2752; baseline -0.004 -10"><span class='ocrx_word' id='word_1_656' title='bbox 1467 2719 1557 2752; x_wconf 87' lang='lat' dir='ltr'>posse</span> <span class='ocrx_word' id='word_1_657' title='bbox 1579 2710 1717 2741; x_wconf 83' lang='lat' dir='ltr'>sobolem</span> <span class='ocrx_word' id='word_1_658' title='bbox 1743 2718 1986 2742; x_wconf 83' lang='lat' dir='ltr'>succrescere».</span> <span class='ocrx_word' id='word_1_659' title='bbox 2003 2709 2164 2741; x_wconf 83' lang='lat' dir='ltr'>-Potest</span> <span class='ocrx_word' id='word_1_660' title='bbox 2188 2712 2291 2740; x_wconf 86' lang='lat' dir='ltr'>tamen</span> <span class='ocrx_word' id='word_1_661' title='bbox 2316 2712 2346 2740; x_wconf 92' lang='lat' dir='ltr'>et</span> <span class='ocrx_word' id='word_1_662' title='bbox 2370 2708 2421 2740; x_wconf 86' lang='lat' dir='ltr'>ali-</span> <span class='ocrx_word' id='word_1_663' title='bbox 2434 2715 2478 2737; x_wconf 75' lang='lat' dir='ltr'>Alia</span> 
     </span>
     <span class='ocr_line' id='line_1_104' title="bbox 1468 2762 2420 2805; baseline -0.002 -10"><span class='ocrx_word' id='word_1_664' title='bbox 1468 2768 1514 2796; x_wconf 90' lang='lat' dir='ltr'>ter</span> <span class='ocrx_word' id='word_1_665' title='bbox 1532 2763 1607 2801; x_wconf 90' lang='lat' dir='ltr'>dici,</span> <span class='ocrx_word' id='word_1_666' title='bbox 1625 2763 1707 2805; x_wconf 88' lang='lat' dir='ltr'>quod</span> <span class='ocrx_word' id='word_1_667' title='bbox 1736 2763 1865 2804; x_wconf 89' lang='lat' dir='ltr'>impedit</span> <span class='ocrx_word' id='word_1_668' title='bbox 1891 2763 1991 2794; x_wconf 70' lang='lat' dir='ltr'>i‘naius</span> <span class='ocrx_word' id='word_1_669' title='bbox 2016 2763 2149 2801; x_wconf 85' lang='lat' dir='ltr'>bonum,</span> <span class='ocrx_word' id='word_1_670' title='bbox 2175 2762 2259 2803; x_wconf 91' lang='lat' dir='ltr'>quod</span> <span class='ocrx_word' id='word_1_671' title='bbox 2287 2765 2332 2794; x_wconf 88' lang='lat' dir='ltr'>est</span> <span class='ocrx_word' id='word_1_672' title='bbox 2358 2762 2420 2793; x_wconf 88' lang='lat' dir='ltr'>vin-</span> 
     </span>
     <span class='ocr_line' id='line_1_105' title="bbox 1467 2814 2420 2856; baseline -0.001 -9"><span class='ocrx_word' id='word_1_673' title='bbox 1467 2816 1575 2847; x_wconf 86' lang='lat' dir='ltr'>culum</span> <span class='ocrx_word' id='word_1_674' title='bbox 1601 2815 1778 2852; x_wconf 83' lang='lat' dir='ltr'>affinitatis,</span> <span class='ocrx_word' id='word_1_675' title='bbox 1803 2824 1894 2856; x_wconf 88' lang='lat' dir='ltr'>quae,</span> <span class='ocrx_word' id='word_1_676' title='bbox 1912 2815 2028 2847; x_wconf 80' lang='lat' dir='ltr'>exinde</span> <span class='ocrx_word' id='word_1_677' title='bbox 2052 2820 2219 2853; x_wconf 85' lang='lat' dir='ltr'>contracta,</span> <span class='ocrx_word' id='word_1_678' title='bbox 2237 2820 2283 2847; x_wconf 88' lang='lat' dir='ltr'>est</span> <span class='ocrx_word' id='word_1_679' title='bbox 2300 2814 2420 2847; x_wconf 88' lang='lat' dir='ltr'>occasio</span> 
     </span>
    </p>
   </div>
   <div class='ocr_carea' id='block_1_18' title="bbox 1141 2923 1663 2926">
    <p class='ocr_par' dir='ltr' id='par_1_24' title="bbox 1141 2923 1663 2926">
     <span class='ocr_line' id='line_1_106' title="bbox 1141 2923 1663 2926; baseline 0 0"><span class='ocrx_word' id='word_1_680' title='bbox 1141 2923 1663 2926; x_wconf 95' lang='lat' dir='ltr'> </span> 
     </span>
    </p>
   </div>
   <div class='ocr_carea' id='block_1_19' title="bbox 450 2988 1406 3417">
    <p class='ocr_par' dir='ltr' id='par_1_25' title="bbox 520 2988 957 3021">
     <span class='ocr_line' id='line_1_107' title="bbox 520 2988 957 3021; baseline 0.005 -9"><span class='ocrx_word' id='word_1_681' title='bbox 520 2988 527 3004; x_wconf 87' lang='lat'><strong>¹</strong></span> <span class='ocrx_word' id='word_1_682' title='bbox 552 2989 575 3013; x_wconf 87' lang='grc' dir='ltr'>1η</span> <span class='ocrx_word' id='word_1_683' title='bbox 597 2988 655 3013; x_wconf 71' lang='lat' dir='ltr'>cdd.</span> <span class='ocrx_word' id='word_1_684' title='bbox 677 2989 780 3013; x_wconf 77' lang='lat' dir='ltr'>additur</span> <span class='ocrx_word' id='word_1_685' title='bbox 799 2988 843 3014; x_wconf 73' lang='lat' dir='ltr'>sui</span> <span class='ocrx_word' id='word_1_686' title='bbox 860 2988 957 3021; x_wconf 65' lang='lat' dir='ltr'>prada.</span> 
     </span>
    </p>

    <p class='ocr_par' dir='ltr' id='par_1_26' title="bbox 450 3032 1402 3108">
     <span class='ocr_line' id='line_1_108' title="bbox 519 3032 1402 3064; baseline 0 -7"><span class='ocrx_word' id='word_1_687' title='bbox 519 3033 528 3048; x_wconf 57' lang='grc' dir='ltr'><em>Ξ</em></span> <span class='ocrx_word' id='word_1_688' title='bbox 548 3033 630 3058; x_wconf 73' lang='lat' dir='ltr'>(lodd.</span> <span class='ocrx_word' id='word_1_689' title='bbox 645 3033 661 3057; x_wconf 89' lang='lat' dir='ltr'>F</span> <span class='ocrx_word' id='word_1_690' title='bbox 672 3034 692 3057; x_wconf 79' lang='lat' dir='ltr'>G</span> <span class='ocrx_word' id='word_1_691' title='bbox 704 3034 712 3058; x_wconf 92' lang='lat'><em>1</em></span> <span class='ocrx_word' id='word_1_692' title='bbox 724 3033 741 3057; x_wconf 94' lang='lat' dir='ltr'>L</span> <span class='ocrx_word' id='word_1_693' title='bbox 753 3033 774 3057; x_wconf 93' lang='lat' dir='ltr'>V</span> <span class='ocrx_word' id='word_1_694' title='bbox 789 3040 817 3058; x_wconf 83' lang='lat' dir='ltr'>aa</span> <span class='ocrx_word' id='word_1_695' title='bbox 833 3033 996 3064; x_wconf 82' lang='lat' dir='ltr'>subiungunt</span> <span class='ocrx_word' id='word_1_696' title='bbox 1015 3034 1080 3063; x_wconf 77' lang='lat' dir='ltr'>tam,</span> <span class='ocrx_word' id='word_1_697' title='bbox 1101 3039 1131 3057; x_wconf 83' lang='lat' dir='ltr'>ex</span> <span class='ocrx_word' id='word_1_698' title='bbox 1152 3032 1248 3064; x_wconf 84' lang='lat' dir='ltr'>quibus</span> <span class='ocrx_word' id='word_1_699' title='bbox 1267 3033 1343 3058; x_wconf 87' lang='lat' dir='ltr'>codd.</span> <span class='ocrx_word' id='word_1_700' title='bbox 1355 3033 1372 3057; x_wconf 96' lang='lat' dir='ltr'>F</span> <span class='ocrx_word' id='word_1_701' title='bbox 1383 3034 1402 3058; x_wconf 93' lang='lat' dir='ltr'>G</span> 
     </span>
     <span class='ocr_line' id='line_1_109' title="bbox 450 3076 1144 3108; baseline -0.001 -6"><span class='ocrx_word' id='word_1_702' title='bbox 450 3078 556 3102; x_wconf 81' lang='lat' dir='ltr'>inferius</span> <span class='ocrx_word' id='word_1_703' title='bbox 576 3085 623 3108; x_wconf 82' lang='lat' dir='ltr'>pro</span> <span class='ocrx_word' id='word_1_704' title='bbox 644 3077 684 3103; x_wconf 73' lang='lat' dir='ltr'>rel</span> <span class='ocrx_word' id='word_1_705' title='bbox 703 3077 782 3103; x_wconf 75' lang='lat' dir='ltr'>etiam</span> <span class='ocrx_word' id='word_1_706' title='bbox 802 3077 961 3102; x_wconf 80' lang='lat' dir='ltr'>substituunt</span> <span class='ocrx_word' id='word_1_707' title='bbox 980 3078 1037 3102; x_wconf 76' lang='lat' dir='ltr'>tum</span> <span class='ocrx_word' id='word_1_708' title='bbox 1056 3076 1144 3101; x_wconf 72' lang='lat' dir='ltr'>etium.</span> 
     </span>
    </p>

    <p class='ocr_par' dir='ltr' id='par_1_27' title="bbox 450 3120 1403 3198">
     <span class='ocr_line' id='line_1_110' title="bbox 518 3120 1403 3153; baseline 0 -8"><span class='ocrx_word' id='word_1_709' title='bbox 518 3121 529 3137; x_wconf 80' lang='grc'><strong>3</strong></span> <span class='ocrx_word' id='word_1_710' title='bbox 550 3121 600 3146; x_wconf 76' lang='lat' dir='ltr'>Ct&#39;r.</span> <span class='ocrx_word' id='word_1_711' title='bbox 623 3129 701 3153; x_wconf 79' lang='lat' dir='ltr'>supro</span> <span class='ocrx_word' id='word_1_712' title='bbox 724 3122 747 3146; x_wconf 87' lang='lat' dir='ltr'>d.</span> <span class='ocrx_word' id='word_1_713' title='bbox 769 3122 810 3146; x_wconf 77' lang='lat'>37.</span> <span class='ocrx_word' id='word_1_714' title='bbox 831 3129 853 3146; x_wconf 82' lang='lat' dir='ltr'>a.</span> <span class='ocrx_word' id='word_1_715' title='bbox 875 3123 898 3146; x_wconf 78' lang='lat'>2.</span> <span class='ocrx_word' id='word_1_716' title='bbox 919 3129 943 3153; x_wconf 88' lang='lat' dir='ltr'>q.</span> <span class='ocrx_word' id='word_1_717' title='bbox 965 3122 988 3152; x_wconf 70' lang='lat'>⁴2,</span> <span class='ocrx_word' id='word_1_718' title='bbox 1008 3125 1033 3146; x_wconf 87' lang='lat' dir='ltr'>et</span> <span class='ocrx_word' id='word_1_719' title='bbox 1053 3121 1089 3146; x_wconf 95' lang='grc'>111.</span> <span class='ocrx_word' id='word_1_720' title='bbox 1116 3123 1184 3147; x_wconf 81' lang='lat' dir='ltr'>Sem.</span> <span class='ocrx_word' id='word_1_721' title='bbox 1205 3121 1231 3146; x_wconf 89' lang='lat' dir='ltr'>d.</span> <span class='ocrx_word' id='word_1_722' title='bbox 1260 3122 1301 3146; x_wconf 79' lang='lat'>29.</span> <span class='ocrx_word' id='word_1_723' title='bbox 1328 3128 1352 3153; x_wconf 84' lang='lat' dir='ltr'>q.</span> <span class='ocrx_word' id='word_1_724' title='bbox 1380 3120 1403 3145; x_wconf 76' lang='lat'>4.</span> 
     </span>
     <span class='ocr_line' id='line_1_111' title="bbox 450 3163 1379 3198; baseline 0.001 -9"><span class='ocrx_word' id='word_1_725' title='bbox 450 3179 483 3182; x_wconf 80' lang='lat'><strong>—</strong></span> <span class='ocrx_word' id='word_1_726' title='bbox 503 3165 608 3190; x_wconf 85' lang='lat' dir='ltr'>lnt&#39;crius</span> <span class='ocrx_word' id='word_1_727' title='bbox 628 3172 675 3196; x_wconf 86' lang='lat' dir='ltr'>pro</span> <span class='ocrx_word' id='word_1_728' title='bbox 696 3164 843 3197; x_wconf 73' lang='lat' dir='ltr'>vinculum,</span> <span class='ocrx_word' id='word_1_729' title='bbox 866 3164 937 3198; x_wconf 79' lang='lat' dir='ltr'>quod</span> <span class='ocrx_word' id='word_1_730' title='bbox 955 3165 1030 3190; x_wconf 87' lang='lat' dir='ltr'>codd.</span> <span class='ocrx_word' id='word_1_731' title='bbox 1052 3166 1068 3189; x_wconf 81' lang='lat' dir='ltr'>S</span> <span class='ocrx_word' id='word_1_732' title='bbox 1089 3165 1109 3189; x_wconf 87' lang='lat' dir='ltr'>T</span> <span class='ocrx_word' id='word_1_733' title='bbox 1129 3164 1301 3196; x_wconf 75' lang='lat' dir='ltr'>intellectum,</span> <span class='ocrx_word' id='word_1_734' title='bbox 1324 3163 1379 3198; x_wconf 80' lang='lat' dir='ltr'>qui.</span> 
     </span>
    </p>

    <p class='ocr_par' dir='ltr' id='par_1_28' title="bbox 451 3207 1406 3330">
     <span class='ocr_line' id='line_1_112' title="bbox 523 3207 1404 3242; baseline 0 -8"><span class='ocrx_word' id='word_1_735' title='bbox 523 3209 532 3225; x_wconf 76' lang='lat'>⁴¹</span> <span class='ocrx_word' id='word_1_736' title='bbox 552 3210 582 3234; x_wconf 74' lang='lat' dir='ltr'>Ut</span> <span class='ocrx_word' id='word_1_737' title='bbox 602 3210 694 3234; x_wconf 85' lang='lat' dir='ltr'>dicitur</span> <span class='ocrx_word' id='word_1_738' title='bbox 714 3210 775 3234; x_wconf 70' lang='lat' dir='ltr'>Lev.</span> <span class='ocrx_word' id='word_1_739' title='bbox 797 3210 837 3241; x_wconf 78' lang='grc'>18,</span> <span class='ocrx_word' id='word_1_740' title='bbox 858 3210 883 3234; x_wconf 90' lang='lat'>7.</span> <span class='ocrx_word' id='word_1_741' title='bbox 906 3217 978 3241; x_wconf 79' lang='lat' dir='ltr'>seqq.</span> <span class='ocrx_word' id='word_1_742' title='bbox 1001 3224 1033 3227; x_wconf 97' lang='lat'><strong>—</strong></span> <span class='ocrx_word' id='word_1_743' title='bbox 1054 3210 1179 3241; x_wconf 79' lang='lat' dir='ltr'>Superius</span> <span class='ocrx_word' id='word_1_744' title='bbox 1198 3216 1246 3240; x_wconf 84' lang='lat' dir='ltr'>pro</span> <span class='ocrx_word' id='word_1_745' title='bbox 1265 3208 1312 3242; x_wconf 78' lang='lat' dir='ltr'>qui</span> <span class='ocrx_word' id='word_1_746' title='bbox 1334 3207 1404 3234; x_wconf 75' lang='lat' dir='ltr'>em&#39;m</span> 
     </span>
     <span class='ocr_line' id='line_1_113' title="bbox 451 3252 1406 3285; baseline 0.002 -10"><span class='ocrx_word' id='word_1_747' title='bbox 451 3252 525 3276; x_wconf 80' lang='lat' dir='ltr'>multi</span> <span class='ocrx_word' id='word_1_748' title='bbox 545 3253 622 3277; x_wconf 62' lang='lat' dir='ltr'>codd.</span> <span class='ocrx_word' id='word_1_749' title='bbox 642 3252 705 3285; x_wconf 75' lang='lat' dir='ltr'>quia</span> <span class='ocrx_word' id='word_1_750' title='bbox 731 3253 810 3284; x_wconf 71' lang='lat' dir='ltr'>emm,</span> <span class='ocrx_word' id='word_1_751' title='bbox 833 3254 898 3278; x_wconf 85' lang='lat' dir='ltr'>intcr</span> <span class='ocrx_word' id='word_1_752' title='bbox 924 3260 990 3285; x_wconf 88' lang='lat' dir='ltr'>quos</span> <span class='ocrx_word' id='word_1_753' title='bbox 1016 3253 1092 3278; x_wconf 86' lang='lat' dir='ltr'>codd.</span> <span class='ocrx_word' id='word_1_754' title='bbox 1112 3253 1130 3277; x_wconf 86' lang='lat' dir='ltr'>F</span> <span class='ocrx_word' id='word_1_755' title='bbox 1150 3253 1156 3277; x_wconf 96' lang='lat' dir='ltr'>l</span> <span class='ocrx_word' id='word_1_756' title='bbox 1176 3253 1325 3278; x_wconf 86' lang='lat' dir='ltr'>immediate</span> <span class='ocrx_word' id='word_1_757' title='bbox 1347 3255 1406 3284; x_wconf 83' lang='lat' dir='ltr'>post</span> 
     </span>
     <span class='ocr_line' id='line_1_114' title="bbox 453 3296 1015 3330; baseline 0.004 -10"><span class='ocrx_word' id='word_1_758' title='bbox 453 3302 499 3325; x_wconf 75' lang='lat' dir='ltr'>pro</span> <span class='ocrx_word' id='word_1_759' title='bbox 520 3296 653 3328; x_wconf 66' lang='lat' dir='ltr'>coquoscit</span> <span class='ocrx_word' id='word_1_760' title='bbox 671 3297 829 3322; x_wconf 82' lang='lat' dir='ltr'>substituunt</span> <span class='ocrx_word' id='word_1_761' title='bbox 847 3303 1015 3330; x_wconf 52' lang='lat' dir='ltr'>cognoscens.</span> 
     </span>
    </p>

    <p class='ocr_par' dir='ltr' id='par_1_29' title="bbox 452 3338 1403 3417">
     <span class='ocr_line' id='line_1_115' title="bbox 520 3338 1403 3373; baseline 0.002 -11"><span class='ocrx_word' id='word_1_762' title='bbox 520 3338 531 3354; x_wconf 83' lang='lat'><strong>⁵</strong></span> <span class='ocrx_word' id='word_1_763' title='bbox 550 3339 599 3363; x_wconf 85' lang='lat' dir='ltr'>Cfr.</span> <span class='ocrx_word' id='word_1_764' title='bbox 615 3340 639 3363; x_wconf 94' lang='lat' dir='ltr'>ll.</span> <span class='ocrx_word' id='word_1_765' title='bbox 660 3341 728 3365; x_wconf 60' lang='lat' dir='ltr'>Sem.</span> <span class='ocrx_word' id='word_1_766' title='bbox 750 3341 773 3365; x_wconf 88' lang='lat' dir='ltr'>d.</span> <span class='ocrx_word' id='word_1_767' title='bbox 797 3342 835 3365; x_wconf 81' lang='grc'>18.</span> <span class='ocrx_word' id='word_1_768' title='bbox 850 3349 872 3365; x_wconf 80' lang='grc' dir='ltr'>η.</span> <span class='ocrx_word' id='word_1_769' title='bbox 893 3342 911 3365; x_wconf 89' lang='grc'>1.</span> <span class='ocrx_word' id='word_1_770' title='bbox 926 3349 951 3373; x_wconf 85' lang='lat' dir='ltr'>q.</span> <span class='ocrx_word' id='word_1_771' title='bbox 972 3342 991 3366; x_wconf 85' lang='lat' dir='ltr'>t.</span> <span class='ocrx_word' id='word_1_772' title='bbox 1008 3356 1039 3359; x_wconf 91' lang='lat'>—</span> <span class='ocrx_word' id='word_1_773' title='bbox 1055 3341 1089 3366; x_wconf 88' lang='lat' dir='ltr'>De</span> <span class='ocrx_word' id='word_1_774' title='bbox 1103 3341 1190 3366; x_wconf 81' lang='lat' dir='ltr'>ultima</span> <span class='ocrx_word' id='word_1_775' title='bbox 1206 3347 1313 3373; x_wconf 83' lang='lat' dir='ltr'>propos.</span> <span class='ocrx_word' id='word_1_776' title='bbox 1329 3340 1403 3366; x_wconf 87' lang='lat' dir='ltr'>solut.</span> 
     </span>
     <span class='ocr_line' id='line_1_116' title="bbox 452 3381 1226 3417; baseline 0.008 -12"><span class='ocrx_word' id='word_1_777' title='bbox 452 3381 514 3405; x_wconf 65' lang='lat' dir='ltr'>vide</span> <span class='ocrx_word' id='word_1_778' title='bbox 533 3389 609 3412; x_wconf 81' lang='lat' dir='ltr'>supra</span> <span class='ocrx_word' id='word_1_779' title='bbox 631 3390 690 3414; x_wconf 79' lang='lat' dir='ltr'>pag.</span> <span class='ocrx_word' id='word_1_780' title='bbox 712 3384 769 3415; x_wconf 68' lang='lat'>825,</span> <span class='ocrx_word' id='word_1_781' title='bbox 791 3389 848 3409; x_wconf 82' lang='lat' dir='ltr'>nota</span> <span class='ocrx_word' id='word_1_782' title='bbox 870 3386 893 3410; x_wconf 83' lang='lat'>3.</span> <span class='ocrx_word' id='word_1_783' title='bbox 914 3385 991 3411; x_wconf 84' lang='lat' dir='ltr'>Modo</span> <span class='ocrx_word' id='word_1_784' title='bbox 1011 3388 1059 3410; x_wconf 82' lang='lat' dir='ltr'>stat</span> <span class='ocrx_word' id='word_1_785' title='bbox 1078 3392 1126 3417; x_wconf 89' lang='lat' dir='ltr'>pro</span> <span class='ocrx_word' id='word_1_786' title='bbox 1145 3391 1226 3411; x_wconf 72' lang='lat' dir='ltr'>nunc.</span> 
     </span>
    </p>
   </div>
   <div class='ocr_carea' id='block_1_20' title="bbox 1468 2987 2454 3410">
    <p class='ocr_par' dir='ltr' id='par_1_30' title="bbox 1468 2987 2448 3064">
     <span class='ocr_line' id='line_1_117' title="bbox 1537 2987 2419 3022; baseline -0.002 -8"><span class='ocrx_word' id='word_1_787' title='bbox 1537 2989 1548 3005; x_wconf 80' lang='lat'><strong>⁶</strong></span> <span class='ocrx_word' id='word_1_788' title='bbox 1569 2989 1616 3014; x_wconf 71' lang='lat' dir='ltr'>l&#39;ro</span> <span class='ocrx_word' id='word_1_789' title='bbox 1636 2995 1708 3022; x_wconf 68' lang='lat' dir='ltr'>erqo,</span> <span class='ocrx_word' id='word_1_790' title='bbox 1732 2988 1801 3020; x_wconf 85' lang='lat' dir='ltr'>quod</span> <span class='ocrx_word' id='word_1_791' title='bbox 1823 2987 1898 3013; x_wconf 79' lang='lat' dir='ltr'>codd.</span> <span class='ocrx_word' id='word_1_792' title='bbox 1920 2989 2091 3013; x_wconf 64' lang='lat' dir='ltr'>communitor</span> <span class='ocrx_word' id='word_1_793' title='bbox 2111 2989 2238 3019; x_wconf 75' lang='lat' dir='ltr'>omittunt,</span> <span class='ocrx_word' id='word_1_794' title='bbox 2255 2988 2311 3013; x_wconf 88' lang='lat' dir='ltr'>cod.</span> <span class='ocrx_word' id='word_1_795' title='bbox 2330 2988 2351 3013; x_wconf 76' lang='grc' dir='ltr'>Κ</span> <span class='ocrx_word' id='word_1_796' title='bbox 2372 2987 2391 3020; x_wconf 90' lang='lat' dir='ltr'>(l</span> <span class='ocrx_word' id='word_1_797' title='bbox 2405 2994 2419 3012; x_wconf 85' lang='lat' dir='ltr'>a</span> 
     </span>
     <span class='ocr_line' id='line_1_118' title="bbox 1468 3025 2448 3064; baseline 0 -7"><span class='ocrx_word' id='word_1_798' title='bbox 1468 3033 1581 3058; x_wconf 85' lang='lat' dir='ltr'>secunda</span> <span class='ocrx_word' id='word_1_799' title='bbox 1602 3035 1690 3064; x_wconf 82' lang='lat' dir='ltr'>manu)</span> <span class='ocrx_word' id='word_1_800' title='bbox 1710 3031 1787 3057; x_wconf 72' lang='lat' dir='ltr'>vnde.</span> <span class='ocrx_word' id='word_1_801' title='bbox 2444 3025 2448 3029; x_wconf 59' lang='grc'>’</span> 
     </span>
    </p>

    <p class='ocr_par' dir='ltr' id='par_1_31' title="bbox 1468 3076 2454 3195">
     <span class='ocr_line' id='line_1_119' title="bbox 1540 3076 2419 3108; baseline -0.001 -7"><span class='ocrx_word' id='word_1_802' title='bbox 1540 3077 1550 3092; x_wconf 88' lang='lat'><strong>⁷</strong></span> <span class='ocrx_word' id='word_1_803' title='bbox 1569 3077 1622 3101; x_wconf 80' lang='lat' dir='ltr'>Non</span> <span class='ocrx_word' id='word_1_804' title='bbox 1645 3078 1719 3108; x_wconf 80' lang='lat' dir='ltr'>pauci</span> <span class='ocrx_word' id='word_1_805' title='bbox 1741 3077 1816 3101; x_wconf 84' lang='lat' dir='ltr'>codd.</span> <span class='ocrx_word' id='word_1_806' title='bbox 1830 3076 1891 3107; x_wconf 76' lang='lat' dir='ltr'>nisi,</span> <span class='ocrx_word' id='word_1_807' title='bbox 1907 3083 2017 3108; x_wconf 87' lang='lat' dir='ltr'>quorum</span> <span class='ocrx_word' id='word_1_808' title='bbox 2033 3077 2202 3108; x_wconf 79' lang='lat' dir='ltr'>incongruum</span> <span class='ocrx_word' id='word_1_809' title='bbox 2217 3077 2350 3101; x_wconf 83' lang='lat' dir='ltr'>lectionem</span> <span class='ocrx_word' id='word_1_810' title='bbox 2365 3083 2419 3101; x_wconf 80' lang='lat' dir='ltr'>cor-</span> 
     </span>
     <span class='ocr_line' id='line_1_120' title="bbox 1468 3119 2454 3153; baseline -0.001 -8"><span class='ocrx_word' id='word_1_811' title='bbox 1468 3122 1528 3151; x_wconf 79' lang='lat' dir='ltr'>rlgit</span> <span class='ocrx_word' id='word_1_812' title='bbox 1547 3121 1605 3146; x_wconf 77' lang='lat' dir='ltr'>cod.</span> <span class='ocrx_word' id='word_1_813' title='bbox 1636 3121 1657 3145; x_wconf 72' lang='lat' dir='ltr'><strong>K</strong></span> <span class='ocrx_word' id='word_1_814' title='bbox 1679 3121 1695 3152; x_wconf 95' lang='lat' dir='ltr'>(l</span> <span class='ocrx_word' id='word_1_815' title='bbox 1717 3128 1730 3145; x_wconf 81' lang='lat' dir='ltr'>a</span> <span class='ocrx_word' id='word_1_816' title='bbox 1759 3121 1872 3145; x_wconf 77' lang='lat' dir='ltr'>secunda</span> <span class='ocrx_word' id='word_1_817' title='bbox 1902 3120 1992 3150; x_wconf 71' lang='lat' dir='ltr'>manu)</span> <span class='ocrx_word' id='word_1_818' title='bbox 2021 3120 2126 3151; x_wconf 69' lang='lat' dir='ltr'>legens:</span> <span class='ocrx_word' id='word_1_819' title='bbox 2147 3119 2218 3153; x_wconf 81' lang='lat' dir='ltr'>quod</span> <span class='ocrx_word' id='word_1_820' title='bbox 2244 3127 2338 3145; x_wconf 76' lang='lat' dir='ltr'>verum</span> <span class='ocrx_word' id='word_1_821' title='bbox 2366 3125 2418 3145; x_wconf 80' lang='lat' dir='ltr'>mm</span> <span class='ocrx_word' id='word_1_822' title='bbox 2451 3145 2454 3149; x_wconf 67' lang='grc'><strong>,</strong></span> 
     </span>
     <span class='ocr_line' id='line_1_121' title="bbox 1468 3163 1592 3195; baseline 0 -6"><span class='ocrx_word' id='word_1_823' title='bbox 1468 3165 1513 3195; x_wconf 76' lang='lat' dir='ltr'>est,</span> <span class='ocrx_word' id='word_1_824' title='bbox 1533 3163 1592 3189; x_wconf 72' lang='lat' dir='ltr'>izist&#39;.</span> 
     </span>
    </p>

    <p class='ocr_par' dir='ltr' id='par_1_32' title="bbox 1469 3207 2419 3410">
     <span class='ocr_line' id='line_1_122' title="bbox 1538 3207 2419 3239; baseline 0 -7"><span class='ocrx_word' id='word_1_825' title='bbox 1538 3207 1549 3224; x_wconf 75' lang='lat'>⁸</span> <span class='ocrx_word' id='word_1_826' title='bbox 1568 3208 1629 3233; x_wconf 82' lang='lat' dir='ltr'>Sive</span> <span class='ocrx_word' id='word_1_827' title='bbox 1648 3215 1695 3239; x_wconf 80' lang='lat' dir='ltr'>per</span> <span class='ocrx_word' id='word_1_828' title='bbox 1714 3209 1895 3239; x_wconf 63' lang='lat' dir='ltr'>negzitioiit‘n13</span> <span class='ocrx_word' id='word_1_829' title='bbox 1916 3208 1962 3232; x_wconf 84' lang='lat' dir='ltr'>cfr.</span> <span class='ocrx_word' id='word_1_830' title='bbox 1986 3211 2046 3233; x_wconf 88' lang='lat' dir='ltr'>lom.</span> <span class='ocrx_word' id='word_1_831' title='bbox 2068 3208 2083 3232; x_wconf 91' lang='grc'>1.</span> <span class='ocrx_word' id='word_1_832' title='bbox 2105 3215 2163 3239; x_wconf 80' lang='lat' dir='ltr'>pag.</span> <span class='ocrx_word' id='word_1_833' title='bbox 2191 3208 2232 3239; x_wconf 81' lang='lat'>87,</span> <span class='ocrx_word' id='word_1_834' title='bbox 2259 3210 2316 3233; x_wconf 85' lang='lat' dir='ltr'>nola</span> <span class='ocrx_word' id='word_1_835' title='bbox 2343 3207 2365 3232; x_wconf 70' lang='grc' dir='ltr'>Ιι.</span> <span class='ocrx_word' id='word_1_836' title='bbox 2385 3221 2419 3224; x_wconf 93' lang='grc'>-</span> 
     </span>
     <span class='ocr_line' id='line_1_123' title="bbox 1469 3250 2416 3284; baseline -0.001 -8"><span class='ocrx_word' id='word_1_837' title='bbox 1469 3251 1576 3276; x_wconf 80' lang='lat' dir='ltr'>Inferius</span> <span class='ocrx_word' id='word_1_838' title='bbox 1596 3258 1644 3283; x_wconf 85' lang='lat' dir='ltr'>pro</span> <span class='ocrx_word' id='word_1_839' title='bbox 1663 3258 1745 3284; x_wconf 76' lang='lat' dir='ltr'>quae,</span> <span class='ocrx_word' id='word_1_840' title='bbox 1767 3250 1863 3277; x_wconf 55' lang='lat' dir='ltr'>excinde</span> <span class='ocrx_word' id='word_1_841' title='bbox 1883 3251 1939 3276; x_wconf 88' lang='lat' dir='ltr'>cod.</span> <span class='ocrx_word' id='word_1_842' title='bbox 1961 3251 1980 3276; x_wconf 95' lang='lat' dir='ltr'>U</span> <span class='ocrx_word' id='word_1_843' title='bbox 2000 3251 2072 3284; x_wconf 78' lang='lat' dir='ltr'>quod</span> <span class='ocrx_word' id='word_1_844' title='bbox 2089 3250 2148 3277; x_wconf 69' lang='lat' dir='ltr'>inde</span> <span class='ocrx_word' id='word_1_845' title='bbox 2176 3252 2343 3277; x_wconf 74' lang='lat' dir='ltr'>contractum</span> <span class='ocrx_word' id='word_1_846' title='bbox 2371 3251 2416 3282; x_wconf 70' lang='lat' dir='ltr'>est,</span> 
     </span>
     <span class='ocr_line' id='line_1_124' title="bbox 1469 3295 2418 3329; baseline -0.001 -9"><span class='ocrx_word' id='word_1_847' title='bbox 1469 3295 1533 3328; x_wconf 77' lang='lat' dir='ltr'>quia</span> <span class='ocrx_word' id='word_1_848' title='bbox 1552 3295 1657 3327; x_wconf 62' lang='lat' dir='ltr'>exinde,</span> <span class='ocrx_word' id='word_1_849' title='bbox 1681 3297 1737 3321; x_wconf 78' lang='lat' dir='ltr'>Vnt.</span> <span class='ocrx_word' id='word_1_850' title='bbox 1759 3296 1823 3329; x_wconf 75' lang='lat' dir='ltr'>quia</span> <span class='ocrx_word' id='word_1_851' title='bbox 1842 3295 1946 3322; x_wconf 67' lang='lat' dir='ltr'>eoez‘nde.</span> <span class='ocrx_word' id='word_1_852' title='bbox 1970 3297 2027 3321; x_wconf 79' lang='lat' dir='ltr'>Post</span> <span class='ocrx_word' id='word_1_853' title='bbox 2047 3297 2185 3321; x_wconf 79' lang='lat' dir='ltr'>contracta</span> <span class='ocrx_word' id='word_1_854' title='bbox 2208 3296 2247 3321; x_wconf 74' lang='lat' dir='ltr'>est</span> <span class='ocrx_word' id='word_1_855' title='bbox 2270 3295 2346 3320; x_wconf 85' lang='lat' dir='ltr'>codd.</span> <span class='ocrx_word' id='word_1_856' title='bbox 2373 3295 2418 3319; x_wconf 87' lang='lat' dir='ltr'>FG</span> 
     </span>
     <span class='ocr_line' id='line_1_125' title="bbox 1469 3339 2417 3371; baseline -0.001 -7"><span class='ocrx_word' id='word_1_857' title='bbox 1469 3340 1567 3364; x_wconf 83' lang='lat' dir='ltr'>addunt</span> <span class='ocrx_word' id='word_1_858' title='bbox 1586 3341 1624 3371; x_wconf 76' lang='lat' dir='ltr'>et,</span> <span class='ocrx_word' id='word_1_859' title='bbox 1646 3341 1670 3364; x_wconf 87' lang='lat' dir='ltr'>in</span> <span class='ocrx_word' id='word_1_860' title='bbox 1691 3340 1750 3365; x_wconf 88' lang='lat' dir='ltr'>cod.</span> <span class='ocrx_word' id='word_1_861' title='bbox 1772 3340 1778 3364; x_wconf 96' lang='grc'>1</span> <span class='ocrx_word' id='word_1_862' title='bbox 1799 3339 1912 3365; x_wconf 82' lang='lat' dir='ltr'>secunda</span> <span class='ocrx_word' id='word_1_863' title='bbox 1942 3346 2035 3364; x_wconf 82' lang='lat' dir='ltr'>manus</span> <span class='ocrx_word' id='word_1_864' title='bbox 2059 3339 2195 3365; x_wconf 69' lang='lat' dir='ltr'>occasione</span> <span class='ocrx_word' id='word_1_865' title='bbox 2219 3339 2348 3365; x_wconf 87' lang='lat' dir='ltr'>substituit</span> <span class='ocrx_word' id='word_1_866' title='bbox 2371 3344 2417 3370; x_wconf 86' lang='lat' dir='ltr'>pro</span> 
     </span>
     <span class='ocr_line' id='line_1_126' title="bbox 1469 3390 1580 3410; baseline -0.018 0"><span class='ocrx_word' id='word_1_867' title='bbox 1469 3390 1580 3410; x_wconf 68' lang='lat' dir='ltr'>occa-sco.</span> 
     </span>
    </p>
   </div>
  </div>
 </body>
</html>
