2483 3882
702 243 797 276 DIST.
821 244 973 277 XXXVIII.
997 244 1080 277 ΛΒΤ.
1105 245 1124 276 Ι.
1149 245 1302 286 QUAEST.
1326 246 1358 278 ΙΙ.

47 329 205 364 Probatio
228 330 414 363 minoris-¹:
439 331 547 364 nullus
571 331 686 364 faciens
710 331 757 370 id,
780 332 820 364 ad
844 332 928 374 quod
953 335 994 365 te-

46 387 154 421 netur,
178 382 250 415 facit
273 383 411 422 malum;
435 384 491 416 sed
515 383 539 416 si
569 384 663 416 homo
686 384 844 426 obligatur
867 384 907 416 ad
932 393 994 416 ma-

46 436 111 469 lum
135 438 166 468 et
188 435 260 468 facit
284 436 419 475 malum,
436 436 508 468 facit
531 436 581 475 id,
597 437 637 469 ad
654 437 739 478 quod
756 440 895 470 tenetur:
918 446 993 479 ergo

45 488 159 522 faciens
184 488 301 520 malum
326 497 386 520 non
412 488 484 520 facit
509 489 638 520 malum.

396 601 637 625 CONCLUSIO.

51 698 175 736 Votum,
197 697 395 740 yeneraliter
420 698 587 740 loquendo,
612 702 657 730 esc
689 698 727 730 cle
751 697 802 730 liis
833 708 917 741 quote
948 699 994 731 ad

134 751 235 782 Deum
258 750 420 792 pertinent
443 754 471 782 et
493 749 627 792 faciunt
657 751 704 782 ad
733 750 894 788 salamim
917 751 993 783 sim-

126 802 258 844 pliciter
288 812 364 834 vero
395 806 424 834 et
450 803 588 844 proprie
611 807 656 834 est
680 803 718 834 de
741 802 793 835 liis
817 813 900 846 quae
917 813 993 845 pro-

130 859 257 887 movent
279 855 325 887 ad
346 855 487 887 salutem
511 855 603 888 ultra
625 859 750 888 statam
775 865 989 888 communem.

129 960 327 993 Ruspommo:
354 960 544 999 Dicendum,
569 961 653 1003 quod
680 964 787 993 votum
804 961 992 1003 generaliter

0 1017 25 1040 io·
41 1012 197 1054 loquendo
221 1015 267 1045 est
290 1012 329 1044 de
354 1012 403 1045 his
426 1021 507 1054 quae
530 1013 570 1045 ad
594 1013 694 1045 Deum
719 1013 876 1055 pertinent
901 1017 931 1045 et
951 1013 992 1045 fa-

41 1065 126 1099 ciunt
149 1065 188 1097 ad
219 1065 371 1104 salutem;
403 1065 586 1107 simpliciter
617 1074 693 1098 vero
725 1070 755 1098 et
785 1066 913 1108 proprie
945 1070 992 1099 est

41 1118 79 1151 de
103 1117 152 1150 his
184 1126 264 1159 quae
297 1122 483 1160 promovent
513 1118 553 1151 ad
586 1118 720 1151 salutem
752 1119 837 1151 ultra
872 1122 990 1151 statum

41 1179 250 1203 communem.
281 1170 367 1203 Unde
399 1180 618 1213 quaecumque
650 1175 725 1203 sunt
759 1171 850 1211 talia,
875 1172 992 1204 cadunt

41 1223 100 1255 sub
125 1226 211 1261 voto;
235 1232 315 1264 quae
339 1226 444 1255 autem
462 1223 511 1255 his
528 1224 670 1265 opposita
694 1227 784 1263 sunt,
802 1227 836 1256 ut
853 1233 933 1265 quae
950 1224 989 1256 ad

39 1275 238 1318 dispendium
271 1275 381 1308 salutis
413 1280 565 1318 vergunt,
590 1277 650 1309 sub
682 1280 753 1309 voto
784 1277 897 1310 cadere
929 1287 990 1310 non

0 1331 184 1370 :es-possunt,
210 1328 358 1370 quoniam
383 1332 489 1361 votum
508 1329 600 1361 debet
617 1330 734 1362 habere
751 1330 895 1369 comites,
912 1340 991 1372 quos

39 1380 135 1413 habet
159 1381 391 1419 iuramentum,
417 1381 533 1414 scilicet
557 1381 743 1419 veritatem,
768 1382 931 1415 iudicium
961 1386 991 1415 et

40 1432 201 1465 iustitiam
216 1433 236 1464 ².

127 1485 230 1517 Primo
254 1495 390 1528 namque
416 1495 541 1519 necesse
566 1490 630 1526 est,
654 1490 689 1519 ut
713 1487 743 1519 in
774 1496 810 1520 eo
835 1488 874 1520 sit
898 1488 990 1520 iusti-

0 1549 24 1565 π.
40 1538 105 1576 tia,
123 1538 240 1571 scilicet
263 1542 298 1571 ut
322 1539 401 1572 illud
426 1540 511 1581 quod
538 1543 680 1580 vovetur,
704 1544 822 1583 spectet
845 1541 885 1573 ad
910 1542 991 1574 salu-

40 1595 100 1624 tem
125 1595 155 1624 et
179 1592 218 1624 sit
242 1592 359 1624 bonum
384 1595 415 1625 et
439 1593 616 1625 honestum.
639 1613 682 1617 -—
706 1594 849 1627 Secundo
873 1598 919 1627 est
944 1595 991 1627 iu—

37 1640 182 1682 dicium,
206 1647 241 1676 ut
266 1653 383 1677 vovens
407 1645 578 1678 deliberate
603 1651 731 1685 voveat,
756 1656 817 1679 non
842 1647 990 1689 praecipi-

40 1700 150 1729 tanter.
176 1715 218 1720 ——
243 1697 362 1735 Tertio,
387 1698 471 1739 quod
501 1698 539 1730 sit
566 1698 595 1730 in
620 1707 656 1731 eo
687 1699 822 1737 veritas,
845 1704 880 1732 ut
905 1701 989 1742 quod

39 1748 172 1781 discrete
196 1752 226 1781 et
251 1749 332 1781 iuste
357 1749 458 1788 vovit,
485 1750 542 1782 hoc
567 1750 733 1791 persolvat.
756 1751 784 1782 Si
811 1760 886 1792 ergo
911 1752 988 1784 illud

39 1799 123 1843 Quod
148 1804 290 1840 vovetur,
315 1801 353 1834 ad
380 1802 603 1834 detrimentum
630 1803 765 1835 iustitiae
793 1803 903 1842 faciat,
927 1813 988 1836 non

36 1857 83 1887 est
108 1854 149 1886 ibi
175 1854 227 1886 lex
252 1855 313 1886 voti
340 1864 396 1887 uec
420 1855 585 1897 obligatio,
603 1855 657 1887 sed
683 1856 740 1897 ipsi
766 1859 837 1888 voto
861 1856 896 1888 fit
912 1857 990 1889 iniu-

36 1907 83 1939 ria
92 1919 100 1945 ;
124 1916 181 1940 nec
205 1911 252 1939 est
275 1907 423 1949 obligatio
447 1908 486 1940 ad
512 1908 723 1947 servandum,
748 1909 803 1941 sed
827 1910 932 1951 potius
949 1910 988 1942 ad

35 1959 259 2002 poenitendum
270 1986 278 1999 ,
303 1961 383 1993 sicut
408 1961 447 1993 de
464 1961 653 2008 conscientia
669 1970 802 1994 erronea
819 1962 987 1995 iudIcatur.

36 2010 214 2045 Secundum
241 2013 320 2045 hanc
337 2013 480 2054 regulam
498 2022 696 2046 communem
715 2014 920 2047 iudicandum
942 2018 989 2048 est

35 2065 74 2098 de
98 2065 148 2097 his
171 2074 252 2107 quae
276 2069 474 2107 quaeruntur
498 2066 528 2098 in
553 2066 689 2108 speciali.

126 2119 154 2150 1.
179 2118 267 2158 Quod
293 2119 374 2150 enim
400 2119 582 2161 quaeritur,
607 2123 716 2152 utrum
749 2123 857 2152 votum
886 2121 925 2153 sit
949 2121 988 2153 de

1 2169 127 2202 p-omni
149 2169 248 2208 bono,
274 2170 391 2203 scilicet
415 2171 572 2212 praecepti
597 2175 628 2204 et
652 2171 790 2211 consilii3
808 2172 987 2212 dicendum,

0 2214 4 2221 ’
36 2224 120 2265 quod
144 2227 271 2262 votum,
284 2224 421 2265 proprie
444 2223 639 2266 accipiendo³
657 2229 704 2257 est
721 2225 759 2258 de
783 2225 864 2257 bono
881 2235 988 2268 super-

36 2275 240 2317 erogationis,
258 2276 350 2318 larye
374 2279 495 2315 tamen,
514 2277 537 2309 si
556 2277 679 2309 dicatur
703 2287 922 2319 quaecumque
947 2282 987 2311 te-

36 2326 196 2367 stificatio,
220 2332 321 2370 potest
349 2337 417 2361 esse
446 2329 484 2361 de
514 2330 594 2361 bono
623 2331 791 2372 praecepti.
809 2350 852 2353 ——
873 2331 907 2363 Et
930 2340 987 2373 per

35 2380 94 2413 hoc
117 2384 224 2422 patent
247 2381 368 2414 obiecta
391 2382 430 2414 ad
456 2385 625 2424 utramque
648 2386 780 2424 partem.
799 2383 878 2416 Illud
902 2384 986 2416 enim

0 2443 20 2458 1¹·
35 2436 160 2472 votum,
184 2434 329 2475 quamvis
354 2444 414 2466 non
446 2435 486 2467 sit
516 2435 663 2477 obligatio
688 2436 727 2468 de
751 2445 849 2475 novo,
874 2440 921 2469 est
946 2440 987 2468 ta-

34 2495 105 2519 men
130 2486 304 2519 testisicatio
329 2485 543 2529 obligationis,
569 2497 631 2529 qua
663 2488 757 2520 homo
789 2497 848 2520 non
882 2489 984 2521 solum

33 2539 148 2573 fatetur
180 2549 212 2573 se
244 2540 435 2582 obligatum,
460 2541 513 2572 sed
547 2540 639 2573 etiam
674 2541 847 2583 complacet
871 2541 930 2573 sibi
954 2542 984 2574 in

33 2591 86 2624 illa
109 2592 314 2635 obligatione,
339 2596 369 2625 et
400 2591 548 2634 obligatio
582 2594 758 2625 necessaria
787 2593 821 2625 fit
844 2593 985 2626 volunta-

33 2645 119 2685 ria³3
143 2648 173 2678 et
197 2645 241 2678 sic
265 2645 355 2678 multi
381 2645 499 2678 faciunt
523 2645 562 2677 de
586 2645 770 2678 necessitate
795 2645 953 2678 virtutem.

123 2700 152 2731 2.
176 2698 220 2731 Ad
244 2698 324 2730 illud
349 2707 424 2730 vero
448 2698 532 2740 quod
558 2698 738 2740 quaeritur,
756 2703 865 2730 utrum
890 2698 929 2730 sit
946 2699 984 2731 de

36 2749 160 2782 minori
190 2750 291 2789 bono;
323 2750 510 2790 dicendum,
534 2751 619 2793 quod
652 2751 756 2783 minus
788 2751 906 2788 bonum
938 2755 985 2784 est

0 2809 19 2826 ⁰·
36 2801 202 2844 dupliciter
225 2802 440 2835 considerare:
468 2796 540 2835 unov
561 2803 672 2842 modo,
696 2806 790 2844 prout
822 2803 896 2836 dicit
927 2807 985 2836 sta-

36 2846 103 2887 tum
126 2855 281 2896 quendam
309 2855 446 2894 licitum3
470 2855 530 2887 alio
555 2855 666 2893 modo,
695 2859 788 2897 prout
823 2856 897 2888 dicit
924 2857 985 2898 pri-

106 3020 113 3037 1
135 3021 159 3046 ln
179 3023 314 3053 permultis
333 3022 409 3047 codd.
430 3022 610 3048 desiderantur
629 3023 709 3048 verba
729 3023 849 3049 nullus...
862 3024 985 3051 minoris.

104 3064 116 3081 ἲ
134 3065 221 3091 lerem.
243 3065 272 3097 4,
293 3067 322 3091 2:
342 3067 371 3092 Et
389 3066 502 3092 iurabis:
525 3067 594 3092 Vivit
619 3067 745 3092 Dominus
773 3069 797 3092 in
828 3069 934 3094 veritato
960 3074 985 3094 et

33 3108 59 3132 in
84 3108 178 3134 iudicio
203 3113 228 3135 et
252 3110 277 3134 in
301 3111 403 3136 iustitia.
423 3109 473 3135 Csr.
495 3110 530 3135 ΙΙΙ.
551 3111 619 3135 Sent.
639 3110 664 3135 d.
685 3112 726 3136 39.
746 3111 809 3136 dub.
825 3112 854 3136 ,1.
876 3126 908 3129 —
928 3113 983 3137 Mox

35 3157 82 3181 pro
101 3150 129 3177 in
148 3158 192 3184 eo,
220 3153 290 3185 quod
311 3153 387 3186 codd.
407 3154 579 3186 communiter
597 3155 731 3185 omittunt,
751 3154 808 3179 cod.
829 3155 850 3179 K
872 3154 891 3186 (l
911 3162 925 3180 a
944 3162 984 3181 se-
1012 3189 1013 3192 Ἴ

35 3194 119 3220 cunda
144 3200 238 3228 manu)
264 3196 306 3222 ibi.
327 3197 443 3222 Subinde
469 3200 528 3228 post
552 3196 666 3222 salutem
692 3197 751 3222 edd.
772 3198 877 3229 legunt:
898 3200 921 3223 et
946 3199 984 3225 sic

36 3236 132 3264 bomem
151 3240 190 3265 est
206 3241 231 3265 et
249 3239 397 3266 honestum.
417 3239 540 3266 Secundo
559 3246 662 3266 necesse
681 3241 726 3273 est,
749 3240 776 3266 ιή
796 3247 824 3266 eo
844 3248 898 3267 esse
917 3241 983 3268 iudi-

35 3280 115 3315 cium.
757 3314 759 3317 ,

106 3324 117 3341 ³
134 3326 196 3351 Edd.
216 3327 304 3352 verbis
323 3327 390 3352 male
410 3328 520 3352 inversis
539 3327 694 3353 voluntaria!
712 3327 743 3361 fzt
760 3328 920 3359 necessaria.
959 3340 963 3346 —

104 3367 115 3384 ⁴
135 3369 197 3404 Edd.
215 3376 263 3402 per
282 3369 483 3404 obliqationem,
506 3370 563 3396 cod.
583 3371 603 3395 A
623 3370 751 3403 oriqinali
769 3370 936 3404 obliyutz'one.

175 3421 203 3448 S.
222 3422 323 3448 Bomio.
343 3437 376 3441 —
397 3423 471 3448 Tom.
491 3423 533 3448 lV.

1945 248 2007 280 817

1059 333 1216 365 vationem
1239 334 1368 367 maioris
1391 334 1474 367 boni.
1499 335 1601 368 Primo
1625 336 1718 368 modo
1742 336 1862 368 licitum
1886 340 1933 369 est
1957 346 2006 369 vo·
2022 341 2157 365 Notandum·

1057 394 1131 418 vere
1164 386 1242 418 illud
1275 390 1421 429 respectu
1453 388 1545 427 mali,
1569 389 1643 430 quia
1675 392 1822 431 respectu
1853 389 1939 422 illius
1964 393 2010 422 est

1058 438 1194 479 quodam
1220 439 1313 471 modo
1337 439 1439 472 maius
1464 440 1591 473 bonum.
1617 441 1761 474 Secundo
1785 442 1898 481 modo,
1915 447 2010 485 prout

1058 491 1265 532 privatorium
1291 492 1418 525 maioris
1442 492 1532 532 boni,
1550 493 1668 526 licitum
1694 503 1754 526 non
1779 497 1842 533 est,
1859 504 1915 528 nec
1931 495 2007 528 obli-

1058 546 1150 583 gatur
1174 544 1245 585 quis
1268 544 1308 576 ad
1333 545 1543 584 servandum,
1568 546 1622 578 sed
1639 546 1679 578 ad
1704 547 1946 589 poenitenduin;
1970 553 2006 581 ut

1057 595 1083 627 si
1108 596 1178 637 quis
1201 601 1330 636 voveat,
1354 598 1436 639 quod
1463 598 1527 631 Deo
1552 599 1666 632 serviet
1690 603 1773 632 caste
1798 600 1828 632 in
1845 604 1927 633 statu
1945 610 2010 634 sae-

1058 647 1175 686 culari,
1192 651 1222 680 et
1243 658 1404 690 nunquam
1430 650 1624 691 ingredietur
1648 651 1848 693 religionem:
1867 653 2006 695 primum

1058 699 1175 731 bonum
1200 705 1246 732 est
1270 704 1300 733 et
1325 702 1461 740 licitum,
1486 703 1541 735 sed
1573 703 1604 735 in
1635 708 1789 745 quantum
1822 706 1925 747 privat
1948 710 2007 739 sta-

1059 754 1123 783 tum
1149 752 1310 792 altiorem,
1336 754 1478 786 illicitum
1503 759 1566 794 est,
1591 757 1665 798 quia
1689 758 1821 798 gratiam
1847 759 1900 791 Dei
1925 759 2007 791 duro

1057 804 1151 836 corde
1175 805 1316 846 repellit;
1341 809 1371 838 et
1396 807 1453 839 boc
1477 808 1570 840 estin
1596 809 1825 850 praeiudicium
1850 811 1960 844 salutis
1977 816 2007 844 et

1057 856 1087 887 in
1121 856 1354 898 derogationem
1386 859 1575 893 abundantis
1607 862 1752 895 iustitiae.
1777 882 1821 887 --
1846 864 1879 895 Et
1909 864 1942 896 si
1972 869 2006 896 tu

1057 908 1214 941 obiicias:
1233 910 1351 942 licitum
1370 915 1416 943 est
1441 912 1484 944 sic
1508 922 1585 951 esse,
1602 922 1677 955 ergo
1700 919 1730 947 et
1754 926 1867 948 vovere
1875 929 1887 955 ,·
1903 917 2004 950 dicen·
2020 920 2151 941 mandum-

1056 961 1149 1000 dum,
1173 962 1258 1003 quod
1283 962 1363 995 sicut
1388 963 1510 996 laudari
1535 974 1595 997 non
1620 970 1667 998 est
1684 968 1818 1008 malum,
1837 973 1938 1002 tamen
1957 979 2008 1012 ap-

1056 1017 1162 1055 petere
1187 1014 1312 1047 laudem
1337 1019 1384 1048 est
1408 1017 1545 1055 malum;
1563 1018 1606 1051 sic
1626 1019 1655 1050 in
1673 1020 1725 1051 tali
1744 1024 1827 1053 statu
1851 1031 1919 1055 esse
1944 1032 2005 1055 non

1056 1071 1103 1099 est
1127 1067 1261 1106 malum,
1286 1068 1340 1101 sed
1365 1069 1504 1111 obligare
1521 1079 1570 1109 se,
1588 1075 1623 1103 ut
1641 1081 1699 1104 non
1717 1074 1814 1114 possit
1837 1075 1876 1107 ad
1894 1076 2009 1108 melius

1055 1121 1239 1161 pervenire,
1261 1121 1448 1163 obligatione
1461 1122 1480 1161 ⁴,
1497 1132 1577 1164 quae
1599 1123 1653 1156 fiat
1676 1125 1755 1164 Deo,
1774 1126 1836 1159 Deo
1860 1127 2007 1161 iniuriam

1056 1172 1136 1205 facit.
1162 1173 1221 1205 Nec
1253 1177 1300 1206 est
1323 1174 1424 1207 simile
1456 1175 1495 1207 de
1519 1177 1735 1217 matrimonio,
1760 1179 1832 1220 quia
1864 1184 1910 1213 est
1933 1181 2009 1214 obli-

1056 1225 1138 1266 gatio
1159 1225 1238 1257 facta
1255 1226 1307 1258 alii
1324 1235 1491 1268 personae,
1508 1237 1589 1270 quae
1606 1233 1749 1263 contenta
1766 1235 1812 1264 est
1830 1232 1881 1265 illa
1897 1237 1927 1266 et
1944 1243 2004 1266 non

1055 1277 1179 1319 quaerit
1203 1278 1439 1319 perfectiorem3
1456 1280 1540 1313 Deus
1563 1285 1669 1314 autem
1694 1283 1761 1315 vult
1778 1293 1902 1327 semper
1919 1286 2003 1327 quod

1056 1329 1168 1362 melius
1193 1334 1249 1363 est.

1144 1382 1173 1414 3.
1198 1382 1241 1415 Ad
1266 1383 1343 1416 illud
1369 1386 1452 1427 quod
1478 1387 1641 1428 quaeritur
1665 1388 1704 1420 de
1729 1388 1944 1432 indifferenti,
1963 1391 2005 1423 di-

1055 1434 1189 1466 cendum
1201 1460 1208 1473 ,
1225 1436 1309 1477 quod
1327 1436 1506 1470 indifferens
1523 1442 1569 1470 est
1586 1440 1770 1481 dupliciter:
1788 1451 1902 1482 unum,
1919 1443 2003 1484 quod
2019 1447 2153 1495 Dffle‘ssffinisn‘

1055 1486 1252 1520 informabile
1276 1491 1323 1520 est
1347 1492 1433 1521 motu
1458 1494 1488 1522 et
1512 1491 1746 1525 circumstantia
1764 1493 1905 1533 virtutis,
1923 1496 2003 1528 sicut
2099 1489 2105 1494 ¹
2135 1489 2140 1495 ’

1055 1540 1219 1572 comedere
1243 1544 1273 1572 et
1296 1541 1470 1581 abstinere,
1494 1546 1524 1575 et
1549 1544 1606 1575 boc
1631 1548 1732 1586 potest
1758 1548 1882 1586 voveri;
1907 1548 2004 1587 aliud,

1055 1592 1137 1634 quod
1163 1593 1240 1624 nihil
1265 1593 1354 1632 facit,
1379 1598 1531 1636 quantum
1563 1600 1609 1629 est
1641 1598 1679 1630 de
1704 1607 1754 1637 se,
1779 1603 1813 1631 ut
1838 1600 1942 1633 levare
1966 1601 2006 1634 fe-

1055 1648 1174 1677 stucam
1201 1646 1247 1678 vel
1274 1646 1318 1678 ire
1342 1647 1381 1679 ad
1406 1652 1513 1689 prata,
1531 1653 1561 1681 et
1584 1650 1623 1682 de
1644 1651 1695 1682 tali
1723 1653 1849 1693 proprie
1874 1663 1934 1685 non
1959 1659 2006 1687 est

1054 1701 1181 1736 votum;
1206 1702 1236 1730 et
1264 1699 1287 1730 si
1313 1700 1383 1741 quis
1408 1701 1468 1733 tale
1500 1702 1574 1743 quid
1612 1707 1740 1743 voveat,
1765 1705 1879 1737 iudicio
1903 1711 2005 1746 caret,

1055 1750 1128 1791 quia
1151 1751 1227 1782 nibil
1255 1752 1433 1785 vovendum
1458 1757 1520 1795 est,
1547 1755 1606 1787 nisi
1643 1756 1727 1797 quod
1751 1757 1891 1791 creditur
1916 1760 2006 1792 ratio-

1054 1802 1200 1835 nabiliter
1223 1812 1291 1836 esse
1308 1809 1470 1846 acceptum
1496 1806 1568 1839 Deo.
1585 1808 1672 1840 Unde
1697 1808 1721 1840 si
1746 1809 1806 1842 tale
1831 1814 1939 1842 votum
1957 1821 2007 1843 vo-

1056 1858 1125 1886 veat
1148 1854 1236 1896 quis,
1261 1865 1321 1888 non
1355 1862 1402 1890 est
1434 1859 1623 1899 tenendum,
1648 1861 1703 1893 sed
1735 1864 2004 1896 commutandum.

1056 1907 1088 1939 Et
1112 1917 1168 1949 per
1192 1909 1251 1941 hoc
1275 1913 1359 1951 patet
1383 1914 1556 1954 utrumque
1579 1913 1747 1946 obiectum.

1142 1961 1171 1993 [ι.
1197 1961 1239 1993 Ad
1264 1962 1343 1994 illud
1369 1967 1475 1996 autem
1499 1966 1583 2006 quod
1609 1966 1755 1999 obiicitur
1783 1968 1822 2000 de
1846 1969 1945 2008 malo,
1963 1970 2004 2003 di·

1053 2013 1207 2052 cendum,
1225 2015 1308 2056 quod
1326 2015 1446 2057 aliquid
1469 2017 1663 2059 simpliciter
1680 2022 1726 2051 est
1742 2020 1861 2053 malum
1872 2034 1880 2059 3
1898 2025 1927 2054 et
1944 2022 2003 2055 hoc
2018 2025 2109 2072 Dupffifn
2123 2031 2166 2046 ¹¹1³·

1053 2065 1141 2097 nullo
1165 2067 1258 2099 modo
1282 2071 1383 2109 potest
1407 2069 1477 2111 quis
1502 2079 1633 2109 vovere,
1651 2075 1681 2103 et
1705 2072 1730 2104 si
1755 2077 1863 2112 vovet,
1888 2078 2005 2115 peccat,
2112 2067 2117 2072 ’

1053 2119 1107 2151 sed
1140 2129 1200 2151 non
1232 2121 1398 2162 obligatur.
1422 2122 1513 2155 Aliud
1538 2127 1601 2163 est,
1626 2125 1710 2166 quod
1742 2135 1805 2158 uno
1837 2136 1912 2159 casu
1937 2137 2006 2160 con-

1053 2172 1206 2213 tingente,
1231 2177 1331 2214 potest
1355 2183 1423 2207 esse
1447 2175 1582 2215 honum,
1606 2177 1667 2208 alio
1691 2187 1766 2210 casu
1790 2179 2003 2221 contingente,

1052 2228 1153 2265 potest
1166 2234 1234 2257 esse
1247 2225 1364 2258 malum
1378 2239 1385 2262 2
1401 2230 1431 2259 et
1445 2227 1503 2260 hoc
1515 2232 1617 2270 potest
1632 2230 1736 2262 voveri
1754 2231 1814 2263 sub
1827 2232 2003 2265 conditione

1052 2281 1182 2309 eventus
1195 2277 1288 2316 bom';
1305 2279 1417 2320 quodsi
1436 2284 1568 2313 vovetur
1585 2281 1619 2313 in
1637 2291 1762 2314 omnem
1776 2288 1922 2316 eventum
1937 2285 2003 2317 sine

1052 2330 1242 2368 conditione,
1260 2331 1465 2364 indiscretum
1483 2337 1529 2365 est
1553 2338 1659 2366 votum
1671 2360 1679 2373 ,
1696 2338 1725 2366 et
1743 2344 1804 2367 non
1820 2339 1945 2369 tenetur
1961 2337 2001 2369 ad

1051 2382 1128 2415 illud
1141 2383 1160 2414 ⁵.
1186 2402 1229 2406 —-
1253 2384 1341 2425 Quod
1366 2393 1441 2426 ergo
1469 2385 1616 2418 obiicitur
1647 2387 1686 2419 de
1718 2391 1789 2420 voto
1818 2389 1938 2430 Iephte,
1960 2390 2003 2422 di·
2017 2392 2115 2445 Dflpffiss?
2132 2393 2162 2415 ¹0·

1051 2434 1203 2474 cendum,
1229 2436 1314 2477 quod
1337 2436 1411 2478 quia
1434 2437 1519 2469 vovit
1543 2438 1577 2470 in
1610 2448 1735 2471 omnem
1760 2445 1925 2480 eventum,
1952 2452 2002 2475 vo·
2100 2435 2115 2440 ⁰

1051 2491 1118 2519 tum
1150 2487 1208 2520 fuit
1241 2488 1463 2528 indiscretum3
1488 2491 1541 2522 sed
1567 2494 1688 2531 tamen,
1713 2492 1787 2534 quia
1816 2493 1940 2526 devotio
1970 2498 2000 2527 et

1050 2539 1128 2573 tides
1154 2541 1266 2580 movit,
1290 2542 1346 2574 sed
1379 2542 1546 2575 indiscrete
1578 2544 1697 2583 emisit,
1722 2535 1818 2578 inde6
1847 2546 1910 2579 duo
1938 2547 2001 2580 fue-

1049 2596 1124 2625 runt
1148 2594 1178 2625 in
1215 2594 1275 2626 voti
1314 2595 1503 2627 emissione.-
1528 2605 1628 2628 unum
1658 2597 1834 2638 laudabile,
1863 2599 1998 2632 alterum

1049 2646 1272 2687 vituperabile;
1290 2647 1433 2680 similiter
1450 2648 1481 2680 in
1499 2649 1560 2680 voti
1578 2649 1760 2691 impletione
1776 2651 1840 2683 duo
1856 2652 2000 2692 fuerunt,

1048 2699 1165 2731 scilicet
1188 2699 1301 2741 fiyurct
1325 2703 1356 2732 et
1378 2698 1523 2746 factum,
1548 2704 1578 2733 et
1606 2701 1723 2734 factum
1755 2703 1813 2736 suit
1845 2705 2002 2747 vitupera-

1047 2751 1124 2797 bile,
1141 2752 1195 2789 sed
1220 2751 1322 2793 figura
1340 2752 1514 2786 laudabilis.
1533 2754 1691 2795 Quantum
1709 2764 1783 2797 ergo
1807 2757 1847 2789 ad
1872 2758 2000 2791 diversa

1049 2804 1081 2836 in
1109 2808 1179 2836 voto
1212 2805 1333 2846 leplite,
1359 2805 1545 2845 dicendum,
1570 2807 1654 2849 quod
1684 2808 1832 2841 laudatur
1861 2810 1900 2842 ab
1925 2812 2001 2853 Apo-

1050 2857 1128 2889 stolo
1152 2861 1181 2889 et
1206 2857 1430 2898 Hieronymo⁷,
1455 2859 1570 2891 scilicet
1602 2864 1754 2901 quantum
1780 2863 1819 2894 ad
1846 2863 1938 2895 fidem
1969 2869 2000 2896 et

1120 3026 1130 3042 5
1149 3026 1231 3058 Aliqui
1252 3026 1327 3051 codd.
1348 3027 1467 3052 omittunt
1486 3026 1521 3052 ud
1540 3026 1621 3059 illud,
1644 3028 1719 3053 codd.
1741 3029 1773 3053 W
1784 3029 1820 3054 bb
1841 3030 1946 3061 legunt:
1967 3032 1999 3056 te-

1048 3070 1137 3094 netur.
1158 3069 1199 3095 Ad
1218 3069 1286 3095 illud
1305 3069 1376 3102 quod
1394 3069 1524 3095 obiicitur.

1116 3111 1127 3128 ⁶
1147 3111 1229 3137 Codd.
1250 3116 1275 3137 et
1293 3113 1352 3138 edd.
1373 3113 1514 3144 incongrue
1533 3113 1617 3145 unde,
1641 3115 1688 3139 nisi
1707 3121 1766 3140 cum
1788 3116 1844 3141 cod.
1872 3117 1894 3141 V
1920 3124 1933 3142 a
1960 3124 1997 3143 re-

1048 3156 1159 3180 centiore
1180 3162 1257 3180 manu
1278 3159 1393 3187 correcto
1412 3161 1470 3187 post
1489 3156 1574 3182 emisit
1593 3158 1744 3189 suppleatur
1764 3158 1902 3185 laudatur.

1118 3199 1128 3215 ⁷
1149 3200 1213 3224 Vide
1232 3206 1309 3230 supra
1330 3207 1389 3231 pag.
1411 3201 1475 3231 Slfi,
1496 3205 1553 3226 nola
1575 3201 1647 3226 3.—
1661 3202 1695 3227 De
1716 3204 1851 3234 Augustini
1872 3206 1995 3230 sententia

1023 3242 1091 3275 Ἀθῐίκ
1112 3243 1159 3274 Qq.
1179 3244 1202 3267 in
1224 3243 1302 3268 ludic.
1324 3251 1347 3275 q.
1370 3243 1410 3268 49.
1437 3251 1461 3269 n.
1483 3244 1505 3269 4,
1530 3252 1602 3277 seqq.
1627 3249 1652 3271 et
1677 3247 1694 3272 l.
1716 3247 1765 3279 Qq.
1786 3255 1816 3272 ex
1841 3250 1921 3274 veteri
1949 3249 1995 3274 Τθ-

1047 3290 1119 3312 stam.
1140 3288 1217 3317 (inter
1236 3294 1315 3318 opera
1335 3289 1454 3320 August.)
1474 3296 1498 3321 q.
1514 3289 1555 3314 43.
1569 3290 1686 3322 Hieron.,
1700 3291 1717 3315 l.
1731 3292 1859 3321 adversus
1872 3293 1995 3319 lovinian.

1047 3336 1070 3354 n.
1092 3330 1140 3354 23:
1161 3330 1180 3353 Α
1200 3331 1330 3361 plerisque
1356 3331 1531 3357 Hebraeorum
1558 3334 1756 3364 reprelienditur
1781 3338 1854 3366 pater
1881 3335 1995 3369 [lephte]

1042 3374 1099 3406 >voti
1119 3375 1247 3403 temerarii
1267 3378 1313 3399 cte.

1807 3432 1852 3456 103
