2483 3882
0 829 49 851 inus.

0 1459 45 1481 ol.

0 1850 47 1866 mus-

0 2070 22 2086 ΓΙ-

0 2183 43 2204 113.

0 2279 43 2301 dus.

0 2665 44 2687 life-

0 2697 45 2718 pec-

882 259 1091 292 DISTINCTIO
1115 259 1209 292 XLIII.

470 345 538 375 CAP.
558 346 607 376 IV.

261 442 304 471 De
326 440 433 475 libris,
455 440 511 481 qui
530 445 601 471 tunc
622 441 808 480 aperientur.

140 536 225 567 Unde
247 537 276 566 in
299 536 421 566 Daniele
434 536 460 565 ¹:
487 537 622 567 Vetusius
644 536 765 567 dieram
787 537 881 572 sedit,
896 542 923 567 et
939 537 1015 568 libri

62 583 161 625 aperti
180 588 252 614 sant
272 592 374 614 coram
396 592 440 614 eo.
468 583 557 613 Libri
583 588 652 613 sunt
681 585 884 615 conscientiae
912 586 1013 623 siugu-

61 633 176 669 lorum,
198 640 276 670 quae
299 636 369 661 tunc
391 631 565 670 aperientur
587 631 662 660 aliis.
685 632 722 661 Et
737 635 808 661 tunc
824 632 1012 670 implebitur:

61 679 152 712 Nihil
171 680 332 714 occultum,
354 678 437 719 quod
456 688 519 709 non
544 678 702 709 reveletur.
725 680 910 710 Adveniente
932 681 1011 710 enim

61 737 178 760 summo
201 728 319 765 Indice,
341 736 398 757 non
421 727 518 757 solum
541 727 682 757 tenebrae
705 727 785 757 aeris
803 727 1014 758 illuminabun—

61 780 126 813 tur,
153 775 206 806 sed
236 776 323 806 etiam
352 773 527 804 abscondita
555 773 694 804 cordium
723 773 1012 812 manifestabantur.

69 824 209 854 «Virtute
232 824 321 861 igitur
347 823 449 853 divina
478 823 544 858 fiet,
566 826 599 852 ut
624 823 735 860 cuique
757 830 849 860 opera
871 830 943 859 sua,
965 822 1012 852 vel

62 872 140 902 bona
166 871 212 902 vel
245 871 343 908 mala,
365 875 473 901 cuncta
505 871 534 900 in
566 871 742 901 memoriam
775 874 956 900 revocentur
984 874 1013 900 et

62 920 169 950 mentis
191 920 300 950 intuitu
323 920 398 950 mira
420 919 574 949 celeritate
603 922 781 955 cernantur;
812 922 844 949 ut
873 922 1012 954 accuset,

61 968 107 998 vel
129 971 253 998 excuset
275 967 427 997 hominem
449 966 649 1002 conscientia,
672 974 768 1005 eaque
791 969 864 996 teste
893 966 1014 996 damne-

61 1020 125 1054 tur,
147 1016 194 1046 vel
216 1015 409 1046 salvetur2».

471 1128 538 1159 CAP.
562 1130 597 1160 V.

167 1240 208 1269 De
228 1239 377 1269 memoria
398 1239 578 1274 electorum,
600 1238 629 1268 εἰ
649 1243 719 1269 tanc
736 1238 904 1278 praeterita

430 1287 515 1317 mala
537 1291 640 1317 teneat.

139 1402 194 1431 Hic
215 1402 380 1440 quaeritur,
402 1405 502 1431 utrum
526 1401 630 1431 electis
660 1405 730 1432 tunc
759 1402 838 1432 adsit
866 1402 1010 1432 memoria

60 1450 305 1489 praecedentium
333 1450 499 1485 malorum,
521 1450 600 1480 sicut
622 1450 780 1480 bonorum.
800 1467 840 1472 —
859 1450 1010 1486 Quaedam

59 1499 253 1530 auctoritates
269 1498 407 1528 videntur
424 1498 559 1536 tradere,
576 1499 670 1529 bonos
685 1507 743 1529 non
759 1499 917 1529 habituros
941 1502 1011 1530 tunc

57 1547 233 1577 memoriam
263 1546 509 1585 praecedentium
541 1547 705 1583 malorum,
738 1547 767 1577 id
797 1552 841 1577 est
870 1552 1012 1586 peccato-

57 1603 139 1631 rum,
157 1595 202 1625 vel
226 1598 452 1624 tormentorum.
473 1595 521 1624 Ait
544 1595 622 1625 enim
646 1595 737 1625 Isaias
751 1595 777 1624 ³:
794 1596 857 1634 Eoo
872 1604 937 1625 creo
952 1605 1012 1626 cae-

59 1643 101 1673 los
122 1651 215 1673 novos
238 1647 264 1673 et
285 1647 399 1672 terram
420 1651 551 1678 novam,
568 1647 594 1672 et
614 1652 678 1673 non
699 1647 789 1674 erunt
810 1643 843 1673 in
862 1643 1011 1674 memoria

55 1690 164 1731 priora
185 1696 212 1721 et
232 1700 295 1721 non
316 1692 478 1722 ascendent
498 1701 590 1731 super
617 1701 686 1726 cor,
707 1691 759 1721 sed
786 1691 955 1731 yaudebtcts
977 1692 1011 1723 in

57 1744 221 1769 aeternum.
246 1739 334 1769 ltem:
353 1739 511 1770 Oblivz'om'
525 1739 656 1770 traditae
670 1744 742 1770 sunt
757 1740 916 1780 anqustiae
928 1740 1012 1780 prio·-

57 1797 105 1818 res
126 1793 152 1818 et
172 1786 365 1818 absconditae
385 1787 423 1817 ab
444 1787 539 1818 oculis
559 1788 681 1818 nostris.
698 1788 779 1824 Quae
795 1789 832 1818 de
848 1789 948 1819 futuro
964 1798 1012 1819 ex-

59 1844 174 1875 ponens
196 1837 414 1875 Hieronymus,
436 1837 492 1866 ait:
520 1836 693 1867 «Oblivioni
723 1837 880 1867 tradentur
908 1838 1010 1876 priora

57 1884 152 1920 mala,
174 1885 245 1923 quia
269 1884 391 1915 forsitan
414 1885 443 1914 in
470 1885 570 1915 futuro
598 1886 745 1924 priStinae
774 1886 1011 1916 conversationis

58 1933 202 1963 memorIa
225 1933 345 1963 omnino
369 1933 534 1969 delebitur,
555 1934 788 1964 succedentibus
810 1934 897 1964 bonis
919 1938 1012 1965 aeter-

58 1982 120 2017 nis,
136 1990 173 2011 ne
193 1981 231 2011 sit
254 1990 325 2020 pars
346 1982 493 2012 malorum
510 1983 621 2021 prioris
637 1984 794 2020 angustiae
810 1984 970 2013 memorari
984 1997 1010 2013 n.

36 2046 97 2054 --
117 2029 176 2060 Sed
198 2030 273 2060 haec
296 2034 325 2060 et
347 2030 394 2060 his
416 2031 525 2061 similla
547 2035 673 2069 possunt
694 2032 792 2070 accipi
816 2032 876 2068 sic,
898 2036 930 2062 ut
951 2041 1009 2062 non

58 2078 220 2108 excludant
242 2079 417 2108 memoriam
439 2079 687 2117 praecedentium
710 2079 875 2116 malorum,
896 2080 949 2110 sed
972 2088 1010 2111 ex

59 2134 93 2156 ea
116 2126 283 2156 molestiam
306 2130 335 2156 et
356 2126 518 2156 laesionem
542 2131 710 2157 amoveant.
730 2127 794 2158 Non
811 2128 890 2158 enim
905 2136 1009 2158 eorum

58 2175 202 2205 memoria
224 2175 349 2205 Sanctos
371 2176 560 2205 contristabit
583 2176 630 2205 vel
656 2184 761 2206 eorum
791 2177 1009 2208 beatitudinem

58 2222 241 2259 obfuscabit,
257 2223 308 2253 sed
330 2224 477 2262 gratiores
499 2224 560 2253 Deo
584 2224 697 2254 reddet.
719 2224 805 2254 Unde
827 2234 918 2264 super
934 2226 1011 2256 Psal-

58 2278 139 2300 mum
155 2272 370 2309 octogesimum
394 2275 534 2301 octavum
551 2272 592 2301 ait
607 2271 769 2310 Gregorius
782 2272 808 2302 ⁴:
831 2273 1009 2308 «Quomodo

59 2319 281 2349 misericordias
304 2320 331 2348 in
355 2323 509 2349 aeternum
532 2320 613 2350 canit
634 2314 685 2359 oui
709 2320 849 2350 miseriae
872 2329 930 2350 non
953 2329 1010 2351 me-

58 2367 165 2396 minit?
187 2367 342 2402 Quomodo
369 2371 467 2397 autem
498 2368 586 2406 plena
615 2368 787 2403 beatitudo,
809 2369 834 2398 si
864 2369 1010 2399 memoria

57 2418 157 2445 reatus
179 2419 308 2445 mentem
333 2416 448 2453 tangit?
470 2416 527 2446 Sed
550 2425 642 2454 saepe
664 2417 733 2447 laeti
757 2417 885 2447 tristium
909 2418 1011 2447 memi-

56 2463 172 2500 nimus,
196 2467 224 2493 et
250 2464 314 2493 sani
347 2463 485 2494 doloru'm
519 2465 711 2495 meminimus
743 2466 807 2495 sine
839 2465 959 2501 dolore,
982 2470 1010 2495 et

57 2511 125 2541 inde
146 2512 276 2550 amplius
299 2512 368 2542 laeti
391 2515 420 2542 et
442 2513 516 2550 grati
540 2521 683 2543 sumus».
705 2530 745 2535 -
771 2514 815 2543 Ex
847 2514 891 2543 liis
919 2522 1011 2553 appa-

56 2563 115 2597 ret,
131 2560 253 2598 quodsi
270 2561 404 2598 priorum
429 2560 575 2590 malorum
599 2562 773 2591 memoriam
796 2561 895 2592 Sancti
918 2562 1010 2592 habe-

58 2608 132 2638 bunt
152 2609 182 2638 in
204 2609 320 2645 futuro,
343 2617 400 2638 non
424 2609 467 2638 eis
491 2612 589 2639 tamen
612 2610 669 2639 erit
690 2610 727 2640 ad
743 2619 872 2649 poenam
889 2611 935 2641 vel
951 2611 1011 2648 glo-

59 2656 120 2686 riae
141 2656 382 2695 derogationem,
404 2657 457 2686 sed
479 2657 517 2687 ad
539 2658 704 2695 gratiarum
730 2659 889 2689 actionem.
917 2676 958 2682 -—
978 2659 1008 2689 Si

59 2712 129 2734 vero
151 2705 323 2743 quaeritur,
345 2708 446 2735 utrum
469 2709 611 2744 peccata,
634 2714 712 2744 quae
742 2707 876 2737 lecerunt
905 2707 1009 2743 electi,

59 2752 205 2795 prodeant
238 2757 308 2783 tunc
341 2754 368 2783 in
409 2753 543 2783 notitiam
573 2754 723 2789 ommam,
745 2755 824 2785 sicut
853 2756 931 2786 mala
960 2756 1009 2786 da-

59 2801 259 2831 mnandorum
274 2801 414 2831 omnibus
436 2805 523 2832 erunt
544 2806 629 2838 nota,
654 2811 711 2833 non
728 2803 784 2840 legi
802 2804 859 2833 hoc
889 2813 1010 2842 expres-

1960 262 2020 293 881

1077 355 1144 377 sum
1167 347 1196 376 in
1218 346 1384 385 Scriptura.
1407 346 1491 377 Unde
1513 356 1570 377 non
1595 347 1840 378 irrationabiliter
1861 348 1960 386 putari
1976 357 2026 387 po-

1078 398 1148 431 test,
1172 399 1296 434 peecata
1319 396 1368 425 hic
1390 404 1445 434 per
1466 396 1681 434 poenitentiam
1696 400 1773 427 tecta
1798 400 1827 426 et
1842 396 1939 426 deleta
1962 397 2024 427 illic
2038 404 2130 425 Dubium
2150 404 2170 425 a.

1077 443 1166 473 etiam
1190 444 1247 480 tegi
1271 443 1354 480 aliis,
1376 444 1432 474 aba
1458 452 1528 474 vero
1550 445 1668 474 cunctis
1690 444 1852 483 propalari.

1480 540 1548 570 Cap.
1572 540 1618 570 Vl.

1300 636 1342 664 De
1364 635 1412 665 his
1432 635 1488 676 qui
1506 636 1572 666 m'vz'
1591 636 1798 676 reperiuntur.

1156 728 1264 764 Quaeri
1287 730 1377 767 solet,
1399 735 1521 762 «utrum
1546 732 1586 762 illi
1609 741 1685 772 quos
1701 734 1784 764 vivos
1801 735 1930 765 inveniet
1945 735 2026 765 Chri·
2035 746 2174 772 Augustinus.

1076 779 1157 813 stuS,
1178 778 1202 806 si
1226 786 1378 816 nunquam
1401 780 1522 810 omnino
1544 782 1680 811 morituri
1703 782 1776 817 sint,
1799 791 1835 813 an
1866 783 1930 822 ipso
1955 787 2028 813 tem-

1076 823 1159 861 poris
1181 829 1309 862 puncto,
1332 835 1392 864 quo
1422 828 1576 865 rapientur
1605 829 1725 859 obviam
1755 830 1889 866 Christo,
1911 831 1947 860 ad
1972 832 2026 861 im-

1077 871 1288 902 mortalitatem
1312 874 1386 904 mira
1409 875 1562 905 celeritate
1583 876 1641 905 sint
1663 878 1825 908 transituri.
1854 878 1918 908 Non
1947 879 2025 909 enim

1077 918 1239 949 dicendum
1262 924 1323 956 est,
1344 921 1406 951 fieri
1430 931 1488 952 non
1516 932 1622 961 posse,
1643 929 1691 960 ut,
1713 926 1783 955 dum
1813 935 1867 965 per
1896 929 1966 958 a'e'ra
1996 928 2024 957 in

1077 966 1206 997 sublime
1226 972 1399 1006 portantur,
1424 970 1452 1000 in
1475 970 1524 1000 illo
1547 973 1644 1010 spatio
1667 977 1695 1002 et
1718 975 1884 1004 moriantur
1905 980 1934 1005 et
1950 976 2025 1006 revi-

1078 1014 1254 1045 viscant⁵».
1289 1017 1360 1046 «Ad
1391 1018 1471 1048 hunc
1499 1023 1598 1049 autem
1628 1029 1765 1059 sensum,
1787 1031 1846 1061 quo
1876 1024 2025 1054 existime-

1077 1070 1159 1098 mus,
1175 1063 1241 1093 illos
1264 1064 1292 1094 in
1315 1073 1409 1103 parvo
1431 1067 1529 1104 spatio
1552 1071 1580 1097 et
1596 1076 1738 1106 passuros
1758 1074 1882 1100 mortem
1900 1075 1928 1101 et
1943 1080 2024 1102 acce-

1076 1113 1183 1147 pturos
1205 1111 1476 1150 immortalitatem,
1499 1114 1660 1152 Apostolus
1682 1125 1735 1146 nos
1758 1126 1864 1155 urgere
1890 1118 2025 1154 videtur,

1076 1157 1128 1187 ubi
1151 1158 1240 1188 dIcit:
1264 1159 1372 1190 Omnes
1398 1160 1433 1191 in
1463 1160 1580 1191 Christo
1609 1163 1856 1203 vz'vz'fi'cabz'mm·,·
1881 1170 1909 1195 et
1937 1167 2023 1196 alibi:

1079 1205 1164 1241 Quod
1184 1206 1317 1238 seminas
1337 1217 1400 1238 non
1421 1208 1613 1249 vivificatur,
1634 1211 1700 1241 nisi
1717 1212 1805 1251 prius
1833 1213 1985 1245 moriatur
1997 1227 2025 1244 n.

1082 1254 1165 1284 «Cur
1186 1259 1286 1285 autem
1310 1257 1396 1286 nobis
1420 1258 1595 1288 incredibile
1618 1260 1771 1298 videatur,
1794 1261 1873 1291 illam
1897 1262 2027 1292 multitu-

1076 1302 1176 1333 dinem
1199 1312 1361 1343 corporum
1385 1306 1413 1334 in
1436 1307 1506 1336 aere
1527 1307 1657 1345 quodam
1674 1309 1763 1339 modo
1779 1310 1919 1340 seminari
1936 1315 2026 1350 atque

1076 1351 1116 1381 ibi
1133 1353 1272 1390 protinus
1287 1353 1497 1384 immortaliter
1511 1358 1540 1384 et
1552 1355 1819 1394 incorruptibiliter
1830 1358 2025 1395 reviviscere,

1076 1408 1145 1429 cum
1167 1400 1343 1437 credamus,
1366 1401 1399 1431 m
1422 1401 1481 1432 ictu
1504 1402 1586 1433 ocuti
1606 1404 1734 1434 futuram
1758 1407 2026 1443 resurrectionem,

1076 1451 1105 1478 et
1126 1448 1156 1478 in
1178 1449 1312 1479 membra
1335 1450 1399 1480 sine
1421 1451 1479 1480 fine
1510 1451 1625 1481 victura
1655 1456 1734 1482 tanta
1765 1453 1922 1484 velocitate
1952 1455 2026 1485 redi-

1077 1500 1177 1527 turum
1205 1498 1483 1536 antiquissimorum
1510 1499 1691 1529 cadaverum
1722 1501 1914 1539 pulverem».
1942 1503 2025 1533 «Sed
2038 1511 2175 1537 Augustinus.

1076 1545 1182 1575 vellem
1205 1545 1243 1575 de
1265 1546 1312 1575 liis
1341 1547 1442 1584 potius
1471 1547 1576 1576 audire
1606 1548 1816 1580 doctioresss».
1853 1551 1906 1580 «Si
1937 1552 2027 1590 igitur

1076 1592 1217 1630 Sanctos,
1249 1594 1300 1632 qui
1330 1595 1536 1632 reperientur,
1566 1595 1682 1625 Christo
1712 1597 1864 1633 veniente,
1892 1599 2025 1629 viventes

1076 1642 1164 1680 cique
1186 1642 1306 1672 obviam
1328 1643 1501 1681 rapientur,
1523 1644 1741 1674 crediderimus
1764 1646 1792 1675 in
1816 1646 1921 1676 eodem
1938 1651 2025 1685 raptu

1075 1690 1112 1720 de
1136 1690 1314 1721 mortalibus
1336 1692 1517 1730 corporibus
1539 1693 1673 1723 exituros
1700 1698 1728 1723 et
1757 1694 1794 1724 ad
1823 1695 1928 1725 eadem
1957 1704 2026 1726 mox

1076 1739 1257 1769 immortalia
1279 1740 1445 1777 redituros,
1469 1740 1566 1770 nullas
1590 1742 1617 1770 in
1641 1741 1740 1771 verbis
1769 1743 1902 1781 Apostoli
1932 1745 2027 1782 patie-

1076 1796 1143 1817 mur
1164 1788 1339 1825 angustias»
1355 1813 1362 1825 ,
1386 1788 1565 1826 generaliter
1586 1789 1770 1828 accipientes
1794 1791 1866 1820 illud
1890 1791 1970 1830 quod
1986 1792 2027 1821 di-

1075 1840 1156 1866 ctum
1179 1840 1238 1866 est:
1270 1836 1379 1866 Omnes
1407 1836 1530 1876 quidem
1558 1846 1769 1878 resumemus,
1792 1839 1908 1869 scilicet
1942 1844 2024 1870 «tam

1075 1884 1146 1914 boni
1170 1893 1260 1923 quam
1284 1885 1399 1921 mali»;
1421 1885 1474 1915 sed
1493 1895 1557 1916 non
1580 1895 1682 1917 omnes
1703 1886 1959 1923 immutabimur,
1974 1889 2028 1919 sei-

1075 1933 1145 1963 licet
1167 1935 1195 1963 in
1218 1934 1437 1964 solemnitatem
1460 1936 1698 1966 resurrectionis.
1721 1937 1763 1966 De
1785 1937 1842 1966 hoc
1859 1938 2029 1967 etiamAm-
2043 1946 2175 1967 Ambrosius.

1074 1981 1217 2011 brosius⁷
1240 1982 1296 2012 ait:
1325 1983 1380 2012 «In
1403 1983 1468 2022 ipso
1491 1987 1578 2022 raptu
1602 1992 1706 2014 eorum
1729 1986 1780 2023 qui
1804 1986 1863 2015 vivi
1881 1987 2030 2024 reperien-

1076 2033 1139 2066 tur,
1161 2038 1242 2061 mors
1274 2032 1331 2061 erit
1363 2036 1391 2061 et
1423 2033 1622 2069 resurrectio;
1653 2038 1684 2063 ut
1716 2035 1831 2071 anima,
1855 2035 1941 2073 quasi
1974 2043 2028 2073 per

1074 2087 1215 2118 soporem
1239 2088 1359 2117 egressa
1382 2080 1419 2110 de
1441 2089 1584 2120 corpore,
1607 2082 1704 2111 eidem
1728 2083 1756 2112 in
1788 2088 1938 2113 momento
1965 2083 2029 2113 red-

1074 2128 1202 2158 datur».
1223 2145 1264 2150 —
1285 2129 1414 2158 Econtra
1439 2138 1527 2165 vero,
1542 2130 1678 2160 scribens
1701 2131 1737 2161 ad
1759 2131 1948 2167 Marcellam,
1963 2133 2185 2166 Hie-Hieronymus.

1074 2185 1220 2215 ronymus
1243 2178 1343 2206 testari
1376 2178 1495 2208 videtur
1523 2179 1643 2214 dicens,
1665 2179 1812 2217 quosdam
1835 2181 1864 2209 in
1888 2180 1945 2210 sine
1967 2186 2133 2211 sae-Dubium
2150 2187 2170 2207 5-

1074 2225 1150 2262 culi,
1167 2225 1345 2255 adveniente
1368 2225 1500 2262 Christo,
1517 2235 1573 2256 non
1598 2235 1664 2256 esse
1680 2228 1857 2263 morituros,
1873 2229 1924 2258 sed
1942 2229 2025 2258 vivos

1075 2277 1210 2312 repertos
1233 2274 1261 2303 in
1285 2275 1538 2305 immortalitatem
1561 2279 1683 2313 repente
1714 2276 1881 2307 mutandos.
1906 2293 1946 2299 —
1968 2277 2025 2307 Ho-
2040 2287 2142 2317 1uu191uu1

1074 2330 1140 2351 rum
1164 2325 1263 2351 autem
1287 2322 1359 2359 quid
1383 2322 1483 2351 verius
1504 2322 1558 2359 sit,
1575 2331 1632 2351 non
1655 2327 1699 2352 est
1715 2323 1836 2353 luunani
1857 2324 1959 2354 iudicii
1977 2325 2024 2354 de-
2039 2313 2144 2339 mmmm·

1075 2370 1168 2399 linire.

1472 2467 1539 2496 Cup.
1563 2467 1621 2497 VII.

1149 2562 1302 2599 Quomodo
1324 2562 1507 2603 z'ntellz'yz'tm·
1531 2563 1667 2593 Christus
1689 2563 1781 2593 z‘zcdeoc
1803 2563 1944 2593 vz'oorztm

1425 2615 1451 2640 et
1471 2615 1674 2641 mortuorum.

1153 2709 1205 2738 His
1237 2713 1335 2738 autem
1368 2708 1570 2738 adiiciendum
1604 2712 1670 2745 est,
1693 2708 1855 2746 dupliciter
1887 2709 2021 2748 intelligi,

1074 2757 1154 2796 quod
1176 2757 1287 2786 dicitur
1309 2757 1444 2786 Christus
1464 2757 1651 2786 iudicaturus
1664 2755 1748 2785 vivos
1763 2761 1789 2785 et
1803 2761 1946 2787 mortuos.
1964 2761 2022 2787 Aut

1074 2805 1151 2834 enim
1175 2804 1240 2834 viva·
1260 2805 1450 2843 accipiuntur
1471 2805 1521 2842 qui
1546 2804 1573 2833 in
1597 2804 1727 2834 adventu
1757 2805 1822 2834 eius
1853 2806 1911 2835 vivi
1941 2815 2022 2844 repe-

129 3035 135 3051 ¹
157 3036 218 3068 Cap.
238 3037 266 3068 7,
287 3038 316 3069 9;
336 3037 381 3062 csr.
402 3038 525 3069 Lyranus,
546 3038 607 3063 ibid.
628 3040 687 3071 Seq.
707 3039 779 3064 locus
798 3043 836 3064 est
857 3041 941 3065 Mattli.
967 3041 1005 3072 10,

60 3080 104 3104 26:
125 3080 187 3105 Nihil
207 3082 275 3106 enim
296 3085 334 3107 est
352 3085 487 3114 opertum,
508 3083 578 3115 quod
608 3090 657 3108 non
684 3083 855 3115 revelabitur,
877 3088 901 3109 ct
923 3085 1008 3109 occul-

59 3126 126 3155 tum,
146 3125 218 3157 quod
237 3132 287 3150 non
307 3126 409 3151 scietur.
434 3126 579 3158 Respicitur
597 3127 691 3152 deinde
713 3127 728 3152 l.
748 3127 805 3152 Cor.
827 3127 856 3157 st,
877 3128 901 3152 ὅ.

128 3168 138 3184 ²
157 3170 274 3200 August„
295 3170 352 3195 XX.
373 3170 405 3195 de
424 3170 479 3195 Civ.
500 3171 552 3202 Dei,
572 3178 593 3196 c.
615 3171 655 3196 14.

129 3211 140 3228 ³
157 3211 218 3244 Cap.
238 3213 284 3245 65,
307 3213 347 3238 17.
370 3214 415 3246 18;
435 3221 489 3247 seq.
510 3215 582 3240 locus
610 3219 648 3240 est
677 3215 738 3240 ibid.
758 3223 783 3240 v.
805 3216 847 3240 16.
870 3215 1008 3246 Explicatio

58 3254 204 3287 Hieronymi
224 3260 263 3282 est
280 3256 341 3282 ibid.

129 3297 139 3314 ⁴
157 3299 225 3325 Libr.
247 3301 287 3325 lV.
307 3301 393 3326 Moral.
414 3308 436 3326 c.
451 3302 492 3326 36.
507 3309 530 3327 n.
545 3302 592 3334 723
613 3302 771 3327 verbotenus
784 3301 854 3333 apud
870 3302 1008 3334 Lyranum,

60 3341 106 3367 loe.
126 3344 165 3368 cit.
186 3351 211 3368 v.
237 3345 256 3369 l.

129 3386 139 3402 ⁵
157 3387 273 3419 August„
294 3388 351 3413 XX.
372 3388 405 3413 de
424 3388 478 3414 Civ.
498 3389 557 3421 Dei,
580 3396 600 3414 c.
623 3390 662 3414 20.
684 3396 707 3413 n.
729 3390 751 3413 Ξ,
772 3389 831 3421 Seq.
852 3389 923 3414 locus
937 3389 1008 3421 ibid„

199 3439 228 3466 S.
247 3440 347 3466 Βοηαυ.
367 3455 401 3458 -
420 3441 495 3466 Tom.
515 3442 557 3466 lV.

1072 3040 1116 3065 ubi
1136 3041 1271 3072 respicitur
1291 3041 1307 3065 Ι.
1329 3040 1386 3065 Cor.
1411 3040 1451 3070 15,
1474 3040 1514 3064 22.
1536 3039 1582 3071 363
1604 3040 1691 3064 tertius
1711 3039 1773 3065 ibid.
1795 3047 1819 3065 n.
1840 3041 1863 3072 3,
1879 3040 1922 3065 ubi
1943 3042 2022 3072 respi-

1073 3085 1138 3109 citur
1159 3084 1174 3109 Ι.
1194 3084 1250 3109 Cor.
1276 3084 1318 3114 15,
1339 3084 1380 3108 52.

1142 3127 1153 3143 ⁶
1172 3129 1287 3159 August,
1307 3128 1384 3158 Epist.
1418 3127 1473 3151 193.
1501 3127 1532 3151 ad
1560 3127 1738 3158 Mercatorcm,
1760 3134 1781 3152 c.
1803 3127 1825 3152 4.
1847 3135 1871 3153 n.
1898 3129 1942 3159 1ος
1964 3136 2019 3161 seq.

1073 3172 1144 3196 locus
1163 3175 1201 3196 cst
1219 3171 1251 3196 de
1270 3170 1325 3196 Civ.
1349 3171 1404 3201 Dei,
1425 3171 1472 3196 loc.
1494 3171 1533 3195 cit.
1555 3178 1578 3195 n.
1599 3172 1628 3201 3;
1648 3172 1765 3203 sequitur
1784 3172 1855 3197 locus
1875 3173 2022 3204 Scripturae

1073 3215 1088 3239 l.
1109 3214 1168 3239 Cor.
1194 3214 1230 3244 15,
1251 3214 1292 3239 51.
1315 3220 1373 3238 cum
1394 3213 1481 3238 Glossn
1503 3214 1664 3239 interlineari.

1142 3257 1153 3273 ⁷
1172 3257 1314 3282 Comment.
1335 3258 1358 3281 in
1380 3257 1396 3282 l.
1418 3257 1507 3281 Thess.
1529 3256 1560 3288 4,
1585 3257 1622 3282 14.
1644 3258 1718 3287 (inter
1730 3259 1786 3283 eius
1805 3259 1895 3291 opera)
1915 3262 1939 3284 et
1952 3260 2021 3291 apud

1072 3302 1211 3332 Lyranum,
1227 3301 1288 3325 ibid.
1304 3301 1386 3326 Locus
1405 3301 1552 3332 llieronymi
1573 3304 1611 3326 est
1630 3301 1706 3332 Epist.
1726 3302 1767 3327 59.
1781 3303 1854 3334 (alias
1869 3302 1938 3335 148.)
1959 3311 1982 3328 11.
1998 3304 2021 3329 3.

1071 3359 1105 3362 -
1125 3345 1150 3368 111
1171 3343 1220 3368 fine
1239 3351 1286 3375 pro
1306 3344 1369 3377 qaid
1387 3344 1476 3370 verius
1496 3344 1572 3370 codd.
1593 3345 1611 3369 Α
1624 3345 1699 3370 BCE
1718 3349 1743 3370 et
1755 3346 1814 3371 edd.
1834 3347 1857 3378 l,
1878 3348 1902 3378 2,
1924 3347 1953 3379 3,
1968 3348 1992 3378 7,
2007 3348 2021 3372 8

1072 3387 1142 3421 qaod
1162 3387 1257 3413 cerias.
