2483 3882
224 1229 350 1250 Notandum.

250 2315 359 2336 Sententia

229 2342 325 2368 plurium.

230 2558 357 2585 opponitur.

230 2850 358 2876 Replicatur.

365 236 429 268 0238

367 329 452 366 patet
474 333 514 357 ex
532 323 806 365 praecedentibus:
825 322 898 363 quia
923 330 983 352 non
1010 320 1219 351 manducatur
1239 328 1320 350 man-

366 377 532 410 ducatione
556 376 691 414 carnali,
716 375 769 407 sed
795 374 966 416 spirituali,
991 373 1072 405 sicut
1097 372 1250 404 medicina
1275 381 1320 403 sa-

366 431 508 464 lutifera:
533 433 562 461 et
587 429 644 460 hoc
670 438 729 460 ΠοΠ
755 432 802 460 est
819 426 1039 463 irreverentia,
1069 425 1165 456 immo
1193 425 1317 466 magis¹

366 482 572 515 irreverentia
590 481 718 513 ,Domini
744 484 943 512 contemnere
969 479 1166 510 medicinam.

776 586 852 617 Due.
878 586 910 616 ll.

455 695 528 726 ltem
554 693 717 735 quaeritur
750 693 788 724 de
815 693 872 723 hoc
904 691 986 732 quod
1013 691 1088 722 dicit
1120 690 1319 722 Ambrosius:

367 748 404 780 St·
428 751 555 779 [ctutum
582 746 687 778 cccliiii?
709 754 816 777 sermo
847 744 938 776 Elme
962 748 1036 775 etc:
1070 744 1155 776 uude
1187 744 1245 775 hoc
1271 743 1322 774 ba-

368 801 434 833 buit
459 809 562 832 sermo
590 799 691 830 Eliae?
717 800 775 829 Ant
792 808 813 829 ct
837 807 885 835 se,
911 801 965 829 aut
982 797 1127 828 aliunde.
1152 797 1216 829 Non
1235 806 1255 828 ci
1272 806 1321 834 sc,

366 858 499 889 constat:
526 862 583 884 non
610 851 761 888 ciliimule,
779 855 813 883 ut
838 851 981 887 videtur,
999 851 1147 892 quoniam
1172 855 1321 891 appetere

367 908 413 939 vel
441 911 547 948 petere
572 905 819 938 consunitionem
850 904 983 936 aliorum
1017 913 1076 935 non
1103 908 1149 936 est
1174 903 1321 940 caritatis,

366 969 438 991 cuni
464 959 578 991 caritas
611 958 705 990 dictet
729 957 941 991 contrarium:
975 957 1028 989 sed
1056 957 1081 989 si
1113 966 1173 988 non
1203 960 1249 988 est
1282 966 1321 988 ex

369 1013 511 1050 caritate,
536 1021 595 1043 non
621 1015 668 1043 est
693 1011 892 1043 exaudienda
917 1010 1061 1052 petitio²2
1088 1019 1162 1051 ergo
1186 1014 1243 1042 etc.

458 1067 656 1098 Rcsrormeo:
688 1065 878 1099 Dicendum,
905 1064 986 1106 quod
1014 1072 1118 1095 sermo
1144 1064 1226 1095 Eliae
1251 1063 1324 1095 dici-

368 1123 420 1151 tur
439 1119 589 1156 valuisse,
608 1128 669 1150 non
694 1117 766 1159 quia
786 1117 921 1158 potentia
938 1117 1033 1148 fuerit
1052 1117 1080 1148 in
1101 1116 1164 1148 Elia
1188 1116 1237 1148 vel
1255 1116 1323 1148 eius

369 1181 513 1204 sermone
537 1171 575 1203 ad
602 1171 680 1203 illud
706 1170 901 1207 faciendum,
927 1169 979 1201 sed
999 1169 1073 1210 quia
1097 1169 1135 1201 ad
1158 1169 1225 1200 eius
1250 1167 1324 1209 peti-

370 1225 483 1256 tionem
508 1223 605 1256 astitit
630 1224 676 1255 vis
700 1223 863 1264 superior:
887 1226 918 1254 et
941 1222 1000 1254 hoc
1024 1231 1085 1253 non
1116 1221 1173 1253 fuit
1201 1225 1321 1253 tantum

369 1277 490 1309 ratione
511 1276 665 1314 caritatis,
691 1285 771 1317 quae
789 1280 856 1307 erat
881 1276 910 1306 in
935 1284 985 1311 eo,
1003 1275 1057 1306 sed
1084 1274 1188 1315 potius
1206 1273 1324 1305 ratione

369 1331 488 1373 gratiae
513 1330 758 1367 miraculorum,
783 1338 863 1370 quae
890 1328 1049 1369 potissime
1075 1328 1199 1369 vigebat
1223 1327 1254 1358 in
1278 1336 1323 1359 eo.

369 1383 429 1415 Nec
454 1383 593 1424 peccavit
618 1382 646 1413 in
675 1382 732 1413 hoc
763 1382 859 1419 Elias,
893 1381 989 1412 immo
1013 1381 1105 1422 digne
1130 1380 1218 1419 fecit,
1252 1379 1325 1421 quia

370 1436 413 1467 illi
439 1435 631 1468 confidentes
656 1434 686 1466 in
713 1434 915 1466 multitudine
940 1433 1089 1465 comitum
1115 1433 1325 1465 irreverenter

1132 231 1415 263 SENTENTIARUM
1440 231 1506 262 LlB.
1532 231 1576 262 iv.

1384 318 1604 360 loquebantur,
1631 322 1865 351 contemnentes
1896 320 2043 351 virtutem
2071 320 2142 359 Dei,
2166 330 2246 362 quae
2271 326 2338 354 erat

1384 372 1413 403 in
1440 381 1493 409 eo,
1518 375 1548 404 et
1578 372 1647 404 ideo
1672 372 1752 403 iuste
1785 372 1907 413 experti
1932 376 2006 404 sunt
2038 373 2090 405 Dei
2118 373 2268 406 iudicium
2295 375 2337 407 iu-

1385 429 1467 457 stum
1492 429 1522 458 et
1548 426 1715 466 potentiam
1751 425 1806 456 viri
1832 425 1948 462 sancti3
1972 430 2002 457 et
2028 435 2083 458 nos
2107 427 2199 459 etiam
2225 427 2340 459 instru-

1385 478 1424 510 cti
1449 488 1578 515 sumus,
1601 481 1749 519 quantam
1776 478 1876 509 servis
1901 478 1966 510 suis
1991 478 2065 510 velit
2089 479 2172 512 Deus
2198 489 2339 512 reveren-

1386 531 1458 563 tiam
1485 531 1662 563 exhil)eri³.

1790 636 1864 668 Due.
1890 637 1935 668 iu.

1475 742 1548 773 ltem
1574 742 1738 783 quaeritur
1763 742 1801 773 de
1828 743 1885 774 hoc
1920 743 2003 783 quod
2030 743 2104 775 dicit
2130 745 2342 785 Augustinus:

1386 796 1466 826 Post
1490 795 1765 826 couseel-(itionem
1784 804 1917 827 carnem
1937 795 2062 828 Clu-isti
2077 801 2105 828 et
2125 798 2341 839 sanquinem,

1386 848 1472 890 qnod
1497 847 1672 879 benedictio
1697 848 1909 879 consecravit.
1935 849 2067 880 Videtur
2092 851 2175 882 euim
2193 851 2274 883 male
2299 852 2343 883 di-

1387 910 1473 932 cere:
1498 901 1572 942 quia
1597 901 1625 931 in
1651 901 1826 932 substantia
1856 901 1975 933 formae
2000 902 2077 933 nihil
2110 907 2156 934 est
2181 904 2340 944 pertinens

1387 954 1424 985 ad
1463 953 1727 992 benedictionem,
1764 954 1817 986 sed
1845 958 1944 986 totum
1981 963 2036 995 per
2073 955 2201 987 modum
2237 965 2342 988 narra-

1388 1007 1500 1045 tionis,
1525 1007 1608 1048 quod
1640 1010 1740 1048 patet,
1766 1016 1837 1039 cum
1872 1007 2007 1039 dicitur:
2041 1008 2109 1040 Hoc
2141 1013 2187 1040 esc
2221 1019 2341 1050 corpus

1387 1069 1494 1090 mettin
1510 1059 1529 1090 ⁴¹.

1478 1113 1675 1145 ussspolxmsso:
1704 1113 1890 1150 Dicendum,
1923 1114 2007 1155 quod
2031 1114 2146 1152 verba,
2171 1115 2202 1146 in
2226 1115 2342 1156 quibus

1389 1166 1527 1198 consistit
1561 1166 1607 1198 vis
1640 1166 1860 1204 consecrandi,
1886 1166 2035 1199 dicuntur
2069 1167 2242 1199 benedictio
2275 1172 2341 1199 tum

1388 1219 1508 1251 ratione
1533 1219 1757 1251 benedictionis
1782 1220 2016 1260 praecedentis,
2043 1224 2108 1252 tum
2134 1221 2208 1261 quia
2232 1221 2270 1253 ad
2296 1229 2344 1252 eo-

1390 1281 1460 1304 rum
1491 1271 1697 1313 prolationem
1731 1272 1883 1304 Dominus
1914 1272 2087 1309 benedicit,
2121 1274 2194 1315 quia
2218 1282 2345 1306 conver-

1390 1325 1447 1357 tit5
1472 1325 1501 1356 in
1524 1333 1657 1366 corpus,
1683 1325 1766 1366 quod
1785 1334 1881 1366 super
1900 1326 2005 1357 omnia
2023 1325 2197 1364 benedixit,
2215 1327 2344 1358 ditando

1390 1379 1535 1420 perfectis
1559 1378 1649 1410 donis
1674 1379 1848 1419 gratiarum
1873 1380 2029 1418 animam,
2055 1383 2084 1410 et
2101 1380 2343 1412 sanctificatione

1390 1435 1420 1463 et
1444 1431 1580 1473 puritate
1606 1440 1732 1463 carnem
1759 1431 1843 1462 illam
1869 1431 2108 1463 sanctissimam.

1146 1621 1472 1663 DISTINCTIO
1506 1621 1573 1660 XI.

1298 1793 1379 1825 PAns
1404 1793 1423 1824 t

793 1920 861 1950 CAP-
884 1921 904 1950 l.

654 2019 696 2048 [ie
718 2017 807 2047 modo
831 2017 1047 2048 conversionis.

454 2117 483 2148 Si
508 2122 605 2147 autem
631 2117 803 2155 quaeritur,
836 2116 934 2155 qualis
957 2116 992 2145 sit
1017 2116 1066 2146 illa
1089 2116 1263 2151 conversio,
1291 2124 1328 2145 an

372 2166 526 2205 formalis,
550 2174 585 2195 an
608 2164 830 2199 substantiolis,
864 2165 908 2194 vel
943 2164 1071 2194 (alterius
1091 2164 1236 2203 gyciiei'is,·
1258 2164 1328 2194 ‹len-

373 2215 436 2244 nire
459 2223 515 2244 Ποῖ]
539 2214 664 2244 sufficio.
681 2214 856 2244 Formcilffln
873 2217 970 2243 tamen
989 2222 1046 2242 non
1064 2221 1143 2248 esse,
1159 2221 1328 2251 cognosco,

373 2264 443 2301 quia
466 2263 583 2301 species
605 2271 723 2297 rerum,
746 2271 824 2301 quac
848 2265 915 2291 ante
949 2262 1082 2295 fuerant,
1116 2265 1271 2291 remanent
1301 2265 1329 2291 et

374 2319 463 2349 sapor
485 2315 513 2341 et
536 2311 660 2349 pondus.
677 2310 862 2346 Quibusdam
880 2310 1001 2339 videtur
1018 2318 1083 2339 esse
1098 2308 1327 2344 substantialis,

373 2360 555 2390 dicentibus.
570 2361 612 2389 sic
632 2360 830 2389 substantiam
855 2359 988 2388 converti
1013 2359 1041 2388 in
1065 2359 1280 2397 substantiam,
1297 2364 1329 2390 ut

373 2409 448 2438 haec
471 2408 668 2438 essentialiter
692 2408 738 2437 fiat
765 2407 832 2443 illa;
856 2408 905 2437 cni
928 2407 1027 2437 sensui
1052 2407 1258 2445 praemissae¹
1280 2415 1329 2437 au-

374 2457 527 2487 ctoritates
550 2457 719 2486 consentire
744 2456 891 2486 videntur.

452 2505 508 2535 Sed
527 2506 597 2535 huic
613 2505 779 2534 sententiae
801 2505 845 2534 sic
861 2504 1025 2542 opponitur
1048 2503 1085 2533 ab
1108 2504 1191 2533 aliis:
1215 2503 1238 2533 si
1261 2504 1329 2533 sub-

373 2555 479 2584 stantia
504 2555 606 2592 panis,
628 2554 782 2592 inquiunt,
810 2553 854 2582 vel
890 2553 948 2582 vini
983 2553 1170 2582 convertitur
1192 2551 1329 2583 substan-

375 2602 487 2632 tialiter
510 2603 537 2631 in
562 2611 673 2640 corpus
706 2602 751 2631 vel
784 2602 961 2639 sanguinein
985 2601 1110 2637 Christi,
1134 2601 1269 2639 quotidie
1298 2600 1329 2630 lit

375 2652 474 2690 aliqua
497 2651 662 2681 substantia
687 2660 798 2689 corpus
821 2650 865 2679 vel
886 2650 1008 2687 sanguis
1024 2650 1150 2685 Christi,
1166 2658 1244 2689 quae
1260 2653 1328 2680 unte

374 2709 431 2730 non
456 2704 538 2737 erat:
569 2704 597 2729 et.
621 2699 710 2729 hodie
732 2703 776 2729 est
799 2699 912 2737 aliquid
946 2707 1058 2737 corpus
1090 2698 1215 2734 Christi,
1246 2699 1326 2737 quod

376 2749 438 2778 heri
463 2757 520 2778 non
542 2752 624 2784 erat3
649 2752 674 2777 et
692 2747 827 2786 quotidie
843 2751 970 2784 augetur
985 2755 1097 2785 corpus
1113 2746 1220 2776 Christi
1238 2751 1329 2786 atque

375 2797 520 2827 formatur
553 2796 589 2826 de
612 2797 754 2833 materia,
777 2796 813 2825 de
835 2804 894 2834 qua
918 2796 946 2825 in
974 2796 1173 2834 conceptifflie
1195 2803 1252 2825 non
1274 2796 1329 2826 suit

376 2845 495 2875 factum.
516 2862 556 2867 —
576 2844 689 2880 Quibus
712 2845 769 2874 boc
792 2845 881 2873 niodo
905 2843 1079 2882 responderi
1110 2847 1228 2882 potest:
1258 2844 1329 2882 quia

378 2903 434 2923 non
458 2903 491 2923 ea
514 2895 629 2923 ratione
652 2894 764 2923 dicitur
779 2902 890 2931 corpus
907 2892 1014 2922 Christi
1032 2892 1139 2922 confici
1157 2892 1249 2922 verbo
1266 2900 1330 2921 cae-

1394 1918 1477 1954 lesti,
1500 1918 1580 1957 quod
1605 1919 1702 1956 ipsum
1726 1927 1838 1956 corpus
1861 1918 1889 1947 in
1912 1922 2061 1957 conceptu
2087 1919 2217 1957 Virginis
2241 1920 2347 1950 sorma-

1396 1971 1455 1997 tum
1479 1967 1623 2006 deinceps
1646 1968 1808 2003 t'ormetur;
1831 1967 1883 1997 sed
1905 1968 1974 2006 quia
1999 1968 2164 1998 substantia
2189 1969 2275 2007 patus
2302 1969 2348 1999 vel

1395 2016 1472 2052 vini,
1494 2024 1572 2054 quae
1594 2020 1662 2046 ante
1684 2025 1742 2045 non
1766 2016 1861 2046 suerat
1884 2025 1995 2054 corpus
2011 2016 2117 2046 Christi
2143 2017 2188 2047 vel
2211 2018 2348 2055 sanguis,

1395 2064 1487 2094 verbo
1509 2064 1631 2094 caelesti
1654 2064 1685 2093 sit
1707 2073 1819 2102 corpus
1842 2068 1870 2094 et
1893 2065 2023 2102 sanguis.
2040 2065 2076 2094 Et
2093 2065 2159 2095 ideo
2175 2065 2348 2096 sacerdotes

1394 2112 1537 2142 dicuntur
1567 2113 1715 2142 conticere
1738 2121 1849 2151 corpus
1872 2113 1980 2143 Clu-isti
2005 2117 2032 2143 et
2054 2114 2246 2151 sanguinem,
2275 2115 2348 2153 quia

1394 2170 1498 2191 eorum
1522 2162 1688 2191 ministerio
1711 2161 1877 2191 substantia
1900 2162 1986 2200 panis
2008 2162 2038 2191 fit
2054 2171 2142 2199 caro,
2164 2166 2193 2192 et
2215 2163 2350 2193 substan-

1395 2211 1434 2240 tia
1458 2211 1517 2240 vini
1540 2211 1572 2240 fit
1595 2211 1717 2247 sanguis
1740 2210 1869 2246 Christi;
1893 2219 1947 2240 nec
1971 2214 2068 2241 tamen
2092 2211 2205 2250 aliquid
2228 2211 2348 2242 additur

1393 2259 1515 2297 corpori
1541 2259 1586 2288 vel
1609 2259 1763 2297 sanguini,
1787 2267 1842 2288 nec
1871 2263 1998 2297 augetur
2028 2268 2140 2298 corpus
2162 2260 2270 2289 Christi
2302 2260 2348 2290 vel

1395 2316 1525 2345 sanguis.

1807 2387 1874 2418 Car.
1899 2388 1930 2417 H.

1530 2466 1683 2503 Quomodo
1706 2466 1820 2497 dicitur
1842 2476 1951 2507 corpus
1975 2467 2090 2497 Clio-isca·
2110 2468 2219 2508 confici

1695 2515 1730 2545 de
1752 2515 1922 2546 substantia
1940 2516 2043 2555 panis.

1480 2599 1532 2629 «Si
1552 2608 1621 2629 vero
1639 2600 1760 2638 quaeris
1774 2599 1912 2634 modum,
1928 2608 1988 2638 quo
2004 2600 2033 2629 id
2050 2600 2114 2630 fieri
2130 2601 2240 2638 possit,
2253 2600 2350 2630 brevi-

1396 2653 1439 2679 ter
1462 2648 1649 2687 respondeo:
1672 2648 1846 2687 Mysterium
1864 2648 1933 2678 fidei
1949 2648 2031 2678 credi
2056 2649 2217 2678 salubriter
2239 2653 2345 2687 potest,
2363 2652 2453 2674 Dubium
2467 2651 2483 2673 1-

1395 2697 1568 2734 investigari
1589 2697 1751 2726 salubriter
1770 2705 1827 2726 non
1850 2697 1971 2735 ροιοει2
1987 2709 2013 2726 n.
2037 2697 2121 2732 Quod
2144 2705 2215 2735 ergo
2237 2706 2348 2736 corpus

1395 2746 1502 2776 Christi
1520 2746 1606 2784 panis
1623 2746 1787 2776 mutatione
1804 2746 1832 2775 in
1850 2746 1878 2775 id
1895 2754 1953 2775 non
1975 2749 2195 2783 augmentatur,
2211 2755 2266 2776 nec
2281 2755 2349 2777 san—

1394 2795 1460 2833 guis
1475 2802 1512 2824 ex
1530 2795 1589 2823 vini
1606 2794 1820 2830 conversione,
1837 2794 1901 2823 eius
1918 2794 2062 2824 voluntati
2083 2797 2111 2824 et
2134 2795 2285 2832 potentiae
2301 2795 2350 2825 ad-

1394 2844 1560 2879 scribatur,
1578 2843 1629 2881 qui
1647 2842 1725 2872 idem
1747 2851 1859 2880 corpus
1882 2843 1987 2872 eduxit
2008 2843 2045 2872 de
2067 2843 2207 2879 Virginffi
2231 2844 2262 2873 [it
2278 2852 2348 2881 ergo

1394 2892 1561 2921 substantia
1578 2891 1627 2920 illa
1644 2891 1698 2921 ista
1719 2891 1783 2921 sine
1798 2891 1888 2921 huius
1905 2895 2074 2930 augmento.
2089 2892 2152 2922 Nec
2167 2895 2264 2922 tamen
2282 2901 2350 2922 con-

448 3032 454 3047 ¹
477 3033 501 3057 ln
522 3033 597 3058 codd.
612 3033 630 3057 L
642 3040 670 3057 aa
686 3033 821 3064 suppletur
835 3033 907 3057 essstt.
922 3046 957 3050 -
970 3032 1039 3056 ldem
1055 3031 1117 3057 dul).
1134 3032 1238 3057 soli-unt
1252 3032 1278 3056 Β.
1292 3032 1330 3056 ΑΙ-

375 3076 447 3103 bcrt..
469 3077 509 3101 bic
529 3084 550 3101 a.
572 3077 600 3107 6;
621 3077 645 3101 S.
667 3077 769 3107 Tuom„
790 3077 830 3101 hic
850 3077 915 3101 circa
937 3076 971 3100 lit.

446 3120 456 3136 ‘2
476 3120 525 3145 Cfr.
546 3123 606 3145 toni.
622 3121 657 3144 lll.
673 3127 731 3151 pag.
759 3120 817 3150 104,
841 3124 898 3145 nota
920 3122 942 3145 9.
964 3123 988 3144 et
1007 3127 1066 3151 pag.
1089 3120 1153 3151 373,
1174 3124 1232 3145 nota
1253 3119 1276 3144 ὃ.
1296 3133 1331 3137 -

376 3164 453 3188 Paulo
473 3164 579 3188 inferius
605 3171 651 3195 pro
670 3171 757 3189 sermo
784 3163 873 3193 Elina,
900 3164 970 3196 quod
997 3163 1093 3188 habent
1119 3163 1194 3188 codd.
1215 3163 1328 3194 FGHt,

377 3208 416 3231 alii
438 3208 512 3232 codd.
533 3211 557 3232 et
575 3208 635 3233 edd.
656 3209 718 3233 salso
737 3215 824 3234 sermo
847 3208 899 3233 Dei.

447 3250 457 3266 3
478 3251 527 3276 Cri.
549 3252 573 3276 ll.
589 3252 619 3276 dc
635 3252 791 3277 mirabilibus
805 3260 892 3276 sacrae
912 3253 1002 3283 Script.
1018 3251 1099 3282 (inter
1113 3258 1191 3282 opera
1211 3252 1330 3282 August.)

377 3302 398 3320 c.
420 3295 460 3319 ⁴20.
481 3299 505 3319 et
518 3295 571 3319 Ser.
593 3295 650 3319 275.
671 3295 714 3326 <in
733 3296 851 3326 Appenrl.
873 3303 949 3320 serm.
965 3298 1084 3327 August„
1107 3296 1168 3320 olias
1183 3295 1223 3319 33.
1243 3302 1272 3320 ex
1289 3295 1331 3319 Vi-

377 3340 503 3371 gnei-izin.)
525 3346 548 3363 n.
569 3340 592 3364 2.
605 3353 640 3357 -
653 3340 778 3369 Superius
799 3347 845 3371 pro
865 3340 932 3366 iusta
952 3340 1009 3365 cod.
1031 3340 1049 3364 tt
1070 3341 1146 3366 recte.
1174 3340 1243 3364 Idem
1269 3339 1330 3364 dul).

377 3383 481 3408 solvunt
501 3383 526 3407 B.
547 3383 650 3413 Albert„
672 3384 712 3407 hic
731 3390 753 3407 a.
767 3383 796 3414 73
818 3385 841 3407 S.
863 3385 964 3415 Thom.‚
986 3385 1026 3409 hic
1047 3385 1113 3409 circa
1134 3384 1167 3409 lit.

1467 3031 1476 3047 ⁴
1498 3031 1562 3055 Vide
1582 3038 1660 3062 snpra
1683 3031 1706 3055 (l.
1728 3032 1752 3055 8.
1773 3038 1797 3062 p.
1819 3031 1844 3055 ll.
1865 3038 1886 3055 a.
1909 3031 1931 3056 t.
1952 3038 1976 3063 q.
1999 3031 2021 3056 Ἰ.
2035 3045 2070 3049 -
2084 3032 2142 3056 Post
2159 3031 2205 3057 sed
2228 3031 2286 3056 edd.
2307 3031 2348 3056 ad-

1397 3076 1460 3101 dunt
1480 3075 1586 3101 dicitur.

1465 3120 1476 3136 5
1496 3119 1576 3145 Οοῖὶᾶ.
1598 3119 1647 3144 IlL
1667 3119 1789 3150 supplent
1806 3126 1917 3152 panem,
1940 3122 1964 3144 et
1984 3126 2042 3144 mox
2063 3123 2121 3150 post
2141 3125 2238 3152 corpus
2258 3119 2314 3144 cod.
2329 3120 2350 3143 II

1396 3164 1468 3189 addit
1488 3162 1593 3189 Christi.
1613 3177 1647 3180 —

1591 3206 1698 3232 NOTAE
1718 3206 1759 3232 AD
1778 3206 1864 3232 LIBR.
1887 3206 2155 3232 SENTENTIARUM.

1469 3251 1476 3267 ¹
1497 3251 1558 3276 bisi.
1581 3251 1612 3276 X.
1635 3258 1656 3276 c.
1677 3252 1720 3276 ult.

1466 3295 1476 3311 ‘2
1496 3295 1545 3320 Cl'r.
1566 3296 1686 3326 Algerns,
1702 3295 1717 3320 l.
1733 3295 1765 3320 de
1778 3295 1891 3320 Sacram.
1906 3302 1927 3320 c.
1940 3296 1962 3320 9.
1975 3295 2050 3327 Quod
2064 3296 2181 3327 sequitur
2194 3296 2346 3326 excerptum

1396 3343 1476 3365 estex
1490 3340 1561 3364 Sum.
1574 3340 1641 3364 Seni.
1653 3339 1765 3371 (Hugoni
1781 3339 1885 3372 tributa)
1901 3343 1929 3364 tr.
1945 3340 1969 3364 6.
1984 3341 2005 3364 οἱ
2021 3339 2058 3370 4.;
2073 3339 2118 3364 ubi
2131 3346 2178 3370 pro
2193 3338 2249 3364 sine
2267 3337 2349 3364 liuius

1397 3384 1537 3415 pleraeque
1558 3383 1616 3408 edd.
1636 3382 1691 3408 sine
1711 3383 1775 3415 eius,
1791 3386 1816 3408 et
1833 3391 1880 3415 pro
1900 3382 1934 3409 sit
1952 3389 2015 3409 caro
2036 3389 2174 3414 perperam
2193 3382 2224 3416 fit
2242 3387 2313 3408 caro.
