2483 3882
343 1258 461 1280 Distinctio,

344 1626 462 1656 Suhdbistin-

377 1655 426 1674 ctio.

318 1889 421 1911 Reductio
435 1889 462 1910 ad

331 1916 344 1937 2
358 1916 459 1937 membra.

317 2152 428 2174 Conclusio
441 2152 460 2173 1.

318 2416 428 2438 Conclusio
442 2416 461 2436 2.

483 271 544 301 908

481 356 584 388 anima
609 357 785 388 recederet:
811 356 835 387 si
860 364 934 395 ergo
959 356 1108 386 humores
1133 358 1205 386 sunt
1230 355 1369 386 medium
1398 358 1428 387 et

482 409 560 440 ratio
585 408 728 439 uniendi:
754 416 827 448 ergo
851 415 977 438 necesse
994 410 1054 444 est,
1071 406 1156 446 quod
1179 409 1356 446 resurgant.

571 462 598 491 5.
624 460 716 497 item,
741 459 765 491 si
791 468 851 490 non
877 462 1059 499 resurgent,
1084 467 1155 490 cum
1174 458 1355 491 huiusmodi
1375 459 1429 490 hu-

482 521 583 544 mores
608 512 757 553 impleant
781 520 914 552 corpus,
939 515 1083 552 resurget
1103 520 1238 543 vacuum
1264 515 1294 543 et
1317 511 1429 553 imper-

480 565 612 601 fectum,
637 567 667 595 et
691 572 747 605 per
776 564 835 595 hoc
858 563 1015 602 deforme3
1047 563 1102 595 sed
1127 564 1186 596 hoc
1210 567 1257 596 est
1280 563 1429 596 indecens

480 617 510 647 in
536 616 650 648 Beatis:
669 625 743 657 ergo
768 619 824 648 etc.

568 669 596 700 6.
615 668 703 706 item,
721 667 750 699 in
769 669 968 700 sacramento
985 668 1093 700 altaris
1109 669 1301 701 convertitur
1319 669 1427 701 vinum

480 721 510 753 in
536 729 646 752 verum
665 721 863 762 sanguinem,
889 721 943 753 sed
961 721 1019 753 hoc
1039 725 1121 753 esset
1144 721 1352 763 impossibile,
1369 721 1427 754 nisi

478 773 605 814 sanguis
631 773 858 805 resurrexisset
882 773 912 805 in
937 773 1075 812 Christo,
1099 773 1154 806 sed
1179 774 1204 806 si
1230 774 1259 805 in
1288 774 1355 816 ipso
1384 783 1429 806 re-

478 826 633 864 surrexit,
658 830 688 858 et
711 826 741 857 in
767 826 906 867 quolibet
929 825 1025 858 ali0¹:
1051 835 1125 868 ergo
1149 830 1206 859 etc.

830 959 847 980 c
857 958 875 981 O
884 959 905 980 N
915 958 932 981 c
942 959 959 981 1.
968 959 988 981 U
998 959 1031 981 SI
1041 959 1068 982 o.

500 1072 692 1103 Humiditas
713 1071 981 1113 complexionalis
1002 1076 1029 1103 et
1046 1071 1200 1103 humores
1221 1075 1404 1113 resument.

566 1195 764 1227 RESPONDEO:
791 1195 962 1227 Dicendum
978 1220 985 1233 ,
1010 1194 1094 1236 quod
1121 1194 1242 1233 differt,
1278 1194 1358 1227 sicut
1386 1194 1429 1227 di-

478 1251 553 1280 cunt
575 1248 713 1289 physici,
738 1246 857 1279 humor
880 1251 911 1280 et
935 1246 1126 1279 humiditas.
1144 1247 1220 1279 Nam
1246 1246 1364 1279 humor
1386 1247 1429 1279 di-

478 1301 572 1339 citur,
598 1304 692 1342 prout
715 1304 762 1332 est
786 1300 816 1331 in
843 1300 946 1337 venis3
971 1299 1154 1332 humiditas
1177 1303 1301 1339 autem,
1334 1303 1429 1341 prout

476 1357 566 1385 extra
584 1362 679 1385 venas
704 1353 851 1394 dirigitur
867 1357 897 1385 et
921 1357 1012 1385 extra
1029 1362 1124 1386 venas
1148 1357 1207 1392 est,
1227 1357 1257 1385 et
1273 1356 1368 1395 prout
1388 1353 1427 1385 ab

477 1406 520 1438 eis
537 1405 701 1438 derivatur
724 1405 763 1437 ad
789 1405 940 1438 membra.
962 1405 1131 1447 Distinguit
1147 1405 1230 1438 enim
1251 1405 1429 1438 Avicenna²

477 1459 557 1490 inter
581 1457 751 1490 humorem
775 1462 806 1490 et
829 1457 1059 1490 humiditatem
1082 1461 1112 1490 et
1137 1458 1231 1496 dicit,
1256 1458 1340 1499 quod
1373 1457 1429 1490 hu-

476 1520 548 1542 mor
573 1511 698 1550 dicitur,
723 1514 817 1553 prout
841 1515 887 1543 est
911 1511 941 1542 in
968 1511 1072 1548 venis,
1097 1510 1280 1543 humiditas
1303 1514 1427 1550 autem,

477 1567 570 1605 prout
594 1572 612 1595 a
636 1563 723 1595 venis
748 1563 911 1596 derivatur
935 1563 974 1595 ad
1002 1563 1161 1602 membra,
1186 1567 1216 1595 et
1240 1563 1299 1596 hoc
1324 1563 1355 1595 in
1376 1563 1428 1595 tri-

477 1615 546 1657 plici
573 1619 669 1647 statu:
695 1616 795 1647 autin
819 1616 929 1657 primo
946 1625 1078 1657 egyressu
1103 1625 1120 1647 a
1138 1616 1239 1655 venis,
1264 1619 1294 1648 et
1318 1616 1361 1648 sic
1380 1625 1428 1648 vo-

476 1673 565 1701 catur
589 1678 663 1707 ros,
688 1668 861 1700 humiditas
885 1668 1016 1707 scilicet,
1041 1677 1121 1710 quae
1146 1671 1192 1700 est
1217 1668 1247 1700 in
1272 1668 1428 1700 foramini-

477 1721 535 1753 bus
566 1729 738 1762 parvarum
772 1729 947 1759 venarum;
983 1725 1038 1752 aut
1069 1725 1163 1762 prout
1194 1720 1301 1762 incipit
1335 1720 1427 1752 ultra

472 1773 632 1816 progredi
654 1777 684 1805 et
708 1773 866 1812 dealbari,
891 1777 921 1805 et
947 1773 990 1805 sic
1007 1776 1138 1805 vocatur
1162 1773 1349 1811 eambiam;
1372 1777 1427 1805 aut

477 1831 570 1867 prout
594 1830 641 1858 est
672 1826 733 1857 iam
765 1825 918 1858 (Zealbata
942 1830 972 1858 et
1003 1826 1111 1858 cibans
1143 1826 1174 1857 in
1206 1829 1296 1865 actu,
1329 1829 1359 1858 et
1383 1825 1427 1858 sic

477 1883 607 1912 vocatur
628 1878 749 1920 gyluten.
770 1897 809 1901 —
827 1878 905 1911 Haec
928 1882 1033 1911 autem
1052 1878 1209 1911 distinctio
1230 1878 1427 1911 humiditatis

476 1932 516 1964 ad
541 1932 604 1964 duo
628 1932 771 1964 membra
795 1932 969 1970 reducitur,
1002 1931 1119 1963 scilicet
1141 1931 1181 1964 ad
1206 1931 1425 1963 humiditatem

476 1984 760 2022 nutrimentalem,
778 1988 808 2016 et
831 1984 908 2017 haec
925 1984 1144 2026 complectitur
1167 1993 1278 2016 rorem
1295 1986 1325 2015 et
1341 1993 1427 2015 eam-

478 2038 567 2070 bium
577 2049 588 2075 ;
605 2041 635 2070 et
651 2036 938 2078 complexionalem
950 2037 972 2075 ³,
990 2040 1020 2069 et
1037 2037 1114 2069 haec
1141 2040 1187 2069 est
1200 2036 1328 2078 placen,
1346 2045 1426 2077 quae

476 2094 523 2123 est
547 2090 585 2122 de
611 2090 828 2131 complexione
854 2089 987 2121 membri
1012 2089 1199 2128 consimilis,
1231 2089 1262 2120 in
1295 2098 1357 2130 qua
1380 2092 1427 2121 est

477 2143 568 2176 tertia
599 2143 717 2184 species
750 2141 898 2174 heetieae.
927 2160 968 2165 —
998 2142 1032 2173 Et
1062 2141 1328 2179 nutrimentalis,
1353 2141 1427 2183 quia

477 2195 602 2237 respicit
627 2198 743 2227 statum
775 2198 806 2227 et
829 2194 1050 2236 indigentiam,
1083 2203 1144 2226 non
1177 2197 1339 2235 resurget;
1371 2194 1425 2226 sed

476 2248 648 2280 humiditas
673 2247 940 2289 complexionalis
964 2247 1083 2289 absque
1107 2246 1204 2279 dubio
1228 2250 1381 2288 resurget.

564 2300 623 2333 Sed
656 2300 732 2342 quid
767 2300 806 2332 de
838 2298 1032 2331 humoribus
1064 2299 1225 2337 dicemus,
1261 2307 1333 2331 cum
1366 2299 1427 2330 sint

477 2358 645 2386 currentes¹
669 2357 700 2385 et
724 2362 784 2385 non
809 2353 870 2385 sint
895 2353 933 2385 de
958 2352 1132 2385 substantia
1149 2352 1283 2385 membri
1308 2361 1364 2384 nec
1388 2352 1426 2384 de

478 2406 696 2448 complexione
719 2405 888 2438 radieali?
913 2405 1102 2444 Dicendum,
1127 2405 1212 2446 quod
1236 2405 1356 2447 absque
1372 2404 1428 2436 du-

476 2460 527 2492 bio
560 2463 745 2500 resurgent,
779 2467 851 2490 cum
884 2458 992 2490 vinum
1025 2461 1226 2490 convertatur
1261 2457 1290 2493 in
1323 2457 1427 2489 Sacra-

476 2515 581 2544 menta
606 2511 714 2543 altaris
739 2511 769 2542 in
794 2511 996 2552 sanguinem,
1025 2510 1077 2551 qui
1103 2510 1222 2542 effusus
1245 2513 1292 2542 est
1323 2509 1358 2541 in
1381 2518 1428 2541 re-

477 2563 665 2595 missionem
686 2564 929 2605 peeeatorum⁴,
954 2567 984 2594 et
1008 2563 1065 2595 iste
1089 2566 1136 2595 est
1156 2563 1284 2604 sanguis
1308 2562 1427 2594 habens

476 2616 613 2658 speeiem
638 2616 808 2657 sanguinis.
834 2615 919 2648 Unde
945 2624 1005 2647 non
1032 2615 1138 2654 video,
1163 2615 1321 2657 quomodo
1353 2623 1427 2647 vere

1239 269 1521 301 SENTENTIARUM
1547 269 1613 300 LIB.
1638 270 1684 302 lV.

1493 355 1620 396 sanguis
1644 365 1705 387 non
1731 357 1947 389 resurrexerit
1970 357 2001 389 in
2018 358 2159 397 Christo;
2182 363 2212 391 et
2235 360 2259 392 si
2284 361 2356 400 hoc,
2374 362 2440 402 pari

1493 406 1612 439 ratione
1635 411 1666 438 et
1698 407 1727 439 in
1760 408 1900 449 quolibet
1931 409 2002 441 alio.
2027 410 2062 441 Et
2081 414 2273 451 praeterea,
2298 413 2440 455 nunquid

1494 468 1590 491 venae
1614 460 1822 492 remanebunt
1846 464 1990 493 vacuae?
2008 462 2043 493 Et
2066 462 2151 503 quod
2175 463 2234 495 hoc
2251 463 2290 495 sit
2313 473 2441 504 verum,

1492 512 1577 553 quod
1601 512 1729 554 sanguis
1761 517 1923 554 resurgat,
1948 514 2084 546 habetur
2113 514 2143 546 in
2176 524 2320 548 sermone
2344 518 2440 550 sancti

1492 564 1644 597 Ambrosii
1669 565 1708 597 de
1725 565 1949 607 Martyribus⁵:
1977 566 2121 608 Dignum
2142 571 2171 599 et
2194 577 2387 610 conyruum.
2409 570 2441 601 Et

1492 617 1562 649 ideo
1586 617 1770 657 dicendum,
1788 618 1872 659 quod
1896 618 2047 651 humores
2071 623 2246 661 resurgent.
2263 639 2307 644 —
2323 621 2358 653 Et
2374 630 2442 654 con-

1492 669 1650 702 cedendae
1675 674 1748 703 sunt
1772 671 1908 703 rationes
1931 671 1971 703 ad
1995 672 2063 704 hoc.

1582 723 1610 754 1.
1636 724 1665 754 Ξ.
1683 722 1725 754 Ad
1743 722 1822 754 illud
1839 723 1923 764 quod
1948 723 2108 763 obiicitur,
2126 725 2208 766 quod
2226 734 2287 757 non
2312 729 2386 758 sunt
2402 726 2440 759 de
2466 736 2483 758 s.

1492 774 1623 806 veritate
1647 775 1804 807 humanae
1828 778 1977 814 naturae3
2002 776 2188 816 dicendum,
2213 778 2298 819 quod
2321 777 2441 820 aliquid
2454 768 2483 789 ¹³⁰¹

1492 830 1539 859 est
1570 827 1609 859 de
1633 827 1769 859 veritate
1800 826 1967 860 humanae
1998 833 2141 861 naturae
2170 829 2354 871 tripliciter:
2387 833 2441 863 aut
2465 841 2483 862 'ri

1492 883 1645 921 quantum
1670 880 1710 912 ad
1734 889 1801 911 esse
1823 881 2064 919 neeessariam,
2090 881 2170 914 sicut
2194 882 2345 915 membra
2360 883 2442 924 prin·
2456 869 2483 915 3⁵0¹

1492 932 1621 974 cipalia3
1645 936 1699 965 aut
1723 933 1827 974 quoad
1852 943 1918 965 esse
1942 933 2106 976 integrum
2124 938 2155 966 et
2178 935 2382 976 completum,
2406 939 2442 967 ut
2455 922 2483 941 ¹¹³¹

1493 984 1545 1016 illa
1562 993 1642 1027 quae
1658 985 1776 1017 faciunt
1792 985 1831 1018 ad
1853 986 1993 1027 corporis
2010 986 2247 1027 perfectionem
2266 990 2320 1018 aut
2337 987 2441 1028 quoad

1492 1046 1558 1069 esse
1582 1037 1747 1069 decoram.
1764 1037 1866 1070 Prima
1879 1038 1890 1054 ὃ
1906 1038 2130 1070 necessarium
2147 1042 2194 1071 est
2214 1047 2381 1080 resurgere
2398 1048 2442 1072 se·

1492 1090 1631 1122 cundum
1650 1090 1841 1122 totalitatem
1850 1102 1861 1128 ‚·
1878 1090 1932 1123 sed
1950 1099 2031 1132 quae
2048 1091 2185 1123 secundo
2202 1094 2233 1123 et
2250 1092 2354 1130 tertio,
2372 1101 2442 1124 con-

1489 1152 1616 1184 yruum
1640 1146 1686 1174 est
1703 1151 1870 1184 resurgere
1887 1144 2062 1175 secundum
2087 1144 2137 1183 id,
2159 1144 2334 1176 secundum
2356 1144 2440 1186 quod

1491 1194 1610 1226 faciunt
1632 1194 1673 1226 ad
1697 1194 1964 1236 complementum
1988 1199 2017 1227 et
2040 1195 2196 1227 decorem.
2222 1196 2257 1227 Et
2288 1196 2362 1238 quia
2386 1196 2441 1228 hu—

1492 1254 1596 1278 mores
1619 1246 1659 1278 ad
1683 1246 1909 1287 plenitudinem
1943 1250 1974 1279 et
2001 1247 2209 1289 integritatem
2242 1247 2373 1285 faciunt,
2397 1257 2442 1280 re-

1492 1303 1622 1340 surgent
1646 1299 1677 1331 in
1701 1303 1786 1331 tanta
1803 1300 1976 1341 quantitate
1987 1325 1994 1338 ,
2011 1303 2127 1342 quanta
2144 1300 2266 1342 corpori
2285 1301 2440 1342 competit.

1491 1370 1535 1374 —
1560 1352 1594 1383 Et
1617 1360 1673 1393 per
1699 1352 1757 1384 hoc
1789 1355 1874 1393 patet
1902 1353 2095 1392 secundum,
2120 1353 2193 1394 quia
2217 1362 2277 1384 non
2302 1356 2439 1394 oportet,

1492 1404 1575 1446 quod
1601 1408 1684 1436 totus
1708 1405 1853 1446 sanguis,
1885 1414 1980 1446 quem
2012 1405 2185 1438 emittimus
2216 1414 2272 1447 per
2301 1405 2442 1438 minutio-

1493 1466 1582 1496 nem,
1607 1461 1769 1499 resurgat,
1795 1458 1849 1490 sed
1874 1461 2028 1500 quantum
2054 1458 2206 1500 congruit.
2232 1459 2380 1491 Similiter
2404 1459 2441 1492 de

1492 1519 1600 1548 carne,
1631 1523 1646 1539 «
1662 1519 1743 1552 quae
1766 1510 1836 1543 fluit
1860 1515 1890 1543 et
1914 1510 2042 1543 ressuit⁷
2058 1523 2088 1550 ›>,
2113 1511 2317 1544 iudicandum
2342 1515 2397 1544 est.

1581 1562 1609 1594 3.
1634 1562 1678 1594 Ad
1696 1562 1774 1594 illud
1791 1562 1874 1604 quod
1892 1562 2056 1601 obiicitur,
2075 1563 2159 1605 quod
2177 1572 2237 1594 non
2254 1563 2382 1602 vivunt3
2400 1564 2442 1596 di-

1469 1651 1473 1655 ,
1491 1614 1626 1646 cendum
1638 1639 1645 1652 ,
1669 1614 1754 1655 quod
1771 1614 1936 1656 tripliciter
1953 1618 2000 1647 est
2016 1615 2135 1656 aliquid
2153 1615 2280 1647 vivere:
2298 1619 2352 1647 aut
2369 1616 2441 1657 quia
2454 1626 2483 1648 Tri

1490 1667 1607 1708 recipit
1630 1666 1825 1699 influentiam
1851 1667 1949 1706 vitae,
1973 1671 2028 1699 aut
2052 1668 2125 1709 quia
2156 1667 2300 1709 disponit
2331 1668 2370 1700 ad
2402 1668 2442 1700 vi-

1491 1723 1572 1758 tam,
1597 1723 1652 1752 aut
1676 1720 1749 1761 quia
1778 1723 1887 1751 ortum
1913 1724 1944 1752 et
1976 1721 2244 1753 conservationem
2276 1721 2370 1753 habet
2402 1729 2440 1753 ex

1490 1776 1568 1804 actu
1591 1772 1686 1804 vitae.
1712 1772 1814 1804 Primo
1846 1773 1939 1805 modo
1971 1773 2148 1805 vivificatur
2174 1773 2348 1805 substantia
2379 1781 2443 1805 cor-

1490 1824 1607 1865 poralis
1630 1828 1661 1857 et
1685 1833 1778 1864 caro,
1803 1825 1943 1857 secundo
1969 1825 2061 1860 modo
2085 1825 2162 1857 vivit
2186 1825 2315 1867 spiritus
2332 1828 2362 1857 et
2385 1825 2441 1857 hu·

1490 1886 1580 1915 mor,
1606 1877 1698 1910 tertio
1723 1877 1815 1909 modo
1840 1877 1943 1919 capilli
1969 1882 1999 1910 et
2023 1878 2116 1910 etiam
2140 1887 2284 1919 ungues,
2312 1882 2343 1910 et
2370 1878 2441 1920 quia

1490 1930 1595 1962 omnia
1619 1931 1677 1963 ista
1702 1930 1927 1963 connexionem
1953 1930 2069 1963 habent
2093 1940 2165 1963 cum
2182 1931 2260 1968 vita,
2277 1930 2382 1962 onmia
2398 1939 2442 1963 re-

1490 1986 1631 2024 surgent.

1578 2036 1609 2067 li.
1633 2035 1675 2067 Ad
1702 2035 1778 2067 illud
1805 2036 1890 2077 quod
1919 2035 2083 2074 obiicitur,
2116 2036 2200 2077 quod
2232 2045 2293 2068 non
2327 2035 2441 2068 habent

1491 2098 1584 2121 usum
1600 2101 1607 2127 ς
1632 2088 1819 2127 dicendum,
1844 2089 1928 2130 quod
1957 2089 2071 2121 falsum
2104 2093 2168 2125 est,
2200 2089 2296 2121 immo
2327 2089 2480 2121 habentui

1492 2150 1605 2180 usum,
1629 2141 1747 2173 scilicet
1779 2141 1883 2183 ipsum
1913 2150 2028 2183 corpus
2052 2141 2223 2183 disponere
2246 2142 2292 2173 acl
2314 2142 2440 2179 vitam,-

1490 2194 1544 2227 sed
1570 2194 1672 2227 nunc⁸
1696 2195 1812 2226 habent
1833 2190 2016 2226 ulteriorem
2042 2203 2153 2232 usum,
2179 2194 2296 2227 scilicet
2318 2199 2441 2226 restau-

1490 2256 1588 2285 rare,
1613 2250 1643 2279 et
1667 2247 1751 2279 hunc
1767 2247 1897 2284 habent,
1915 2247 1989 2288 quia
2013 2246 2052 2278 de
2076 2256 2156 2278 novo
2181 2250 2388 2288 generantur,
2412 2250 2440 2279 et
2482 2260 2483 2270 2

1491 2300 1575 2332 hunc
1600 2300 1642 2331 ibi
1667 2309 1726 2331 non
1753 2299 1923 2331 habebunt.
2480 2337 2481 2343 ἵ

1581 2353 1609 2384 5.
1627 2352 1669 2384 Ad
1688 2352 1765 2384 illud
1784 2352 1868 2393 quod
1886 2351 2048 2390 obiicitur,
2074 2352 2158 2393 quod
2186 2361 2247 2383 non
2264 2354 2439 2393 congruunt
2479 2347 2481 2379 l

1491 2405 1614 2446 corpori
1648 2404 1803 2437 luminoso
1833 2408 1863 2436 et
1896 2404 2103 2445 impassibili,
2137 2404 2323 2443 dicendum,
2355 2403 2436 2446 quod
2479 2416 2480 2433 l

1491 2457 1572 2489 sicut
1596 2465 1669 2488 caro
1692 2461 1723 2489 et
1746 2465 1780 2488 os
1809 2457 1984 2489 secundum
2010 2459 2126 2488 statum
2151 2461 2347 2498 praesentem
2378 2465 2435 2488 non
2478 2460 2480 2488 ἐ

1491 2509 1701 2551 congruunt9,
1734 2509 1786 2541 sed
1821 2504 2078 2541 sublimabuntur
2110 2513 2140 2541 et
2175 2509 2435 2547 subtiliabuntur3

1491 2562 1535 2594 sic
1552 2565 1598 2594 est
1615 2561 1853 2603 intelligendum
1871 2562 1910 2594 de
1927 2562 2116 2594 humoribus
2132 2565 2161 2594 et
2178 2562 2329 2594 membris
2345 2561 2437 2594 omni-

1491 2615 1550 2647 bus
1575 2615 1788 2647 interioribus.

548 2912 555 2928 ¹
577 2912 627 2938 Csr.
648 2920 725 2944 supra
746 2913 770 2937 d.
793 2912 832 2937 si3.
853 2920 875 2938 a.
895 2913 914 2937 1.
929 2921 953 2945 q.
977 2914 997 2937 l.
1019 2914 1042 2937 in
1064 2920 1135 2944 corp,
1149 2916 1173 2938 et
1193 2920 1217 2945 q.
1239 2914 1262 2937 6.
1276 2913 1300 2937 in
1315 2912 1374 2937 fine.
1396 2926 1429 2930 —-

477 2956 533 2981 vat.
549 2956 653 2988 supplet
671 2957 800 2989 resurget.

545 2999 556 3016 ²
577 3000 643 3024 Libr.
666 3000 681 3024 1.
702 2999 797 3025 Canon.
818 3000 867 3025 Fen
893 3001 912 3024 l.
933 3000 1051 3025 Doctrina
1072 2999 1095 3024 4.
1115 3007 1136 3025 c.
1162 3001 1180 3024 l.
1201 3000 1426 3032 seq.,1v.Feni.

478 3049 506 3069 tr.
528 3045 551 3069 3.
572 3051 592 3069 c.
618 3045 637 3075 l,
658 3048 681 3069 et
703 3044 754 3068 Xll.
775 3044 807 3069 de
826 3044 919 3069 Natura
939 3045 1042 3069 animal.
1064 3051 1084 3069 c.
1106 3044 1130 3069 5,

548 3087 558 3104 3
577 3087 640 3113 Cod.
660 3089 681 3113 K
703 3088 721 3119 (l
741 3095 753 3112 a
774 3088 888 3113 secunda
908 3089 997 3120 manu)
1018 3088 1089 3113 addit
1102 3087 1155 3114 sive
1169 3087 1315 3114 radicalem
1330 3088 1427 3119 (plures

477 3131 552 3156 codd.
573 3138 631 3156 cum
652 3132 692 3156 cd.
716 3132 723 3156 l
749 3131 843 3157 babent
862 3131 1084 3164 complexionem,
1107 3133 1147 3157 cui
1168 3132 1224 3157 cod.
1245 3139 1274 3156 aa
1294 3131 1427 3162 subiungit

476 3174 661 3206 naturalem);
686 3175 705 3198 si
731 3175 794 3199 haec
819 3174 937 3199 radicalis
966 3175 1105 3199 humiditas
1130 3175 1297 3206 consumitur,
1318 3174 1426 3199 habetur

477 3217 620 3242 secundum
649 3218 807 3242 Avicennam
841 3219 910 3243 tertia
943 3219 1042 3250 species
1073 3217 1194 3244 nectit-ae.
1224 3218 1273 3244 Csr.
1305 3220 1366 3243 tom.
1399 3218 1425 3242 ll.

477 3268 536 3291 pag.
556 3261 620 3291 736,
641 3264 698 3286 nota
720 3262 743 3286 3.

548 3304 558 3320 ⁴1
577 3305 660 3330 Manli.
681 3306 727 3336 26,
749 3306 794 3330 28:
815 3306 863 3337 Qui
883 3313 931 3337 pro
951 3306 1037 3331 inultis
1057 3306 1203 3331 effundetur
1221 3307 1247 3331 in
1267 3309 1313 3331 etc.

547 3348 558 3363 5
577 3350 657 3373 serm.
679 3349 725 3380 61,
747 3350 791 3380 qui
820 3350 924 3380 incipit:
944 3349 1063 3382 Dianam
1087 3350 1110 3374 et
1139 3356 1290 3382 congraum
1309 3350 1348 3375 est
1365 3352 1422 3381 etc.y

478 3390 521 3415 ubi
542 3398 565 3415 n.
587 3391 609 3415 4.
631 3392 738 3416 dicitur:
763 3393 795 3417 llli
823 3392 959 3425 [Martyres
979 3393 1010 3418 de
1036 3392 1149 3426 Christo]
1177 3396 1280 3425 notum,
1300 3394 1421 3425 inquam,

1494 2912 1568 2937 nobis
1587 2913 1686 2943 saciant,
1707 2911 1929 2944 quemadmodum
1951 2912 1974 2936 in
2004 2912 2120 2936 exanime
2148 2913 2198 2936 iam
2218 2914 2354 2942 corpus-et
2372 2910 2434 2941 frigi·
2472 2908 2474 2951 l

1494 2956 1556 2981 dum
1575 2962 1631 2981 sese
1651 2956 1719 2980 calor
1738 2956 1919 2987 insinuaverit,
1940 2956 2045 2987 spiritus
2070 2957 2218 2987 ingesserit,
2247 2956 2352 2986 sanguis
2376 2954 2433 2979 infu-

1493 2999 1572 3030 derit,
1593 3003 1617 3024 ct
1636 2999 1732 3030 gelatas
1752 3000 1861 3024 humore
1881 3006 1962 3024 venas
1981 3000 2079 3030 pristini
2099 3000 2198 3030 vigoris
2216 2999 2306 3030 pulsus
2325 2999 2432 3030 agitave-

1491 3044 1523 3068 rit
1541 3045 1588 3067 etc.

1561 3086 1572 3102 ⁶
1591 3086 1652 3111 Cod.
1674 3086 1689 3110 F
1711 3085 1840 3111 Primum.

1560 3130 1570 3146 ⁷
1596 3130 1745 3155 Secundum
1771 3131 1882 3162 histor,
1913 3131 1928 3155 1.
1950 3130 1981 3155 de
2001 3131 2117 3155 Generat.
2136 3133 2161 3155 et
2180 3133 2293 3161 corrupt.
2320 3132 2375 3154 text.
2395 3127 2431 3153 36.
2469 3123 2471 3162 j

1490 3174 1523 3204 (c.
1545 3173 1588 3205 5.),
1609 3173 1652 3199 ubi
1673 3174 1711 3198 liis
1735 3174 1823 3198 verbis
1849 3174 1967 3205 designat
1991 3181 2094 3198 carnem
2123 3173 2266 3198 secundum
2286 3171 2430 3201 vitateiiam,
2469 3163 2470 3203 J

1490 3219 1530 3243 cui
1551 3219 1691 3249 opponitur
1710 3225 1770 3243 caro
1783 3218 1926 3243 secundum
1940 3218 2058 3251 formam
2071 3219 2125 3243 sive
2139 3217 2258 3250 speciem.
2273 3216 2322 3242 Csr.
2336 3219 2394 3242 tom.
2408 3213 2431 3238 ll.
2468 3213 2469 3245 j

1490 3268 1551 3293 pag.
1572 3262 1638 3293 734,
1659 3265 1717 3287 nota
1738 3262 1760 3286 3.

1559 3305 1570 3322 ⁸
1589 3306 1637 3330 Pro
1656 3312 1728 3331 nanc
1747 3307 1762 3330 i.
1783 3313 1804 3330 e.
1826 3306 1849 3330 in
1870 3306 1997 3336 praesenti
2018 3306 2084 3337 vita,
2101 3305 2159 3330 edd.
2181 3310 2319 3336 perperam
2338 3309 2397 3328 non.
2467 3335 2468 3338 Ἴ

1558 3349 1569 3365 ⁹
1589 3350 1644 3375 Vnt.
1665 3349 1780 3381 supplet:
1809 3348 1891 3374 statui
1919 3347 2102 3380 beatitudinis,
2124 3348 2180 3374 cod.
2202 3349 2223 3373 K
2245 3347 2265 3380 (1
2285 3355 2298 3372 a
2323 3344 2430 3372 secunda
2466 3344 2468 3361 ν’

1489 3394 1577 3424 manu)
1598 3394 1668 3418 tunc.
2466 3390 2467 3394 ¹
