2483 3882
3 1989 158 2020 aemonio
173 1989 200 2020 ⁵:

682 234 774 266 DlST.
800 235 899 266 XXIX.
924 234 1005 266 ART.
1032 233 1162 266 UNICUS
1185 233 1338 274 QUAEST.
1363 233 1384 264 1.

1960 233 2021 265 699

804 402 1066 440 ARTiCULUs
1095 401 1276 440 UNICUS.

858 509 900 540 De
924 518 1082 540 consensu
1107 512 1230 540 coacta

929 619 1111 660 QuAusrio
1136 619 1154 650 i.

596 717 712 749 Utrum
738 726 915 749 consensus
939 720 1072 748 coactus
1096 714 1204 757 faciat
1228 716 1493 748 inatr‘i‘mouz'um.

147 831 233 863 Circa
256 829 395 871 primum
421 829 615 868 ostenditur,
640 828 724 870 quod
749 836 919 860 consensus
944 836 1010 859 coa-

61 888 128 919 ctus
150 883 241 916 saciat
265 881 516 919 matrimonium
540 885 570 913 et
593 881 677 922 quod
702 881 755 919 sic,
781 880 919 912 videtur:

149 938 176 969 1.
201 936 280 977 Quia
303 934 515 977 Augustinus¹
534 934 624 972 dicit,
641 934 726 976 quod
749 937 881 966 «coacta
902 933 1010 965 volun-

0 997 48 1025 posi·
61 994 106 1024 tas
129 989 273 1022 voluntas
297 992 385 1020 est»:
410 996 485 1029 ergo
509 996 580 1019 cum
606 995 777 1019 consensus
802 987 841 1018 sit
870 986 1009 1018 volunta-

0 1031 5 1045 1

7 1039 12 1045 ’
61 1043 114 1081 tis,
138 1050 308 1074 consensus
333 1044 397 1079 est,
421 1040 475 1072 sed
507 1039 634 1081 «posita
658 1048 770 1077 causa,
788 1039 916 1080 ponitur
940 1038 1009 1070 esse-

61 1099 168 1129 ctusn:
194 1103 268 1135 ergo
291 1093 392 1135 posito
417 1092 469 1124 tali
495 1101 667 1130 consensu,
690 1095 737 1124 est
764 1091 1007 1123 matrimonium.

147 1148 175 1179 2.
200 1147 292 1186 item,
318 1146 376 1177 hoc
400 1145 526 1177 videtur
557 1145 687 1177 ratione
708 1154 768 1186 per
791 1143 916 1175 siiizilc:
935 1144 1009 1185 quia

61 1201 112 1244 qui
136 1200 286 1242 baptizari
311 1199 463 1232 consentit
488 1199 600 1231 timore
625 1199 751 1237 mortis,
769 1197 945 1239 baptizatus
962 1201 1009 1229 est

60 1257 89 1287 et
111 1263 168 1296 pro
191 1253 347 1294 baptizato
372 1252 506 1284 habetur
520 1251 548 1283 2:
567 1260 642 1293 ergo
659 1251 803 1283 similiter
828 1254 874 1282 est
899 1250 928 1282 iu
948 1259 1010 1282 ma-

61 1305 213 1338 trimouio.

147 1358 175 1390 3.
201 1358 292 1396 item,
318 1358 375 1390 hoc
400 1357 526 1389 videtur
548 1367 608 1398 per
631 1356 813 1388 maionem:
843 1356 917 1398 quia
941 1365 1010 1388 con-

60 1419 168 1444 sensus
191 1419 251 1441 non
277 1413 378 1451 potest
402 1409 486 1451 cogi,
517 1409 571 1441 sed
598 1412 719 1441 tantum
744 1409 868 1447 induci,
893 1409 947 1441 sed
973 1410 1010 1441 si-

60 1467 111 1496 cut
134 1463 294 1495 inducitur
319 1463 429 1501 minis,
463 1462 504 1494 ita
528 1462 689 1494 inducitur
718 1462 896 1500 hlaiiditiis3
929 1463 981 1494 sed
998 1463 1008 1477 ³

60 1516 84 1549 si
107 1515 219 1557 aliquis
243 1515 391 1547 inductus
415 1514 574 1546 blanditiis
599 1515 771 1547 consentiat
797 1515 825 1546 in
852 1515 1009 1546 matrimo-

60 1569 154 1607 nium,
178 1568 412 1600 matrimonium
439 1571 538 1599 tenet:
566 1576 640 1609 ergo
665 1567 818 1606 similiter,
844 1568 867 1599 si
894 1568 1010 1600 induci—

59 1625 110 1653 tur
134 1621 235 1652 minis.

144 1673 292 1711 [1.116111,
327 1673 380 1714 qui
411 1676 502 1714 negat
537 1672 695 1704 Christum
734 1673 845 1704 timore
883 1673 1009 1711 mortis,

59 1730 179 1767 peccat;
204 1725 257 1757 sed
284 1725 391 1758 nullus
415 1729 522 1767 peccat
546 1725 604 1757 nisi
631 1725 752 1758 liber⁴z
783 1735 857 1767 ergo
882 1735 1008 1758 consen-

60 1779 136 1811 tiens
161 1778 190 1810 in
214 1778 334 1819 aliquid
359 1778 471 1810 timore
496 1778 606 1810 mortis
632 1778 729 1810 libere
761 1778 922 1810 consentit.
949 1778 1008 1810 Sed

59 1839 224 1863 consensus
254 1831 333 1863 liber
364 1830 437 1862 facit
469 1831 721 1863 matrimonium:
755 1839 830 1872 ergo
862 1831 915 1872 qui
940 1840 1009 1863 con-

60 1884 148 1916 sentit
172 1884 283 1915 timore
309 1883 418 1915 mortis
443 1886 500 1915 etc.

143 1936 285 1968 CONTRA:
314 1937 340 1967 1.
363 1936 548 1975 Decretalis,
567 1936 605 1968 de
622 1936 825 1978 Sponsalibus
850 1939 880 1968 61
905 1936 1009 1968 matri-

231 1989 335 2020 «Cum
361 1989 465 2021 locum
496 1998 556 2020 non
588 1989 701 2021 haheat
733 1998 921 2027 consensus,
953 1989 1007 2021 ubi

59 2044 174 2080 metus,
208 2041 255 2073 vel
281 2042 398 2074 coactio
427 2041 607 2081 intercedit,
641 2051 766 2074 necesse
798 2046 861 2081 est,
894 2046 929 2074 ut
954 2043 1006 2074 ubi

58 2103 225 2126 consensus
249 2095 425 2127 communis
457 2095 647 2136 requiritur,
680 2096 847 2128 coactionis
876 2096 1007 2128 materia

58 2147 225 2188 repellatur
238 2159 274 2178 n:
300 2156 375 2188 ergo
401 2151 457 2179 etc.

141 2201 169 2231 ζ).
200 2200 292 2238 item,
325 2208 497 2232 consensus
530 2200 770 2233 matrimonialis
802 2201 926 2242 signum
961 2205 1007 2233 est

57 2252 276 2284 coniunctionis
300 2253 423 2284 animae
447 2256 477 2284 et
501 2253 600 2291 Dei⁶;
632 2254 686 2286 sed
719 2254 823 2285 anima
852 2263 914 2286 non
938 2264 1007 2286 con-

57 2304 192 2346 iungitur
217 2305 279 2337 Deo
303 2314 457 2338 consensu
482 2309 603 2343 coacto:
637 2315 712 2348 ergo
744 2307 768 2339 si
802 2307 927 2348 signum
960 2311 1007 2339 est

57 2366 244 2399 congruum,
269 2359 504 2390 matrimonium
529 2368 590 2390 11011
623 2359 821 2391 contrahitur
849 2369 1005 2392 consensu

57 2410 164 2443 timore
188 2416 301 2443 coacte.

141 2463 170 2495 3.
194 2464 286 2503 item,
319 2473 481 2506 nunquam
514 2465 619 2496 anima
643 2465 677 2496 fit
702 2474 816 2506 sponsa
840 2465 912 2503 Dei,
946 2465 1003 2497 nisi

48 2517 180 2547 uniatur
205 2525 259 2557 per
294 2525 452 2548 amorem:
488 2526 562 2558 ergo
599 2517 737 2549 mulier⁷
772 2527 933 2559 nunquam
970 2518 1005 2549 fit

57 2576 167 2609 sponsa
198 2569 273 2608 viri,
306 2570 364 2601 nisi
390 2570 519 2601 uniatur
551 2579 607 2611 per
641 2579 799 2608 amorem,
833 2571 885 2602 sed
913 2571 1004 2610 unio,

57 2630 133 2663 quae
157 2627 202 2654 est
225 2632 281 2664 per
305 2632 492 2655 consensum
518 2627 679 2662 coactum,
704 2632 763 2654 non
790 2623 824 2655 fit
850 2632 904 2664 per
922 2633 1006 2655 amo-

57 2682 140 2706 rem:
167 2684 240 2717 ergo
264 2679 320 2707 etc.

1162 827 1191 858 li..
1218 827 1310 865 item,
1335 827 1366 858 in
1390 836 1543 859 consensu
1569 828 1757 861 matrimonii
1783 829 1957 871 acquiritur
1977 840 2027 871 po-

1076 879 1195 910 testas⁸
1227 879 1256 910 in
1290 879 1495 911 alterutrum:
1529 889 1604 921 ergo
1636 890 1761 914 necesse
1790 886 1853 921 est,
1885 883 1970 924 quod
1997 884 2024 914 111

1074 932 1295 964 consentiendo
1320 932 1380 964 sint
1404 933 1569 974 aequales;
1601 934 1655 966 sed
1681 944 1751 966 cum
1777 936 1856 967 alter
1881 936 1962 977 cogit
1985 936 2026 967 al-

1074 987 1177 1016 terum
1202 984 1241 1016 ad
1266 985 1543 1025 consentiendum,
1576 995 1635 1018 non
1662 990 1734 1019 sunt
1759 988 1923 1030 aequales:
1950 998 2025 1030 ergo

1074 1037 1126 1068 tali
1152 1046 1305 1069 consensu
1331 1047 1391 1070 non
1417 1039 1614 1071 contrahitur
1639 1040 1886 1073 matrimonium.

1428 1153 1667 1177 CONCLUSIO.

1077 1248 1259 1281 Couscusus
1283 1254 1416 1281 coactus
1441 1250 1488 1282 uel
1510 1250 1561 1288 vi,
1587 1251 1634 1282 vet
1657 1255 1743 1282 metii
1768 1252 1900 1284 cadente
1925 1252 1959 1283 iu
1982 1253 2027 1284 ‘ui'-

1162 1312 1238 1334 rum
1264 1307 1465 1335 constantem
1489 1313 1554 1335 non
1569 1302 1654 1346 facit
1671 1304 1941 1343 matrimonium,
1962 1306 2030 1337 nisi·

1161 1360 1234 1397 post
1258 1356 1457 1388 coactionem
1483 1357 1517 1388 iu
1541 1357 1711 1389 carnalem
1729 1358 1881 1399 copulam
1899 1367 2027 1390 conscii-

1165 1407 1280 1439 licetur.

1166 1514 1363 1546 Rusroxnsso:
1390 1515 1581 1554 Dicendum,
1598 1516 1683 1557 quod
1701 1525 1877 1548 cousensus
1895 1522 2028 1549 coactus
2045 1522 2188 1570 Duiffigfoa-

1076 1569 1176 1607 potest
1193 1574 1260 1598 esse
1278 1566 1464 1607 dupliciter,
1489 1567 1606 1599 scilicet
1622 1568 1666 1605 υἱ,
1684 1568 1733 1599 vel
1750 1572 1846 1600 metu.
1878 1582 1892 1598 α
1912 1569 1965 1601 Vis
1982 1573 2028 1601 est

1076 1618 1203 1650 maioris
1228 1618 1272 1650 rei
1298 1618 1451 1660 impetus,
1476 1620 1529 1660 qui
1555 1620 1663 1661 repelli
1690 1630 1750 1652 non
1775 1621 1927 1662 potest⁹n
1945 1635 1951 1659 3
1969 1632 2029 1653 mc-

1076 1675 1128 1702 tzis
1152 1675 1198 1703 est
1222 1671 1365 1703 instantis
1388 1672 1520 1713 periculi
1546 1673 1721 1713 trepidatio.
1752 1674 1838 1706 Tunc
1862 1678 1966 1706 autem
1996 1675 2030 1706 111

1074 1724 1142 1761 vis,
1168 1724 1294 1764 quando
1319 1725 1459 1765 capitur,
1485 1725 1629 1763 ducitur,
1656 1726 1793 1758 trahitur
1817 1727 1953 1766 invitus,
1979 1728 2028 1759 vel

1075 1776 1206 1817 ligatus,
1231 1777 1299 1818 ipso
1323 1777 1513 1809 reclamante
1538 1781 1568 1809 et
1593 1778 1762 1817 renitente3
1787 1780 1864 1812 haec
1888 1784 1934 1812 est
1958 1790 2029 1813 cort·
2045 1786 2155 1807 Conclusio
2173 1786 2189 1806 1-

1074 1829 1155 1867 ctt'o,
1189 1829 1219 1860 in
1244 1839 1306 1871 qua
1330 1839 1390 1861 non
1416 1835 1463 1862 est
1487 1840 1675 1870 consensus,
1709 1835 1739 1864 et
1764 1833 1793 1864 in
1819 1833 1877 1865 hac
1901 1833 2028 1865 omnino

1074 1891 1135 1913 non
1160 1886 1207 1914 est
1240 1883 1486 1915 matrimonium.
1518 1903 1560 1907 —-
1593 1884 1644 1916 Est
1676 1888 1706 1916 et
1737 1885 1798 1917 alia
1831 1886 1947 1918 coactio
1968 1896 2029 1927 pei·

1074 1938 1214 1973 metum,
1238 1939 1273 1967 ut
1297 1945 1368 1967 cum
1394 1936 1508 1978 aliquis
1533 1937 1671 1969 minatur
1697 1941 1830 1970 mortem
1856 1939 1905 1971 vel
1935 1939 2030 1971 inten-

1074 1991 1135 2026 tat,
1160 1988 1218 2020 nisi
1244 1989 1432 2027 consentiam
1457 1993 1487 2021 et
1512 1990 1550 2022 de
1575 1990 1633 2022 hac
1650 1991 1808 2023 coactione
1831 1992 2030 2033 distinguunt
2058 1998 2191 2045 sssistiucijpt

1073 2041 1187 2083 aliqui,
1212 2042 1296 2083 quod
1322 2042 1393 2074 talis
1418 2043 1615 2076 consentiens
1640 2048 1695 2076 aut
1712 2045 1864 2077 consentit
1882 2055 1956 2083 ore,
1975 2046 2029 2078 sed
2044 2031 2136 2073 ξοιιῗῖιῗοῐῗ]
2176 2044 2178 2046 ’

1072 2104 1137 2126 nou
1162 2095 1276 2133 corde,
1310 2099 1340 2127 et
1372 2099 1446 2128 tuuc
1479 2106 1538 2128 nou
1572 2101 1620 2129 est
1653 2098 1889 2130 matrimonium
1922 2098 2030 2140 aliquo

1074 2148 1184 2185 1110110;
1219 2152 1274 2180 aut
1297 2148 1395 2180 corde
1422 2149 1592 2187 consentit,
1629 2150 1775 2191 quamvis
1812 2155 1964 2189 coactus,
2001 2156 2031 2183 et

1072 2203 1146 2232 tunc
1172 2201 1408 2233 matrimonium
1433 2205 1480 2234 est
1504 2202 1533 2233 in
1560 2206 1728 2244 conspectu
1754 2203 1826 2242 Dei,
1851 2204 1925 2245 quia
1953 2213 2032 2235 «vo-

1072 2253 1176 2286 luntas
1200 2258 1306 2286 coacta
1339 2255 1483 2287 voluntas
1515 2259 1561 2287 est
1574 2268 1612 2294 »3
1644 2256 1699 2287 sed
1732 2265 1793 2288 11011
1826 2261 1872 2288 est
1905 2257 1934 2288 in
1960 2266 2029 2289 con-

1070 2309 1179 2348 spectu
1210 2306 1379 2345 Ecclesiae,
1411 2316 1492 2348 quae
1523 2308 1714 2348 praesumit,
1747 2309 1831 2349 quod
1864 2309 1934 2340 talis
1968 2318 2027 2341 11011

1070 2359 1263 2391 consenserit
1286 2359 1398 2397 corde,
1428 2364 1459 2391 61
1484 2360 1552 2392 ideo
1578 2361 1621 2392 sic
1646 2361 1763 2392 iudicat
1787 2365 1818 2393 et
1842 2362 2028 2400 sententiat,

1071 2416 1106 2443 ut
1130 2416 1263 2453 uterque
1287 2412 1376 2444 alteri
1404 2413 1432 2444 111
1459 2413 1589 2445 Domino
1614 2414 1711 2445 nubat
1726 2414 1760 2446 ¹⁰.
1786 2433 1829 2436 —
1853 2415 1911 2447 Sed
1942 2419 2026 2447 certe
2040 2421 2175 2468 Nonmrrroba-

1071 2464 1154 2496 istud
1187 2474 1247 2496 non
1280 2465 1405 2497 videtur
1438 2467 1613 2498 consentire
1647 2467 1794 2499 decretali
1829 2468 2024 2509 praedictae,
2122 2463 2127 2468 ”

1069 2526 1150 2559 quae
1175 2517 1266 2555 dicit,
1294 2518 1378 2559 quod
1409 2528 1607 2551 «consensus
1633 2530 1692 2551 non
1719 2521 1814 2552 habet
1832 2521 1953 2560 locum,
1973 2522 2025 2554 11111

1071 2574 1191 2608 metus,
1217 2570 1265 2602 vel
1291 2571 1409 2602 coactio
1434 2571 1641 2603 intercedit».

1160 2623 1193 2654 Et
1218 2623 1287 2655 ideo
1313 2623 1517 2664 distinguitur
1540 2624 1650 2663 aliter,
1674 2625 1758 2666 quod
1782 2630 1886 2663 nictus
1903 2626 2023 2667 duplex
2040 2632 2188 2679 Anacfifiisun-

1069 2679 1132 2714 est,
1157 2675 1286 2716 quidam
1313 2676 1408 2713 levis,
1441 2677 1569 2718 quidam
1596 2677 1722 2709 iustam.-
1758 2679 1886 2717 tuscus,
1919 2684 2027 2721 utpote
2130 2675 2134 2679 ”

125 2829 187 2855 ¹Dc
208 2832 302 2862 Spiritu
322 2834 346 2856 et
375 2831 408 2856 lit.
439 2838 460 2856 c.
490 2832 537 2863 31,
568 2839 591 2856 n.
621 2831 662 2856 53.
693 2831 777 2857 Verba
807 2832 867 2857 vide
888 2837 949 2857 10111.
970 2833 1005 2857 111.

58 2879 116 2904 pag.
138 2874 200 2906 877,
221 2879 279 2900 nota
299 2876 322 2900 ἱ).
342 2889 378 2893 -
396 2875 432 2900 De
452 2883 506 2908 seq.
526 2877 652 2901 axiomuto
666 2876 763 2909 (posita
776 2883 860 2902 caasa
879 2876 937 2908 etc.)
957 2878 1003 2902 ct'r.

57 2922 132 2948 supra
153 2925 213 2949 pag.
239 2919 293 2950 102,
315 2922 372 2944 nota
394 2920 416 2944 3.
438 2933 471 2937 ——
492 2920 550 2945 Post
568 2921 682 2951 primum
711 2926 774 2953 erqo
800 2920 860 2945 cdd.
881 2921 971 2952 legunt
989 2928 1006 2946 [ι

58 2958 138 2986 simili
154 2967 297 2988 consensus
316 2964 424 2988 coactus
444 2969 589 2989 cousensus
609 2964 654 2988 est.

126 3005 136 3020 ²
156 3005 220 3030 Vide
240 3014 317 3038 supra
339 3007 363 3032 d.
385 3007 407 3031 4.
429 3014 453 3038 p.
474 3007 490 3032 1,
511 3015 533 3032 a.
554 3008 579 3032 2.
599 3014 623 3039 q.
648 3008 668 3032 1.

126 3048 137 3065 ³
155 3050 256 3075 Plurimi
277 3051 352 3076 codd.
373 3055 396 3076 ot
416 3051 457 3076 ed.
482 3052 487 3076 1
514 3051 613 3076 addunt
632 3051 708 3077 sicut.

125 3092 135 3108 ⁴
154 3094 239 3119 Plures
258 3095 333 3120 codd.
363 3094 457 3126 libere,
480 3095 556 3120 codd.
583 3096 604 3120 K
618 3096 669 3120 11Τ
690 3096 707 3127 (Ι
729 3103 742 3121 a
771 3096 885 3121 secunda
915 3098 1005 3129 manu)

59 3134 135 3162 libere
153 3138 304 3164 consentiat.

125 3180 136 3197 ⁵
153 3182 225 3207 Extra
246 3182 288 3208 lib.
311 3183 349 3208 Ν.
370 3184 405 3209 tit.
427 3185 449 3208 11.
479 3191 501 3208 c.
527 3183 564 3208 lsk.
586 3184 633 3208 l’ro
661 3183 811 3209 communis
839 3184 915 3209 codd.
938 3184 954 3208 L
975 3192 1004 3209 aa

59 3229 116 3248 cum
136 3228 202 3250 textu
221 3227 337 3257 originali
357 3226 533 3260 cuiusquam,
556 3227 613 3252 cod.
634 3228 653 3252 Α
673 3234 769 3260 purus.

126 3268 137 3284 ⁶
156 3269 186 3294 Ut
204 3272 335 3295 ostensum
353 3274 391 3296 est
411 3277 489 3301 supra
511 3271 535 3295 d.
556 3271 598 3295 26.
620 3277 642 3295 a.
664 3271 687 3295 2.
707 3277 732 3302 q.
757 3272 776 3295 1.
791 3285 825 3288 —
840 3271 863 3295 ln
884 3271 934 3296 fine
947 3279 1004 3303 arg.

59 3317 88 3335 ex
112 3312 167 3338 cod.
188 3313 206 3337 [i
228 3315 363 3344 posuimus
382 3321 513 3340 consensu
533 3313 627 3340 timore
647 3321 695 3345 pro
713 3313 821 3346 timore,
838 3315 894 3339 cod.
916 3315 932 3339 E
953 3319 1007 3341 tan-

60 3356 113 3379 tum
133 3361 268 3382 consensu.

1144 2833 1155 2849 7
1174 2833 1207 2857 Ex
1228 2833 1286 2858 cod.
1306 2833 1326 2857 U
1346 2833 1529 2864 supplevimus
1548 2832 1655 2858 mulier.

1140 2875 1151 2892 Β
1171 2876 1233 2901 Cod.
1253 2877 1271 2900 L
1291 2883 1377 2910 aequa
1393 2877 1519 2909 potestas.
1540 2876 1590 2901 Csr.
1613 2877 1627 2902 Ι.
1648 2877 1705 2902 Cor.
1726 2878 1758 2909 7,
1782 2878 1805 2903 4.

1140 2920 1151 2936 9
1170 2920 1319 2945 Secundum
1341 2921 1478 2951 lusdnian„
1500 2920 1526 2944 D.
1543 2920 1583 2945 lV.
1605 2921 1636 2945 de
1656 2922 1691 2945 Eo
1705 2922 1775 2953 quod
1791 2925 1874 2947 metus
1888 2929 1965 2947 causa
1979 2927 2026 2948 etc.

1070 2964 1117 2996 (tit.
1138 2964 1181 2996 2.),
1201 2964 1240 2989 lex
1261 2965 1283 2989 2.
1305 2964 1420 2992 (Plurimi
1440 2964 1516 2989 codd.
1537 2968 1561 2989 61
1580 2964 1640 2990 edd.
1661 2972 1728 2998 quae
1748 2973 1795 2997 pro
1815 2966 1879 2999 qui).
1904 2967 1961 2998 Seq.
1984 2967 2027 2991 ‹le-

1071 3009 1150 3033 iluitio
1170 3010 1255 3034 'melus
1275 3010 1417 3034 insinuatur
1438 3009 1498 3033 ibid.
1521 3009 1577 3040 lege
1598 3008 1640 3034 ,111
1666 3011 1776 3040 praetor
1796 3011 1842 3041 (l.)
1862 3011 1912 3035 sie:
1932 3012 2027 3035 instan-

1071 3053 1101 3076 tis
1121 3052 1162 3076 vcl
1182 3053 1258 3077 futuri
1280 3052 1385 3083 periculi
1414 3059 1492 3077 causa
1522 3054 1614 3077 mentis
1640 3053 1785 3084 trepidatio
1806 3054 1876 3085 (l'ost
1902 3053 2025 3080 instantis

1072 3096 1127 3121 Vat.
1148 3097 1223 3120 ctiam
1244 3096 1315 3120 addit
1335 3095 1376 3121 cet
1393 3095 1489 3128 futuri,
1505 3100 1530 3120 61
1544 3099 1602 3126 post
1614 3096 1728 3128 periculi
1740 3097 1817 3122 codd.
1840 3098 1857 3121 L
1869 3097 1889 3122 Y
1909 3097 2023 3130 mentis).

1070 3153 1105 3157 —
1124 3140 1238 3170 Aristeu,
1260 3139 1296 3163 111.
1317 3139 1394 3163 Etliic.
1415 3146 1437 3164 c.
1464 3140 1483 3163 l.
1503 3138 1666 3165 coactionem
1680 3141 1736 3164 sive
1755 3141 1902 3165 violentiam
1923 3141 2025 3166 delinit:

1072 3183 1179 3207 Videtur
1199 3186 1283 3207 autem
1305 3183 1445 3207 violentum
1466 3183 1491 3207 id
1511 3190 1582 3215 esse,
1605 3184 1678 3208 cuius
1694 3185 1850 3215 principium
1866 3186 2025 3211 oxu-insecus

1070 3230 1120 3257 est,
1143 3226 1255 3258 nihilque
1274 3226 1306 3251 ad
1328 3226 1352 3250 id
1373 3227 1470 3251 confert
1489 3226 1529 3251 illo
1549 3228 1592 3258 qui
1614 3228 1722 3258 cogitur.

1143 3270 1163 3286 ¹0
1183 3271 1327 3301 [inspiciun-
1355 3271 1370 3295 l.
1399 3270 1456 3295 Cor.
1486 3271 1512 3302 7,
1540 3272 1587 3296 39:
1613 3271 1658 3296 Cui
1685 3272 1740 3297 vult
1761 3272 1854 3304 nubat,
1876 3276 1973 3298 tantum
2000 3275 2023 3298 in

1071 3315 1189 3339 Domino.
