2483 3882
465 237 527 267 6020

463 323 593 355 Videtur
610 321 692 353 enim
716 320 798 352 male
815 320 933 357 dicere,
958 319 1032 359 quia
1049 318 1131 350 dona
1154 317 1289 358 Spiritus
1313 317 1412 349 sancti

462 378 535 407 sunt
559 382 700 405 connexa
715 373 740 410 1;
765 376 795 404 61
819 372 867 404 1511
893 371 1012 412 gradus
1036 379 1097 402 non
1115 374 1188 402 sunt
1212 370 1344 401 connexi
1362 378 1413 401 ne-

462 426 596 458 cessario
621 434 677 457 1166
708 424 818 456 51111111;
843 433 918 464 ergo
950 432 1010 454 non
1043 422 1179 460 videtur,
1212 422 1297 463 quod
1327 422 1410 453 istud

461 479 697 510 Sacramentum
720 477 759 508 sit
784 476 901 517 gratiae
927 475 1126 516 septiformis.
1143 493 1187 498 —
1203 474 1295 512 Item,
1323 474 1422 506 nulla*

461 530 586 562 videtur
609 538 677 561 esse
702 529 856 561 connexio
880 529 995 560 horum
1019 528 1168 560 ordinum
1191 528 1231 559 ad
1250 528 1332 560 dona
1349 528 1412 569 Spi-

461 583 541 614 ritus
565 581 662 613 sancti
678 581 698 619 ²,
724 581 797 622 quia
821 581 936 613 ostium
961 580 1120 613 custodire
1143 580 1184 612 ad
1212 580 1336 612 nullum
1360 580 1411 612 do-

460 642 572 666 norum
598 633 733 674 Spiritus
757 633 854 665 sancti
879 633 1036 674 pertinere
1061 633 1197 664 videtur.

548 686 746 717 RESPONDEO:
777 685 969 723 Dicendum,
1000 685 1083 726 quod
1115 685 1247 716 verbum
1272 684 1409 725 Magistri

459 747 515 780 per
547 738 704 779 quandam
737 737 1043 778 appropriationem
1074 737 1313 778 intelligendum
1346 740 1409 776 est,

459 800 520 822 11011
544 800 601 831 per
621 790 878 832 proprietatem,
904 790 946 821 ita
970 790 1054 831 quod
1080 790 1161 821 dona
1185 789 1320 831 Spiritus
1344 798 1411 821 sau-

459 843 499 875 cti
524 843 648 875 divisim
674 843 789 874 dentur
814 842 843 873 in
876 842 1041 874 ordinibus
1074 842 1223 883 singulis;
1252 842 1308 874 sed
1333 851 1410 874 usus

459 896 573 927 horum
598 895 752 927 donorum
779 898 898 935 septem
923 894 972 926 1115
1005 897 1122 936 septem
1149 894 1301 935 gradibus
1330 903 1411 926 com-

457 951 599 989 petenter
622 948 724 988 aptari
748 950 895 988 possunt,
927 950 958 979 et
993 947 1051 979 1106
1074 947 1272 979 ascendendo
1303 955 1321 978 a
1357 946 1411 978 mi-

457 1000 524 1031 nori
549 1008 650 1042 usque
674 1000 714 1032 ad
739 1008 899 1032 summum
913 1000 933 1030 ³.

854 1106 930 1137 Duss.
956 1105 1000 1136 111.

546 1212 620 1244 116111
646 1212 810 1254 quaeritur
827 1211 866 1243 de
883 1212 941 1243 1106
966 1211 1050 1252 quod
1076 1210 1166 1249 dicit,
1184 1211 1268 1252 quod
1286 1220 1410 1243 corona

458 1265 567 1308 requie
591 1266 689 1297 decus
712 1264 889 1306 siynzfieat.
917 1264 1046 1297 Videtur
1076 1264 1157 1296 enim
1184 1263 1265 1296 male
1290 1264 1407 1301 dicere,

458 1319 532 1360 quia
549 1318 664 1350 dicitur
690 1318 789 1349 Exodi
814 1317 936 1349 decimo
960 1317 1059 1348 nono⁴
1077 1317 1308 1355 sacerdotibus,
1325 1317 1409 1358 quod

457 1376 530 1403 sunt
553 1381 693 1413 1691111111
716 1370 941 1402 sacerdotale:
966 1378 1042 1411 ergo
1074 1370 1250 1401 secundum
1282 1370 1341 1402 hoc
1365 1379 1410 1402 sa-

456 1424 631 1457 cerdotium
656 1424 787 1456 adiacet
798 1424 809 1440 5
826 1432 936 1464 regno,
954 1432 1014 1454 non
1032 1432 1049 1455 e
1065 1431 1233 1455 converso:
1252 1431 1327 1463 ergo
1349 1431 1410 1454 ma-

456 1477 503 1518 gis
525 1477 653 1509 deberet
678 1476 782 1508 dicere
806 1485 945 1517 regnum
971 1475 1135 1506 decorum.

545 1530 743 1562 RESPONDEO:
770 1528 962 1566 Dicendum,
987 1528 1072 1570 quod
1096 1527 1272 1560 differentia
1297 1530 1343 1559 est
1368 1527 1410 1559 in-

456 1587 503 1615 ter
528 1592 645 1615 novum
670 1586 699 1614 et
724 1585 814 1614 vetus
839 1584 1076 1619 testamentum,
1101 1580 1181 1612 inter
1206 1580 1409 1621 comparatio-

1202 230 1485 262 SENTENTIARUM
1509 230 1576 272 LIB.
1600 231 1648 263 IV.

1476 325 1547 349 nem
1571 317 1752 349 sacerdotii
1773 321 1803 350 et
1826 318 1930 360 requi.
1948 319 2101 359 Quoniam
2118 320 2200 352 enim
2225 324 2316 353 vetus
2337 324 2426 354 testa-

1476 373 1617 401 mentum
1642 374 1709 402 erat
1732 370 1837 403 adhuc
1869 371 2043 403 carnalium
2067 376 2098 404 et
2131 373 2298 405 carnaliter
2322 374 2426 406 viven-

1476 422 1555 453 tium
1567 422 1587 460 ⁶,
1614 422 1681 454 ideo
1706 426 1842 463 potestas
1866 423 2036 456 saecularis
2060 427 2128 456 erat
2159 425 2370 466 principalior,
2395 429 2425 458 et

1475 477 1612 516 potestas
1636 475 1839 507 sacerdotalis
1870 480 1938 508 erat
1963 477 2074 508 minor.
2107 477 2141 508 Et
2164 477 2234 509 ideo
2265 477 2423 519 signanter

1476 527 1640 560 dicebatur
1665 527 1694 559 in
1719 529 1798 569 Lege
1821 538 1960 570 reguum
1988 529 2205 567 sacerdotale,
2230 530 2303 571 quia
2328 539 2426 562 sacer-

1476 579 1596 611 dotium
1621 580 1777 621 pendebat
1794 589 1833 613 ex
1859 590 1964 622 regno.
1982 581 2041 613 Sed
2066 584 2174 613 contra
2199 581 2228 613 in
2250 591 2331 613 nova
2355 581 2427 613 dici·
2439 591 2481 614 11111

1476 636 1538 671 tur,
1552 633 1672 673 primae
1689 633 1768 664 Petri
1794 633 1931 674 capitulo
1948 634 2086 666 secundo
2102 634 2126 665 ⁷:
2146 634 2263 676 Reqale
2278 634 2426 666 sacerdo-

1476 684 1577 721 tium,
1602 685 1675 725 quia
1700 685 1905 726 principalius
1922 689 1968 717 est
1991 694 2074 718 nunc
2095 686 2306 718 sacerdotium
2330 694 2425 727 quam

1475 746 1607 778 regnum
1620 763 1627 775 ,
1651 741 1681 769 et
1698 741 1833 778 potestas
1858 738 2031 779 spiritualis
2048 747 2142 779 quam
2160 738 2342 779 temporalis
2359 738 2424 771 sive

1475 789 1609 822 carnalis
1618 801 1627 828 3
1651 790 1695 822 sic
1719 790 1801 822 enim
1827 790 2022 832 competebat
2046 791 2139 823 statui
2165 791 2292 832 gratiae.

1873 896 1948 928 Due.
1973 896 2020 928 lV.

1564 1001 1637 1032 [tem
1666 1001 1830 1042 quaeritur
1862 1001 1901 1033 de
1925 1001 1984 1033 hoc
2016 1001 2099 1042 quod
2125 1001 2215 1033 dicit:
2253 1001 2337 1033 Usus
2363 1004 2426 1032 tou-

1474 1063 1576 1085 surae
1610 1053 1847 1085 ecclesiastieae
1870 1063 1892 1085 a
1917 1053 2110 1085 Nazaraeis
2130 1058 2264 1085 exortus
2295 1057 2349 1084 est.
2379 1053 2426 1085 Vi-

1475 1107 1567 1138 detur
1591 1106 1672 1138 enim
1700 1106 1780 1138 male
1804 1106 1926 1145 dicere,
1950 1106 2024 1147 quia
2056 1106 2170 1138 umbra
2201 1109 2248 1138 est
2275 1108 2425 1137 evacuata

1476 1168 1531 1199 per
1570 1159 1758 1191 veritatem:
1794 1159 1878 1191 uude
1914 1159 2021 1191 nullus
2063 1159 2156 1191 modo
2195 1159 2288 1191 debet
2323 1158 2424 1200 legem

1474 1212 1703 1244 Nazaraeorum
1739 1212 1926 1250 observare,
1951 1220 2026 1253 ergo
2050 1221 2106 1244 nec
2142 1211 2238 1243 ritum
2269 1220 2326 1244 nec
2361 1214 2424 1243 ton-

1475 1273 1593 1296 suram.

1565 1318 1762 1349 Responnno:
1788 1317 1978 1354 Dicendum,
2002 1317 2086 1358 quod
2111 1316 2191 1348 ritus
2215 1316 2273 1348 iste
2292 1319 2323 1348 et
2346 1325 2423 1348 usus

1476 1379 1533 1401 uon
1559 1370 1618 1401 fuit
1642 1369 1806 1401 inchoatus
1831 1369 2005 1401 secundum
2030 1369 2219 1407 veritatem,
2237 1369 2292 1401 sed
2317 1377 2424 1400 secun-

1475 1422 1551 1453 dum
1575 1421 1815 1463 siynau'oneim
1840 1421 2023 1462 signabatur
2052 1421 2153 1460 enim,
2176 1421 2261 1462 quod
2294 1420 2338 1452 illi
2371 1420 2424 1462 qui

1474 1477 1563 1506 erant
1598 1474 1728 1505 Domino
1765 1474 1947 1512 dedicandi,
1972 1473 2123 1505 deberent
2157 1473 2196 1505 ab
2230 1473 2299 1505 aliis
2323 1481 2424 1514 segre-

1473 1528 1557 1568 gari;
1582 1527 1612 1558 in
1638 1527 1724 1558 nulla
1748 1531 1854 1558 autem
1878 1530 1966 1567 parte
1991 1526 2132 1568 corporis
2155 1526 2199 1558 516
2224 1526 2372 1567 competit
2387 1526 2424 1558 51-

1474 1579 1578 1620 gnari,
1604 1579 1684 1611 sicut
1708 1579 1855 1621 competit
1880 1579 1910 1610 in
1934 1580 2034 1620 capite
2046 1579 2065 1610 ⁸.

768 1761 1262 1816 COMMENTARIUS
1300 1761 1370 1815 IN
1406 1760 1901 1814 DISTINGTIONEM
1937 1760 2114 1814 XXIV.

1376 1878 1456 1909 PARS
1480 1878 1512 1909 11.

1064 1977 1115 2013 De
1143 1975 1305 2026 gradibus
1335 1982 1366 2012 et
1395 1975 1615 2025 dignitatibus
1644 1974 1814 2012 ordinum.

1125 2082 1266 2114 Ostiarii
1281 2082 1379 2113 iidem
1396 2085 1424 2113 ei
1441 2081 1599 2113 ianitores
1614 2085 1692 2112 suut
1709 2084 1765 2113 etc.

987 2203 1149 2225 TEXTUM
1181 2202 1378 2224 MAGisrul
1409 2201 1511 2235 1111111>
1535 2200 1665 2223 SUPRA
1696 2200 1786 2223 PAG.
1819 2191 1892 2223 603.

1281 2302 1419 2335 DIVISIO
1445 2302 1599 2334 TEXTUS.

543 2418 645 2459 Supra
669 2417 731 2458 egit
754 2416 899 2457 Magister
932 2416 970 2447 de
1002 2414 1240 2456 disponentibus
1264 2414 1303 2446 ad
1329 2414 1410 2445 ordi-

456 2480 537 2503 nem.
556 2471 607 2503 Hic
624 2470 687 2511 agit
704 2470 743 2502 de
760 2469 934 2501 ordinibus.
953 2468 987 2500 Et
1003 2468 1080 2500 haec
1105 2476 1177 2508 pars
1202 2466 1297 2498 habet
1319 2467 1407 2498 duas.

456 2524 488 2555 ln
512 2524 615 2565 prima
639 2523 703 2564 agit
727 2523 765 2554 de
790 2522 942 2563 gradibus
966 2521 1124 2553 ordinum.
1151 2520 1181 2551 111
1207 2520 1345 2551 secunda
1369 2519 1408 2551 de

457 2576 662 2617 dignitatibus
687 2575 751 2607 sive
776 2574 886 2606 officiis
911 2573 1124 2615 superadditis
1141 2572 1324 2610 ordinibus,
1348 2571 1407 2603 ibi:

458 2629 541 2661 Sum
565 2633 593 2660 et
617 2628 688 2660 alia
712 2628 896 2670 quaedam,
920 2636 986 2658 uou
1010 2626 1166 2657 ordinum
1191 2630 1249 2658 etc.

546 2682 648 2713 Prima
673 2690 746 2722 pars
770 2680 865 2712 habet
897 2684 961 2712 tres
992 2682 1106 2721 partes.
1140 2679 1171 2710 In
1198 2679 1299 2720 prima
1324 2678 1410 2719 ponit

457 2734 574 2774 gradus
599 2734 765 2772 ordinum,
790 2742 869 2775 quos
894 2733 923 2764 in
949 2732 1074 2764 littera⁹
1097 2731 1278 2773 distinguit,
1296 2735 1325 2763 et
1343 2740 1410 2772 par-

456 2789 503 2818 tes
527 2786 557 2817 in
583 2786 648 2818 suis
673 2786 748 2818 10615
772 2786 954 2817 manifestae
984 2788 1065 2817 sunt.
1098 2785 1131 2815 111
1164 2784 1302 2816 secunda
1334 2792 1409 2815 vero

456 2839 594 2880 assignat
619 2838 826 2871 differentiam
852 2838 999 2870 ordinum
1025 2837 1182 2869 minorum
1201 2837 1239 2868 ad
1259 2836 1408 2875 maiores,

1474 2414 1533 2445 ibi:
1561 2414 1704 2456 Cumque
1736 2422 1844 2444 onmes
1875 2413 1943 2444 siut
1975 2412 2169 2454 spirituales
2197 2415 2254 2444 616.
2278 2412 2310 2444 111
2334 2412 2423 2444 tertia

1475 2475 1549 2498 vero
1574 2465 1779 2504 determinat,
1804 2466 1832 2497 in
1859 2475 1921 2507 quo
1945 2465 2152 2503 conveniunt,
2177 2464 2239 2496 ibi:
2258 2464 2296 2497 Si
2315 2468 2422 2496 autem

1474 2519 1660 2561 quaeritur,
1685 2518 1765 2561 quid
1788 2518 1831 2550 sit
1854 2518 1941 2561 quod
1965 2517 2016 2550 1116
2039 2522 2179 2549 vocatur
2203 2517 2293 2549 ordo.
2481 2555 2482 2561 ἵ

1565 2572 1665 2603 Prima
1691 2572 1803 2603 barum
1830 2572 1859 2603 in
1885 2575 2003 2612 septem
2027 2574 2131 2612 partes
2148 2570 2300 2602 dividitur
2318 2579 2422 2602 secun·
2481 2568 2482 2599 1

1474 2624 1550 2656 dum
1581 2628 1699 2664 septem
1733 2624 1876 2662 ordines,
1901 2623 1954 2665 qui
1979 2626 2085 2665 patent
2110 2622 2140 2655 in
2166 2623 2286 2661 littera,
2310 2622 2422 2664 quaeli-

1475 2678 1524 2709 bet
1550 2686 1606 2709 suo
1633 2677 1707 2708 1060.

1563 2731 1646 2762 Sum
1670 2734 1699 2761 et
1722 2730 1792 2762 alia
1814 2730 1993 2772 quaedam,
2010 2739 2075 2764 11011
2093 2729 2249 2761 ordinum
2270 2732 2327 2761 etc.
2345 2729 2420 2760 Haec
2480 2739 2481 2771 ἦ

1475 2787 1521 2815 est
1545 2783 1683 2815 secunda
1708 2792 1798 2824 pars,
1824 2783 1853 2814 in
1879 2792 1940 2823 qua
1964 2783 2068 2823 agitur
2092 2782 2131 2814 de
2155 2781 2359 2823 dignitatibus
2375 2790 2421 2813 su·
2480 2787 2481 2826 1

1475 2835 1648 2876 peradditis
1673 2835 1855 2873 ordinibus;
1880 2840 1909 2867 et
1933 2835 2009 2867 baec
2033 2844 2107 2876 pars
2125 2834 2218 2866 babet
2236 2838 2298 2866 tres
2317 2842 2421 2866 secun-

525 3008 533 3024 ¹
555 3007 620 3033 Vide
638 3008 673 3032 111.
695 3008 762 3032 Sent.
784 3007 808 3031 d.
829 3006 869 3031 36.
890 3014 914 3038 q.
936 3007 959 3030 2.
974 3019 1005 3023 -
1020 3006 1076 3030 Mox
1095 3012 1143 3031 uec
1162 3005 1219 3030 cod.
1240 3006 1258 3029 A
1278 3004 1324 3030 sed
1341 3011 1403 3036 uec,

455 3052 542 3082 plures
562 3051 637 3075 codd.
659 3050 716 3081 secl,
740 3050 797 3074 cod.
818 3050 837 3073 G
859 3048 924 3075 licei.

524 3094 535 3110 2
555 3094 637 3119 Codd.
659 3094 758 3119 addunt
777 3094 808 3118 ut
825 3092 937 3118 videtur.

526 3138 536 3154 ³
556 3139 614 3163 Scil.
636 3142 663 3163 ut
683 3137 801 3163 ostiariis*
829 3137 982 3162 attribuatur
1002 3137 1090 3167 timor,
1112 3137 1155 3168 qui
1184 3138 1222 3160 651
1250 3136 1405 3167 principium

456 3182 510 3205 sive
538 3182 631 3206 ostium
652 3182 805 3212 sapientiae,
826 3181 958 3206 exorcistis
978 3180 1081 3205 scientia
1101 3183 1149 3204 616.
1177 3179 1227 3205 Csr.
1247 3179 1311 3204 infra
1332 3186 1356 3210 p.
1378 3180 1404 3204 11,

456 3231 479 3248 a.
500 3225 523 3248 2.
544 3232 568 3255 (1.
590 3224 613 3249 4.
634 3238 667 3241 —
687 3225 755 3250 idem
770 3224 834 3249 dub.
850 3225 954 3249 solvunt
968 3224 993 3248 B.
1008 3223 1111 3255 Albert.⁷
1126 3224 1167 3248 1110
1180 3231 1201 3248 a.
1217 3224 1245 3255 ὃς
1261 3224 1285 3248 S.
1301 3223 1406 3255 Tuom,

458 3268 498 3291 1116
517 3268 584 3292 circa
604 3268 637 3292 lit.

529 3309 539 3325 ⁴
558 3311 629 3336 Vers.
650 3312 679 3336 6:
700 3312 729 3336 Et
756 3319 803 3336 vos
828 3313 897 3337 eritis
923 3313 985 3337 mibi
1014 3313 1038 3336 in
1067 3318 1177 3343 regnum
1206 3311 1364 3337 sacerdotale
1384 3313 1408 3336 et

459 3360 522 3384 gens
541 3357 635 3379 sancta.

1541 3003 1552 3019 ⁵
1571 3004 1667 3028 Sensus
1692 3007 1746 3028 est:
1766 3003 1869 3029 adiacet
1894 3007 1922 3028 ut
1947 3003 2102 3028 adiectivum
2128 3009 2176 3028 suo
2201 3002 2368 3027 substantivo.
2387 3014 2419 3018 -—

1472 3048 1527 3072 Mox
1547 3055 1594 3079 pro
1614 3047 1718 3073 deberet
1736 3048 1794 3073 cod.
1818 3048 1838 3072 K
1859 3046 1974 3073 debebat.

1541 3092 1552 3108 ⁶
1571 3092 1620 3117 Csr.
1643 3092 1718 3117 Hebr.
1738 3092 1763 3123 7,
1787 3092 1832 3124 16,
1853 3095 1877 3116 61
1896 3099 1974 3123 supra
1996 3098 2054 3123 pag.
2076 3091 2141 3123 500,
2163 3094 2221 3115 nota
2242 3090 2265 3115 4.

1540 3135 1551 3152 7
1571 3137 1643 3160 Vers.
1663 3137 1687 3160 9.

1540 3179 1551 3195 8
1571 3179 1636 3204 Vide
1656 3181 1696 3205 1116
1716 3180 1750 3205 lit.
1772 3180 1897 3211 Magistri,
1918 3186 1939 3204 6.
1955 3179 1978 3204 4.
2001 3181 2025 3204 61
2043 3185 2122 3210 supra
2142 3185 2164 3203 a.
2180 3178 2203 3202 1.
2218 3185 2242 3210 q.
2262 3178 2280 3202 1.
2300 3177 2333 3202 ad
2352 3175 2374 3201 11.
2388 3175 2416 3206 5;

1472 3224 1497 3248 Β.
1517 3223 1620 3254 Albai-t,
1642 3224 1683 3248 hic
1702 3230 1724 3247 a.
1747 3223 1791 3254 13;
1813 3224 1837 3247 S.
1859 3223 1961 3253 Thom.‚
1977 3223 2018 3247 liic
2038 3229 2063 3254 q.
2085 3222 2109 3246 3.
2128 3229 2150 3247 a.
2173 3222 2196 3246 1.
2216 3221 2373 3253 quaestiunc.
2393 3218 2415 3243 ¹1.

1471 3267 1503 3291 ad
1525 3268 1551 3299 ‘23
1573 3267 1637 3291 Petr.
1657 3274 1669 3291 a
1692 3267 1759 3295 Tar„
1779 3267 1819 3292 1116
1838 3274 1862 3298 q.
1887 3267 1906 3291 1,
1921 3273 1943 3291 a.
1963 3267 1981 3291 1.
1996 3266 2154 3298 quaestiunc.
2175 3266 2198 3290 2.
2213 3265 2246 3290 ad
2260 3265 2287 3296 3;
2303 3262 2415 3289 Richard.

1471 3318 1485 3336 a
1505 3311 1579 3342 Med„
1602 3312 1643 3336 hic
1662 3319 1684 3336 a.
1706 3312 1730 3336 1.
1752 3318 1777 3343 q.
1799 3312 1822 3336 ¹1.
1841 3311 1874 3335 ad
1895 3311 1919 3335 3.

1541 3355 1552 3371 ⁹
1571 3355 1616 3380 Hic
1636 3362 1657 3380 6.
1678 3355 1701 3380 5.
1716 3362 1788 3387 seqq.
