2483 3882
333 254 372 284 16
1086 247 1367 280 SENTENTIARUM
1391 246 1457 278 LIB.
1482 246 1530 278 IV.

1185 453 1366 494 0111οε110
1395 453 1440 484 111.

1012 590 1058 622 De
1082 591 1377 623 Sacramentorttm
1401 587 1609 620 continentia.

419 740 522 773 Tertio
546 740 720 782 quaeritur,
738 743 846 772 utrum
863 740 1063 772 Sacramenta
1080 739 1141 772 sint
1161 739 1279 781 gratiae

331 793 516 826 contentiva.
543 793 577 825 Et
601 793 685 834 quod
709 793 767 830 sic,
791 792 926 825 videtur.

422 848 449 877 i.
474 846 574 887 Super
597 845 676 878 illud
701 845 813 878 Psalmi
830 845 856 876 ¹:
891 845 1008 877 Posuit
1032 845 1179 877 tenebras
1211 844 1280 876 tati-

188 906 220 928 Ad
235 898 461 936 oppon-butam
485 898 608 931 Glossa:
641 898 774 930 «Latuit
801 897 952 930 Divinitas
977 899 1008 929 in
1041 907 1148 936 carne,
1172 898 1280 930 remis-

228 935 278 953 tum.

331 952 376 984 sio
400 956 599 993 peccatorum
625 951 656 983 in
680 951 834 993 baptismo
851 963 881 988 »3
906 951 960 983 sed
985 951 1136 983 Divinitas
1160 953 1227 982 erat
1249 950 1280 981 in

332 1013 425 1037 carne
449 1004 624 1036 secundum
648 1004 829 1036 veritatem:
856 1012 930 1045 ergo
954 1007 985 1035 et
1009 1003 1152 1035 remissio
1176 1012 1281 1044 pecca-

333 1060 438 1089 torum
463 1056 492 1088 in
518 1056 682 1098 baptismo.
712 1056 771 1088 Sed
796 1056 849 1087 illa
873 1059 919 1088 est
942 1064 998 1097 per
1031 1055 1180 1096 gratiam:
1206 1063 1280 1095 ergo

333 1109 433 1150 gratia
457 1112 503 1141 est
526 1109 557 1140 in
582 1108 746 1150 baptismo.

423 1163 452 1193 2.
476 1162 566 1200 Item,
584 1162 670 1202 Hugo
687 1161 718 1192 in
734 1164 823 1202 parte
840 1160 939 1192 nona2
958 1164 1065 1201 aperte
1082 1159 1172 1198 dicit,
1197 1160 1282 1200 quod

334 1215 473 1257 quinque
497 1216 689 1247 concurrunt
713 1214 753 1245 ad
774 1213 948 1245 sanandum
967 1212 1141 1249 hominem,
1165 1212 1282 1244 scilicet

340 1279 354 1297 κ
371 1268 455 1299 Deus
478 1266 634 1304 medicus,
659 1266 753 1297 bomo
776 1268 940 1306 aegrotus,
966 1265 1112 1296 sacerdos
1140 1264 1282 1296 minister

334 1320 384 1353 vel
400 1319 542 1357 nuntius,
560 1319 659 1360 gratia
676 1318 850 1350 antidotum
864 1330 894 1354 »ς
912 1320 942 1350 et
958 1317 1069 1349 ultimo
1091 1318 1181 1357 dicit,
1199 1318 1283 1359 quod

341 1386 355 1403 α
371 1382 426 1405 vas
443 1376 489 1404 est
502 1372 738 1403 Sacramentum
753 1383 783 1409 »,
796 1373 825 1402 et
839 1370 1015 1411 subiungit:
1040 1382 1055 1400 «
1067 1371 1195 1411 Quare?
1210 1370 1284 1412 quia

335 1426 477 1459 continet·
494 1425 643 1466 gratiam,
669 1424 749 1456 sicut
772 1432 828 1456 vas
852 1427 957 1456 servat
980 1423 1214 1456 medicinam».

423 1478 451 1510 3.
476 1478 568 1516 Item,
593 1477 677 1509 idem
694 1477 802 1518 Ilugo3
826 1477 857 1508 in
889 1476 1069 1508 definitione
1092 1476 1284 1508 Sacramenti

335 1534 443 1574 aperte
479 1531 569 1569 dicit,
609 1530 693 1571 quod
733 1530 969 1561 Sacramentum
1008 1541 1023 1558 «
1046 1538 1086 1561 ex
1115 1528 1286 1561 sanctifica-

335 1585 416 1616 tione
438 1583 573 1616 continet
590 1583 727 1624 aliquam
745 1581 931 1614 invisibilem
958 1586 988 1613 et
1005 1581 1202 1623 spiritualem
1219 1590 1286 1622 gra-

336 1637 410 1669 tiam
424 1648 460 1667 »:
486 1644 560 1676 ergo
585 1635 684 1676 grana
708 1638 755 1666 est
779 1634 809 1666 in
834 1635 1034 1666 Sacramento
1059 1633 1139 1666 sicut
1163 1634 1193 1665 in
1218 1642 1286 1666 con-

336 1689 463 1721 tinente.

425 1742 455 1773 [1.
480 1741 569 1781 item,
594 1740 677 1772 idem
702 1740 830 1771 ratione
855 1739 998 1778 videtur,
1022 1740 1096 1781 quia
1128 1740 1159 1781 10
1183 1740 1287 1772 Sacra-

338 1798 442 1827 mento
466 1793 574 1826 altaris
597 1802 712 1834 corpus
736 1792 851 1824 Christi
876 1801 1003 1831 verum,
1028 1792 1112 1834 quod
1129 1793 1285 1833 signatur,

338 1857 400 1880 non
424 1847 526 1879 solum
552 1846 594 1878 ibi
617 1850 664 1878 est
690 1850 837 1887 tanquam
862 1845 892 1877 in
910 1845 1014 1886 sigim,
1040 1845 1095 1877 sed
1113 1845 1287 1877 secundum

338 1900 502 1933 veritatem
527 1898 703 1931 continetur
728 1898 785 1937 ibi,
802 1898 941 1940 alioquin
966 1907 1026 1929 non
1045 1897 1185 1930 differret
1209 1907 1227 1929 a
1244 1907 1288 1930 sa-

339 1953 464 1986 crificiis
488 1951 602 1984 veteris
626 1951 702 1993 legis
720 1950 744 1982 ⁴:
771 1960 845 1992 ergo
869 1951 1030 1990 similiter,
1055 1951 1079 1982 si
1113 1950 1288 1991 baptismus

340 2010 386 2039 est
410 2006 646 2038 Sacramentum
679 2013 778 2036 novae
814 2003 908 2045 legis,
940 2012 1001 2035 non
1034 2003 1137 2035 solum
1169 2007 1215 2035 est
1246 2003 1288 2034 ibi

341 2059 440 2101 gratia
464 2062 613 2099 tanquam
638 2057 668 2089 in
694 2057 794 2098 signo,
820 2056 875 2088 sed
899 2055 991 2088 etiam
1017 2056 1057 2087 ibi
1083 2054 1289 2088 essentialiter

341 2112 528 2145 continetur.

431 2166 459 2197 5.
484 2164 577 2202 Item,
602 2164 628 2195 si
653 2163 752 2201 dicas,
784 2162 868 2204 quod
894 2161 972 2193 illud
998 2171 1058 2194 non
1092 2162 1290 2200 convenIret,

343 2219 416 2261 quia
448 2218 549 2259 gratia
580 2220 627 2249 est
659 2215 827 2248 accidens⁵
859 2219 890 2247 et
922 2215 1014 2247 debet
1046 2223 1114 2246 esse
1143 2214 1291 2256 perfectio

342 2275 506 2305 creaturae
530 2270 759 2307 nobilissimae,
784 2269 899 2301 scilicet
924 2268 1101 2306 rationalis,
1126 2272 1156 2299 et
1173 2268 1215 2299 ita
1232 2277 1292 2299 non

344 2325 437 2357 debet
461 2323 611 2356 contineri
638 2323 669 2354 in
692 2325 838 2354 creatura
862 2320 1055 2359 irrati0nali3
1080 2325 1212 2352 contra.-
1242 2329 1294 2351 no-

344 2377 436 2409 bilior
453 2379 499 2408 est
515 2375 621 2407 divina
637 2374 787 2413 essentia,
813 2383 907 2415 quam
926 2374 965 2405 sit
990 2374 1104 2415 gratia,
1128 2382 1209 2415 quae
1226 2382 1295 2414 pro—

344 2428 426 2462 cedit
449 2428 488 2460 ab
512 2428 593 2469 ipsa;
619 2427 674 2459 sed
691 2430 836 2459 creatura
861 2435 921 2457 non
939 2426 1099 2458 rationalis
1123 2429 1170 2458 est
1194 2435 1293 2467 capax

344 2482 468 2515 divinae
491 2480 659 2513 essentiae:
685 2488 760 2521 ergo
784 2479 883 2511 multo
907 2478 1020 2511 fortius
1044 2479 1170 2520 gratiae.

434 2534 462 2565 6.
487 2533 577 2571 Item,
600 2532 763 2570 accidens,
799 2532 883 2573 quod
919 2540 980 2563 non
1005 2531 1099 2563 habet
1135 2534 1240 2563 ortum
1278 2539 1296 2562 a

344 2585 506 2628 principiis
531 2585 680 2624 subiecti,
712 2594 774 2616 non
807 2584 995 2617 determinat
1027 2583 1085 2616 sibi
1110 2583 1296 2622 materiam3

1344 738 1399 771 sed
1424 738 1523 779 gratia
1548 740 1594 769 est
1617 736 1813 768 huiusmodi:
1839 744 1914 778 ergo
1937 745 2000 768 non
2024 736 2210 769 determinat
2233 738 2292 770 sibi

1344 791 1528 823 materiam:
1562 798 1636 830 ergo
1666 792 1767 830 potest
1800 797 1867 821 esse
1898 789 1929 820 in
1961 789 2101 831 qualibet
2125 794 2290 823 creat-ura:

1345 852 1419 884 ergo
1441 846 1499 875 etc.

1434 897 1462 927 7.
1486 895 1583 933 Item,
1609 895 1639 926 in
1671 895 1871 927 Sacramento
1896 895 2004 927 altaris
2025 896 2183 935 videmus,
2208 897 2293 938 quod

1346 950 1418 980 sunt
1442 948 1613 980 accidentia
1637 948 1825 986 materialia,
1849 948 1904 980 sed
1928 952 2032 980 tamen
2049 948 2166 980 virtute
2191 949 2295 981 Sacra-

1346 1000 1441 1032 menti
1466 1000 1704 1041 suspenduntur
1732 1009 1751 1032 a
1774 1001 1922 1039 materiai,
1948 1001 1990 1033 ita
2022 1001 2106 1043 quod
2134 1011 2194 1033 non
2221 1005 2295 1034 sunt

1346 1052 1377 1084 10
1399 1053 1505 1094 aliquo
1529 1053 1708 1085 sublect0⁶:
1733 1062 1807 1094 ergo
1831 1062 1903 1086 cum
1928 1054 2027 1095 gratia
2051 1054 2090 1086 sit
2113 1055 2213 1086 multo
2237 1056 2296 1096 spi-

1346 1105 1503 1144 ritualior,
1528 1105 1664 1144 videtur,
1681 1106 1765 1147 (111011
1782 1106 1881 1147 magis
1899 1106 1938 1138 sit
1961 1110 2047 1148 apta,
2066 1109 2100 1139 ut
2122 1107 2161 1139 sit
2178 1107 2209 1139 in
2226 1107 2295 1139 aliis

1346 1158 1555 1189 Sacramentis
1580 1158 1754 1190 secundum
1779 1159 1946 1190 essentiam
1970 1162 2000 1191 et
2024 1159 2206 1198 veritatem,
2234 1169 2295 1191 non

1347 1213 1451 1241 tamen
1474 1213 1509 1241 ut
1541 1210 1570 1241 in
1595 1210 1755 1241 subiecto:
1782 1218 1856 1251 ergo
1888 1211 2031 1249 videtur,
2060 1212 2144 1253 quod
2176 1212 2215 1244 sit
2246 1221 2298 1253 po-

1348 1262 1508 1299 nendum,
1541 1262 1625 1303 quod
1657 1262 1757 1303 gratia
1788 1263 1828 1295 sit
1859 1263 1890 1294 in
1922 1264 2122 1297 Sacramento
2154 1265 2234 1297 sicut
2265 1265 2297 1296 111

1349 1315 1532 1347 continente.

1437 1367 1580 1400 CONTRA:
1609 1369 1635 1399 i.
1661 1369 1765 1400 Gratia
1789 1372 1836 1401 est
1859 1369 1962 1401 media.
1991 1370 2071 1402 inter
2099 1374 2245 1402 naturam
2269 1374 2458 1403 etFundamenta-

1349 1420 1497 1461 gloriam:
1524 1429 1598 1462 ergo
1622 1421 1701 1453 011111
1725 1425 1771 1453 θεῖ
1788 1430 1889 1463 capax
1913 1423 2048 1463 gratiae,
2066 1423 2149 1464 1111011
2175 1432 2236 1455 non
2253 1428 2300 1456 est

1350 1482 1450 1514 capax
1475 1473 1602 1515 glorIae,
1627 1483 1699 1506 cum
1724 1475 1791 1515 ipsa
1816 1475 1855 1506 sit
1870 1478 2020 1516 tanquam
2037 1476 2148 1508 ultima
2173 1476 2301 1518 disposi-

1350 1525 1428 1563 tio7;
1457 1526 1510 1558 sed
1544 1526 1668 1558 nullum
1700 1526 1937 1559 Sacramentum
1961 1530 2008 1559 est
2040 1536 2139 1569 capax
2164 1528 2299 1569 gloriae:

1351 1586 1425 1619 ergo
1457 1587 1513 1610 nec
1537 1579 1664 1619 gratiae.

1440 1632 1468 1663 Ξ.
1486 1631 1572 1669 Item,
1589 1631 1613 1663 si
1631 1631 1730 1672 gratia
1747 1635 1829 1664 esset
1845 1632 1934 1673 prius
1948 1633 1978 1664 in
1995 1633 2210 1672 Sacrament03
2227 1643 2299 1666 cum

1351 1684 1523 1716 accidentia
1539 1693 1600 1716 non
1617 1688 1739 1716 mutent
1756 1685 1931 1717 subiectum
1947 1685 1968 1724 ³,
1986 1695 2148 1727 nunquam
2166 1686 2218 1718 illa
2235 1696 2303 1727 gra-

1352 1737 1394 1768 tia
1410 1736 1559 1768 transiret
1574 1737 1613 1768 ad
1638 1738 1788 1769 animam:
1814 1746 1888 1779 ergo
1905 1738 2025 1771 frustra
2048 1742 2145 1777 esset;
2170 1739 2225 1771 sed
2242 1740 2301 1771 1100

1352 1798 1413 1821 1100
1437 1794 1484 1821 θεῖ
1507 1790 1706 1830 ponendum,
1731 1799 1804 1831 ergo
1829 1799 1886 1823 nec
1910 1791 2058 1832 primum.

1442 1842 1470 1874 3.
1495 1842 1585 1881 Item,
1603 1843 1715 1884 gratia,
1733 1852 1806 1875 cum
1823 1844 1862 1875 sit
1878 1844 2027 1885 perfectio
2044 1845 2167 1877 animae
2191 1848 2221 1877 et
2239 1854 2305 1886 per-

1353 1895 1458 1933 fectio,
1482 1904 1562 1937 quae
1587 1898 1633 1927 est
1656 1896 1814 1935 accidens,
1840 1897 1996 1938 dependet
2013 1897 2052 1929 ab
2076 1897 2180 1929 anima
2204 1898 2304 1930 multo

1355 1948 1468 1989 magis,
1485 1957 1579 1990 quam
1604 1949 1708 1980 anima
1732 1958 1750 1981 a
1774 1958 1923 1991 corpore;
1941 1951 1995 1983 sed
2020 1951 2124 1983 anima
2141 1960 2305 1992 nunquam

1355 2003 1479 2032 creatur
1497 2000 1554 2032 nisi
1573 2000 1602 2031 111
1628 2009 1773 2042 corpore,
1791 2001 1846 2033 sed
1868 2002 1963 2033 simul
1981 2006 2106 2034 creatur
2123 2006 2153 2035 et
2170 2006 2215 2034 est
2232 2011 2305 2035 cum

1355 2053 1521 2095 corpore-⁰:
1547 2062 1621 2095 ergo
1646 2054 1745 2085 multo
1762 2054 1873 2087 fortius
1897 2056 1997 2096 gratia
2015 2055 2109 2088 simul
2134 2059 2260 2087 creatur
2277 2060 2307 2088 et

1356 2110 1402 2138 est
1426 2106 1455 2138 in
1478 2106 1595 2138 anima:
1621 2116 1695 2147 ergo
1718 2116 1778 2138 non
1803 2108 1897 2139 estin
1918 2108 2128 2140 Sacramento.

1444 2160 1474 2191 [1.
1498 2160 1590 2198 Item,
1615 2160 1638 2191 si
1665 2161 1764 2201 gratia
1793 2165 1839 2192 est
1868 2161 1898 2192 in
1923 2161 2123 2193 Sacramento
2155 2164 2305 2202 tanquam

1357 2213 1387 2244 in
1412 2221 1485 2244 vase
1511 2213 1704 2251 continente,
1728 2214 1787 2245 hoc
1815 2217 1951 2252 constat,
1976 2214 2061 2255 quod
2097 2223 2158 2246 non
2190 2218 2236 2246 est
2267 2214 2308 2246 ob

1357 2265 1461 2303 aliud,
1486 2265 1545 2297 nisi
1569 2269 1604 2297 ut
1627 2274 1645 2296 a
1670 2265 1869 2298 Sacramento
1885 2266 2126 2298 transfundatur
2151 2266 2181 2298 in
2206 2267 2307 2308 ipsam

1358 2318 1515 2349 animam:
1541 2326 1615 2358 ergo
1640 2317 1665 2349 si
1690 2327 1749 2349 non
1774 2318 2024 2357 transfunditur,
2040 2318 2158 2350 frustra
2183 2323 2229 2350 est
2255 2318 2307 2350 ibi.

1358 2371 1417 2403 Sed
1435 2370 1581 2412 possibile
1598 2375 1662 2409 est,
1679 2370 1764 2412 (111011
1785 2370 1899 2412 aliquis
1916 2370 1987 2403 ficte
2004 2371 2131 2403 accedat
2147 2371 2187 2403 ad
2205 2372 2309 2403 Sacra-

1359 2428 1522 2461 mentum:
1547 2426 1621 2454 tunc
1645 2426 1781 2461 constat,
1806 2423 1888 2464 quod
1916 2423 2016 2464 gratia
2040 2432 2101 2455 non
2121 2423 2311 2455 transfundi-

1359 2480 1410 2509 tur
1428 2477 1463 2508 ¹⁰:
1490 2485 1564 2517 ergo
1589 2476 1707 2508 frustra
1730 2476 1789 2508 fuit
1813 2476 1912 2517 gratia
1937 2476 1968 2508 in
1992 2476 2051 2509 1100
2076 2477 2285 2509 Sacramento.

1450 2531 1477 2561 5.
1502 2530 1592 2567 Item,
1617 2529 1717 2570 gratia
1747 2529 1928 2561 immediate
1952 2528 2076 2561 reducit
2106 2533 2137 2561 et
2161 2529 2312 2561 reformat

1360 2583 1399 2615 ad
1424 2582 1524 2615 Deum
1548 2582 1702 2614 animam:
1727 2591 1802 2623 ergo
1826 2591 1843 2613 a
1867 2582 1930 2614 Deo
1959 2582 2026 2614 exit
2057 2582 2238 2614 immediate
2270 2582 2313 2614 in-

419 2807 427 2823 1
449 2807 539 2832 Psalm.
566 2807 602 2839 17,
625 2808 714 2832 12.-
727 2807 830 2838 Glossa,
850 2814 929 2840 quam
950 2806 1051 2832 exbibet
1070 2807 1135 2831 Petr.
1159 2806 1298 2831 Lombard.

348 2852 373 2875 in
395 2852 463 2876 1111110
483 2851 581 2882 locum,
602 2852 752 2882 expositioni
772 2852 880 2882 August.
908 2849 1067 2881 (latibulum
1086 2851 1102 2874 i.
1128 2857 1150 2875 e.
1171 2850 1298 2875 occultam

350 2902 423 2926 spem
449 2896 473 2919 10
500 2895 578 2919 corde
603 2894 762 2919 credentium
788 2895 829 2919 vel
855 2895 1037 2919 obscuritatem
1062 2893 1299 2925 Sacramcutorum)

350 2942 473 2971 tanquam
492 2940 555 2963 ratio
575 2939 691 2963 additur:
711 2939 793 2964 Latuit
812 2940 881 2963 eniin
902 2939 1024 2963 Divinitas
1043 2940 1090 2962 etc.

420 2982 430 2998 ‘2
450 2982 517 3007 Libr.
545 2983 560 3006 l.
588 2982 619 3007 de
645 2982 758 3007 Sacram.
785 2989 806 3007 c.
832 2981 863 3006 4:
893 2982 1024 3007 Postremo
1050 2982 1165 3013 quinque
1191 2980 1301 3005 discreta

351 3030 375 3052 et
395 3026 512 3051 distincta
538 3025 570 3050 ab
590 3026 700 3050 invicem
726 3025 758 3050 ad
778 3026 950 3057 cognitionem
976 3024 1134 3056 procedunt:
1160 3023 1228 3048 Deus
1248 3029 1302 3047 me-

352 3071 451 3096 dicus...
478 3071 558 3102 gratia
584 3070 742 3101 antidotum,
768 3077 814 3095 vas
840 3070 1044 3094 Sacramentum.
1071 3068 1184 3093 Medicus
1209 3067 1300 3098 donat,

352 3116 467 3140 minister
486 3115 629 3146 dispensat,
650 3121 697 3139 vas
716 3116 803 3139 servat
824 3120 890 3145 quae
910 3115 982 3138 sanat
1002 3113 1186 3144 percipientem
1210 3117 1303 3141 aegio-

352 3163 407 3184 tum
427 3159 537 3198 gigonem
555 3158 723 3189 spiritualem.
739 3171 774 3176 —
792 3157 856 3182 Edd.
883 3163 1020 3188 perperam
1040 3157 1137 3189 septem
1162 3162 1210 3186 pro
1229 3154 1303 3188 quin·

353 3208 410 3235 que.
426 3202 451 3225 In
472 3202 528 3232 ipso
549 3202 692 3226 testimonio
706 3202 811 3232 plurimi
830 3201 920 3232 codd,
935 3201 1031 3226 omisso
1044 3198 1169 3226 sacerdos
1182 3198 1303 3224 minister

357 3246 396 3271 ret
414 3245 540 3276 mma'us,
563 3249 621 3276 post
639 3245 788 3270 antidotum
807 3247 906 3276 ponunt
926 3246 990 3276 Βίας
1010 3251 1057 3276 pro
1077 3250 1128 3277 qao
1148 3243 1205 3268 0011.
1226 3243 1242 3267 F
1261 3249 1304 3268 sct-

359 3289 450 3316 cerdos
469 3288 598 3314 minister.

424 3332 435 3349 ³
453 3333 507 3358 Lib.
529 3333 544 3357 I.
572 3333 604 3357 de
629 3333 741 3357 Sacram.
762 3340 786 3363 p.
813 3333 854 3357 ix.
880 3340 900 3357 c.
926 3334 963 3364 2.;
984 3332 1044 3357 vide
1069 3338 1149 3362 supra
1172 3338 1232 3362 pag.
1259 3331 1303 3362 13,

355 3380 415 3402 nota
436 3377 459 3402 2.
476 3391 509 3394 -—
524 3377 571 3401 Pro
590 3375 618 3401 in
637 3374 785 3409 definitione
805 3376 925 3407 permulti
945 3375 1021 3401 codd.
1040 3374 1068 3400 in
1087 3373 1257 3400 distinctione.

1434 2804 1444 2821 ⁴¹
1463 2804 1512 2830 Ctr.
1539 2805 1603 2829 infra
1629 2804 1653 2828 d.
1679 2804 1715 2828 10.
1742 2811 1767 2835 p.
1795 2804 1811 2828 I.
1839 2811 1863 2835 q.
1885 2804 1907 2828 l.
1928 2817 1962 2821 -
1981 2804 2106 2834 Superius
2126 2810 2173 2835 pro
2193 2804 2308 2835 ratzone,

1365 2849 1435 2881 quod
1455 2849 1527 2873 multi
1541 2847 1616 2873 codd.
1631 2849 1762 2879 omittunt,
1778 2847 1853 2872 codd.
1867 2847 1885 2871 F
1896 2847 1934 2871 HI
1956 2847 1988 2879 (V
2004 2854 2016 2872 a
2031 2847 2144 2872 secunda
2163 2847 2253 2880 manu)
2266 2854 2314 2880 per

1363 2892 1503 2918 rationem..

1436 2936 1447 2952 ⁵
1463 2936 1494 2961 Ut
1513 2938 1683 2960 monstratum
1703 2938 1740 2961 est
1763 2936 1788 2961 11.
1812 2936 1880 2960 Scut.
1901 2935 1926 2960 d.
1947 2936 1988 2960 26.
2009 2942 2034 2967 q.
2055 2936 2078 2967 3,
2099 2935 2143 2960 ubi
2163 2936 2240 2960 etiam
2259 2942 2313 2967 seq.

1365 2987 1419 3011 arg.
1439 2980 1589 3004 insinuatur.
1613 2993 1647 2997 —
1670 2979 1776 3004 Inferius
1795 2982 1854 3010 post
1878 2979 2033 3005 irrationali
2054 2979 2111 3005 cod.
2137 2980 2154 3003 Z
2175 2979 2246 3004 addit.
2269 2978 2316 3004 sed

1364 3022 1506 3053 rationali,
1526 3026 1551 3048 et
1575 3022 1686 3048 subinde
1705 3025 1763 3054 post
1788 3022 1893 3049 (livinae
1913 3022 2040 3048 essentiae
2065 3022 2198 3054 subiungit
2217 3021 2314 3048 scilicet

1365 3066 1393 3092 in
1412 3065 1581 3093 eucharistia.

1435 3110 1445 3127 ⁶
1465 3111 1565 3142 Quaere
1584 3111 1648 3135 intra
1669 3111 1693 3135 d.
1719 3111 1755 3135 12.
1777 3118 1801 3142 p.
1823 3112 1839 3135 I.
1861 3118 1885 3143 q.
1911 3112 1916 3135 Ι
1942 3118 2014 3143 seqq.

1435 3154 1446 3170 7
1465 3154 1514 3179 Csr.
1535 3155 1562 3179 ll.
1583 3155 1650 3179 Sent.
1671 3155 1695 3180 d.
1717 3155 1758 3179 27.
1784 3162 1806 3180 a.
1831 3156 1850 3179 l.
1876 3162 1900 3187 q.
1922 3155 1944 3180 3.
1960 3169 1993 3172 —
2007 3155 2054 3179 Pro
2080 3160 2134 3179 non
2153 3155 2192 3179 cst
2215 3153 2272 3179 cod.
2295 3154 2316 3177 G

1366 3205 1420 3224 mm
1440 3198 1481 3224 sit.

1437 3242 1447 3258 ³³
1468 3242 1533 3267 Vide
1551 3242 1631 3267 verba
1652 3243 1738 3268 Boetli.
1759 3245 1819 3267 tom.
1840 3243 1856 3267 I.
1876 3250 1936 3274 pag.
1958 3241 2017 3270 462,
2037 3245 2097 3267 nota
2118 3242 2126 3265 11
2139 3242 2158 3266 1.
2178 3241 2259 3266 allata.

1437 3286 1447 3302 9
1467 3286 1498 3310 Ut
1517 3285 1655 3317 probatum
1674 3290 1712 3311 est
1738 3286 1851 3311 lI..Sent.
1878 3286 1902 3311 d.
1924 3286 1963 3310 18.
1984 3292 2006 3310 a.
2034 3286 2056 3310 2.
2077 3292 2101 3317 (1.
2122 3286 2145 3309 2.
2159 3299 2194 3303 -
2210 3284 2318 3309 Inferius

1368 3337 1416 3361 pro
1435 3328 1462 3354 in
1481 3329 1574 3355 anima
1593 3329 1650 3354 cod.
1671 3330 1688 3353 F
1708 3336 1769 3355 cam
1788 3329 1887 3355 aitima.

1440 3373 1461 3389 ¹0
1480 3373 1529 3399 CIr.
1550 3374 1614 3398 iufra
1634 3374 1658 3398 d.
1680 3374 1702 3398 4.
1723 3381 1747 3405 p.
1770 3374 1784 3398 I.
1805 3381 1827 3399 a.
1848 3374 1871 3398 2.
1892 3380 1916 3405 q.
1938 3374 1961 3398 2.
1981 3380 2035 3405 seq.
