2483 3882
322 2180 357 2201 Ad
371 2180 454 2207 opposi-

364 2208 414 2228 tum.

476 243 537 274 510

1336 419 1518 461 0111115110
1543 420 1574 451 11.

912 527 1028 558 Certim
1053 525 1195 568 inferior
1215 526 1321 568 possib
1344 525 1509 558 absolvere
1533 526 1756 567 superiorem,
1782 526 1852 567 ipso
1875 525 2005 558 volente.

561 643 702 676 Secundo
726 642 903 684 quaeritur,
925 646 1033 674 utrum
1059 642 1186 674 inferior
1210 642 1307 683 possit
1322 641 1421 674 absol-

472 704 546 728 vere
581 695 795 737 superiorem,
834 696 900 736 ipso
937 695 1069 727 volente.
1103 695 1136 726 Et
1169 694 1253 736 quod
1286 694 1350 732 sic,
1383 694 1424 725 vi-

473 748 585 780 detur:

565 802 592 832 1.
618 801 696 842 Quia
713 801 751 832 ad
770 801 925 832 Hebraeos
949 800 1057 841 quinto
1074 799 1081 814 ¹
1101 799 1228 838 dicitur,
1250 799 1333 841 quod
1352 809 1423 841 pon-

314 854 549 886 Fuudamenta-tifex
574 862 634 885 non
660 856 780 885 tantum
805 862 863 893 pro
887 862 934 891 se,
959 852 1014 885 sed
1032 853 1126 884 etiam
1150 861 1207 893 pro
1232 852 1348 893 populo
1374 852 1423 885 de-

472 907 525 938 bet
545 916 650 943 orare,
683 915 719 938 eo
743 906 827 947 quod
862 906 928 947 ipse
953 905 997 936 sit
1021 905 1251 937 circumdatus
1284 904 1424 945 infirmi-

472 963 553 991 tate:
589 968 663 1000 ergo
699 959 724 990 si
758 962 866 1000 peccat
902 958 1089 996 mortaliter,
1115 958 1233 999 indiget
1269 957 1422 995 confiteri,

471 1012 739 1054 quemadmodum
765 1021 848 1044 unus
872 1011 911 1043 de
935 1011 1068 1052 populo;
1093 1011 1147 1043 sed
1173 1019 1233 1042 non
1259 1010 1353 1042 habet
1374 1020 1422 1042 su-

470 1064 627 1105 periorem
645 1064 855 1096 ordinarium:
881 1072 955 1105 ergo
973 1066 1073 1104 potest
1096 1062 1237 1095 confiteri
1255 1067 1284 1095 et
1301 1063 1422 1095 absolvi

471 1117 510 1149 ab
535 1117 684 1149 inferiori.

559 1171 589 1201 ⁹2.
613 1170 703 1208 ltem,
728 1170 764 1201 ad
792 1169 869 1207 1100,
892 1168 974 1210 quod
1005 1167 1043 1200 de
1068 1170 1194 1209 peccato
1218 1167 1342 1199 mortali
1368 1167 1423 1199 flat

470 1222 694 1259 reconciliatio,
727 1230 854 1253 necesse
883 1224 942 1259 est,
976 1220 1166 1252 intervenire
1199 1220 1421 1252 mediationem

470 1275 659 1314 sacerdotis3
676 1275 730 1307 sed
748 1274 895 1315 possibile
920 1277 983 1313 est,
1001 1282 1186 1315 supremum
1205 1273 1419 1315 praelatorum

469 1336 615 1370 peccare:
648 1336 723 1368 ergo
753 1327 871 1368 indiget
902 1327 1064 1359 sacerdote
1097 1326 1332 1365 reconciliante;
1366 1327 1421 1358 sed

469 1390 530 1413 non
555 1380 728 1422 superiori:
753 1388 827 1421 ergo
852 1379 1002 1411 inferiori.

559 1433 588 1465 3.
613 1433 703 1471 Item,
721 1432 866 1475 quamvis
883 1432 1033 1464 Summus
1051 1431 1192 1464 Pontifex
1211 1432 1250 1464 sit
1275 1432 1421 1464 constitu-

469 1490 537 1526 tus,
562 1490 599 1518 ut
629 1485 745 1528 offerat
776 1486 864 1517 (lona
887 1489 915 1516 cc
938 1483 1110 1526 sacrificia
1140 1494 1203 1525 pro
1232 1484 1419 1526 pcccatis&

470 1543 574 1571 tamen
600 1539 665 1580 ipse
686 1548 741 1580 per
765 1538 863 1570 alium
889 1537 1084 1570 sacerdotem
1109 1541 1210 1579 potest
1236 1537 1336 1569 facere
1370 1537 1421 1568 ho-

469 1591 561 1624 stiam
585 1591 708 1630 offerri,
733 1595 763 1623 et
794 1590 876 1622 alius
899 1593 1001 1632 potest
1032 1590 1146 1622 offerre
1172 1599 1229 1631 pro
1262 1599 1314 1622 eo:
1346 1598 1420 1631 ergo

469 1645 614 1686 quamvis
639 1644 742 1676 claves
774 1643 888 1675 habeat
911 1643 950 1675 ad
982 1642 1185 1680 solvendum,
1211 1647 1314 1674 tamen
1339 1642 1421 1674 alius

469 1701 570 1739 potest
601 1697 764 1729 absolvere
792 1705 880 1734 eum;
905 1696 959 1728 sed
992 1705 1052 1727 non
1077 1695 1136 1728 nisi
1172 1695 1313 1727 inferior:
1347 1704 1421 1736 ergo

468 1750 537 1793 pari
562 1750 681 1782 ratione
706 1750 735 1781 in
761 1749 907 1781 omnibus
931 1748 1009 1780 aliis.

557 1804 587 1835 [1.
613 1803 702 1841 item,
728 1805 863 1844 potestas
887 1800 1069 1833 absolvendi
1102 1800 1175 1832 (lata
1198 1804 1245 1833 est
1277 1801 1317 1832 ad
1342 1800 1423 1832 ulili-

468 1859 564 1888 tatem
589 1855 656 1887 eius
681 1855 734 1896 qui
758 1854 947 1892 absolvitur3
973 1854 1027 1886 sed
1052 1853 1104 1885 ille
1129 1854 1179 1886 cui
1206 1854 1279 1886 data
1302 1857 1348 1886 est
1370 1863 1421 1895 po-

470 1912 563 1941 testas
588 1908 682 1946 haec,
707 1917 767 1939 non
792 1910 838 1939 est
862 1906 977 1948 peioris
1008 1906 1195 1938 conditionis
1224 1915 1318 1948 quam
1353 1906 1419 1938 alii:

469 1971 543 2003 ergo
568 1965 598 1993 et
622 1961 674 1993 ille
698 1963 799 2002 potest
823 1959 960 1998 absolvi;
986 1959 1040 1992 sed
1064 1969 1125 1991 non
1151 1969 1168 1991 a
1186 1968 1235 1998 se,
1256 1968 1313 1992 nec
1337 1969 1355 1991 a
1373 1969 1422 1992 su-

468 2014 599 2056 periori,
624 2014 698 2055 quia
722 2013 902 2054 frequenter
919 2021 979 2044 non
1005 2012 1099 2044 babet
1116 2012 1237 2054 copiam
1262 2013 1344 2051 eius,
1367 2015 1422 2044 aut

469 2076 528 2099 non
555 2067 649 2098 habet
673 2066 883 2107 superiorem,
908 2069 943 2097 ut
968 2066 1061 2106 Papa:
1088 2074 1161 2106 ergo
1186 2068 1242 2097 etc.

558 2119 700 2151 CONTRA:
730 2120 756 2150 1.
776 2118 941 2150 Relationis
958 2127 1019 2149 non
1045 2121 1091 2149 est
1108 2117 1232 2156 relatio,
1255 2129 1270 2147 «
1286 2127 1342 2150 nec
1359 2126 1421 2149 mo-

469 2176 520 2204 tus
543 2176 589 2204 est
615 2171 741 2203 motus³
756 2184 786 2209 »,
812 2180 867 2203 nec
892 2170 1089 2202 mediationis
1113 2174 1160 2202 est
1184 2170 1346 2209 mediatio,
1363 2179 1420 2203 nec

469 2225 651 2257 mediatoris
675 2228 721 2256 est
745 2224 914 2262 mediator;
938 2223 990 2255 sed
1018 2232 1187 2265 supremus
1212 2224 1358 2256 sacerdos
1391 2227 1421 2255 et

469 2278 569 2310 omnis
604 2277 765 2319 praelatus
801 2277 954 2309 mediator
993 2281 1039 2309 est
1076 2276 1156 2308 inter
1192 2276 1355 2308 inferIores
1392 2280 1421 2308 et

468 2331 589 2363 Deum:
614 2339 688 2371 ergo
712 2339 773 2361 non
798 2333 899 2371 potest
923 2338 991 2361 esse
1015 2337 1071 2361 nec
1096 2328 1189 2360 debet
1213 2337 1229 2361 e
1259 2338 1419 2361 converso.

557 2384 586 2415 2.
610 2383 703 2419 item,
721 2382 760 2414 ad
779 2382 851 2420 1100,
868 2382 951 2423 quod
970 2381 1084 2422 aliquis
1101 2381 1243 2413 absolvat
1267 2381 1420 2423 aliquem,

468 2445 595 2468 necesse
619 2439 681 2474 est,
699 2435 783 2476 quod
808 2435 922 2466 babeat
938 2434 1188 2466 iurisdictionem
1214 2444 1309 2475 super
1331 2443 1418 2473 eum,

468 2489 549 2521 sicut
580 2488 609 2520 in
646 2487 932 2529 praecedentibus4
969 2487 1072 2519 visum
1098 2490 1161 2525 est;
1199 2487 1253 2519 sed
1291 2487 1419 2519 inferior

466 2551 528 2573 non
546 2541 639 2573 babet
657 2541 905 2572 iurisdictionem
923 2549 1018 2581 super
1036 2540 1250 2581 superiorem:
1269 2549 1344 2581 ergo
1361 2543 1418 2572 etc.

468 2594 506 2626 Sz'
529 2594 621 2625 dicas
646 2592 746 2630 1111711,
768 2593 852 2634 quod
877 2593 1022 2633 superior
1039 2592 1092 2624 dat
1116 2592 1144 2624 ei
1170 2592 1416 2624 iurisdictionem

466 2642 667 2684 absolvendi3
692 2650 827 2677 contrat:
858 2654 981 2677 «nemo
1005 2645 1058 2677 dat
1075 2645 1159 2686 quod
1185 2654 1246 2676 non
1271 2645 1366 2677 habet
1383 2658 1417 2684 »3

466 2699 521 2731 sed
553 2699 713 2740 praelatus
744 2708 803 2730 non
831 2698 924 2729 habet
957 2698 1204 2730 iurisdictionem
1233 2698 1417 2730 absolvendi

466 2761 513 2790 se,
538 2752 612 2793 quia
635 2751 808 2783 nonhabet
832 2754 1016 2792 potestatem
1035 2760 1132 2792 supra
1157 2759 1203 2783 se:
1229 2759 1304 2792 ergo
1322 2754 1378 2783 etc.

555 2804 582 2836 3.
617 2804 708 2841 ltem,
741 2803 900 2844 praelatus
933 2803 1060 2835 inferior
1092 2813 1151 2835 non
1187 2807 1287 2844 potest
1318 2803 1416 2835 alium

465 2855 741 2888 excommunicare
755 2855 776 2893 ⁵,
802 2863 858 2887 nec
882 2855 948 2896 ipse
972 2859 1073 2895 potest
1104 2855 1179 2887 dare
1211 2855 1263 2887 alii
1293 2855 1417 2887 iurisdi-

1234 240 1517 272 SENTENTIARUM
1540 240 1608 271 LIB.
1634 240 1680 272 IV.

1489 641 1621 672 ctionem
1647 641 1941 673 excommunicandi
1966 650 2011 673 se:
2038 650 2112 683 ergo
2137 641 2279 674 similiter
2302 642 2434 683 videtur,

1488 693 1573 735 quod
1597 702 1653 725 nec
1677 693 1869 726 absolvendi.

1576 746 1606 777 [1.
1632 745 1722 783 Item,
1740 747 1769 777 in
1788 746 1965 778 hierarchia
1982 747 2121 788 angelica
2138 756 2199 779 non
2212 747 2367 788 recipiunt
2384 751 2436 780 An-

1488 798 1546 839 geli
1565 798 1744 839 superiores
1761 798 2021 831 illuminationem
2047 799 2086 831 ab
2104 799 2305 832 inferioribus
2319 800 2343 831 ⁶:
2362 809 2434 842 ergo
2472 799 2475 839 ’1

1488 851 1630 883 similiter
1655 851 1790 890 videtur,
1815 852 1900 893 quod
1924 852 1955 884 in
1984 852 2117 885 Ecclesia
2141 853 2285 894 superior
2309 853 2348 885 ab
2365 853 2436 886 inse·
2473 867 2475 889 1

1488 903 1570 935 riore
1595 912 1655 934 non
1680 903 1872 935 absolvatur.
2474 903 2475 908 ’

1577 958 1604 988 5
1631 957 1720 996 item,
1752 957 1920 998 probatum
1956 962 2002 990 est
2033 967 2089 999 per
2124 967 2257 990 canones
2290 962 2320 990 et
2348 959 2434 991 ratio-

1486 1018 1541 1041 nes
1559 1009 1580 1048 7,
1606 1009 1690 1050 quod
1720 1009 1867 1041 sacerdos
1896 1019 1957 1041 non
1983 1014 2083 1051 potest
2107 1010 2270 1043 absolvere
2297 1011 2434 1044 alienum
2474 1013 2476 1042 Ξ

1487 1061 1729 1102 parochianum:
1756 1070 1830 1103 ergo
1848 1071 1904 1094 nec
1929 1071 2021 1094 suum
2040 1063 2231 1104 praelatum,
2252 1072 2313 1104 100)-
2330 1063 2434 1095 locum
2475 1064 2477 1082 ³

1486 1123 1508 1145 α.
1533 1114 1675 1151 medor&
1708 1114 1806 1155 magis
1830 1114 1913 1146 enim
1946 1115 2085 1154 videtur,
2110 1116 2194 1157 quod
2219 1116 2316 1157 possit
2341 1125 2436 1157 supra
2476 1144 2478 1175 ἱ

1487 1166 1639 1198 minorem
1664 1175 1759 1208 quam
1785 1176 1882 1208 supra
1908 1168 2067 1200 maiorem.
2093 1167 2131 1200 St·
2154 1172 2188 1199 ta
2213 1168 2324 1206 scieas,
2350 1169 2433 1210 quod
2476 1177 2478 1184 ¹

1486 1219 1644 1260 praelatus
1669 1219 1721 1251 dat
1747 1219 1774 1251 ei
1799 1223 1986 1261 potestatem
2018 1221 2050 1252 in
2078 1229 2111 1253 se
2121 1233 2128 1259 ;
2161 1221 2339 1262 quaeritur,
2364 1230 2437 1263 quo·
2476 1236 2479 1254 l

1487 1272 1579 1304 modo
1604 1272 1661 1304 hoc
1686 1272 1783 1314 possit
1807 1281 1884 1305 θεεθ.

1842 1387 2084 1411 0011010510.
2478 1392 2481 1445 ἰ

2479 1467 2481 1498 l

1515 1482 1677 1515 Sacerdos
1701 1483 1854 1515 subditus
1875 1488 1978 1525 potest
2007 1484 2171 1516 absolvere
2198 1484 2404 1526 praelatum,

1579 1535 1637 1578 qai
1659 1535 1693 1566 iit
1716 1534 1791 1577 foro
1812 1536 2028 1578 poenitenciae
2057 1537 2122 1578 ipsi
2143 1546 2176 1568 sc
2199 1537 2342 1569 subiicit.

1575 1642 1772 1674 RusPONnno:
1799 1642 1989 1681 Dicendum,
2022 1642 2106 1684 quod
2140 1643 2266 1675 inferior
2299 1643 2483 1687 superio-Coi

1485 1703 1553 1727 rem
1578 1699 1679 1736 potest
1702 1695 1884 1734 absolvere,
1909 1696 1933 1727 si
1959 1696 2103 1737 superior
2128 1696 2202 1728 velit
2226 1705 2258 1728 se
2291 1696 2317 1728 ei
2342 1696 2433 1729 subii-
2482 1692 2483 1732 Ξ

1486 1756 1566 1780 cere.
1585 1766 1627 1770 —
1643 1748 1678 1779 Et
1702 1748 1761 1780 1100
1786 1752 1869 1789 patet
1892 1748 1945 1780 sic.
1971 1749 2078 1781 Virtus
2102 1748 2255 1787 clavium,
2281 1753 2431 1790 quantum
2444 1746 2483 1792 1³¹1}

1486 1803 1533 1832 est
1556 1801 1595 1833 de
1619 1809 1667 1839 se,
1700 1801 1739 1833 ad
1768 1809 1877 1833 omnes
1909 1810 1942 1834 se
1966 1801 2122 1841 extendit,
2154 1801 2213 1833 nisi
2242 1811 2282 1834 ex
2315 1801 2435 1834 ordina-

1487 1853 1568 1886 tione
1582 1854 1592 1869 8
1611 1854 1811 1895 superiorum
1834 1863 1946 1886 manus
1970 1857 2146 1887 arctaretur
2163 1859 2291 1896 propter
2312 1863 2435 1886 servan·
2482 1846 2483 1850 ¹

1487 1906 1562 1938 dum
1587 1907 1729 1939 ordinem
1755 1907 2009 1940 ecclesiasticum.
2035 1907 2185 1945 Sacerdos
2209 1907 2291 1939 enirn
2313 1916 2354 1940 ex
2379 1916 2434 1939 sua

1486 1959 1681 1991 ordinatione
1706 1959 1867 1992 institutus
1891 1963 1938 1992 est
1960 1960 2112 1992 mediator
2138 1960 2217 1992 inter
2234 1960 2333 1992 Deum
2358 1960 2433 1992 iudi-

1486 2021 1553 2044 cem
1583 2016 1613 2044 et
1646 2012 1801 2044 hominem
1836 2016 2046 2054 peccatorem,
2079 2016 2109 2045 et
2133 2016 2284 2054 quantum
2318 2016 2364 2045 θεῖ
2396 2021 2435 2045 ex

1486 2069 1574 2106 parte
1592 2065 1668 2102 Dei,
1686 2074 1747 2096 non
1772 2068 1818 2097 est
1834 2064 2009 2097 differentia
2026 2084 2069 2087 —
2086 2065 2217 2106 quilibet
2242 2065 2323 2097 enim
2341 2074 2434 2097 suum

1486 2117 1681 2149 sacerdotem
1705 2120 1830 2159 reputat
1854 2118 2077 2156 mediatorem,
2099 2121 2129 2150 et
2153 2118 2281 2150 cuilibet
2308 2119 2434 2160 impres-

1486 2171 1525 2202 sit
1539 2170 1549 2185 ⁰
1569 2171 1749 2202 mediatoris
1774 2170 1988 2203 characterem
2005 2189 2048 2193 —
2065 2171 2120 2203 sed
2138 2171 2313 2203 differentia
2334 2175 2380 2203 est
2395 2180 2435 2203 ex

1485 2227 1574 2265 parte
1599 2222 1788 2254 homiuum.-
1824 2223 1913 2264 quia,
1937 2223 1963 2255 si
1998 2223 2130 2264 quilibet
2165 2227 2246 2255 esset
2283 2223 2433 2255 mediator

1485 2276 1667 2315 cuiuslibet,
1699 2279 1780 2308 esset
1813 2276 1843 2307 in
1870 2276 2005 2309 Ecclesia
2036 2276 2191 2315 confusio;
2223 2279 2253 2308 et
2282 2276 2351 2308 ideo
2383 2275 2434 2308 alii

1485 2329 1554 2360 aliis
1579 2329 1709 2361 subiecti
1731 2332 1817 2368 sunt,
1843 2333 1872 2361 et
1895 2329 1947 2370 qui
1972 2329 2183 2361 subiiciuntur
2206 2329 2259 2361 uni
2284 2339 2344 2361 non
2369 2338 2434 2371 pos-

1485 2385 1558 2414 sunt
1583 2382 1658 2414 dare
1690 2381 1778 2413 alteri
1814 2382 2031 2414 auctoritatem
2058 2382 2088 2413 in
2118 2390 2168 2420 se;
2194 2382 2248 2414 sed
2280 2382 2304 2413 si
2337 2382 2433 2414 libera

1485 2438 1566 2467 esset
1582 2444 1730 2476 persona,
1755 2444 1835 2476 quae
1853 2439 1956 2476 posset
1974 2444 2006 2467 se
2031 2434 2199 2473 subiicere,
2217 2438 2291 2467 tunc
2314 2435 2431 2476 absque

1484 2488 1580 2519 dubio
1605 2491 1709 2529 posset
1733 2496 1805 2519 eum
1821 2488 1840 2504 ¹⁰
1857 2487 2030 2519 absolvere.
2055 2488 2207 2528 Quoniam
2229 2496 2303 2529 ergo
2328 2496 2432 2529 supre-

1484 2549 1555 2572 mus
1580 2540 1753 2582 praelatus,
1778 2540 1831 2581 qui
1857 2548 1962 2572 merae
1987 2540 2139 2572 libertatis
2160 2543 2206 2572 est
2223 2543 2253 2572 et
2270 2540 2347 2571 nulli
2365 2539 2433 2571 sub-

1484 2593 1599 2631 iectus,
1633 2596 1733 2634 potest
1764 2602 1796 2625 se
1822 2593 1870 2625 cui
1904 2593 1971 2624 vult
1996 2592 2165 2631 subiicere,
2190 2596 2220 2624 et
2249 2593 2299 2624 alii
2333 2601 2434 2625 exem-

1482 2646 1525 2688 pti
1551 2646 1643 2678 etiam
1670 2646 1735 2678 suis
1759 2646 1912 2684 subditis3
1937 2646 2086 2684 concedo,
2112 2646 2196 2687 quod
2221 2645 2278 2687 ipsi
2304 2648 2432 2687 possunt

1482 2708 1534 2731 eos
1558 2698 1733 2730 absolvere.

1570 2751 1659 2792 Quod
1688 2754 1793 2783 autem
1819 2760 1989 2792 supremus
2025 2751 2186 2792 praelatus
2221 2751 2318 2793 possit
2350 2760 2382 2783 se
2405 2750 2431 2783 ei
2444 2756 2483 2804 turc

1481 2804 1650 2842 subiicere,
1675 2804 1730 2835 ius
1755 2804 1905 2835 (livinum
1930 2804 2115 2842 concordat,
2140 2804 2231 2846 quia,
2260 2813 2332 2836 cum
2364 2804 2427 2845 ipse
2439 2809 2483 2831 vinc·

1480 2857 1519 2888 sit
1550 2857 1779 2888 ciminwlatus
1815 2856 2031 2897 infirmitate,
2066 2857 2157 2889 debet
2188 2857 2300 2889 subiici
2332 2858 2434 2889 Sacra·

538 3024 545 3040 1
568 3024 639 3049 Vers.
661 3025 684 3048 2.
705 3031 758 3056 seq.

535 3069 547 3085 2
566 3069 642 3094 Hebr.
664 3069 694 3100 5,
719 3069 738 3093 l.

535 3112 546 3129 ³
566 3114 675 3143 Aristot,
695 3113 757 3137 loce.
778 3119 857 3143 supra
878 3119 936 3143 pag.
963 3113 1022 3143 180,
1044 3115 1102 3137 nota
1128 3113 1151 3137 3.
1172 3113 1301 3144 allegatis,
1317 3113 1341 3137 in
1363 3114 1419 3144 qui-

466 3156 516 3182 bus
534 3158 609 3182 etiam
631 3158 696 3181 banc
716 3157 840 3181 rationem
861 3156 946 3187 addit,
969 3156 1039 3188 quod
1068 3163 1143 3181 secus
1171 3157 1324 3181 statuendus
1352 3160 1418 3182 esset

466 3207 604 3231 processus
624 3201 648 3225 in
669 3200 805 3225 infinitum.

537 3242 547 3259 ⁴
566 3245 617 3269 Art.
639 3245 663 3269 22.
685 3252 709 3276 (1.
730 3245 753 3268 2.
774 3258 807 3261 —
826 3245 949 3268 Axioma:
979 3244 1059 3269 Nemo
1087 3243 1142 3277 [ed.
1179 3245 1184 3269 l
1218 3251 1278 3269 cum
1298 3244 1417 3276 pluribus

467 3286 543 3311 codd.
564 3286 650 3319 Nilu'l]
671 3287 714 3312 dat
733 3287 804 3319 quod
834 3294 883 3312 non
913 3287 1003 3319 1101)οῖ,
1030 3292 1068 3313 est
1087 3287 1232 3313 secundum
1253 3289 1367 3319 Aristot.,
1388 3288 1415 3312 ll.

465 3329 567 3354 Elench⁴
589 3337 609 3354 c.
631 3331 653 3355 3.
676 3331 707 3361 (c.
728 3331 790 3363 22).

538 3372 549 3389 ⁵
567 3372 618 3398 Cfr.
641 3373 666 3398 C.
688 3373 803 3406 Inferior
821 3375 894 3401 sedes
914 3375 969 3407 (4.),
991 3382 1078 3407 seqq,
1100 3375 1124 3400 d.
1146 3376 1187 3400 21.
1206 3389 1241 3393 —
1261 3375 1308 3400 Pro
1333 3374 1417 3401 alium

1483 3025 1597 3050 secunda
1619 3032 1710 3049 manus
1730 3026 1753 3049 in
1775 3025 1831 3050 cod.
1852 3025 1869 3049 E
1890 3024 2021 3050 substituit
2047 3024 2220 3058 superiorem.
2246 3025 2360 3050 Subinde
2386 3030 2430 3056 pro

1482 3075 1530 3094 uec
1549 3068 1602 3102 ipse
1621 3069 1678 3094 cod.
1698 3069 1720 3093 1<-
1740 3075 1788 3094 nec
1806 3068 1896 3094 111111·ον
1914 3069 2006 3101 potest.

1552 3112 1562 3129 6
1582 3113 1730 3137 Secundum
1752 3113 1871 3143 Dionys,
1893 3113 1925 3138 de
1945 3112 2051 3138 Caelesti
2072 3113 2201 3137 Uierarcb.
2223 3119 2243 3137 0.
2260 3113 2282 3137 3.
2298 3112 2312 3144 S
2327 3113 2355 3143 3,
2371 3118 2391 3136 0.
2405 3111 2428 3135 8.

1482 3156 1497 3188 3
1518 3157 1540 3181 2.
1560 3159 1585 3181 et
1604 3164 1625 3181 0.
1650 3157 1686 3181 12.
1707 3156 1721 3188 ‘5
1742 3157 1765 3181 2.
1785 3170 1820 3174 —
1840 3157 1886 3181 Pro
1908 3155 2025 3183 Ecclesia
2045 3156 2101 3181 cod.
2122 3156 2142 3181 U
2162 3155 2344 3182 ecclesiastica.

1556 3199 1567 3215 ⁷
1583 3200 1685 3231 Quaesi.
1698 3199 1816 3231 praeced.
1828 3214 1861 3217 —
1873 3200 1907 3225 De
1923 3199 1978 3226 loco
1993 3206 2010 3225 a
2023 3199 2122 3225 maiori
2134 3200 2178 3225 cfr.
2192 3203 2255 3226 tom.
2271 3200 2286 3224 1.
2301 3205 2359 3230 pag.
2374 3197 2428 3229 835,

1484 3247 1542 3268 nota
1563 3243 1587 3267 5.

1552 3286 1563 3302 ⁸
1583 3287 1627 3312 lid.
1650 3288 1658 3311 Ἰ1
1683 3294 1742 3312 cum
1762 3287 1880 3318 pluribus
1901 3287 1977 3312 codd.
1997 3286 2097 3313 ordine.

1552 3331 1563 3347 ⁹
1582 3331 1606 3355 ln
1621 3331 1680 3356 edd.
1695 3331 1798 3356 adduur
1817 3330 1954 3364 episcopus
1964 3341 1975 3363 ‚·
1988 3331 2033 3356 sed
2048 3332 2134 3362 potius
2147 3330 2340 3362 supplendum:
2355 3329 2426 3354 Deus,
2472 3345 2474 3347 -

1556 3374 1576 3391 ¹⁰
1596 3375 1658 3400 Edd.
1679 3382 1746 3400 eam.
1768 3376 1825 3400 Ροεῖ
1844 3382 1927 3407 pauca
1947 3382 1995 3407 pro
2015 3382 2104 3401 merae
2124 3374 2199 3400 codd.
2220 3375 2226 3398 l
2246 3375 2269 3399 K
2288 3379 2372 3400 verae.
