2483 3882
178 596 270 617 Dubium
277 595 320 616 5.6.

196 740 288 761 Dubium
303 739 322 759 7.

192 929 323 950 Praestantia

179 955 286 982 baptismi.

346 261 385 291 10
1099 253 1382 285 SENTENTIARUM
1406 253 1472 284 LIB.
1498 253 1546 285 lV.

335 347 471 378 rentibus
493 347 640 377 trahimus
663 353 717 384 per
738 343 1033 382 concupiscentiam,
1056 349 1134 380 quae
1156 342 1184 371 in
1200 345 1286 380 parte

335 396 385 426 illa
400 395 495 433 magis
510 394 690 424 dominatur.
705 394 742 423 Et
757 392 827 431 quia
844 392 872 421 ιιι
889 393 974 429 parte
990 390 1038 419 illa
1055 389 1176 427 culpam
1189 388 1288 419 inobe-

336 445 465 474 dientiae
494 444 610 482 primus
641 442 731 471 homo
757 440 866 476 sensit,
898 438 1016 474 decuit,
1043 441 1075 468 ut
1103 437 1144 467 ibi
1169 437 1286 474 signum

336 492 525 522 obedientiae
546 491 708 528 acciperet.

415 540 520 570 Fiebat
542 542 642 569 autem
665 541 771 567 octavo
788 536 837 566 die
852 536 969 574 petrino
991 535 1105 570 cultro,
1127 534 1198 572 quia
1214 537 1243 563 et
1258 533 1286 562 in

336 588 559 619 resurrectione
580 585 731 616 communi
754 588 860 614 octava
876 587 972 614 aetate
988 583 1086 613 futura
1102 591 1157 621 per
1171 585 1287 621 petram

337 637 487 667 Christum
509 635 606 665 omnis
621 634 658 664 ab
675 634 778 663 electis
793 632 988 662 abscindetur
1003 632 1174 670 corruptio,
1191 634 1220 660 et
1236 639 1289 669 per

336 685 443 715 Christi
467 683 718 714 resurrectionem
741 685 846 712 octava
863 681 912 710 die
928 681 1036 710 factam
1060 679 1289 709 circumciditur

339 742 355 764 a
376 733 511 772 peccatis
538 732 638 762 anima
666 731 814 768 cuiusque
844 730 873 759 in
901 737 969 759 eum
990 728 1150 758 credentis.
1179 728 1290 757 «Duae

338 782 429 819 igitur
452 789 499 811 res
520 783 589 810 sunt
611 779 691 809 illius
713 777 963 808 Sacramenti1».

417 830 486 859 Ι(1εο
509 832 609 858 autem
630 831 744 857 mutata
761 830 805 856 est
820 826 1012 856 circumcisio
1028 833 1082 863 per
1096 825 1290 863 baptismum,

338 879 410 917 quia
432 878 660 907 Sacramentum
682 875 823 913 baptismi
847 878 876 903 et
897 873 1087 903 communius
1110 876 1152 902 est
1176 876 1205 902 et
1226 880 1292 910 per-

338 927 460 963 fectius,
483 925 553 964 quia
569 924 696 963 pleniori
712 923 807 961 gratia
823 922 1055 952 accunmlatum.
1072 921 1114 950 lbi
1130 921 1208 950 enim
1225 929 1292 959 pec-

339 979 405 1006 cata
427 974 524 1004 solum
547 972 790 1007 dimittebantur,
812 971 864 1001 sed
888 979 943 1000 nec
964 970 1060 1008 gratia
1079 970 1115 999 ad
1132 969 1209 999 bene
1224 977 1293 1007 ope-

338 1024 466 1054 randum
496 1022 627 1052 adiutrix
657 1029 712 1050 nec
739 1021 882 1049 virtutum
908 1018 1059 1057 possessio
1081 1017 1128 1047 vel
1150 1025 1293 1054 augmen-

339 1076 402 1101 tum
425 1071 465 1100 ibi
496 1069 722 1108 praestabatur,
746 1071 778 1097 ut
799 1068 829 1097 in
851 1067 1018 1105 baptismo,
1040 1066 1091 1095 ubi
1114 1074 1172 1095 non
1201 1065 1291 1094 modo

340 1120 498 1150 abolentur
522 1122 662 1157 peccata,
685 1117 737 1146 sed
754 1117 844 1146 etiam
860 1115 955 1152 gratia
971 1115 1103 1144 adiutrix
1125 1114 1292 1148 confertur,

340 1172 369 1197 et
400 1168 526 1196 virtutes
559 1169 714 1202 augentur.
746 1164 832 1193 Unde
860 1172 940 1202 aqua
967 1161 1137 1202 refectionis
1166 1161 1292 1195 dicitur,

340 1215 440 1255 quae²
464 1214 565 1244 aridos
597 1212 738 1243 secundat
767 1216 795 1241 et
821 1212 880 1241 iam
909 1210 1122 1240 fructificantes
1154 1209 1292 1247 ampliori

340 1264 479 1294 ubertate
500 1263 610 1297 donat;
631 1261 716 1299 quia,
735 1263 1014 1298 quantumcumque
1030 1266 1084 1296 per
1099 1257 1187 1286 fidem
1205 1261 1232 1286 et
1248 1265 1294 1286 ca-

340 1312 458 1342 ritatem
482 1314 550 1341 ante
570 1309 705 1340 habitam
731 1308 841 1346 aliquis
864 1308 960 1337 iustus
982 1305 1017 1336 ad
1041 1305 1225 1343 baptismum
1248 1313 1295 1334 ac-

341 1359 437 1395 cedit,
459 1359 629 1389 uberiorem
653 1357 695 1386 ihi
717 1356 827 1395 recipit
855 1355 997 1393 gratiam,
1026 1353 1079 1383 sed
1109 1361 1166 1383 non
1193 1353 1234 1382 ita
1264 1352 1294 1381 in

1351 340 1591 371 circumcisione.
1613 339 1699 369 Unde
1720 338 1860 369 Abrahae
1875 346 1930 376 per
1944 337 2034 368 fidem
2056 338 2114 368 iam
2137 338 2299 368 iustificato
2313 345 2406 366 Dubium
2420 345 2443 366 s.

1350 388 1544 428 siqnacalam
1565 391 1679 418 tantum
1703 387 1772 423 suit,
1794 386 1869 416 nihil
1890 386 1916 416 ei
1940 387 2020 416 intus
2040 386 2175 416 contulit.

1765 501 1833 531 CAP.
1855 501 1890 530 X.

1452 611 1495 640 De
1515 609 1657 648 parvalis
1680 608 1829 649 destinetis
1850 613 1919 639 ante
1940 608 2021 638 diem
2042 612 2198 643 octavam,

1631 668 1690 698 qao
1711 657 1800 694 fiebat
1820 657 2018 687 circumcisio.

1433 774 1462 803 Si
1486 781 1557 802 vero
1579 772 1735 811 quaeritur
1756 772 1794 801 de
1815 771 1966 810 parvulis,
1982 771 2034 809 qni
2050 770 2212 801 antediem
2229 773 2306 800 octa-

1355 830 1425 851 vum
1442 822 1663 856 moriebantur,
1680 824 1840 859 antequam
1858 820 1948 850 fiebat
1963 819 2155 849 circumcisio
2172 827 2208 849 ex
2219 819 2307 856 Lege,

1354 875 1454 900 utrum
1485 870 1683 906 salvarentur,
1706 869 1751 899 vel
1780 877 1856 906 non;
1880 869 1959 898 idem
1987 872 2086 907 potest
2113 867 2307 906 responderi,

1355 919 1436 957 quod
1459 919 1586 948 sentitur
1607 918 1644 947 de
1666 918 1802 956 parvulis
1831 921 1900 947 ante
1928 917 2111 955 baptismum
2143 916 2307 952 defunctis,

1356 976 1432 1006 quos
1453 967 1554 1005 pcrire
1569 969 1694 996 constat.
1712 966 1797 995 Unde
1812 966 1892 995 Beda
1904 965 1931 994 ³:
1952 978 1964 991 «
1979 965 2033 1000 Qui
2051 974 2130 995 nunc
2145 973 2200 1004 per
2214 965 2308 994 Evan-
2322 968 2389 989 Beda-

1355 1015 1466 1053 gelium
1496 1015 1670 1044 terribiliter
1692 1018 1721 1044 et
1741 1014 1904 1044 salubriter
1924 1014 2053 1044 clamat:
2076 1012 2148 1043 Nisi
2167 1011 2234 1052 qais
2263 1020 2310 1041 re—

1356 1067 1446 1093 natas
1465 1062 1560 1102 faerit
1580 1072 1617 1092 esc
1639 1072 1719 1102 aqua
1741 1067 1768 1091 et
1789 1061 1906 1101 Spiritu
1920 1065 2041 1096 sancto,
2057 1070 2120 1091 non
2134 1059 2262 1090 intrabit
2276 1058 2311 1089 in

1356 1120 1486 1151 reynam
1515 1110 1595 1146 Dei,·
1625 1112 1689 1149 ipse
1718 1111 1832 1140 dudum
1863 1111 1972 1140 clamat
1998 1118 2052 1148 per
2074 1117 2159 1139 suam
2180 1109 2308 1146 Legem:

1356 1159 1492 1194 Anima,
1515 1159 1601 1189 cuias
1619 1158 1779 1198 praeputii
1801 1168 1871 1188 caro
1901 1157 2080 1188 circmncisa
2107 1166 2170 1187 non
2197 1156 2309 1196 fucrit,

1353 1206 1469 1246 peribit
1490 1206 1525 1235 de
1543 1207 1659 1246 popalo
1681 1216 1754 1241 sao,
1776 1206 1847 1246 quia
1866 1211 1991 1245 pactam
2010 1215 2113 1236 mcum
2128 1205 2255 1235 irritam
2269 1205 2312 1244 fe-

1358 1254 1404 1284 cit.
1427 1256 1516 1284 Forte
1540 1258 1637 1285 tamen
1660 1255 1716 1284 sub
1738 1255 1833 1293 Lege,
1856 1255 2012 1292 ingruente
2033 1255 2214 1284 necessitate
2235 1262 2312 1283 mor-

1358 1303 1411 1340 tis,
1441 1307 1509 1333 ante
1538 1306 1678 1333 octavum
1707 1303 1787 1332 diem
1817 1302 2077 1332 circumcidebant
2098 1303 2162 1332 sine
2183 1305 2310 1340 peccato

1359 1351 1451 1387 filios,
1473 1352 1552 1381 sicut
1574 1351 1663 1381 modo
1687 1352 1715 1380 ιιι
1737 1351 1874 1381 Ecclesia
1896 1351 1928 1380 fit
1950 1351 1988 1381 de
2010 1351 2203 1389 baptismo».

718 1533 1212 1590 COMMENTARIUS
1251 1533 1320 1586 IN
1358 1530 1853 1585 DISTINGTIONEM
1891 1530 1930 1583 Ι.

1257 1647 1338 1678 PARS
1362 1646 1382 1677 Ι.

1044 1745 1094 1781 De
1123 1743 1356 1781 Sacramentis
1385 1743 1418 1779 in
1447 1742 1607 1793 generali.

1110 1848 1351 1881 Samaritanus
1376 1849 1462 1880 enim
1486 1852 1541 1880 etc.

1168 1971 1307 2005 DIVISIO
1331 1972 1485 2004 TEXTUS.

433 2088 467 2119 Et
491 2086 667 2119 secundum
691 2086 750 2117 hoc
774 2084 853 2116 liber
870 2084 928 2116 iste
946 2083 1040 2115 habet
1057 2083 1137 2115 duas
1154 2085 1260 2123 partes
1275 2081 1295 2112 ¹.

346 2141 378 2172 In
403 2140 505 2181 prima
530 2139 593 2180 agit
617 2139 656 2171 de
680 2137 890 2170 Sacramentis
914 2136 1090 2169 secundum
1112 2135 1295 2173 sanitatem,

343 2201 439 2234 quam
464 2192 617 2224 tribuunt.
642 2191 673 2222 In
698 2190 836 2223 secunda
860 2190 923 2231 agit
947 2189 985 2221 de
1010 2189 1126 2230 gloria,
1143 2188 1182 2220 ad
1200 2197 1295 2229 quam

343 2245 532 2287 disponunt,
564 2244 643 2276 infra
676 2243 873 2275 distinctione
904 2242 1148 2283 quadragesima
1183 2240 1294 2272 tertia:

345 2299 514 2329 Postremo
539 2297 577 2328 (Ze
600 2296 783 2328 conditione
806 2294 1061 2327 resurrectionis
1076 2293 1097 2325 2.

432 2350 535 2381 Prima
559 2358 633 2391 pars
656 2349 751 2381 habet
767 2348 856 2380 duas.
874 2348 907 2379 ln
924 2347 1027 2389 prima
1051 2346 1240 2379 determinat
1258 2346 1296 2378 de

344 2403 552 2435 sacramentis
576 2402 607 2433 in
631 2401 779 2443 generali.
809 2401 842 2432 ln
866 2400 1005 2433 secunda
1029 2400 1060 2431 in
1085 2399 1230 2441 speciali,
1254 2399 1298 2430 in-

344 2456 391 2487 fra
416 2455 611 2488 distinctione
644 2455 802 2487 secunda:
828 2454 903 2486 Iam
931 2454 977 2485 acl
1001 2453 1220 2485 Sacramenta
1244 2461 1297 2483 no-

344 2517 404 2539 vae
429 2507 506 2549 teyts
530 2507 737 2539 accedamus.

432 2560 536 2592 Prima.
552 2569 643 2601 pars,
661 2568 742 2601 quae
759 2559 896 2591 continet
912 2561 1110 2600 praesentem
1128 2557 1298 2589 distinctio-

346 2622 435 2652 nem,
459 2613 554 2645 habet
579 2616 643 2645 tres
664 2616 778 2654 partes.
797 2612 828 2643 ln
846 2612 949 2653 prima
966 2611 1047 2643 enim
1067 2611 1153 2652 ponit
1173 2612 1295 2652 partem

347 2665 581 2707 prooemialem.
609 2666 642 2697 In
671 2665 809 2697 secunda
837 2664 1061 2706 principalem,
1090 2663 1149 2695 ibi:
1178 2663 1299 2695 Sacra-

346 2722 490 2749 mentam
507 2722 553 2749 est
567 2727 686 2749 sacrae
702 2717 754 2749 rei
768 2718 901 2759 sigymtm
918 2720 976 2749 etc.
994 2716 1026 2748 In
1048 2717 1139 2748 tertia
1164 2715 1299 2747 inciden-

346 2775 427 2809 tem,
445 2771 507 2802 ihi:
529 2770 605 2802 Fait
629 2774 737 2802 tamen
766 2771 850 2802 inter
876 2770 934 2801 illa
959 2769 1179 2801 Sacramenta
1203 2768 1299 2811 qaod-

347 2823 424 2854 dam
449 2826 505 2854 etc.

1448 2082 1481 2113 In
1505 2085 1595 2123 parte
1611 2085 1717 2114 autem
1734 2080 1918 2123 prooemiali
1940 2080 2003 2112 duo
2024 2079 2106 2112 facit.
2131 2078 2234 2111 Primo
2257 2087 2314 2121 per

1360 2135 1520 2176 quandam
1543 2134 1727 2176 parabolam
1752 2133 1905 2173 ostendit,
1934 2141 2015 2174 quae
2039 2133 2079 2164 sit
2102 2132 2315 2164 Sacramento-

1360 2196 1432 2219 rum
1457 2197 1553 2220 causa
1577 2187 1761 2219 institutiva.
1787 2187 1931 2219 Secundo
1955 2186 2047 2224 dic-it,
2072 2194 2153 2227 quae
2177 2185 2238 2217 sint
2266 2194 2315 2226 ge-

1360 2240 1511 2272 neraliter
1535 2240 1574 2272 de
1597 2240 1808 2272 Sacramentis
1832 2239 2089 2277 determinanda,
2107 2238 2166 2270 ibi:
2185 2238 2231 2269 De
2247 2238 2315 2280 qai-

1362 2292 1421 2324 bas
1446 2296 1591 2335 qaataor
1611 2292 1723 2333 primo
1747 2291 1992 2323 consideranda
2015 2294 2102 2322 sant.

1450 2345 1524 2376 Pars
1557 2353 1631 2377 vero
1667 2344 1866 2386 principalis,
1895 2344 1926 2375 in
1961 2353 2024 2385 qua
2055 2343 2244 2376 determinat
2276 2343 2315 2375 de

1361 2398 1571 2430 Sacramentis
1600 2398 1631 2429 in
1663 2397 1819 2439 generali,
1843 2397 1939 2429 habet
1969 2399 2106 2438 quatuor
2138 2396 2314 2429 secundum

1361 2450 1415 2482 illa
1439 2454 1585 2492 quatuor,
1603 2459 1683 2492 quae
1700 2450 1845 2491 Magister
1869 2449 2042 2491 praemittit
2066 2449 2314 2481 determinanda.

1362 2504 1465 2535 Primo
1504 2504 1587 2535 enim
1629 2503 1834 2541 determinat,
1875 2503 1952 2544 quid
1987 2502 2026 2534 sit
2066 2503 2313 2534 Sacramentum.

1361 2556 1504 2588 Secundo
1529 2564 1618 2594 vero,
1636 2564 1734 2597 quare
1751 2555 1944 2593 institutum,
1962 2555 2020 2587 ibi:
2047 2554 2185 2595 Triplcii
2204 2558 2315 2586 aatem

1362 2618 1401 2640 coc
1425 2618 1531 2640 caasa
1555 2608 1775 2640 Sacramenta
1799 2607 1951 2640 instincta
1974 2611 2061 2639 sant.
2081 2607 2190 2639 ‘Tertio
2221 2615 2314 2645 vero,

1363 2661 1393 2693 in
1418 2661 1535 2703 quibus
1559 2662 1598 2693 sit
1622 2661 1819 2700 institutum,
1843 2660 1902 2692 ibi:
1927 2660 2001 2692 Dao
2025 2663 2135 2691 (itatem
2158 2663 2254 2697 sant,
2280 2659 2315 2690 in

1363 2714 1481 2757 quibas
1505 2717 1562 2746 etc.
1587 2715 1705 2755 Quarto
1730 2723 1805 2745 vero
1828 2722 1984 2745 novorum
1999 2712 2009 2727 ³
2040 2716 2070 2744 et
2093 2715 2237 2744 veterum
2270 2721 2316 2744 as-

1363 2767 1464 2808 signat
1488 2766 1714 2804 differentiam,
1739 2766 1801 2798 ibi:
1827 2766 1901 2797 Iam
1922 2765 2032 2797 videre
2048 2768 2151 2796 restat
2167 2763 2315 2807 differen-

1365 2819 1446 2851 tiam
1470 2822 1526 2851 etc.

419 2986 426 3002 ¹
448 2987 522 3017 Ilugo
543 2993 557 3011 a
577 2987 600 3011 S.
623 2986 701 3017 Πομ,
722 2986 792 3010 Sum.
814 2987 881 3010 Sent.
902 2988 932 3010 tr.
953 2985 976 3010 [ι.
997 2992 1018 3010 c.
1034 2986 1043 3009 rl
1058 2994 1062 3016 ;
1077 2992 1107 3010 ex
1120 2992 1173 3017 quo
1187 2985 1299 3016 capitulo

348 3031 475 3062 excerpsit
494 3031 614 3061 Magister
634 3031 719 3055 omnia
740 3037 806 3062 quae
826 3031 849 3054 in
872 3030 896 3054 ll.
923 3034 995 3061 parte
1020 3031 1096 3054 huius
1122 3029 1179 3054 dist.
1203 3029 1300 3054 haben-

348 3077 396 3099 tur.
417 3075 472 3106 lpse
492 3075 566 3105 Hugo
586 3075 652 3099 hanc
670 3074 786 3099 ultimam
806 3075 1009 3105 propositionem
1030 3074 1122 3098 sumsit
1140 3080 1170 3097 ex
1190 3073 1298 3104 August.

349 3120 379 3142 tr.
400 3118 440 3142 30.
460 3119 484 3142 in
504 3118 571 3142 ioan.
592 3125 615 3142 n.
636 3117 659 3142 5.

418 3161 429 3177 2
448 3162 482 3186 lta
502 3161 577 3186 codd.
598 3165 622 3186 et
640 3162 681 3186 ed.
706 3162 730 3192 ι,
751 3163 775 3186 ιιι
802 3162 857 3187 aliis
882 3161 962 3194 quia;
988 3164 1012 3186 et
1038 3168 1097 3186 mox
1122 3167 1171 3192 pro
1196 3161 1221 3185 et
1244 3159 1299 3185 iam

349 3204 425 3229 codd.
446 3205 493 3229 ΑΕ
513 3208 538 3229 et
556 3204 629 3235 edd,
649 3208 755 3236 excepta
776 3206 804 3236 rl,
825 3204 912 3230 etiam.
932 3219 966 3221 —
985 3205 1031 3229 llic
1044 3205 1180 3235 respicitur
1193 3205 1232 3229 Ps.
1254 3204 1298 3235 22,

351 3248 378 3279 23
401 3248 446 3273 cfr.
467 3247 501 3272 ibi
521 3248 609 3272 Glossa
629 3247 816 3273 interlinearis.

420 3291 431 3307 3
450 3291 518 3316 Loco
538 3298 617 3322 supra
642 3292 681 3316 cit.
702 3295 727 3317 et
746 3293 823 3317 etiam
848 3293 872 3316 in
899 3292 1043 3317 Commeat.
1064 3293 1088 3317 in
1114 3292 1174 3316 Luc.
1196 3293 1219 3316 9.
1238 3292 1299 3316 Loci

350 3336 497 3366 scripturae
516 3338 575 3360 sunt
593 3336 660 3360 loan.
681 3336 710 3367 3,
731 3335 759 3367 5,
781 3335 874 3361 deindo
893 3337 955 3361 Gen.
971 3336 1014 3368 117,
1031 3335 1070 3361 Μ.
1083 3349 1118 3354 -
1130 3336 1237 3361 Interius
1250 3343 1298 3367 pro

351 3378 453 3404 dadam
472 3378 571 3404 clamat
590 3379 717 3410 plurimae
730 3379 789 3403 cdd.
804 3378 905 3404 (luctam
917 3378 1064 3411 clamabat,
1080 3379 1120 3404 ed.
1136 3380 1145 3403 .1
1165 3378 1297 3405 clamavit.

1605 2980 1711 3007 NOTAE
1731 2980 1772 3006 AD
1793 2980 2070 3007 COMMENTARIUM.

1434 3026 1442 3042 ¹
1463 3026 1648 3057 Coniungenda
1667 3028 1705 3050 est
1724 3027 1770 3050 ista
1791 3026 1931 3056 propositio
1951 3032 2010 3050 cum
2035 3025 2084 3050 tine
2110 3025 2244 3056 prooemii.
2265 3023 2314 3049 Cfr.

1363 3078 1442 3102 supra
1471 3077 1530 3101 pag.
1561 3070 1588 3101 3,
1615 3074 1673 3095 nota
1702 3069 1725 3094 5.
1746 3083 1780 3088 --
1798 3069 1861 3094 Edd.
1891 3072 1992 3100 praeter
2020 3069 2098 3094 fidem
2127 3068 2203 3093 codd.
2227 3069 2315 3099 legunt

1363 3116 1413 3140 sic:
1434 3115 1571 3146 Postquam
1591 3114 1710 3145 Magister
1729 3120 1808 3144 supra
1827 3114 1852 3137 in
1872 3114 1944 3138 tertio
1964 3113 2030 3138 libro
2043 3114 2096 3144 egit
2109 3113 2140 3137 de
2153 3113 2315 3143 reparatione

1363 3166 1410 3190 per
1430 3159 1539 3190 gratiam
1559 3157 1708 3182 mediatoris
1727 3157 1773 3182 Dei
1792 3161 1817 3182 ct
1836 3158 1971 3181 hominurn
1991 3157 2089 3181 homini
2107 3156 2241 3187 praestita,
2256 3161 2315 3179 con-

1362 3205 1500 3234 sequenter
1519 3203 1544 3226 in
1565 3203 1614 3226 hoc
1634 3205 1726 3233 quarto
1746 3202 1800 3232 agit
1819 3201 1851 3226 de
1871 3201 2055 3231 Sam-amentis,
2076 3199 2171 3231 quibus
2195 3199 2315 3230 fragilita-

1364 3247 1394 3271 tis
1413 3247 1542 3271 humanae
1562 3247 1727 3276 peccatorum
1746 3245 1854 3269 vulnera
1874 3244 1986 3275 ligantur
2004 3246 2029 3268 et
2048 3246 2170 3268 curantur
2188 3246 2236 3267 etc.

1433 3290 1443 3306 2
1464 3290 1567 3314 Plurimi
1587 3289 1662 3313 codd.
1677 3288 1884 3321 resarqcntiam.

1434 3333 1445 3349 ³
1463 3333 1525 3359 Cod.
1546 3333 1563 3357 Z
1587 3333 1691 3364 supplet
1715 3332 1963 3358 Sucramentorum.
1984 3331 2089 3355 Inferius
2114 3331 2139 3354 in
2158 3329 2247 3355 verbis
2266 3330 2314 3355 Ma-

1363 3379 1435 3410 gistri
1454 3384 1502 3409 pro
1522 3376 1698 3410 differentiam
1718 3384 1768 3401 non
1788 3378 1864 3408 pauci
1884 3376 1959 3401 codd.
1979 3374 2141 3401 distantiam.
