2483 3882
363 272 403 303 66
720 309 722 313 y
1119 267 1402 299 SENTENTIARUM
1426 267 1493 299 Ltss.
1519 268 1565 300 lv.

358 359 410 391 sed
438 358 611 390 secundum
636 361 748 388 (tetum
773 355 924 392 lauandi,
961 355 1042 387 sicut
1073 355 1173 395 gratia
1205 355 1307 387 mede-

357 416 410 444 tur
434 411 608 443 secundum
632 413 735 441 actum
761 407 916 450 purgandi
933 407 958 445 ¹3
983 411 1014 439 et
1037 407 1106 439 ideo
1123 416 1185 438 non
1209 407 1309 448 sequi-

358 467 428 503 tur,
452 463 536 505 quod
561 471 685 503 semper
709 470 791 503 aqua
815 461 852 493 sit
870 461 1125 498 Sacramentum,
1149 469 1206 492 nec
1223 460 1307 501 quod

360 516 460 548 omnis
484 524 582 557 aqua,
607 514 662 547 sed
686 523 785 555 aqna,
811 521 891 555 qnae
916 513 998 544 lavat
1022 516 1052 544 et
1076 522 1157 554 quae
1181 513 1310 554 deputa-

358 573 410 601 tur
433 568 473 600 ad
498 568 570 605 hoc,
595 570 625 599 et
650 567 707 598 hoc
724 575 785 597 non
804 569 851 597 est
874 568 974 597 totum
999 574 1086 597 mare
1102 565 1151 597 vel
1176 565 1307 603 fluvius,

360 621 415 654 sed
440 620 517 652 illud
542 628 659 661 aquae,
684 618 769 659 quod
793 618 832 650 de
856 618 1002 659 proximo
1027 617 1227 659 coniungitur
1244 627 1309 649 cor-

358 673 427 715 pori
453 672 595 704 lavando.
620 690 664 694 —
688 671 733 702 Ex
759 671 817 703 hoc
841 670 932 702 etiam
959 674 1044 712 patet
1067 679 1210 712 sequens,
1235 670 1309 712 quia

360 726 493 758 verbum
518 725 655 757 refertur
680 724 719 756 ad
744 732 870 765 aquam,
895 723 1070 755 secundnm
1096 723 1180 764 quod
1206 723 1310 755 Sacra-

361 782 501 811 mentum
527 778 557 809 in
581 781 671 816 actu,
696 780 726 809 et
751 776 794 809 sic
817 779 864 808 est
889 777 919 807 in
944 780 1098 818 quantum
1124 776 1242 808 lavans.

448 831 477 862 lt.
504 830 546 862 Ad
572 830 650 862 illud
679 830 763 871 quod
799 829 964 868 obiicitur,
1000 829 1084 870 quod
1121 832 1243 867 manet,
1269 828 1311 860 di-

360 884 510 922 cendum,
534 883 619 924 quod
654 883 829 924 baptismus
865 882 1001 923 proprie,
1026 882 1200 914 secundum
1225 881 1309 922 quod

216 943 344 964 Notandum·
361 937 435 969 dicit
458 937 695 968 Sacramentum
720 935 879 973 exterius,
904 944 964 966 non
990 937 1096 966 manet
1120 934 1154 965 in
1178 943 1229 972 se,
1255 934 1310 966 sed

361 990 391 1021 in
416 998 473 1021 suo
497 987 624 1031 effectu,
650 991 680 1020 et
704 988 823 1019 ratione
848 987 932 1019 illius
957 986 1072 1019 dicitur
1097 995 1234 1018 manere.
1259 984 1312 1027 Ef-

361 1041 467 1084 fectus
491 1042 573 1074 enim
598 1041 743 1082 baptismi
769 1040 939 1082 aliquando
963 1040 1079 1072 dicitur
1102 1039 1288 1080 baptismus.

449 1095 535 1127 Unde
561 1094 751 1131 notandum,
776 1093 858 1134 quod
896 1101 968 1124 cum
1005 1093 1035 1123 in
1072 1092 1226 1133 baptismo
1251 1091 1312 1122 sint

230 1155 260 1175 De
275 1155 348 1175 Sacra·
365 1148 437 1179 tria:
464 1147 634 1189 quoddam,
659 1146 744 1188 quod
770 1150 817 1177 est
834 1145 1088 1177 Sacramentum
1113 1147 1254 1181 tantum,
1277 1146 1312 1174 ut

203 1182 346 1229 ἒῖῗὲἷέῗυῖῗιιῖῗ
361 1201 551 1232 elementum
577 1199 713 1237 visibileg
738 1198 914 1240 quoddam,
932 1197 1014 1238 quod
1032 1200 1078 1228 est
1102 1205 1155 1227 res
1180 1199 1311 1233 tanturn,

362 1253 443 1285 sicut
466 1252 566 1294 gratia
590 1260 723 1288 curans;
748 1250 920 1293 quoddam,
937 1249 1021 1290 quod
1046 1252 1094 1281 est
1118 1248 1313 1280 Sacramen-

363 1310 431 1337 tum
463 1309 494 1337 et
516 1314 570 1336 res
605 1302 814 1341 sacramenti,
850 1305 886 1334 ut
921 1302 1093 1333 character.
1126 1301 1170 1332 De
1205 1310 1241 1331 re
1264 1300 1314 1331 Sa-

363 1357 512 1389 cramenti
532 1356 646 1388 dicitur
658 1355 668 1371 ²
686 1354 902 1386 communiter
914 1365 926 1391 ,·
943 1353 981 1385 de
997 1362 1033 1384 re
1050 1356 1080 1385 et
1097 1352 1313 1384 Sacramenta

365 1410 480 1442 dicitur
501 1408 637 1450 proprie
646 1420 657 1445 ;
682 1407 720 1439 de
745 1407 960 1439 Sacramento
984 1408 1089 1437 autem
1114 1404 1230 1437 dicitur
1246 1414 1314 1436 ma.-

360 1462 414 1504 yis
433 1461 571 1503 proprie
579 1473 591 1499 ‚·
615 1461 669 1493 sed
695 1460 734 1492 de
759 1460 874 1491 lotione
898 1459 1003 1491 adhuc
1027 1457 1136 1500 magiis
1157 1458 1314 1499 proprie,-

364 1514 402 1546 de
426 1513 575 1545 elemento
599 1517 705 1545 autem
731 1512 791 1544 sul)
816 1511 869 1543 tali
894 1515 966 1543 actu
1001 1510 1146 1542 maxime
1166 1510 1312 1551 proprie.

206 1574 344 1595 Definitioues
363 1585 406 1589 —
430 1567 465 1598 Et
489 1566 663 1598 secundum
700 1565 757 1597 has
791 1567 927 1606 quatuor
959 1562 1153 1604 acceptiones
1178 1562 1315 1604 quadru-
1341 1574 1344 1577 ·

219 1601 231 1621 [ι
242 1600 347 1627 baptismi.

365 1619 485 1661 pliciter
509 1618 669 1651 definitur.
694 1617 874 1650 Secundum
899 1616 981 1657 quod
1003 1616 1178 1656 baptismus
1202 1617 1249 1647 est
1265 1623 1316 1646 no-

363 1680 436 1704 men
466 1670 611 1702 elementi
645 1669 850 1711 significantis
886 1672 916 1700 et
951 1667 1173 1700 sanctificantis
1197 1667 1314 1698 virtute

1372 355 1477 393 verbi,
1503 355 1653 387 definitur
1677 355 1716 386 ab
1741 354 1905 396 tlugone3:
1938 367 1952 383 «
1968 355 2144 396 Baptismus
2169 359 2215 388 est
2238 364 2320 397 aqua
2335 363 2414 384 Prima·

1373 407 1530 439 diluendis
1544 407 1729 439 criminibus
1744 406 1977 439 sanctificata».
1991 426 2034 429 —
2046 407 2225 439 Secundum
2239 408 2324 449 quod

1374 468 1430 500 pro
1455 463 1533 491 actu
1556 458 1606 491 vel
1630 468 1691 491 usn
1708 459 1870 497 elementi,
1888 469 1906 490 a.
1923 459 2084 500 Magistro:
2116 471 2131 488 «
2147 460 2322 501 Baptismus
2337 467 2442 488 Secunda-

1373 515 1419 543 est
1443 511 1548 543 tinctio
1573 511 1713 552 corporis
1736 511 1875 543 exterior
1910 511 1991 543 facta
2026 511 2086 543 sub
2121 512 2223 543 forma
2258 520 2325 544 ver-

1372 561 1486 595 borum
1511 564 1747 605 praescripta».
1772 582 1815 586 —
1839 563 2017 595 Secundum
2055 564 2139 605 quod
2173 564 2325 605 accipitur

1373 625 1430 658 pro
1455 616 1670 648 Sucrumeuto
1695 620 1725 648 et
1748 626 1785 648 re
1808 617 2018 655 Sacramenti,
2043 617 2127 658 quod
2149 620 2196 649 est
2220 618 2326 649 chara·
2342 624 2420 645 Tertia.

1374 672 1455 707 cter,
1481 669 1524 701 sic
1547 678 1566 700 a
1590 667 1821 700 Damascenw:
1853 668 2059 710 «Baptismus
2086 672 2132 701 est
2161 669 2242 701 vitae
2267 670 2326 711 spi-

1374 721 1496 754 ritualis
1531 721 1738 762 prIncipium,
1774 721 1912 762 sigillum
1949 724 1979 753 et
2011 721 2152 753 custodia
2193 725 2224 753 et
2259 722 2327 753 illu-

1374 775 1501 806 minatio
1526 774 1681 806 mentis».
1708 774 1741 805 Et
1778 774 1915 815 tangitur
1951 774 2154 816 quadruplex
2189 775 2327 807 conditio
2344 781 2472 803 Notandum.

1374 827 1581 859 characteris:
1607 827 1681 868 quia
1716 826 1799 858 enim
1824 830 1992 868 praeparat
2015 827 2054 859 ad
2080 827 2231 868 gratiam,
2257 827 2327 859 ideo

1372 879 1579 920 principium
1603 879 1707 917 ¹oica&
1732 879 1806 920 quia
1831 879 1995 920 distinguit
2026 888 2153 920 gregem
2186 880 2329 918 Domini,

1375 933 1419 965 sic
1442 933 1608 975 siqillzmz;
1631 932 1705 974 quia
1742 932 1950 964 indelebiliter
1986 936 2184 973 perseverat,
2210 933 2253 965 sic
2278 943 2330 964 ru-

1379 985 1509 1022 alodum
1532 985 1606 1027 quia
1641 985 1819 1026 specialiter
1851 985 1989 1026 disponit
2012 985 2051 1016 ad
2076 984 2190 1024 fidem,
2214 985 2329 1017 dicitur

1376 1037 1577 1069 illuminatio
1602 1037 1727 1069 mentis.
1745 1056 1788 1059 —
1805 1037 1983 1069 Secundum
2002 1037 2086 1078 quod
2103 1037 2257 1079 accipitur
2273 1047 2330 1079 pro

1376 1100 1411 1121 rc
1436 1090 1648 1128 Sacraiuenti,
1685 1090 1835 1121 definitur
1859 1099 1877 1121 a
1901 1090 2047 1131 Dionysio
2122 1090 2331 1131 «Baptismus
2346 1097 2432 1123 Quarta-

1376 1146 1423 1175 est
1460 1142 1706 1183 regenerationis
1741 1143 1996 1180 Sacramentum,
2032 1143 2207 1174 secundum
2247 1142 2331 1184 quod

1376 1195 1524 1236 primitus
1560 1194 1702 1227 subsistit
1738 1195 1766 1225 in
1804 1195 1926 1233 anima,
1959 1195 2166 1236 spiritualiter
2190 1195 2330 1227 formans

1377 1247 1528 1278 animales
1552 1250 1657 1279 motus
1688 1247 1728 1278 ad
1764 1247 2030 1288 opportunitatem
2067 1247 2247 1279 divinorum
2273 1247 2332 1279 elo-

1377 1300 1527 1340 quiorum
1551 1302 1581 1331 et
1605 1299 1780 1337 actionum,
1816 1303 1847 1331 et
1878 1299 1919 1330 ad
1951 1299 2092 1331 caelestis
2125 1300 2239 1340 quietis
2263 1309 2334 1331 ana-

1378 1360 1477 1393 gogen
1502 1351 1561 1383 iter
1585 1351 1745 1383 faciens».
1771 1351 1802 1382 111
1827 1352 1887 1383 hac
1911 1351 2092 1384 definitione
2117 1352 2255 1393 tangitur
2279 1362 2332 1384 res

1378 1404 1474 1436 huius
1499 1404 1708 1442 Sacramenti,
1733 1413 1814 1445 quae
1846 1407 1892 1436 est
1923 1404 2049 1445 gratia⁶
2074 1405 2211 1436 animam
2235 1405 2333 1436 vivifi-

1378 1465 1469 1495 cans,
1495 1465 1568 1488 cum
1593 1456 1682 1488 dicit:
1714 1456 1918 1489 «secundum
1952 1457 2035 1498 quod
2061 1457 2209 1498 primitus
2233 1457 2333 1489 subsi-

1378 1509 1431 1541 stit
1454 1509 1485 1540 in
1510 1509 1615 1540 anima
1628 1521 1641 1537 »
1650 1521 1658 1547 ;
1683 1509 1822 1550 tangitur
1847 1509 1941 1541 etiam
1966 1508 2152 1541 ltabilitatio
2171 1510 2334 1551 potentiae

1378 1570 1435 1603 per
1461 1561 1628 1599 virtutem,
1653 1561 1756 1602 primo
1780 1561 1819 1593 ad
1844 1561 2009 1599 activam,
2034 1570 2108 1594 cum
2125 1561 2215 1594 dicit:
2239 1573 2254 1591 «
2270 1562 2330 1593 for-

1379 1622 1468 1645 mans
1490 1613 1641 1645 animales
1658 1616 1763 1645 motus
1776 1625 1806 1651 »3
1824 1613 1961 1646 secundo
1978 1613 2018 1645 ad
2035 1613 2333 1655 contemplativam,

1380 1675 1452 1698 eum
1477 1666 1568 1698 dicit:
1599 1666 1667 1698 «ad
1691 1666 1834 1698 caelestis
1858 1666 1971 1708 quietis
1995 1675 2199 1708 anagogen».

1200 1809 1495 1850 SOHOLION.

438 1958 453 1981 1.
474 1957 524 1981 lam
545 1964 558 1981 a
578 1958 695 1987 tempore
715 1956 739 1979 S.
760 1955 877 1979 Tliomae
897 1954 1062 1985 distinguitur
1076 1953 1196 1984 baptismi
1212 1953 1317 1977 materia

366 2002 468 2026 ¹remota
488 2004 512 2025 et
529 1998 675 2033 promum,-
695 2002 720 2024 01
738 1998 809 2030 qnod
837 1998 877 2022 illa
897 1998 929 2022 sit
948 2004 1034 2030 aqua,
1057 1997 1157 2021 exclusa
1178 1997 1320 2028 qualicum-

367 2053 418 2077 que
436 2046 514 2070 altera
534 2045 654 2075 materia,
675 2046 773 2069 constat
801 2043 950 2074 magisterio
970 2042 1098 2066 Ecclesiae
1118 2040 1226 2072 (Concil.
1247 2040 1319 2065 Trid.

367 2090 434 2115 Sess.
454 2090 505 2114 Vll.
525 2096 581 2114 can.
601 2089 645 2120 2.),
670 2087 798 2120 (1111(1(1111(1
819 2087 953 2112 docuerint
979 2089 1117 2111 novatores
1136 2085 1231 2110 saeculi
1252 2085 1319 2109 XVI.

368 2140 513 2165 eorumque
537 2139 670 2165 sequaces.
701 2132 820 2156 Similiter
850 2133 932 2162 patet,
962 2130 1033 2162 quod
1062 2130 1168 2154 materia
1192 2128 1320 2162 promima

368 2178 489 2203 consistat
508 2178 533 2201 in
552 2177 724 2208 applicatione
744 2182 828 2207 aquae
858 2175 891 2199 ad
916 2174 1102 2205 baptizandum
1127 2175 1181 2198 sive
1202 2174 1226 2198 in
1247 2172 1320 2199 ablu-

369 2221 452 2252 tione,
475 2227 642 2252 quocumque
661 2220 740 2244 modo
762 2219 811 2244 siat.
832 2218 897 2244 Cum
918 2221 1003 2243 autem
1024 2217 1124 2243 ablutio
1138 2218 1244 2249 intelligi
1264 2225 1321 2249 pos-

370 2267 400 2290 sit
428 2272 505 2290 scnsu
534 2268 558 2289 et
585 2264 670 2290 actico
699 2268 723 2289 et
750 2263 871 2296 passivo,
903 2264 986 2287 «lotio
1010 2262 1120 2295 passira
1146 2262 1321 2287 immediatins

370 2310 473 2340 respicit
492 2308 652 2340 baptismum
672 2311 696 2332 et
725 2308 914 2339 praesupponit
942 2307 1072 2338 duplicem
1101 2307 1221 2331 lotionem
1248 2313 1319 2337 prae-

371 2353 487 2378 dictam»
511 2356 557 2377 etc.
585 2352 628 2381 (ita
658 2353 698 2376 hie
718 2351 780 2376 dub.
802 2351 844 2383 2.).
875 2351 951 2376 Recte
980 2351 1059 2382 igitur
1079 2357 1138 2375 cuni
1159 2350 1288 2375 Richardo
1307 2357 1321 2374 a

370 2397 435 2422 Med.
455 2397 563 2428 aliisque
592 2396 641 2421 diei
669 2399 766 2427 potest,
795 2396 929 2419 materiam
952 2394 1109 2427 proximam.
1138 2395 1277 2419 consistere
1297 2394 1322 2418 in

370 2441 500 2466 ablutione
520 2444 571 2466 tam
599 2439 686 2466 activa
715 2447 794 2471 qnam
822 2438 944 2471 passiva,
974 2439 1030 2463 licet
1060 2445 1109 2463 non
1130 2438 1322 2463 eodemmodo

370 2488 532 2509 concurrant.
552 2483 598 2507 Alii
619 2483 725 2515 quidem
746 2482 827 2507 solam
846 2481 982 2514 passivam
1011 2482 1132 2506 lotionem
1158 2481 1248 2505 volunt
1267 2488 1323 2505 esse

370 2528 503 2553 materiam
525 2528 683 2558 proximam,
703 2526 749 2551 sed
769 2527 810 2551 vix
831 2527 878 2551 nisi
898 2525 985 2550 verbis
1006 2525 1038 2550 ab
1059 2525 1097 2549 illa
1112 2526 1235 2550 sententia
1257 2532 1323 2549 reee-

370 2571 431 2596 dere
450 2571 579 2596 videntnr.
600 2585 633 2588 —
652 2571 733 2595 Etiam
760 2570 854 2601 duplex
878 2570 973 2595 modus
998 2570 1039 2593 1110
1058 2568 1193 2601 loquendi,
1215 2568 1255 2593 hic
1274 2568 1323 2593 llu-

371 2616 431 2646 goni
459 2618 483 2639 et
512 2615 631 2645 Magistro
661 2614 785 2644 tributus,
812 2613 925 2638 adhibita
951 2613 1112 2638 distinctione
1141 2613 1263 2637 materiae
1285 2618 1324 2637 'rc-

370 2661 456 2684 ‘motae
475 2663 499 2684 et
517 2658 659 2691 proximae
679 2659 739 2683 satis
759 2658 881 2688 componi
901 2661 991 2688 potest.
1013 2671 1046 2674 ——
1066 2657 1164 2682 Solutio
1190 2657 1223 2681 ad
1244 2657 1266 2681 4.
1287 2664 1323 2681 re-

371 2704 446 2734 spicit
465 2704 614 2734 opinionem
634 2703 752 2727 tiulielmi
773 2701 910 2726 antissiod.
931 2701 1014 2733 (Sum.
1036 2709 1061 2732 p.
1078 2701 1119 2725 lV.
1140 2704 1170 2726 tr.
1186 2701 1208 2725 3.
1229 2708 1251 2725 c.
1272 2700 1322 2732 2,),

372 2748 424 2779 qui,
445 2749 582 2778 postquam
603 2747 687 2771 retulit
716 2746 781 2770 duas
810 2747 957 2776 opiniones,
979 2752 1091 2777 quarum
1113 2745 1195 2776 prima
1216 2745 1323 2776 censuit,

371 2791 506 2815 essentium
528 2790 648 2821 baptismi
669 2791 808 2815 consistere
828 2791 851 2814 in
872 2796 944 2823 aqua
961 2788 1137 2820 utabhzente,
1154 2789 1232 2814 altera
1251 2795 1323 2819 vert),

373 2834 512 2858 consistere
532 2835 555 2857 111
576 2833 745 2865 charactere,
767 2840 827 2858 cnm
848 2834 879 2858 sit
898 2833 1002 2865 aliquod
1030 2839 1210 2865 permauens;
1231 2832 1324 2856 deinde

1383 1953 1501 1977 resolvit:
1529 1952 1602 1977 «Nec
1621 1952 1675 1977 sola
1694 1959 1762 1984 aqua
1782 1952 1889 1977 abluens
1909 1953 1950 1977 vel
1971 1951 2067 1977 ablutio
2096 1959 2179 1984 aquae
2199 1956 2237 1978 est
2256 1952 2329 1984 bapti

1384 2003 1469 2028 smus,
1486 2003 1533 2021 nec
1547 1997 1617 2021 solus
1637 1997 1776 2028 character,
1796 1997 1843 2021 sed
1862 1997 1903 2021 illa
1923 1996 1985 2028 duo,
2005 1998 2037 2021 ita
2058 1997 2131 2029 quod
2149 2000 2259 2029 utraque
2279 2001 2338 2023 sunt

1385 2048 1452 2065 unns
1473 2041 1619 2071 baptismus
1631 2050 1654 2065 ».
1674 2041 1703 2065 Et
1727 2041 1752 2065 in
1780 2041 1855 2065 solut.
1885 2041 1916 2065 ad
1943 2041 1962 2065 l.
1987 2041 2061 2072 dicit,
2091 2041 2162 2073 quod
2191 2041 2336 2072 baptismus

1385 2085 1517 2110 transitio
1538 2088 1664 2116 qnantum
1684 2092 1751 2116 aqua
1781 2084 1901 2115 abluens,
1932 2089 2017 2110 manet
2042 2085 2067 2109 in
2097 2087 2223 2117 quantum
2253 2086 2340 2110 chara-

1385 2131 1445 2153 cter.
1477 2141 1511 2146 —
1544 2128 1578 2152 De
1611 2131 1661 2153 tota
1693 2129 1827 2160 utriusque
1856 2129 1953 2153 articuli
1987 2128 2102 2153 doctrina
2135 2129 2179 2153 cfr.
2210 2129 2337 2161 Breviloq.

1387 2179 1411 2203 p.
1433 2172 1471 2196 Vl.
1492 2179 1513 2196 c.
1534 2172 1558 2195 7.

1457 2216 1492 2240 De
1513 2217 1559 2240 hac
1584 2216 1602 2240 l.
1623 2216 1788 2247 quaestione:
1808 2216 1877 2240 Alex.
1898 2216 1962 2247 Hah,
1981 2216 2005 2240 S.
2027 2223 2051 2246 p.
2071 2216 2111 2240 lv.
2133 2223 2157 2248 q.
2179 2217 2203 2240 8.
2223 2222 2257 2240 m.
2283 2216 2302 2240 l.
2316 2219 2340 2241 et

1386 2266 1420 2283 111.
1436 2260 1458 2284 3.
1479 2266 1501 2284 a.
1523 2260 1545 2284 2.
1559 2273 1594 2277 —
1608 2260 1688 2290 scot„
1703 2260 1727 2284 in
1742 2262 1852 2291 utroque
1873 2260 1973 2290 Scripto
1994 2260 2033 2284 hic
2054 2267 2078 2291 q.
2101 2260 2123 2283 1.
2144 2274 2178 2277 -
2197 2260 2222 2284 S.
2237 2260 2339 2290 Tuom„

1386 2304 1427 2328 hic
1446 2311 1471 2335 q.
1497 2304 1515 2327 1.
1537 2311 1558 2327 a.
1585 2304 1603 2328 1.
1625 2304 1784 2335 quaestione.
1810 2304 1829 2328 1.
1850 2304 1878 2335 2;
1899 2304 1923 2328 S.
1944 2303 1979 2328 lll.
2001 2311 2024 2335 q.
2046 2304 2087 2328 66.
2108 2311 2130 2327 a.
2153 2304 2174 2328 l.
2196 2317 2230 2321 ——-
2250 2303 2277 2328 Β.
2298 2304 2338 2328 Al-

1387 2348 1459 2379 bert„
1481 2347 1513 2372 de
1533 2349 1580 2372 hac
1599 2351 1624 2372 et
1644 2348 1658 2371 2
1679 2354 1750 2379 seqq.
1781 2355 1824 2379 qq.
1851 2349 1891 2372 liic
1917 2355 1938 2372 a.
1970 2348 1991 2372 l.
2020 2362 2053 2364 —
2074 2348 2137 2373 l‘etr.
2158 2355 2172 2372 a
2194 2348 2271 2379 Tar.,
2300 2349 2340 2373 1110

1387 2398 1411 2422 (1.
1437 2382 1455 2415 1.
1477 2398 1499 2415 a.
1525 2391 1543 2414 l.
1562 2404 1597 2408 —
1618 2390 1736 2415 llichard.
1756 2397 1770 2415 a
1790 2390 1863 2422 Med„
1884 2392 1925 2415 hic
1945 2398 1968 2415 a.
1993 2392 2011 2415 l.
2032 2398 2056 2423 q.
2082 2391 2103 2415 1.
2129 2392 2151 2415 2.
2171 2405 2207 2409 -
2236 2391 2340 2422 Dionys.

1387 2435 1480 2465 Curtia,
1502 2436 1542 2459 liic
1562 2442 1586 2466 q.
1609 2435 1631 2459 Ὶ1.
2473 2444 2475 2476 1

1459 2479 1483 2502 ll.
1504 2479 1529 2502 ln
1550 2478 1653 2503 duabus
1672 2486 1745 2510 seqq.
1765 2486 1808 2510 qq.
1830 2479 1897 2503 nulla
1918 2478 2053 2503 disticultas
2074 2479 2193 2503 occurrit.
2473 2481 2475 2509 1

1459 2522 1495 2546 De
1516 2523 1539 2546 ²3.
1559 2523 1722 2554 quaestione:
1742 2522 1811 2546 Alex.
1831 2522 1894 2553 Ilal,
1914 2522 1961 2546 loc.
1982 2523 2021 2547 cit.
2043 2528 2076 2546 111.
2098 2522 2121 2546 3.
2142 2529 2164 2546 a.
2186 2522 2209 2546 3.
2229 2522 2243 2554 ’ᾗ
2269 2522 2287 2546 1.
2307 2535 2342 2540 —
2472 2516 2475 2536 ⁴

1390 2567 1452 2590 retr.
1473 2573 1487 2590 a
1507 2566 1575 2595 Tana,
1597 2566 1638 2590 nic
1658 2573 1682 2597 q.
1707 2566 1725 2590 1.
1746 2573 1768 2590 a.
1790 2567 1812 2590 2.
1827 2579 1862 2583 —-
1876 2565 1994 2590 inclini-d.
2019 2573 2032 2590 a
2048 2566 2120 2597 Med„
2143 2566 2183 2590 liic
2197 2573 2218 2590 a.
2235 2566 2257 2590 2.
2273 2573 2297 2597 (1.
2324 2566 2342 2590 Ι.

1458 2610 1494 2634 De
1509 2610 1532 2634 3.
1547 2610 1697 2641 quaestione
1711 2609 1826 2634 similiter
1840 2610 1906 2640 agit:
1921 2610 1989 2634 Alex.
2004 2609 2126 2641 11017100.
2141 2610 2181 2634 cit.
2197 2616 2231 2633 ni.
2246 2609 2270 2634 7.
2282 2616 2303 2633 a.
2316 2610 2341 2634 2.

1388 2654 1402 2686 {3
1423 2656 1446 2679 2.
1467 2656 1534 2679 circa
1554 2654 1622 2679 med.
1643 2654 1688 2678 Alii
1710 2654 1786 2685 paulo
1807 2654 1878 2678 aliter
1898 2656 1922 2678 et
1940 2654 1999 2678 alibi
2019 2655 2085 2678 hanc
2103 2655 2281 2685 quaestionem
2297 2661 2341 2684 110-

1388 2702 1458 2730 nunt,
1479 2699 1664 2724 scillcetntrum
1684 2699 1708 2722 in
1729 2698 1885 2732 baptizando
1900 2697 1963 2722 tides
1977 2699 2130 2730 requiratur.
2147 2698 2179 2722 lta
2196 2698 2219 2722 S.
2235 2698 2337 2729 Thoni.⁷

1390 2743 1429 2767 tv.
1451 2744 1519 2767 Sent.
1534 2742 1559 2767 d.
1579 2743 1603 2767 6.
1624 2749 1648 2774 q.
1674 2743 1692 2766 l.
1713 2749 1734 2766 a.
1756 2742 1784 2773 33
1805 2742 1829 2766 S.
1851 2742 1886 2766 111.
1907 2749 1931 2773 q.
1953 2742 1993 2765 68.
2008 2748 2030 2766 a.
2052 2742 2075 2765 8.
2095 2755 2131 2759 —
2151 2741 2215 2766 Petr.
2236 2748 2250 2765 a
2271 2741 2339 2773 Tar„

1388 2787 1428 2811 lV.
1450 2789 1518 2812 Seni.
1539 2787 1562 2811 (1.
1584 2788 1607 2811 6.
1628 2794 1652 2818 q.
1673 2787 1696 2810 2.
1717 2794 1738 2810 n.
1760 2787 1782 2810 {³..
1803 2800 1838 2804 —
1856 2785 1976 2810 luchard.
1997 2792 2010 2809 a
2032 2785 2104 2816 Med„
2126 2785 2166 2810 lV.
2187 2786 2255 2810 Sent.
2271 2785 2294 2810 d.
2317 2784 2340 2810 4.

1388 2838 1410 2855 a.
1435 2832 1455 2855 1.
1476 2838 1500 2862 (1.
1527 2831 1545 2855 1.
1566 2844 1600 2848 -
1620 2830 1723 2861 Dionys.
1744 2829 1841 2861 Carth„
1862 2830 1902 2854 IV.
1923 2830 1991 2854 Sent.
2012 2829 2036 2854 d.
2058 2830 2081 2853 6.
2102 2836 2126 2861 q.
2148 2830 2170 2854 Ξ.

445 3046 451 3062 1
474 3047 542 3071 Alex.
562 3047 624 3076 nat,
646 3047 669 3070 s.
691 3054 715 3077 p.
736 3046 776 3070 tv.
797 3054 821 3078 q.
841 3047 864 3071 s.
887 3054 919 3071 m.
941 3047 962 3070 3..
984 3055 1006 3070 a.
1028 3047 1050 3070 2.
1065 3046 1080 3077 ς
1101 3046 1123 3069 3.
1138 3045 1171 3070 aa
1186 3046 1217 3069 2:
1239 3034 1339 3069 nicom!

374 3090 451 3120 dum,
472 3090 542 3122 quod
562 3097 628 3121 aqna
649 3093 686 3115 est
706 3091 913 3121 sacramentnm,
934 3097 983 3115 non
1005 3091 1029 3114 in
1050 3092 1175 3121 quantum
1195 3092 1233 3113 est
1258 3095 1323 3119 aqua

376 3135 472 3165 solum⁷
494 3136 597 3165 proprie
617 3135 761 3166 loquendo,
782 3135 828 3158 sed
848 3136 940 3165 potins,
962 3136 985 3158 in
1007 3137 1131 3166 qnantum
1152 3133 1185 3157 illi
1206 3133 1325 3157 convenit

376 3182 447 3202 aetus
476 3178 625 3209 ablutionis;
652 3186 698 3203 nec
724 3186 764 3203 res
789 3179 945 3203 Sacramenti
971 3181 1022 3209 est,
1049 3178 1154 3208 proprie
1180 3176 1323 3208 loquendo,

377 3222 471 3252 gratia,
493 3222 538 3246 sed
564 3222 645 3252 gratia
664 3222 793 3246 mundans
819 3223 873 3246 sive
898 3221 1062 3252 spiritualiter
1081 3220 1196 3245 abluens.
1219 3233 1254 3237 -
1275 3219 1325 3243 Ali-

377 3268 471 3296 quanto
486 3265 589 3289 interius
604 3272 650 3295 pro
663 3265 708 3290 srtl
721 3265 789 3289 illust
801 3272 899 3297 aquae,
916 3264 987 3298 quod
1000 3264 1056 3289 cod.
1071 3263 1132 3289 ised
1145 3270 1231 3296 aqua,
1248 3269 1324 3295 qaae.

447 3307 457 3323 2
478 3308 575 3339 Supple
596 3315 654 3332 enin
675 3309 749 3332 codd.
771 3309 790 3332 11
803 3309 851 3339 l‘Q
871 3308 1024 3341 baptismus.

448 3351 458 3367 3
477 3352 535 3376 Loc.
556 3353 596 3376 eit.
613 3366 644 3368 —
658 3351 720 3377 Cod.
734 3352 752 3376 Z
765 3352 918 3377 Secundtun
938 3352 1009 3385 quod
1032 3351 1151 3377 sumitur
1163 3357 1212 3384 pro
1227 3350 1325 3376 Sacra-

378 3396 474 3426 menta,
490 3395 516 3420 al
529 3396 565 3420 est
582 3402 633 3427 pro
653 3394 787 3426 elemento,
803 3395 840 3421 sit·
859 3395 983 3428 definitur
1003 3395 1148 3428 baptismus
1162 3393 1194 3419 ab
1208 3394 1326 3427 Huyotte.

1462 3043 1471 3059 ⁴¹
1491 3043 1559 3067 LilJr.
1581 3044 1620 3067 lV.
1641 3043 1673 3067 de
1693 3043 1753 3067 Fide
1773 3043 1873 3067 orthod.
1895 3049 1915 3067 c.
1937 3043 1959 3067 o.
1979 3056 2014 3060 —
2035 3043 2081 3067 l‘ro
2101 3042 2172 3075 qaod
2190 3043 2227 3068 est
2247 3041 2340 3068 charri·

1390 3089 1444 3113 εἷεν
1464 3088 1523 3112 0(1(1.
1544 3094 1612 3120 quae
1631 3087 1737 3120 [plures
1757 3087 1833 3112 codd.
1853 3086 1915 3120 qui]
1930 3088 1967 3112 es!
1980 3086 2128 3113 character.
2143 3086 2178 3110 De
2195 3087 2341 3111 charactere

1390 3133 1475 3163 agitur
1496 3132 1559 3156 iun-a
1580 3131 1604 3156 d.
1626 3132 1650 3155 6.
1671 3138 1695 3162 p.
1716 3131 1732 3155 l.
1753 3138 1777 3163 q.
1800 3132 1821 3155 11.
1842 3138 1913 3163 seqq.
1937 3131 2072 3162 Aliquanto
2091 3131 2196 3154 inferius
2211 3133 2268 3160 post
2286 3129 2341 3155 ideo

1390 3175 1466 3199 codd.
1481 3175 1500 3199 G
1511 3175 1516 3198 1
1526 3175 1543 3199 Ζ
1557 3175 1678 3206 supplent
1692 3174 1797 3200 dicitur.
1812 3174 1927 3199 Subinde
1940 3180 1986 3205 pro
1998 3173 2146 3206 specistliter
2156 3173 2232 3198 codd.
2244 3173 2263 3197 G
2275 3174 2296 3197 11
2309 3174 2341 3197 W

1389 3218 1571 3251 spiritualiter.

1460 3262 1471 3277 5
1491 3262 1525 3286 De
1546 3262 1638 3287 Eccles.
1660 3263 1788 3287 Ilien-areli.
1809 3269 1830 3286 c.
1851 3263 1873 3286 ⁶2.
1895 3269 1920 3293 p.
1943 3262 1964 3285 l.

1460 3305 1471 3321 6
1491 3304 1553 3330 Cod.
1573 3306 1590 3329 7.
1611 3306 1693 3330 addit:
1707 3307 1731 3331 el
1744 3305 1793 3331 hoc
1806 3305 1946 3338 dupliciter
1953 3315 1963 3336 ;
1978 3304 2098 3338 {sumitur
2111 3303 2181 3329 enim
2194 3305 2223 3329 ut
2236 3305 2273 3329 est
2285 3310 2342 3336 per-

1389 3348 1465 3381 fectio
1484 3348 1648 3374 substantiae
1666 3349 1787 3381 attimar,
1810 3349 1871 3382 qaia
1892 3351 1937 3374 est.
1959 3349 2027 3374 ldem
2049 3348 2105 3373 cod.
2126 3348 2143 3372 Z
2163 3348 2268 3373 interius
2283 3351 2341 3379 post

1391 3392 1512 3425 lstitqitar
1531 3391 1609 3418 etiam
1629 3392 1762 3424 subiungit
1782 3394 1817 3418 at.
