2483 3882
716 269 811 301 DlST.
835 269 962 302 xxxvl.
986 269 1067 301 ART.
1093 269 1124 301 ΙΙ.
1151 270 1304 311 QUAEST.
1329 270 1372 301 lll.

64 362 129 397 tur,
153 356 212 389 nisi
236 356 379 398 placeant
410 365 524 398 sponso
555 359 586 389 et
618 365 758 398 sponsae.
785 356 844 389 Sed
868 366 929 389 nou
961 357 1014 389 ha-

65 411 136 443 bent
173 417 267 441 usum
308 408 437 441 rationis
476 409 534 441 nisi
576 409 606 440 in
645 408 853 441 determinata
891 412 1012 442 aetate:

63 472 136 504 ergo
159 465 215 494 etc.

149 515 178 546 2.
202 514 293 552 Item,
316 513 387 545 iura
411 513 559 546 canonica
583 513 708 552 dicunt,
733 514 814 546 sicut
844 516 929 555 patet
958 514 1014 546 Ex-

63 571 125 605 tra,
142 566 180 599 de
204 566 448 608 Desponsatione
466 565 668 607 impuberum
685 565 705 604 ¹,
722 574 779 607 per
796 568 911 603 totum,
928 567 1012 608 quod

64 620 117 663 qui
140 619 329 652 contrahunt
357 618 515 660 sponsalia
545 621 616 650 ante
641 618 839 660 septennium
872 619 950 651 nihil
973 618 1014 651 fa-

63 672 163 705 ciunt:
188 680 263 712 ergo
286 673 342 703 etc.

149 724 292 757 CONTRA:
321 725 349 755 1.
381 723 412 755 ln
446 724 646 756 sacramento
674 723 822 765 baptismi
854 724 1012 765 obligatur

0 788 49 817 posi·
62 777 214 821 parvulus
245 786 302 819 per
333 776 430 809 alium
456 777 496 809 ad
527 776 775 809 renuntiandum
807 777 959 810 saeculo²
982 781 1013 810 et

0 823 10 838 ¹'
61 831 100 863 ad
124 830 373 863 contrahendum
391 829 628 861 matrimonium
653 837 724 862 cum
751 829 830 862 Deo:
852 838 928 871 ergo
945 830 1011 872 pari

14 895 18 899 ’
61 883 180 916 ratione
203 885 335 924 possunt
358 881 483 924 parvuli
516 890 573 924 per
601 881 679 914 alios
710 882 750 914 ad
777 882 1011 914 matrimonium

61 936 201 978 obligari.

148 990 177 1020 Ξ).
202 989 288 1027 Item,
305 988 359 1020 ubi
377 987 482 1020 deficit
498 988 577 1021 fides
599 987 737 1030 propria,
754 987 912 1020 succurrit
933 987 1013 1020 fides

59 1041 264 1084 parentum³:
290 1049 365 1082 ergo
392 1040 461 1082 pari
494 1041 628 1080 ratione,
652 1040 707 1072 ubi
732 1040 836 1073 deficit
865 1040 1012 1073 discretio

60 1093 282 1136 parvulorum,
307 1093 433 1135 supplet
457 1093 603 1126 discretio
628 1096 814 1135 parentum,
831 1097 861 1125 et
886 1093 929 1125 sic
953 1096 1011 1125 etc.

148 1147 238 1185 ltem,
255 1146 434 1188 quaeritur:
453 1146 570 1188 quare⁴
587 1150 712 1188 tempus
728 1146 881 1188 septennii
898 1149 946 1179 est
962 1146 1012 1179 de-

0 1209 49 1231 ›in-
61 1199 263 1233 terminatum
288 1199 326 1232 ad
353 1199 510 1241 sponsalia
534 1199 777 1232 contrahenda?
809 1199 844 1231 Et
875 1199 1012 1238 videtur,

0 1252 2 1257 ’
61 1252 145 1294 quod
169 1261 230 1284 non
255 1252 294 1284 sit
317 1252 522 1285 conveniens:
548 1252 621 1294 quia
647 1252 731 1294 quod
756 1254 828 1284 ante
852 1261 913 1284 non
944 1260 1013 1293 pos-

60 1307 133 1338 sunt
156 1304 316 1343 contrahi,
340 1307 395 1337 aut
420 1305 478 1336 hoc
494 1308 541 1337 est
564 1308 693 1346 propter
711 1304 868 1337 defectum
894 1304 1013 1336 discre-

61 1357 175 1396 tionis,
200 1361 255 1390 aut
290 1357 473 1390 locationis.
503 1358 533 1389 Si
569 1357 801 1395 discretionis;
833 1357 888 1389 sed
917 1357 1010 1389 etiam

58 1414 132 1443 tunc
156 1411 303 1443 discretio
327 1410 440 1443 deficit.
463 1410 493 1443 Si
518 1410 691 1443 locutionis
700 1422 711 1448 ‚·
735 1410 790 1443 sed
814 1413 885 1442 ante
910 1410 1012 1443 sciunt

58 1463 181 1506 parvuli
208 1463 310 1506 loqui:
335 1473 411 1505 ergo
435 1467 491 1496 etc.

413 1560 654 1584 CONCLUSIO.

103 1639 280 1681 Sponscilict
304 1640 341 1672 cle
365 1639 439 1671 iure
463 1649 529 1671 non
549 1644 690 1681 possunt
713 1639 868 1672 contrahi
890 1644 966 1672 ctntc

368 1693 543 1735 septimum
563 1702 700 1725 annum.

147 1781 346 1814 RnspoNnno:
371 1781 561 1820 Dicendum,
590 1781 675 1823 quod
699 1781 856 1823 sponsalia
880 1781 919 1813 de
944 1781 1012 1813 iure

0 1841 45 1863 isio.
61 1842 121 1866 non
145 1838 277 1875 possunt
300 1834 442 1866 contrahi
467 1837 538 1866 ante
563 1834 733 1876 septimum
765 1842 900 1873 annum3
925 1838 955 1866 et
986 1834 1011 1866 si

61 1887 287 1927 contrahantur
310 1887 350 1919 de
378 1887 475 1926 facto,
501 1887 579 1920 nihil
602 1887 654 1926 fit;
679 1887 875 1928 permittitur
907 1890 1012 1919 tamen

60 1940 163 1982 ipsum
196 1939 279 1972 niltil
302 1940 337 1972 in
360 1950 397 1972 re
411 1939 434 1978 ⁵,
460 1940 545 1982 quod
569 1942 616 1972 est
639 1939 769 1983 aliquid
793 1940 828 1972 in
851 1949 918 1982 spe,
943 1949 1012 1981 pro-

59 1996 128 2035 pter
152 1993 269 2025 bonum
294 1993 389 2035 pacis.

1965 274 2029 305 797

1167 358 1252 389 Ratio
1278 358 1427 400 temporis
1451 358 1528 391 haec
1552 362 1615 397 est,
1648 359 1738 401 quia,
1763 359 1844 392 sicut
1875 369 1936 392 non
1961 369 2112 402 pos-nano.

1078 413 1151 442 sunt
1181 410 1277 452 aliqui
1315 410 1549 443 matrimonium
1587 412 1772 445 contrahere
1808 413 1866 445 nisi
1902 413 2031 455 proprio

1078 471 1233 495 consensu
1264 466 1294 495 et
1317 464 1445 505 proprio
1477 465 1565 506 signo
1589 465 1787 507 exprimente
1819 475 2030 504 consensum;

1078 515 1122 547 sic
1146 524 1207 547 non
1232 519 1363 557 possunt
1385 516 1426 549 ad
1451 517 1687 550 matrimonium
1712 518 1859 560 obligari,
1884 518 1942 551 nisi
1967 518 2031 560 pla-

1078 571 1146 600 ceat
1169 571 1199 600 et
1223 568 1479 610 complacentiam
1505 569 1602 602 verbo
1627 570 1676 602 vel
1708 570 1796 612 signo
1828 571 2030 612 exprimant;

1078 623 1109 653 et
1129 621 1203 662 quia
1219 621 1229 637 ⁶
1252 624 1288 653 ut
1311 622 1492 663 frequenter
1516 622 1556 655 ab
1580 622 1633 654 illo
1655 626 1795 665 tempore
1812 623 1965 665 incipmnt
1988 624 2031 656 in-

1078 672 1218 714 telligere
1242 682 1323 715 quae
1348 674 1473 714 dicunt,
1498 678 1528 707 et
1552 675 1637 716 loqui
1662 675 1838 708 secundum
1864 676 2028 718 proprium

1077 725 1241 758 affectum:
1268 726 1337 758 ideo
1361 735 1401 759 ex
1426 730 1500 760 tunc
1524 727 1677 769 incipiunt
1700 729 1815 761 valere.

1169 781 1197 811 1.
1222 780 1266 811 Ex
1285 779 1334 812 his
1350 783 1457 821 patent
1473 780 1609 820 obiecta,
1627 781 1701 823 quia
1718 791 1776 814 non
1800 785 1847 815 est
1868 782 1969 815 simile
1993 782 2032 815 de
2060 793 2140 823 soiuuo
2155 798 2192 820 ορ-

1077 830 1265 872 obligatione
1290 832 1479 864 matrimonii
1503 836 1533 864 et
1550 834 1749 866 Sacramento
1774 834 1936 876 baptismi,
1957 834 2031 876 quia
2046 821 2170 846 mmmm

1078 882 1131 914 illa
1147 886 1193 915 est
1210 885 1387 916 necessaria
1408 885 1447 917 ad
1466 885 1616 924 salutem3
1640 886 1708 918 ideo
1727 887 1837 919 merito
1859 896 1915 929 per
1932 887 2029 920 alium

1077 936 1266 968 subvenitur
1290 940 1427 978 aegroto.

1166 989 1251 1021 Patet
1275 990 1368 1021 etiam
1394 990 1473 1022 ratio
1499 991 1665 1033 temporis,
1683 993 1774 1034 quia,
1799 994 1944 1035 quamvis
1968 1003 2029 1026 non
2044 1004 2078 1034 aa
2094 1005 2176 1034 quaest.

1078 1040 1117 1073 sit
1140 1041 1233 1083 plena
1258 1042 1405 1075 discretio
1429 1043 1469 1075 ad
1494 1043 1737 1076 discernendum
1763 1045 1880 1078 honum
1905 1056 1923 1078 a
1947 1046 2030 1078 malo
2057 1030 2123 1051 ’Μ

1077 1094 1107 1125 in
1133 1094 1195 1133 eis;
1220 1098 1324 1127 tamen
1349 1099 1395 1128 est
1420 1095 1567 1128 discretio
1602 1097 1640 1129 ad
1674 1097 1912 1139 intelligendum
1944 1099 2030 1141 quod

1077 1146 1203 1186 dicitur,
1220 1151 1250 1179 et
1267 1148 1533 1190 respondendum,
1551 1150 1634 1191 quod
1654 1150 1762 1190 libeat,
1781 1151 1828 1184 vel
1847 1161 1907 1183 nou
1926 1152 2030 1185 libeat.

1166 1201 1196 1232 02.
1222 1200 1263 1233 Ad
1288 1201 1367 1233 illud
1393 1210 1468 1243 ergo
1492 1202 1576 1244 quod
1596 1202 1743 1235 obiicitur
1767 1204 1806 1235 de
1830 1204 2031 1237 Sacramento

1077 1252 1242 1294 baptismi,
1268 1256 1351 1294 patet
1376 1254 1555 1295 responsio,
1580 1255 1664 1296 quod
1690 1265 1751 1287 non
1776 1260 1822 1288 est
1846 1257 1961 1295 simile,
1995 1257 2031 1289 si-

1077 1309 1130 1338 cut
1154 1314 1246 1347 saepe
1271 1306 1388 1338 dictum
1415 1311 1462 1339 est
1472 1308 1493 1346 ⁷,
1519 1311 1647 1349 propter
1672 1308 1730 1341 hoc
1747 1309 1831 1350 quod
1856 1313 1903 1342 est
1923 1313 2032 1342 contra

1077 1358 1245 1400 originale,
1270 1359 1355 1401 quod
1388 1369 1449 1392 nou
1481 1363 1527 1393 est
1555 1369 1612 1402 per
1645 1361 1838 1394 voluntatem
1873 1366 2032 1404 perpetra-

1077 1415 1162 1450 tum,
1187 1416 1218 1444 et
1242 1412 1397 1450 ulterius,
1422 1413 1453 1444 in
1478 1413 1633 1455 baptismo
1657 1423 1717 1446 non
1735 1414 1893 1456 obligatur
1918 1424 2032 1457 parvu-

1077 1464 1127 1496 lus
1151 1464 1210 1497 nisi
1235 1465 1274 1497 acl
1299 1473 1352 1504 ea,
1381 1465 1421 1498 ad
1454 1475 1534 1507 quae
1560 1470 1684 1499 tenetur
1708 1467 1747 1500 de
1779 1467 1848 1500 iure
1872 1468 2031 1500 naturali:

1076 1517 1161 1550 uude
1186 1526 1247 1549 non
1272 1521 1319 1550 est
1343 1518 1385 1550 ibi
1410 1521 1518 1550 votum
1551 1519 1611 1551 nisi
1635 1519 1727 1551 valde
1752 1520 1847 1562 large.
1879 1521 1913 1552 Et
1943 1521 1975 1552 si
1998 1525 2033 1552 tit

1077 1569 1235 1608 obiicicw,
1260 1570 1345 1612 quod
1370 1571 1525 1612 parvulus
1542 1575 1643 1613 polest
1666 1572 1816 1614 obligari,
1834 1573 1888 1605 uhi
1913 1577 1960 1606 est
1982 1573 2033 1605 bo-

1077 1631 1153 1654 num
1179 1631 1295 1660 suum;
1319 1623 1504 1662 dicendum,
1533 1624 1615 1666 quod
1649 1633 1759 1657 verum
1787 1628 1834 1657 est
1858 1626 1888 1657 in
1911 1635 2033 1667 posses-

1076 1675 1245 1713 sionibus;
1269 1676 1324 1708 sed
1349 1676 1379 1707 in
1404 1676 1638 1715 matrimonio,
1664 1677 1717 1709 ubi
1743 1681 1789 1710 est
1814 1679 1950 1711 servitus
1968 1688 2033 1712 cor-

1076 1728 1183 1770 poris,
1207 1732 1238 1761 et
1262 1729 1355 1761 debet
1379 1738 1447 1762 esse
1471 1734 1604 1762 mutuus
1627 1739 1731 1770 amor,
1764 1731 1904 1764 decrevit
1927 1732 2031 1772 Deus,

1076 1786 1112 1813 ut
1136 1781 1245 1814 nullus
1276 1782 1374 1824 possit
1402 1791 1459 1815 nec
1491 1782 1604 1815 debeat
1626 1783 1686 1816 nisi
1718 1784 1845 1825 propria
1870 1785 2032 1818 voluntate

1076 1834 1218 1876 obligari.
1243 1853 1286 1858 —
1312 1835 1363 1867 Est
1390 1835 1473 1867 enim
1503 1835 1545 1867 ibi
1577 1835 1737 1877 quoddam
1771 1837 1934 1876 mirabile,
1958 1838 2032 1880 quia
2047 1846 2170 1867 Observatio

1076 1887 1171 1919 homo
1188 1887 1198 1904 S
1221 1887 1340 1920 invenit
1363 1888 1395 1919 in
1419 1888 1553 1921 muliere
1584 1888 1723 1931 aliquam
1755 1890 2032 1932 complacentiam,
2060 1872 2159 1894 'wuda‘

1077 1949 1171 1982 quam
1200 1950 1364 1983 nunquam
1394 1944 1498 1982 posset
1531 1941 1560 1974 in
1586 1942 1648 1974 alia
1681 1942 1839 1982 invenire,
1864 1946 1899 1975 ut
1924 1944 2033 1976 dicunt

1076 1993 1211 2035 experti.

917 2113 1101 2154 QUAESTlO
1125 2113 1170 2145 Ill.

232 2212 349 2244 Utrum
373 2211 546 2254 sponsalia
570 2215 742 2244 contracta
763 2215 838 2253 post
859 2212 1062 2253 septennium
1084 2212 1215 2254 possint
1236 2213 1373 2245 dissolui
1392 2222 1452 2254 per
1476 2217 1631 2245 ninnium
1655 2223 1858 2246 consen-sum.

145 2323 249 2356 Tertio
266 2323 442 2365 quaeritur,
458 2324 569 2355 utrum
592 2323 750 2365 sponsalia
767 2326 926 2355 contracta
943 2326 1013 2365 post

61 2377 256 2419 septennium
274 2376 393 2418 possint
414 2376 543 2409 dissolvi
561 2385 617 2418 per
643 2380 791 2409 mutuum
814 2385 1012 2409 consensum.

62 2430 94 2461 Et
117 2430 201 2471 quod
225 2439 305 2469 non,
330 2429 472 2462 videtur:

150 2484 176 2514 1.
202 2482 298 2524 Quia,
323 2482 404 2515 sicut
428 2492 460 2515 se
480 2482 576 2515 habet
598 2486 684 2515 aetas
702 2482 859 2523 puberum
883 2482 923 2514 ad
944 2491 1014 2514 con-

0 2543 49 2570 pusi·
62 2535 251 2568 trahendum
284 2535 539 2574 matrimonium,
564 2535 606 2567 ita
634 2538 720 2567 aetas
745 2534 946 2576 impuberum
972 2534 1012 2567 ad

8 2585 12 2591 '
63 2588 274 2620 contrahenda
290 2587 462 2629 sponsalia3
479 2587 535 2620 sed
551 2587 688 2629 puberes
713 2587 934 2619 contrahentes
951 2596 1013 2619 ma-

62 2639 243 2672 trimonium
268 2649 328 2672 nou
353 2643 486 2681 possunt
509 2639 647 2672 solvere:
674 2648 749 2681 ergo
773 2642 830 2671 etc.

148 2693 177 2724 2.
202 2692 295 2731 Item,
319 2692 399 2724 sicut
423 2692 575 2724 Dominus
600 2691 749 2730 instituit,
775 2691 1012 2724 matrimonium

63 2754 123 2777 non
146 2745 243 2785 solvi,
268 2746 309 2778 ita
333 2745 494 2787 praecepit
523 2754 584 2777 non
609 2745 775 2787 periurare
803 2748 834 2777 et
857 2744 919 2777 fide
950 2754 1012 2777 non

64 2797 226 2830 mentiri0:
252 2806 327 2840 ergo
351 2798 376 2830 si
401 2801 559 2830 contracta
581 2801 654 2830 sunt
678 2797 835 2840 sponsalia
851 2806 908 2839 per
932 2797 1015 2829 iura·

1079 2326 1220 2356 mentum
1245 2324 1484 2365 interpositum,
1509 2324 1645 2363 videtur,
1673 2326 1757 2366 quod
1783 2325 1959 2357 necessario
1992 2329 2033 2358 te-

1075 2368 1213 2408 neantur
1237 2385 1467 2409 consummare.

1169 2428 1198 2460 3.
1223 2429 1312 2468 ltem,
1330 2429 1369 2461 de
1386 2429 1590 2471 Sponsalihus
1610 2433 1640 2462 et
1662 2430 1861 2462 matrimonio
1875 2431 1895 2447 ¹⁰
1917 2430 2032 2463 dicitur

1079 2480 1108 2511 in
1135 2480 1283 2513 decretali
1309 2481 1461 2520 secunda,
1491 2482 1574 2523 quod
1606 2482 1696 2514 «hoc
1728 2486 1830 2524 potest
1856 2483 1980 2515 tolerari
1998 2494 2031 2514 »z

1079 2533 1104 2565 si
1129 2542 1203 2574 ergo
1228 2534 1394 2575 permissio
1418 2543 1479 2566 non
1504 2538 1551 2567 est
1575 2535 1664 2573 boni,
1688 2536 1743 2567 sed
1776 2535 1868 2574 malig
1896 2536 2032 2574 videtur,

1078 2586 1162 2627 quod
1187 2586 1245 2618 hoc.
1270 2587 1309 2619 sit
1335 2586 1462 2618 malum.

1166 2639 1196 2670 4.
1222 2638 1314 2677 ltem,
1339 2639 1369 2670 in
1394 2639 1504 2671 eodem
1530 2639 1559 2671 in
1586 2640 1675 2671 titulo
1696 2640 1862 2672 decretalis
1881 2640 2034 2673 Commis-

1076 2700 1152 2723 sum
1170 2691 1201 2729 ²¹,
1219 2692 1292 2733 quia
1309 2691 1425 2724 iuravit
1449 2692 1586 2733 aliquam
1613 2693 1729 2725 ducere
1746 2693 1777 2725 in
1794 2702 1947 2732 uxorem,
1965 2703 2034 2735 pro-

1077 2747 1147 2785 pter
1173 2744 1403 2784 iuramentum,
1428 2745 1452 2777 si
1478 2745 1546 2777 vult
1570 2745 1688 2778 intrare
1712 2745 1913 2787 religionem,
1942 2746 2032 2788 prius

1077 2797 1206 2830 deberet
1230 2798 1433 2837 contrahere,
1459 2798 1513 2830 sed
1538 2798 1562 2830 si
1589 2798 1696 2830 liceret
1712 2798 1803 2831 alicui
1823 2799 2032 2840 pertransire,

65 2965 180 2991 Generat.
199 2967 301 2992 animal.
322 2974 343 2992 c.
358 2968 382 2992 6.
395 2981 431 2985 -
450 2968 575 2999 Superius
594 2974 642 2999 pro
660 2966 819 2994 viscositatis
841 2968 896 2993 Vat.
913 2967 1014 2994 virtuo-

64 3008 155 3035 sitatis.

135 3053 142 3069 ¹
163 3054 232 3080 Libr.
252 3055 292 3080 lV.
312 3056 347 3081 tit.
368 3057 391 3081 2.
411 3055 461 3081 Csr.
482 3057 523 3081 hic
543 3056 576 3081 lit.
596 3056 725 3088 Magistri,
745 3063 765 3081 c.
787 3056 811 3081 4.

134 3098 144 3114 ἵ
163 3098 226 3124 cod.
244 3100 267 3124 K
288 3099 306 3131 (1
326 3107 338 3125 a
359 3100 473 3125 secunda
493 3100 582 3132 mauu)
596 3099 710 3131 mundo,
727 3100 804 3125 codd.
821 3100 839 3124 R
852 3100 877 3125 X
895 3099 1013 3132 diabolo,

67 3141 141 3166 codd.
161 3143 217 3167 Saa
236 3145 354 3170 satanae.

136 3185 147 3202 ³
164 3185 214 3211 Csr.
234 3194 311 3218 supra
332 3187 357 3212 d.
378 3187 401 3211 4.
422 3195 447 3219 p.
468 3188 493 3212 ll.
514 3194 538 3212 a.
561 3188 585 3212 2.
607 3195 632 3219 q.
654 3188 677 3212 2l.
696 3190 721 3212 et
740 3187 803 3212 duh.
825 3187 847 3211 4.

135 3228 146 3244 ⁴
165 3228 227 3254 Cod.
247 3230 268 3254 G
287 3230 358 3256 addit
376 3230 471 3264 maqz's.

136 3272 146 3289 ⁵
165 3273 281 3299 Nonnulli
306 3275 382 3300 codd.
407 3276 528 3300 omittunt
551 3274 639 3307 ipsum
670 3278 695 3300 et
720 3274 878 3300 substituunt
902 3274 933 3300 de
957 3274 1017 3301 inre

68 3322 115 3346 pro
134 3315 161 3342 in.
180 3324 217 3343 re.

136 3359 147 3376 ⁶
165 3361 198 3385 lta
218 3362 275 3387 cod.
294 3363 315 3387 G
334 3362 386 3394 (Ea
416 3362 528 3387 secunda
558 3362 663 3394 manu),
695 3362 751 3387 cod.
780 3363 802 3387 K
829 3362 847 3394 (1
862 3369 875 3387 a
904 3363 1017 3388 secunda

69 3404 157 3435 manu)
177 3404 238 3437 quia
258 3405 350 3439 igitur,
372 3407 396 3431 in
417 3407 471 3431 aliis
490 3409 514 3431 et
533 3405 592 3431 cdd.
613 3407 737 3431 omittitur
756 3407 787 3431 el.

1149 2967 1160 2983 ⁷
1179 2968 1239 2993 Dist.
1261 2968 1301 2992 29.
1322 2975 1347 3000 q.
1369 2968 1390 2992 l.
1416 2967 1448 2992 ad
1469 2968 1492 2992 ⁶2.
1513 2971 1537 2992 ct
1563 2967 1586 2991 d.
1607 2966 1648 2991 34.
1675 2974 1697 2991 a.
1719 2967 1741 2991 3.
1768 2975 1792 2999 q.
1818 2968 1837 2992 l.
1857 2967 1890 2993 ad
1911 2967 1935 2992 4.
1951 2981 1984 2985 —-
1998 2967 2034 2992 De

1079 3011 1192 3037 secunda
1213 3012 1310 3037 ratione
1329 3012 1375 3036 cfr.
1397 3018 1475 3042 supra
1496 3011 1520 3035 d.
1541 3012 1565 3036 6.
1586 3018 1610 3042 p.
1633 3011 1659 3035 ll.
1681 3018 1703 3035 a.
1724 3011 1747 3035 3.
1769 3018 1792 3042 q.
1815 3012 1837 3036 l.
1858 3012 1923 3036 circa
1944 3011 2031 3037 tinem.

1151 3055 1162 3072 8
1180 3055 1242 3081 Cod.
1263 3056 1284 3080 li
1306 3055 1354 3080 cfr.
1369 3069 1402 3072 —-
1415 3055 1481 3080 Vide
1501 3055 1614 3080 scholion
1635 3054 1667 3079 ad
1688 3055 1886 3086 praecedentem
1907 3058 2005 3087 quaest.

1151 3099 1161 3115 ⁰
1182 3100 1266 3124 lllatth.
1282 3099 1306 3130 5,
1323 3100 1364 3124 32.
1379 3106 1451 3131 seqq.
1465 3112 1500 3117 —-
1514 3099 1561 3123 Pro
1576 3097 1721 3131 periurare
1741 3099 1828 3130 plures
1842 3099 1917 3124 codd.
1932 3098 2033 3124 iurare.

1152 3142 1173 3159 Π)
1192 3143 1280 3173 Extra,
1302 3143 1344 3167 lib.
1366 3143 1406 3167 lV.
1427 3143 1461 3167 tit.
1483 3143 1505 3167 1l.
1526 3142 1552 3166 C.
1574 3143 1716 3168 Praeterea
1736 3142 1764 3168 Izi
1781 3142 1841 3175 (2.),
1862 3142 1906 3168 ubi
1926 3143 2033 3168 dicitur:

1080 3187 1197 3217 Videtur,
1217 3186 1321 3218 quod...
1343 3188 1392 3211 hoc
1411 3186 1515 3218 [solutio
1540 3187 1700 3218 sponsalium
1726 3194 1757 3211 cx
1782 3191 1873 3212 mutuo
1892 3186 2034 3221 consensu]

1081 3232 1162 3262 possit
1181 3231 1205 3254 in
1226 3231 1345 3261 patientia
1367 3230 1476 3255 tolerari.

1153 3274 1171 3290 ¹¹
1193 3274 1254 3305 Cap.
1275 3275 1316 3299 lss:
1333 3275 1424 3300 Tutius
1437 3278 1475 3300 est
1488 3276 1524 3306 ci,
1540 3275 1663 3307 religione
1682 3276 1818 3300 iuramenti
1833 3277 1947 3307 servata,
1962 3277 2035 3307 prius

1082 3320 1233 3344 contrahere
1258 3322 1282 3343 et
1309 3322 1410 3350 postea,
1431 3320 1451 3344 si
1471 3319 1590 3351 elegerit,
1613 3319 1646 3344 ad
1670 3320 1823 3351 religionem
1847 3321 1961 3352 migrare
1986 3322 2034 3346 etc.

1082 3377 1117 3381 —
1131 3364 1178 3387 l‘ro
1202 3362 1265 3396 quia
1290 3362 1389 3388 iurari!
1415 3363 1472 3388 cod.
1492 3364 1510 3388 E
1530 3363 1576 3396 qui
1599 3363 1713 3396 inravit,
1735 3365 1759 3389 in
1787 3364 1844 3389 cod.
1864 3364 1900 3390 bb
1921 3364 2034 3390 secunda

1084 3414 1176 3432 manus
1196 3406 1340 3432 substituit:
1355 3406 1417 3440 quia
1432 3407 1545 3439 iurarit,
1562 3407 1633 3441 quod
1651 3407 1772 3442 aliquam
1790 3408 1853 3435 velit
1871 3408 1967 3435 ducere
1986 3412 2034 3435 etc.
