2483 3882
428 191 493 223 484

1187 183 1471 216 SENTENTIARUM
1494 182 1561 214 LIB.
1587 182 1633 214 IV.

1170 376 1434 414 ARTICULUS
1468 375 1649 413 UNICUS.

1206 492 1252 524 De
1275 490 1620 523 excommunicatione.

1302 614 1485 657 QUAESTto
1509 615 1528 646 Ι.

962 728 1079 759 Utrum
1103 726 1225 770 aliquis
1245 725 1351 768 possit
1373 725 1422 757 vel
1446 725 1557 757 debeat
1579 723 1875 756 excommunicari.

520 857 608 889 Circa
640 855 780 896 primum
812 852 1006 891 ostenditur,
1030 851 1116 894 quod
1139 851 1254 893 aliquis
1285 850 1383 892 possit

432 908 699 942 excommunicari
714 919 720 938 ε

525 964 551 994 l.
576 961 679 994 Primo
704 960 901 992 auctoritate
924 958 1069 997 Domz'm‘,
1093 957 1239 990 Matthaei
1264 956 1385 989 decimo

276 1020 544 1049 Fundamenta-octavo
558 1015 586 1046 ¹:
612 1014 649 1047 St·
667 1013 855 1056 peccaverit
878 1013 913 1044 m
930 1016 957 1044 te
973 1010 1083 1053 frater
1109 1016 1185 1043 tuus
1209 1014 1266 1043 etc.
1283 1017 1386 1051 usque

435 1069 497 1101 ibi:
526 1067 651 1108 Quodsi
674 1066 855 1098 Ecclesiam
878 1075 944 1097 non
968 1064 1127 1102 audierit,
1152 1063 1197 1095 sit
1220 1061 1279 1094 tibi
1300 1062 1388 1093 sicut

437 1121 584 1155 ethnicus
608 1125 637 1153 et
656 1113 882 1162 publicanus}
906 1122 936 1151 et
959 1121 1049 1160 post:
1074 1118 1180 1149 Amen
1196 1115 1269 1148 dico
1285 1114 1387 1152 vobis,

436 1175 662 1218 quodcumque
686 1172 869 1214 ligaveritis
891 1180 992 1212 super
1017 1174 1143 1201 terram
1158 1172 1216 1201 etc.
1227 1180 1235 1207 ;
1253 1168 1307 1200 sed
1324 1167 1389 1199 eth-

435 1228 497 1261 nici
514 1230 548 1260 et
561 1226 717 1269 publicani
736 1228 828 1257 extra
845 1223 1161 1256 communicationem
1177 1224 1366 1264 reputantur
1380 1232 1387 1251 :

436 1290 511 1322 ergo
536 1283 566 1312 et
589 1279 660 1311 vtalis
684 1279 799 1316 frater,
824 1281 854 1309 et
878 1277 937 1309 hoc
961 1276 1136 1308 secundum
1162 1274 1315 1307 iudicium
1340 1274 1390 1306 Ec-

437 1333 565 1370 clesiae.
589 1335 624 1363 ut
648 1331 742 1363 dicit:
768 1339 842 1371 ergo
867 1333 924 1362 etc.

525 1386 553 1417 02.
580 1385 672 1423 item,
697 1384 756 1416 hoc
788 1383 941 1424 probatur
966 1381 1109 1423 exemplo
1133 1379 1292 1422 Apostoli,
1318 1378 1389 1420 qui,

436 1438 557 1480 primae
581 1437 621 1469 ad
645 1436 821 1468 Corinthios
848 1435 957 1476 quinto
969 1434 989 1473 ἶ
1018 1434 1241 1466 fornicatorem
1265 1431 1392 1464 manife-

437 1495 521 1523 stum
546 1489 676 1522 tradidit
700 1493 843 1525 satanae3
861 1491 891 1520 et
912 1488 1032 1529 primae
1049 1486 1089 1518 ad
1106 1486 1322 1518 Timotheum:
1341 1485 1391 1516 Ex

438 1544 556 1587 quibus
581 1547 626 1574 est
648 1542 857 1584 Hymenaeus
882 1545 910 1572 ec
934 1540 1143 1577 Alexander,
1168 1548 1248 1582 quos
1266 1537 1394 1570 tradidi

438 1602 602 1634 stamme,-
625 1600 655 1628 et
679 1596 719 1627 ad
744 1595 867 1626 Galatas
892 1594 1014 1635 primo:
1041 1592 1079 1625 Si
1101 1593 1175 1635 quis
1192 1591 1282 1623 vobis
1299 1600 1393 1622 eoem-

437 1649 633 1692 9elizctueril
666 1652 799 1689 praeter
828 1647 864 1678 ist
887 1646 974 1689 quod
997 1645 1188 1687 accepistis,
1214 1642 1393 1676 ctmttltemct

439 1703 505 1741 sim
529 1705 559 1734 et
588 1702 709 1743 primae
734 1701 772 1732 ud
803 1700 979 1732 Corinthios
1004 1699 1136 1731 ultimo:
1162 1698 1200 1730 St·
1223 1697 1296 1740 quis
1329 1706 1394 1728 nott

441 1760 534 1789 amat
558 1756 737 1787 Dominum
754 1755 863 1786 Iesum
883 1752 1066 1790 Christum,
1092 1750 1271 1784 (titcttltemct
1293 1750 1346 1782 sit.
1363 1750 1393 1781 Si

442 1818 516 1850 ergo
543 1807 673 1846 Paulus³
694 1807 846 1839 Ecclesiae
870 1806 1074 1843 ministrator,
1091 1804 1248 1836 subiectos
1271 1811 1394 1835 excom-

443 1861 632 1897 municavit.
658 1860 782 1892 videtur
808 1859 886 1890 illud
911 1867 980 1890 csse
1004 1857 1192 1890 conveniens
1216 1859 1246 1888 et
1264 1856 1394 1887 licitum.

531 1912 559 1945 3.
587 1913 680 1950 Item,
705 1912 764 1943 hoc
789 1912 892 1953 ipsum
918 1909 1145 1942 rationabiliter
1169 1908 1321 1949 probatur
1339 1916 1395 1948 per

443 1965 626 2007 eaeemplum
661 1965 696 1996 m
731 1963 924 1996 moralibus.
951 1963 1038 1994 Pater
1070 1961 1154 1993 enim
1185 1960 1319 1992 familias
1352 1967 1396 1991 se-

443 2019 585 2051 cundum
609 2022 728 2050 rectum
754 2017 896 2048 ordinem
922 2015 1023 2047 tilium
1048 2014 1277 2046 inobedientem
1304 2016 1396 2045 extra

443 2072 573 2104 domum
598 2071 637 2102 ad
662 2074 786 2111 tempus
809 2069 909 2107 eiicit,
936 2071 970 2100 ut
995 2067 1106 2099 saltem
1131 2067 1175 2098 sic
1197 2066 1394 2107 corrigatur:

443 2133 517 2166 ergo
541 2124 610 2165 pari
634 2123 752 2155 ratione
778 2123 831 2154 ille
855 2122 907 2163 qui
934 2124 1058 2162 praeest
1082 2121 1113 2151 in
1137 2120 1230 2152 domo
1255 2119 1320 2156 Dei.
1346 2128 1397 2160 po-

443 2181 503 2209 test·
527 2180 557 2208 et
581 2176 674 2208 debet
697 2175 891 2208 consimilem
917 2174 1029 2206 eiicere
1053 2177 1145 2205 extra
1169 2173 1317 2210 domum3
1342 2171 1396 2204 sed

443 2229 555 2262 eiicere
579 2233 671 2261 extra
695 2229 825 2260 domum
858 2231 905 2259 est
936 2227 1050 2259 eiicere
1073 2229 1165 2258 extra
1190 2225 1398 2258 communica-

442 2282 599 2320 tionem3‚
635 2285 664 2313 et
702 2282 759 2313 hoc
792 2290 854 2312 non
878 2284 925 2312 est
949 2280 1035 2312 aliud
1061 2287 1156 2321 quam
1181 2277 1399 2310 excommuni-

444 2344 534 2368 care:
561 2344 635 2376 ergo
659 2338 716 2367 etc.

532 2389 563 2420 A..
589 2388 678 2420 item.
704 2387 849 2419 videmus
882 2387 910 2417 iu
947 2390 1018 2417 (istc
1045 2385 1213 2422 medendi,
1239 2384 1323 2426 quod
1356 2393 1400 2416 se-

446 2441 585 2474 cundum
612 2444 732 2472 rectum
758 2440 910 2471 indicium
932 2439 1008 2470 artis
1026 2438 1204 2470 membrum
1223 2437 1399 2479 putridum,

446 2493 626 2526 ordinatum
641 2493 680 2525 ad
694 2493 830 2524 aliorum
849 2491 1066 2523 membrorum
1084 2491 1291 2529 infectionem,
1305 2500 1321 2521 a
1336 2499 1400 2522 cor-

447 2555 522 2587 pore
546 2549 593 2577 est
617 2545 847 2583 resecandumg
872 2544 926 2576 sed
952 2544 983 2575 in
1008 2542 1226 2584 spiritualibus
1250 2542 1400 2583 contingit

447 2598 590 2630 membra
613 2606 681 2630 esse
698 2597 826 2639 putrida
850 2606 906 2638 per
932 2600 1093 2637 peccatum
1118 2599 1148 2627 et
1171 2595 1233 2627 alia
1257 2595 1399 2627 membra

1448 848 1704 890 corrumpentia:
1730 856 1804 889 ergo
1833 848 1975 886 videtur,
2000 847 2085 889 quod
2111 847 2184 879 talia
2208 846 2313 879 recte⁴¹
2338 848 2398 880 sint

1449 901 1642 944 amputanda
1658 901 1835 934 secundum
1853 904 1975 933 rectum
1992 900 2153 942 regiminis
2169 900 2323 932 ordinem.
2341 900 2401 933 Sed

1450 955 1509 987 hoc
1533 954 1568 986 fit
1590 963 1648 996 per
1671 954 2049 986 excommunicationem:
2075 962 2150 994 ergo
2174 956 2232 985 etc.

1539 1007 1686 1039 comm:
1715 1008 1741 1038 ¹1.
1773 1019 1787 1036 «
1804 1006 2092 1038 Excommunicatio
2127 1010 2174 1038 est
2197 1006 2352 1047 separatio
2383 1012 2465 1038 aAdo

1451 1059 1694 1092 communione⁵
1709 1070 1741 1097 »ς
1776 1059 1831 1091 sed
1864 1058 2043 1091 communio
2067 1061 2114 1090 est
2138 1067 2193 1099 per
2218 1058 2401 1096 caritatem;

1452 1112 1506 1144 sed
1531 1115 1623 1144 extra
1647 1111 1809 1144 caritatem
1834 1120 1926 1143 nemo
1950 1114 2052 1151 potest
2075 1119 2132 1143 nec
2156 1110 2250 1142 debet
2265 1110 2402 1151 aliquem

1452 1165 1584 1198 eiicere:
1609 1174 1684 1206 ergo
1708 1173 1765 1197 nec
1796 1164 2081 1196 excommunicare.
2107 1163 2197 1204 Quod
2221 1172 2312 1195 nemo
2334 1172 2404 1204 pos-

1452 1218 1495 1250 sit
1529 1218 1655 1250 auferre
1690 1217 1870 1256 caritatem,
1906 1217 2049 1256 videtur,
2074 1217 2148 1258 quia
2172 1225 2263 1248 nemo
2292 1216 2404 1248 amittit

1453 1271 1615 1303 caritatem
1640 1271 1767 1303 invitus.
1786 1289 1825 1292 -
1844 1270 1937 1307 Item.
1962 1279 2055 1302 nemo
2079 1274 2142 1309 est,
2160 1270 2214 1311 qui
2230 1279 2291 1301 non
2310 1269 2348 1302 sit
2364 1278 2404 1301 ex

1454 1325 1583 1357 caritate
1607 1324 1804 1365 diligendus>
1829 1323 1982 1365 quamdiu
2006 1327 2053 1355 est
2077 1323 2107 1354 in
2133 1322 2202 1354 via:
2228 1331 2302 1364 ergo
2326 1325 2383 1354 etc.

1544 1378 1572 1408 2.
1598 1377 1691 1415 item,
1723 1375 2008 1408 excommunicatio
2037 1379 2084 1408 est
2107 1375 2262 1417 separatio
2287 1384 2304 1406 a
2328 1383 2406 1406 com-

1456 1429 1604 1462 munione
1629 1430 1922 1467 Sacramentorum3
1948 1428 2002 1461 sed
2026 1437 2044 1460 a
2068 1428 2276 1460 Sacramentis
2300 1427 2406 1460 nullus

1455 1486 1502 1515 est
1527 1482 1723 1523 separandus
1757 1490 1814 1514 nec
1850 1481 2083 1523 prohibendus:
2117 1490 2192 1522 ergo
2224 1480 2331 1512 nullus
2363 1483 2407 1513 est

1456 1535 1791 1568 excommunicandus.
1828 1535 1936 1566 Maior
1970 1538 2072 1576 patet,
2110 1534 2219 1565 mmor
2255 1533 2407 1574 probatur

1457 1589 1520 1621 sic:
1547 1589 1649 1620 omnis
1673 1587 1775 1620 fidelis
1799 1591 1854 1619 aut
1878 1591 1925 1619 est
1949 1587 2058 1619 iustus
2082 1590 2112 1619 et
2136 1595 2248 1625 sanus.
2273 1590 2408 1627 autpec-

1459 1647 1551 1674 color
1576 1646 1606 1674 et
1630 1641 1776 1673 infirmus
1789 1641 1808 1672 6.
1833 1641 1861 1672 Si
1888 1640 2015 1677 iustus,
2040 1649 2101 1672 non
2131 1643 2177 1672 est
2208 1639 2364 1672 arcendus
2392 1648 2408 1671 a

1458 1695 1666 1727 Sncramentis
1680 1708 1687 1733 ;
1713 1694 1736 1726 si
1761 1697 1912 1735 peccator
1930 1697 1960 1725 et
1977 1693 2122 1725 infirmus
2139 1697 2169 1724 et
2186 1692 2328 1733 indigens
2349 1700 2408 1724 me-

1458 1748 1569 1780 dicinis
1605 1747 1841 1788 spiritualibus,
1867 1746 1965 1787 magis
1994 1749 2041 1778 est
2076 1745 2283 1777 attrahendus
2315 1753 2408 1786 quam

1458 1801 1634 1833 arcendus:
1661 1809 1735 1841 ergo
1759 1803 1816 1831 etc.

1549 1854 1577 1885 3.
1603 1854 1696 1891 Item,
1721 1852 2006 1885 excommunicatio
2030 1856 2084 1884 aut
2108 1855 2155 1883 θεῖ
2178 1850 2332 1888 morbus,
2357 1853 2410 1882 aut

1459 1906 1634 1938 medicina.
1661 1906 1688 1937 Si
1715 1905 1872 1937 morbus:
1891 1914 1965 1946 ergo
1983 1904 2060 1936 nulli
2078 1908 2124 1936 est
2142 1903 2320 1944 infligenda,
2339 1903 2408 1944 quia

1459 1959 1599 1991 omnium
1626 1958 1712 1990 salus
1736 1961 1783 1989 est
1806 1957 2025 1989 desideranda.
2050 1957 2079 1988 Si
2105 1956 2269 1988 medicina
2284 1956 2314 1993 ⁷;
2339 1964 2411 1996 ergo

1460 2021 1532 2045 cnm
1557 2011 1712 2043 medicina
1729 2011 1768 2043 sit
1783 2010 1930 2042 omnibus
1946 2010 2083 2051 aptanda
2101 2013 2130 2041 et
2146 2019 2205 2041 non
2224 2009 2336 2050 prosit,
2354 2008 2412 2040 nisi

1460 2065 1487 2097 ei
1512 2065 1565 2107 qui
1591 2064 1658 2096 vult
1682 2065 1713 2095 in
1738 2073 1807 2096 eam
1844 2072 1900 2105 per
1936 2063 2071 2095 liberum
2096 2062 2264 2094 arbitrium
2289 2070 2412 2093 consen-

1463 2118 1539 2150 tire:
1565 2127 1640 2158 ergo
1664 2116 1776 2148 nullus
1801 2120 1847 2148 est
1871 2115 2196 2147 excommunicandus
2221 2114 2277 2146 nisi
2298 2114 2412 2152 volens,

1461 2175 1491 2203 et
1515 2170 1649 2214 (sitilibec
1671 2170 1764 2202 dehet
1788 2169 1886 2208 velle,
1913 2177 1945 2201 se
1968 2168 2255 2206 excommunicari3
2278 2175 2413 2208 qnorum

1462 2228 1634 2265 utrumque
1659 2223 1773 2254 salsum
1798 2226 1854 2254 est.

1552 2277 1583 2308 [1.
1607 2276 1701 2314 item,
1727 2276 1756 2307 in
1782 2275 2107 2307 excommunicatione
2127 2273 2264 2306 traditur
2289 2276 2412 2305 satanae

1463 2329 1529 2371 ipse
1553 2329 1864 2366 excommunicatus,
1897 2328 1977 2360 sicut
2001 2330 2085 2369 patet
2109 2327 2140 2358 in
2165 2325 2414 2358 excommunica-

1463 2383 1546 2415 tione
1580 2382 1678 2423 ipsius
1714 2381 1894 2422 Apostoli&
1918 2384 1972 2412 aut
1996 2389 2070 2421 ergo
2095 2383 2248 2421 quantum
2274 2379 2313 2410 ad
2346 2377 2414 2410 [κηὶ-

1463 2445 1573 2473 νηαοη,
1598 2438 1653 2466 aut
1678 2437 1831 2476 quantum
1856 2433 1895 2465 ad
1921 2442 2050 2474 eorpus.
2073 2433 2101 2464 Si
2120 2436 2273 2474 quantum
2292 2431 2331 2463 ad
2349 2439 2414 2462 cor-

1460 2498 1542 2530 pus,
1570 2498 1631 2520 uon
1660 2490 1761 2529 potest
1786 2506 1828 2509 —
1854 2486 1933 2519 illud
1963 2486 2108 2518 videmus
2142 2485 2181 2517 ad
2214 2485 2350 2516 litteram
2373 2502 2414 2506 ——

1464 2544 1617 2582 quantum
1642 2541 1679 2571 ad
1706 2539 1869 2576 (citimam,
1894 2547 1950 2571 nec
1984 2541 2084 2579 potest
2116 2546 2172 2569 nec
2205 2537 2316 2569 debet:
2343 2544 2414 2577 ergo

1464 2594 1550 2626 nullo
1575 2595 1668 2625 modo
1693 2593 1817 2624 videtur
1841 2591 1955 2633 aliquis
1978 2599 2046 2623 esse
2071 2588 2402 2622 excommunicandus.

520 2801 527 2816 ¹
549 2800 622 2825 Vers.
648 2801 731 2825 15-17,
753 2814 786 2817 —
806 2800 864 2831 ch.
889 2802 970 2824 textus
999 2804 1037 2824 cst
1065 2799 1127 2824 ibid.
1148 2806 1172 2823 r.
1194 2800 1238 2829 119,
1270 2799 1313 2824 ubi
1344 2800 1401 2824 Vtil-

450 2847 509 2876 gata
528 2851 710 2877 quaecumque
729 2843 903 2876 alligaveritis
922 2850 970 2874 pro
990 2842 1174 2876 quodcumque
1195 2842 1347 2875 lz'gsacert'te's.
1368 2857 1401 2860 —

450 2888 565 2913 Subinde
585 2895 633 2919 pro
647 2886 914 2913 comm[ostentionem
927 2887 984 2911 cod.
1000 2887 1019 2911 G
1034 2886 1255 2912 commmzz'onem.
1270 2886 1401 2917 Nouimus,

450 2932 522 2964 qnod
549 2933 574 2957 in
603 2939 675 2964 seqq.
706 2932 792 2962 plures
818 2931 893 2956 codd.
918 2931 1039 2956 exhibent
1067 2931 1145 2955 modo
1170 2930 1399 2961 communionem,

451 2976 529 3002 modo
549 2975 824 3002 communicacz'onem.

521 3021 531 3036 ἵ
552 3021 624 3046 Vcrs.
645 3021 668 3045 ’3.
689 3035 722 3038 -
743 3021 801 3052 Seq.
823 3021 894 3045 locus
908 3023 945 3045 est
960 3021 976 3045 l.
997 3020 1063 3044 Tim.
1083 3020 1102 3051 l,
1124 3020 1170 3050 203
1191 3020 1279 3044 tertius
1298 3019 1351 3044 Gal.
1377 3019 1400 3049 1,

452 3065 480 3095 9;
496 3069 603 3096 quartus
617 3065 632 3088 l.
648 3064 703 3089 Cor.
730 3065 769 3095 16,
792 3065 836 3095 22,
857 3065 882 3088 in
902 3071 954 3096 quo
974 3064 1084 3094 Vulgata
1099 3066 1156 3094 post
1169 3062 1313 3088 Dominum
1333 3062 1404 3087 addit

451 3109 582 3133 nostrum.

522 3150 533 3166 ³
554 3151 615 3176 Cod.
637 3152 652 3176 S
673 3151 887 3177 commmunnam
904 3151 1031 3185 fidelium.

523 3194 534 3210 ‘¹
553 3195 600 3219 Pro
620 3197 702 3227 recle,
734 3196 805 3228 quod
834 3196 911 3221 codd.
933 3196 973 3220 ik
994 3196 1127 3226 omittunt,
1159 3195 1215 3220 cod.
1235 3195 1256 3219 H
1275 3192 1403 3220 membra.

454 3238 490 3262 De
510 3239 558 3262 hoc
577 3245 632 3269 arg.
655 3240 698 3264 cfr.
719 3240 745 3264 C.
765 3240 929 3266 Resecandoe
949 3240 1022 3272 (16.)‚
1045 3239 1071 3265 C.
1092 3239 1133 3264 24.
1154 3246 1178 3271 q.
1200 3239 1223 3264 3.

525 3282 536 3298 ⁵
556 3283 581 3306 B.
602 3282 704 3313 Albert.⁷
726 3284 766 3307 hic
785 3290 806 3307 a.
833 3284 875 3308 lss:
906 3283 1140 3308 Excommunicatio
1160 3282 1280 3307 definitur
1300 3289 1313 3306 u
1333 3282 1404 3306 iuris-

454 3326 543 3357 peritis
561 3326 863 3352 sic:Excom1nunicatio
883 3330 921 3352 est
939 3328 1067 3358 separatio
1086 3334 1100 3351 a
1121 3326 1304 3351 communione
1323 3325 1404 3351 Eccle-

1464 2799 1517 2823 siae
1537 2797 1623 2830 quood
1644 2798 1754 2821 fructum
1775 2800 1799 2821 et
1818 2796 1940 2826 snslrngiu
1960 2795 2087 2819 Ecclesiae
2109 2793 2264 2819 communia.
2284 2792 2333 2817 Ct'r.
2358 2792 2414 2816 Gra-

1466 2843 1524 2867 [ion.
1544 2849 1624 2873 super
1644 2841 1669 2866 C.
1690 2840 1730 2866 Ad
1748 2847 1869 2865 mensum
1889 2839 1962 2871 (24),
1983 2838 2009 2864 C.
2033 2839 2072 2863 it.
2091 2838 2106 2871 ξς
2129 2839 2150 2862 Ἰ1.
2171 2845 2195 2870 q.
2218 2838 2246 2868 3,
2267 2840 2291 2862 ct
2310 2837 2414 2867 Gregor.

1466 2886 1513 2917 tx,
1528 2886 1554 2911 C.
1568 2885 1599 2911 Si
1612 2892 1689 2918 quem
1703 2885 1777 2917 (59),
1790 2884 1821 2909 X.
1833 2884 1865 2909 de
1876 2884 2004 2908 Sententia
2018 2889 2182 2908 excommun.
2197 2881 2250 2912 (lib.
2266 2881 2295 2905 V.
2311 2881 2345 2905 tit.
2360 2879 2413 2907 39),

1466 2944 1499 2947 —
1520 2930 1567 2954 Pro
1588 2928 1772 2955 communione
1792 2928 1880 2959 plures
1900 2927 1975 2952 codd.
1997 2930 2022 2952 et
2040 2926 2080 2952 ed.
2103 2927 2111 2950 q
2137 2924 2381 2951 communicatione.

1537 2973 1548 2989 ⁶
1567 2973 1629 2998 Cod.
1650 2973 1669 2997 U
1690 2973 1871 3004 prosequitur:
1891 2973 1915 2997 et
1934 2970 2055 3004 indigyens
2074 2969 2218 2996 medicinis.
2239 2969 2270 2995 Se?
2288 2968 2374 2994 iustus
2392 2967 2416 2992 et

1467 3023 1565 3048 scmus,
1588 3024 1642 3042 nen
1661 3018 1699 3042 est
1718 3020 1764 3041 etc.

1539 3061 1548 3076 7
1568 3061 1599 3085 Ut
1618 3062 1760 3085 insinnatur
1781 3060 1806 3085 C.
1829 3059 1895 3086 Cum
1923 3058 2087 3085 medicinalis
2112 3059 2144 3083 sit
2171 3056 2413 3086 excommunicatio,

1468 3112 1518 3129 non
1539 3105 1667 3136 mortalis,
1696 3104 1876 3136 disciplinans,
1906 3111 1955 3129 non
1979 3103 2113 3128 eradicans
2141 3102 2198 3134 (1.),
2229 3101 2261 3126 do
2291 3099 2414 3126 Sententia

1468 3156 1632 3174 excommun.
1653 3148 1706 3180 (lib.
1728 3148 1758 3173 V.
1778 3149 1814 3173 tit.
1841 3147 1890 3180 ll.)
1910 3149 1935 3172 in
1956 3147 1996 3172 Vl.
2016 3149 2041 3172 et
2065 3150 2103 3171 est
2131 3145 2267 3170 innocentii
2296 3144 2336 3169 IV.
2367 3142 2414 3167 Clr.

1469 3192 1496 3218 C.
1518 3192 1674 3219 Notandum
1693 3193 1744 3223 est,
1767 3191 1838 3225 quod
1852 3192 1924 3224 (37.),
1938 3191 1964 3216 C.
1985 3190 2026 3215 24.
2041 3198 2064 3223 q.
2086 3190 2108 3215 3.
2124 3204 2157 3207 —
2171 3189 2225 3214 lllox
2240 3195 2287 3220 pro
2301 3184 2414 3220 aptanda

1469 3236 1546 3261 codd.
1568 3237 1616 3260 AG
1629 3237 1647 3260 11
1660 3237 1681 3260 K
1703 3237 1763 3261 satis
1782 3236 1849 3261 bene
1869 3234 1992 3268 optanda.

1538 3279 1549 3296 8
1569 3280 1634 3304 Vide
1653 3287 1732 3311 supra
1752 3279 1867 3304 fundam.
1888 3280 1911 3304 2.
1931 3292 1966 3297 —
1980 3279 2086 3303 Inferius
2100 3284 2147 3309 pro
2166 3277 2197 3304 St·
2210 3277 2340 3310 quantu-m
2353 3273 2411 3299 edd.

1469 3331 1529 3349 cum
1545 3325 1634 3356 paucis
1648 3323 1724 3349 codd.
1740 3323 1792 3349 Sed
1806 3325 1945 3357 quantum.
1961 3323 2019 3348 Post
2033 3321 2149 3348 litteram
2162 3321 2218 3347 cod.
2239 3321 2275 3346 bb
2294 3319 2364 3345 addit
2376 3316 2413 3344 Sz'.

2449 1042 2465 1062 tt
