2483 3882
0 516 68 544 pposi-

2 548 29 564 m.

0 1413 59 1435 lusio.

0 1571 56 1593 latio.

0 2249 169 2282 menta.betur
193 2249 223 2281 in
250 2249 372 2280 littera:
403 2260 417 2276 «
435 2248 516 2279 lnter
541 2256 593 2279 eos
617 2247 670 2289 qui
694 2250 825 2285 natura,
851 2250 881 2279 et
904 2255 958 2279 eos
975 2246 1028 2288 qui

761 259 854 291 DlST.
880 259 962 290 XLll.
986 259 1068 291 ART.

81 346 333 389 proximitatem;
359 346 412 378 sed
439 347 468 378 in
494 346 675 387 cognatione
709 346 798 388 legali
825 346 859 378 fit
884 346 1032 388 proximi-

81 399 168 432 tas¹:
193 407 267 439 ergo
291 398 326 430 fit
351 398 549 430 matrimonio
574 399 845 440 impedimentum.

169 451 312 484 CONTRA:
341 452 367 482 l.
386 451 533 492 Cognatio
550 451 658 492 legalis
675 454 722 483 est
738 451 777 483 de
794 451 863 483 iure
881 451 1030 492 positivo,

81 505 135 538 sed
160 503 397 542 matrimonium
422 503 461 535 de
478 503 547 535 iure
564 503 718 541 naturali;
736 504 790 535 sed
807 512 843 535 ea
860 513 941 545 quae
959 507 1032 537 sunt

80 557 159 589 iuris
183 555 324 598 positivi,
356 564 417 587 non
442 559 573 597 possunt
597 564 693 596 super
717 563 754 587 ea
778 564 859 596 quae
884 559 956 587 sunt
981 565 1032 588 na-

78 609 190 642 turalis
221 606 452 649 alligationis2:
478 616 553 648 ergo
584 615 641 639 nec
673 607 744 639 talis
775 608 902 649 adoptio
930 611 1032 649 potest

78 662 231 704 impedire
256 660 502 693 matrimonium.

167 716 195 746 2.
220 714 313 753 Item,
347 711 546 745 matrimonia
577 715 732 753 reguntur
764 712 833 744 iure
857 712 939 753 poli,
968 721 1030 744 non

79 768 148 800 iure
171 766 253 799 fori3
266 779 275 805 3
299 765 353 798 sed
380 765 456 797 tales
486 763 670 806 adoptiones
695 767 768 796 sunt
792 764 831 796 de
857 764 925 796 iure
950 764 1029 796 fori:

78 829 152 861 ergo
184 828 240 860 per
272 818 348 850 tales
379 817 563 859 adoptiones
586 825 647 848 non
674 816 768 848 habet
793 816 1030 848 matrimonium

77 872 232 914 impediri.

167 924 196 956 3.
221 924 313 960 Item.
338 922 409 955 talis
432 921 573 963 cognatio
599 921 707 963 legalis
730 920 809 953 nulli
828 921 909 953 bono
925 921 1031 953 matri-

77 977 171 1010 monii
200 979 376 1018 repugnat;
408 975 461 1007 sed
495 983 587 1007 omne
620 974 704 1016 quod
738 977 877 1016 praestat
901 973 1030 1015 impedi-

76 1033 217 1063 mentum
242 1029 459 1066 matrimoniO,
485 1028 604 1060 ratione
620 1027 756 1060 alicuius
780 1026 876 1058 boni*¹
900 1027 1029 1068 impedi-

76 1086 216 1115 mentum
242 1085 399 1124 praestat:
425 1089 500 1122 ergo
522 1084 579 1113 etc.

429 1178 446 1201 c
456 1178 473 1201 o
482 1179 504 1201 N
514 1178 531 1201 c
540 1179 557 1200 L
567 1178 587 1201 u
597 1178 612 1200 s
621 1178 631 1200 1
640 1177 668 1201 o.

180 1258 337 1300 Coffnatz'o
362 1257 476 1299 legalis
500 1256 635 1298 impedit
658 1256 921 1288 matrimonium.

163 1347 359 1379 Respoumzo:
378 1345 570 1383 Dicendum,
587 1345 671 1386 quod
689 1344 831 1385 cognatio
848 1344 956 1384 legalis
974 1344 1025 1376 im-

74 1400 161 1443 pedit
185 1399 430 1431 matrimonium.
456 1399 490 1430 Et
515 1397 594 1429 ratio
618 1397 714 1429 huius
738 1400 784 1428 est
805 1399 959 1428 statutum
978 1397 1027 1428 Ec-

73 1453 202 1491 clesiae,
227 1461 308 1494 quae
333 1451 431 1493 legem
457 1450 622 1483 confirmat
646 1454 676 1482 et
700 1449 863 1491 approbat.

161 1506 189 1537 Si
215 1509 320 1537 autem
347 1504 524 1546 quaeritur:
546 1512 644 1545 quare
663 1502 798 1535 Ecclesia
815 1502 946 1534 statuit?
965 1502 1025 1534 dici

72 1562 187 1601 potest,
204 1558 288 1600 qnod
306 1558 426 1589 ratione
444 1556 632 1589 honestatis:
651 1555 798 1597 quoniam
820 1555 868 1588 isti
885 1555 1026 1594 affectus,

72 1611 189 1645 scilicet
206 1615 356 1653 paternus
373 1614 403 1643 et
420 1609 590 1648 maritalis,
608 1610 691 1641 circa
707 1609 840 1642 eandem
858 1617 1025 1650 personam

70 1667 144 1697 sunt
175 1662 462 1704 incompossffiiles,
495 1662 581 1694 salva
613 1662 775 1694 honestate
785 1673 794 1700 3
823 1666 853 1693 et
877 1661 1025 1703 quoniam

83 1716 141 1749 alis
164 1716 306 1758 cognatio
330 1715 369 1747 ad
395 1714 542 1747 affectum
568 1714 846 1756 consanguinitatis
864 1713 1025 1755 perducit,

1093 259 1125 290 ll.
1151 259 1303 300 QUAEST.
1328 259 1372 291 Ill.
1983 261 2047 292 875

1097 347 1122 379 si
1147 347 1217 389 quis
1241 347 1457 387 contraheret,
1482 348 1543 380 iam
1562 348 1591 379 in
1610 348 1668 380 hoc
1685 348 1838 380 honestati
1864 348 2047 389 derogaret3

1096 403 1126 431 et
1150 400 1202 441 qui
1228 404 1423 432 assuesceret
1439 401 1624 433 contrahere
1642 409 1713 433 cum
1731 401 1794 433 filia
1811 400 1974 442 adoptiva,
1993 404 2048 433 aut

1096 460 1209 492 parum
1241 456 1296 484 aut
1326 452 1404 484 nihil
1436 461 1508 485 cum
1533 453 1668 485 naturali
1694 453 1818 485 timeret
1841 453 2047 491 contrahere,

1095 512 1166 536 cum
1199 504 1284 536 illam
1318 505 1503 537 assumserit
1534 505 1573 537 ad
1608 506 1864 546 pertractandum
1890 510 1924 537 ut
1948 505 2045 537 filiam

1095 557 1282 589 naturalem.
1310 558 1343 589 Et
1367 558 1410 589 sic
1435 561 1536 599 patet,
1561 567 1659 599 quare
1683 558 1776 590 debet
1800 559 1964 600 impedire.

1183 610 1346 651 Quomodo
1369 614 1473 642 autem
1500 611 1649 652 impediat
1673 611 1848 643 secundum
1873 615 1937 644 tres
1961 611 2045 643 diffe-
2060 622 2207 653 Extenpioing-

1096 661 1212 693 rentias
1225 662 1276 700 ita,
1289 663 1373 703 quod
1388 663 1561 695 secundum
1576 663 1707 695 alteram
1721 663 1760 695 ad
1777 667 1899 706 tempus
1913 668 2046 702 tantum,
2081 649 2205 676 p⁹d¹m⁹⁰²¹'

1096 714 1215 754 supra⁵
1242 714 1360 746 dictum
1383 719 1438 747 est.
1456 734 1499 738 —
1517 716 1601 747 Ratio
1625 719 1731 748 autem
1757 717 1852 749 huius
1877 720 1946 749 est:
1972 717 2046 758 quia
2060 728 2130 749 nano.

1096 765 1148 797 illa
1172 766 1298 807 adoptio
1323 771 1405 799 tenet
1430 769 1548 800 ratione
1572 769 1656 808 eius,
1675 770 1758 811 quod
1783 769 1843 801 sub
1867 770 1979 802 eadem
1993 779 2048 812 po-

1096 821 1207 850 testate
1230 822 1303 850 sunt
1327 819 1390 851 filia
1415 821 1567 852 naturalis
1584 825 1613 853 et
1631 821 1715 853 silius
1737 822 1922 863 adoptivus,
1941 831 1997 854 nec
2015 831 2046 854 se

1096 870 1212 902 habent
1236 874 1270 902 ut
1294 871 1424 909 fratres,
1451 872 1507 903 nisi
1533 874 1683 914 quamdiu
1709 875 1753 906 sic
1779 878 1873 913 sunt;
1905 878 1935 907 et
1960 875 2046 913 ideO,

1095 922 1154 954 hoc
1177 926 1335 962 cessante,
1360 927 1491 965 possunt
1516 933 1548 956 se
1574 925 1691 958 habere
1715 927 1889 959 secundum
1914 927 2047 960 affectio-

1095 983 1165 1006 nem
1191 975 1397 1017 coniugalem.
1414 994 1457 998 —
1474 977 1524 1008 His
1549 977 1640 1016 visis,
1664 979 1738 1010 satis
1763 983 1869 1021 patent
1892 980 2022 1012 obiecta.

1186 1029 1212 1059 l.
1238 1028 1328 1069 Quod
1349 1028 1431 1060 enim
1449 1028 1613 1067 obiicitur,
1631 1031 1713 1071 quod
1733 1031 1781 1063 ius
1798 1032 1967 1073 positivum
1984 1041 2045 1064 non
2074 1043 2155 1073 Seiano
2170 1048 2207 1069 op-

1093 1083 1249 1121 repugnat
1265 1080 1326 1112 iuri
1344 1080 1498 1119 naturali;
1515 1081 1699 1119 dicendum,
1713 1083 1795 1124 quod
1811 1085 2045 1117 matrimonium
2061 1071 2186 1096 p⁰⁵¹²⁰mm⁴

1092 1142 1153 1165 non
1178 1136 1300 1165 tantum
1325 1137 1372 1165 est
1396 1133 1435 1166 de
1467 1133 1536 1166 iure
1567 1135 1721 1174 naturali,
1753 1137 1927 1169 secundum
1960 1138 2044 1179 quod

1092 1185 1193 1218 currit
1216 1194 1300 1218 nunc
1326 1185 1477 1225 Ecclesia,
1502 1186 1557 1218 sed
1581 1187 1675 1218 etiam
1700 1188 1764 1229 regi
1790 1193 1914 1230 oportet
1938 1199 2046 1222 secun-

1092 1238 1169 1270 dum
1194 1238 1404 1271 ecclesiastica
1428 1242 1554 1271 statuta.

1181 1293 1210 1323 2.
1235 1291 1278 1324 Ad
1303 1291 1382 1324 illud
1413 1292 1498 1334 quod
1527 1292 1691 1332 obiicitur,
1715 1294 1799 1335 quod
1824 1295 1944 1336 regitur
1977 1296 2046 1327 iure

1092 1343 1154 1385 poli
1168 1356 1176 1382 ;
1200 1343 1262 1375 ian]
1287 1347 1372 1385 patet
1396 1345 1578 1386 responsio:
1604 1345 1678 1386 quia
1704 1345 1837 1378 Ecclesia
1866 1347 1926 1379 tale
1951 1347 2045 1389 impe-
2060 1357 2189 1379 Notandum.

1091 1396 1267 1428 dimentum
1290 1405 1347 1428 sua
1364 1398 1584 1429 constitutione
1601 1402 1631 1429 et
1648 1399 1872 1440 approbatione
1889 1400 1961 1432 fecit
1977 1410 2045 1433 esse

1091 1448 1254 1487 validum;
1278 1449 1418 1491 alioquin
1442 1459 1503 1481 non
1528 1455 1633 1492 posset
1659 1451 1822 1492 impedire.

1180 1500 1209 1532 3.
1234 1501 1277 1533 Ad
1303 1501 1381 1533 illud
1407 1494 1491 1543 quod
1516 1502 1679 1541 obiicitur,
1711 1504 1795 1545 quod
1828 1514 1888 1536 non
1914 1506 2045 1547 impedit

1090 1554 1219 1595 aliquod
1244 1554 1361 1586 bonum
1400 1555 1611 1593 matrimonii3
1637 1556 1823 1595 dicendum,
1849 1558 1933 1599 quod
1966 1558 2046 1590 sicut

1090 1615 1188 1649 supra
1200 1607 1210 1623 ⁶
1227 1607 1345 1639 dictum
1367 1607 1426 1639 fuit
1443 1608 1482 1640 de
1499 1609 1681 1649 cognatione
1699 1610 1831 1649 carnali,
1848 1611 1932 1652 quod
1952 1611 2049 1653 impe-

1091 1661 1177 1692 ditur
1196 1660 1313 1692 bonum
1331 1660 1501 1693 naturalis
1518 1660 1712 1700 honestatis,
1730 1666 1858 1704 propter
1876 1663 1961 1705 quod
1978 1672 2048 1696 con—

1091 1713 1284 1745 servandum
1297 1713 1513 1755 principaliter
1526 1717 1572 1746 est
1587 1714 1765 1746 institutum
1780 1715 2015 1748 matrimonium
2024 1716 2044 1747 ⁷.

929 1851 1113 1893 QUAESTIO
1137 1851 1183 1882 Ill.

556 1964 674 1995 Utrum
698 1963 850 2005 cognatio
875 1962 989 2005 teqatts
1014 1966 1164 1995 transeat
1187 1962 1229 1994 ab
1253 1972 1319 1994 uuo
1345 1962 1379 1994 z'n
1404 1962 1556 1994 alterum.

159 2091 262 2123 Tertio
279 2089 456 2132 quaeritur,
474 2092 584 2121 utrum
605 2088 747 2130 cognatio
764 2087 873 2129 legalis
891 2091 1029 2120 transeat

71 2145 103 2177 in
127 2144 273 2176 alterum.
299 2143 333 2175 Et
358 2142 443 2184 quod
468 2142 531 2181 sic,
555 2142 692 2174 videtur.

163 2198 191 2229 l.
216 2197 316 2228 Causa
344 2196 522 2237 trigesima,
547 2194 729 2237 quaestione
760 2194 852 2226 tertia
866 2194 886 2233 ⁸,
915 2197 946 2226 et
976 2194 1030 2226 ha-

74 2302 240 2344 adoptione
272 2305 345 2334 sunt
377 2300 449 2339 filii,
482 2301 680 2332 venerandae
713 2300 797 2341 leges
829 2299 1029 2331 matrimonia

72 2354 212 2388 contrahi
240 2364 300 2386 non
325 2354 512 2395 permittunt
524 2365 556 2391 »3
574 2353 632 2385 hoc
649 2356 755 2385 autem
773 2361 834 2383 non
852 2358 951 2390 esset,
969 2351 1027 2384 nisi

73 2407 214 2449 cognatio
238 2407 387 2438 transiret
411 2415 429 2438 a
452 2410 542 2447 patre
567 2406 597 2437 in
623 2405 744 2437 filium:
770 2414 845 2446 ergo
868 2408 926 2437 etc.

161 2462 191 2493 02.
216 2461 309 2498 Item,
334 2459 406 2501 plus
431 2459 600 2491 concordat
616 2458 692 2490 unio
709 2458 812 2491 carnis
829 2467 901 2490 cum
919 2467 1029 2499 cogna-

73 2513 155 2546 tione
186 2512 278 2554 legali
307 2521 402 2553 quam
428 2511 606 2553 spirituali;
631 2511 684 2543 sed
710 2511 785 2542 unio
810 2510 914 2543 carnis
938 2510 1027 2549 facit,

73 2566 289 2608 cognationem
325 2564 520 2607 spiritualem
558 2572 627 2596 esse
662 2563 915 2596 communem⁹:
952 2572 1028 2604 ergo

74 2619 172 2651 multo
197 2618 308 2650 fortius
332 2617 548 2659 cognationem
573 2616 716 2658 legalem.

163 2671 191 2703 3.
216 2671 310 2710 Item,
334 2669 476 2712 cognatio
500 2669 635 2702 carnalis
660 2673 690 2701 et
707 2668 881 2710 spiritualis
899 2668 1026 2700 transit:

74 2732 148 2765 ergo
172 2724 239 2765 pari
264 2723 384 2755 ratione
409 2722 551 2764 cognatio
576 2722 694 2764 legalis.
712 2722 771 2753 Aut
787 2721 812 2753 si
831 2730 910 2760 non,
928 2729 1027 2763 quare

74 2779 160 2809 non?
184 2776 302 2817 desi
327 2785 388 2808 non
407 2775 572 2814 transiret,
590 2779 665 2807 tunc
682 2783 743 2806 non
760 2777 843 2806 esset
859 2773 917 2806 nisi
934 2774 1028 2806 unica

75 2829 210 2871 species;
235 2838 318 2861 nunc
342 2832 448 2861 autem
473 2831 537 2860 tres
561 2827 761 2869 assignantur
774 2826 805 2858 ¹⁰.

164 2882 306 2914 CONTRA:
335 2883 361 2913 l.
394 2881 473 2922 Quia
498 2880 639 2922 cognatio
663 2879 854 2922 spiritualis
877 2883 924 2912 est
948 2888 1028 2911 com-

147 3090 155 3105 ¹
176 3090 207 3115 Ut
226 3093 358 3115 ostensum
378 3093 416 3115 est
435 3092 533 3122 quaest.
554 3089 674 3121 praeced.

149 3134 160 3151 ἲ
177 3134 239 3160 Cod.
260 3135 281 3159 G
299 3134 371 3160 addit
389 3134 431 3160 vet
449 3133 525 3160 iuris.

147 3178 158 3196 ³
177 3179 227 3204 Cfr.
247 3186 325 3211 supra
346 3179 371 3204 d.
392 3179 433 3204 37.
454 3186 477 3204 a.
500 3179 524 3203 2.
544 3186 569 3211 q.
592 3179 614 3203 l.
629 3179 654 3203 in
674 3185 746 3209 corp.

148 3223 159 3240 ⁴
178 3223 259 3249 Codd.
279 3224 299 3248 G
319 3231 349 3248 aa
368 3223 490 3255 supplent
501 3221 676 3248 matrimonii.

148 3267 159 3284 ⁵
178 3268 203 3293 ln
223 3267 391 3294 Praenotatz's
411 3267 443 3292 ad
464 3268 532 3292 hunc
551 3270 599 3292 art.
614 3280 649 3284 —
664 3266 790 3296 Superius
810 3271 858 3295 pro
877 3262 1031 3289 naturalem

79 3311 151 3336 multi
163 3311 239 3337 codd.
247 3310 497 3337 maturatam-‚Circa
512 3310 588 3335 finem
602 3317 674 3341 corp.
685 3316 733 3340 pro
742 3308 856 3341 possunt
868 3306 927 3332 edd.
939 3307 1030 3339 potest.

151 3354 161 3371 ὃ
179 3355 240 3380 Dist.
262 3354 302 3379 40.
324 3362 348 3386 q.
369 3355 393 3379 2.
407 3368 442 3372 —
456 3354 512 3379 Mox
531 3360 580 3385 pro
599 3351 742 3385 impeditur
762 3351 818 3376 Vat.
838 3349 952 3383 impedit.

149 3398 160 3415 ⁷
180 3399 246 3424 Vide
265 3398 379 3424 scholion
400 3398 433 3423 ad
452 3397 649 3429 praecedentem
671 3398 768 3428 quaest.

1094 2087 1310 2127 municabilis,
1336 2087 1406 2120 ideo
1427 2096 1554 2120 necesse
1571 2091 1634 2127 est,
1652 2088 1764 2130 quodsi
1782 2088 1896 2130 aliquis
1913 2088 2048 2122 efficitur
2062 2102 2096 2123 Ad
2111 2102 2195 2129 opposi-

1094 2139 1266 2181 spiritualis
1290 2144 1379 2181 pater
1403 2140 1555 2179 alicuius,
1587 2141 1671 2182 quod
1704 2140 1859 2173 efficiatur
1887 2146 2047 2184 compater
2151 2144 2156 2149 ”

1093 2193 1192 2234 patris
1223 2193 1415 2225 eiusdem¹¹:
1441 2202 1516 2234 ergo
1547 2194 1614 2235 pari
1647 2194 1766 2225 ratione
1796 2194 1826 2225 in
1851 2194 2047 2236 ctdoptz'one;

1093 2246 1176 2287 quod
1203 2249 1306 2278 tamen
1331 2255 1391 2278 non
1417 2246 1615 2278 conceditur:
1641 2255 1716 2287 ergo
1739 2255 1800 2278 non
1824 2250 1871 2278 est
1892 2248 2048 2288 cognatio-

1093 2298 1142 2330 nis
1166 2298 1329 2331 transitus.

1182 2352 1211 2382 2.
1236 2351 1327 2388 item,
1351 2351 1425 2392 quia
1450 2351 1479 2383 in
1505 2351 1686 2392 cognatione
1714 2351 1870 2392 spirituali
1896 2352 2047 2384 transitus

1093 2407 1140 2436 est
1162 2413 1180 2435 a
1204 2407 1293 2446 patre
1311 2403 1340 2435 in
1358 2403 1454 2435 filiam
1473 2403 1667 2441 naturalemg
1686 2403 1754 2435 ideo
1772 2403 1965 2445 impossibile
1981 2407 2045 2443 est,

1092 2457 1174 2499 quod
1202 2466 1342 2499 unquam
1367 2457 1530 2489 contrahat
1556 2456 1639 2488 filius
1671 2456 1845 2497 spiritualis
1876 2466 1949 2489 cum
1982 2457 2047 2489 filia

1092 2510 1248 2542 naturali:
1275 2519 1349 2552 ergo
1382 2510 1449 2552 pari
1481 2510 1601 2542 ratione
1634 2519 1795 2551 nunquam
1826 2513 1929 2550 posset
1961 2509 2046 2542 filius

1092 2563 1260 2605 adoptivus
1284 2563 1469 2595 contrahere
1493 2571 1565 2595 cum
1591 2562 1725 2594 naturali
1750 2561 1814 2593 filia
1828 2574 1836 2600 ς
1861 2562 1953 2594 cuius
1978 2571 2047 2594 con-

1093 2616 1226 2648 trarium
1252 2616 1367 2648 dicitur
1391 2616 1491 2647 Causa
1516 2615 1692 2656 trigesima,
1710 2615 1891 2656 quaestione
1910 2614 2001 2646 tertia
2016 2615 2046 2653 ¹²,

1092 2670 1159 2701 Per
1183 2668 1389 2710 adoptionem
1413 2667 1563 2711 quaesita
1586 2666 1796 2709 fraternitas.

1181 2722 1272 2753 quta
1297 2721 1354 2753 hoc
1379 2720 1560 2762 quaeritur,
1577 2728 1649 2751 cum
1668 2720 1829 2752 vinculum
1851 2719 2043 2760 cognationis
2058 2736 2161 2763 Quaestio
2176 2737 2207 2758 jn.

1093 2773 1201 2815 legalis
1218 2776 1356 2805 transeat
1373 2773 1403 2804 in
1422 2772 1501 2804 filios
1518 2776 1548 2804 et
1561 2776 1688 2813 nepotes
1704 2776 1734 2804 et
1751 2772 1780 2803 in
1799 2781 1927 2811 uxores,
1945 2781 2043 2814 quare
2073 2762 2155 2784 cmm·

1093 2835 1153 2857 non
1186 2825 1298 2857 transit
1322 2825 1351 2856 in
1377 2828 1540 2866 parentes,
1564 2833 1635 2856 cum
1661 2833 1693 2856 se
1719 2824 1854 2856 habeant
1880 2825 1911 2856 in
1935 2825 2045 2857 eadem

1092 2879 1296 2920 proximitate
1313 2881 1325 2910 ’ἰ

1166 3086 1177 3103 8
1195 3086 1255 3112 Can.
1276 3087 1316 3111 Itct
1335 3085 1443 3118 diliqere
1462 3084 1525 3119 (μ),
1542 3086 1582 3110 hic
1596 3085 1619 3109 in
1634 3085 1668 3110 lit.
1685 3085 1809 3116 Magistri,
1824 3091 1847 3110 c.
1867 3085 1891 3110 3.
1911 3085 2044 3117 allegatus.

1165 3130 1176 3146 ⁹
1196 3130 1262 3154 Vide
1280 3136 1359 3160 supra
1378 3136 1401 3153 a.
1425 3130 1446 3153 l.
1468 3136 1492 3160 q.
1514 3129 1542 3159 3,
1558 3128 1601 3153 ubi
1621 3130 1696 3154 etiam
1718 3129 1750 3153 de
1769 3136 1825 3161 seq.
1846 3136 1902 3160 arg.

1167 3173 1187 3189 ¹0
1206 3173 1256 3198 Csr.
1270 3173 1432 3198 Praeozotata
1444 3172 1477 3197 ad
1491 3173 1559 3197 hune
1573 3175 1618 3197 art.
1634 3186 1667 3190 —
1681 3173 1728 3197 Pro
1742 3174 1830 3198 tuuc...
1845 3172 1924 3198 unica
1945 3172 2042 3205 species

1095 3217 1155 3242 edd.
1177 3216 1250 3243 hoc...
1270 3215 1341 3249 quod
1361 3215 1440 3242 unica
1459 3217 1524 3241 esset
1542 3215 1647 3249 species.

1167 3260 1185 3276 ¹¹
1208 3260 1272 3285 Vide
1291 3260 1453 3285 Praenotata
1471 3259 1504 3284 ad
1522 3260 1541 3284 l.
1556 3262 1601 3284 art.
1617 3260 1692 3283 huius
1711 3258 1776 3290 dist,
1793 3258 1837 3284 ubi
1858 3261 1882 3284 et
1901 3259 1932 3284 de
1947 3258 2044 3284 maiori

1095 3311 1148 3336 seq.
1169 3310 1223 3334 arg.

1167 3347 1187 3362 1²
1206 3346 1266 3371 Can.
1281 3347 1305 3371 6.
1326 3346 1375 3371 Ctr.
1389 3346 1551 3372 Praenotatct
1570 3346 1603 3371 ad
1623 3347 1691 3371 hunc
1704 3350 1749 3372 art.
1765 3347 1790 3371 in
1813 3346 1862 3371 stne
1881 3346 1969 3378 (codd.
1989 3353 2043 3378 per-

1094 3398 1184 3424 peram
1204 3392 1267 3417 Post
1285 3390 1472 3424 adoptionem).
