2483 3882
297 726 416 747 Conclusio.

347 884 416 905 Ratio.

291 1409 371 1439 Solutio
386 1415 421 1436 op-

277 1438 400 1462 pomorum.

293 1571 420 1592 Notandum.

293 1940 421 1961 Notandum.

432 210 498 243 432

788 302 1026 327 CONCLUSIO.

437 402 601 445 Confessio
626 402 724 433 etiam
745 404 818 441 post
843 397 1108 439 'testificationem
1132 401 1177 427 est
1193 395 1383 427 necessaria

521 454 707 486 necessitate
728 452 914 494 praecepti,
932 460 953 482 α
978 459 1045 492 qttct
1071 454 1179 481 tamen
1203 447 1382 490 impossibi—

523 508 599 539 litas
623 509 767 538 excusat.

522 613 724 644 Responnno:
749 609 942 647 Dicendum,
960 607 1043 649 quod
1062 606 1214 639 confessio
1238 608 1284 638 est
1301 605 1384 637 insti-

433 669 500 698 tuta
524 664 583 697 sub
608 666 792 705 praecepto,
819 662 899 693 sicut
923 661 1036 693 melius
1061 660 1179 702 patebit
1203 659 1283 690 infra
1298 658 1330 697 ¹;
1355 661 1385 690 et

433 718 518 756 ideo,
544 717 617 758 qnia
641 716 680 748 ab
705 716 763 747 hoc
789 718 954 756 praecepto
979 722 1112 755 peccans
1137 721 1192 754 per
1217 711 1385 753 susceptio-

432 780 504 803 nem
519 771 636 812 gratiae
650 778 709 801 nou
723 768 908 805 absolvitur,
921 767 1026 799 adliuc
1040 765 1179 799 confiteri
1200 769 1340 802 tenetur;
1355 768 1385 797 et

433 824 519 862 ideo,
537 823 560 855 si
579 832 639 854 non
665 821 840 859 coi'ilitetur,
862 820 944 852 cadit
961 829 979 851 a
996 819 1124 851 iustitia.
1137 818 1276 850 —Sicut
1301 818 1383 850 enim

432 877 539 909 nullus
557 879 657 917 potest
674 874 854 912 iustificari,
871 873 923 914 qui
943 874 1143 905 Sacramenta
1160 875 1338 904 contemnat
1352 871 1362 885 ²
1378 883 1385 907 ς

435 931 477 962 sic
502 929 610 961 nullus
635 928 665 959 in
690 927 808 959 iustitia
833 929 1034 967 perseverat,
1058 925 1083 957 si
1110 928 1178 966 post
1196 924 1385 956 iustificatio-

434 992 506 1015 nem
530 991 571 1014 ex
596 984 777 1022 contemptu
801 979 937 1020 negligat
962 978 1112 1011 confiteri.
1132 978 1165 1009 Et
1188 977 1275 1015 ideo,
1293 977 1317 1008 si
1337 986 1386 1018 po-

435 1039 494 1068 test
529 1033 669 1066 confiteri
694 1037 724 1065 et
748 1042 809 1064 non
838 1036 948 1070 curat,
973 1031 1057 1063 cadit
1092 1039 1106 1062 a
1145 1030 1280 1068 iustitia,
1313 1038 1385 1061 cum

436 1088 517 1121 cadit
540 1097 558 1119 a
582 1086 742 1128 proposito
766 1085 943 1123 confitendi,
969 1084 1035 1116 sine
1060 1092 1122 1124 quo
1144 1082 1306 1114 iustificari
1325 1091 1385 1114 non

435 1144 566 1183 poterat.
590 1158 633 1162 —
657 1138 896 1170 Concedendum
923 1146 1014 1177 ergo,
1039 1136 1122 1177 quod
1149 1135 1300 1167 consessio
1318 1137 1387 1176 post

434 1192 685 1225 iustificationem
711 1194 758 1222 est
782 1191 956 1221 necessaria
975 1189 1158 1221 necessitate
1183 1187 1352 1229 praecepti,
1370 1196 1387 1219 a

436 1255 498 1287 qua
522 1249 625 1276 tamen
650 1246 782 1275 excusat
808 1241 1052 1282 impossibilitas.
1082 1240 1168 1273 Unde
1191 1244 1221 1272 et
1250 1240 1386 1272 rationes

435 1298 475 1330 ad
499 1298 580 1329 hanc
604 1300 725 1337 partem
751 1298 824 1326 sunt
849 1293 1075 1326 concedendae.

530 1350 555 1380 l.
581 1348 625 1379 Ad
651 1347 728 1378 illud
753 1355 828 1387 ergo
853 1346 937 1387 quod
962 1345 1128 1377 obiicitur:
1148 1345 1200 1386 qui
1226 1345 1321 1376 habet
1345 1344 1388 1376 in-

436 1402 551 1435 stitiam
576 1401 671 1433 habet
702 1408 794 1432 omne
826 1399 910 1440 quod
935 1399 1147 1431 necessarium
1173 1402 1219 1430 est
1243 1399 1281 1430 ad
1308 1398 1388 1430 salu-

436 1459 516 1492 tem,
541 1454 729 1491 dicendum,
754 1452 837 1494 quod
864 1460 974 1483 verum
999 1455 1063 1489 est,
1089 1451 1112 1483 si
1142 1455 1324 1492 perseveret
1356 1451 1386 1482 in

436 1508 509 1546 illa,
536 1507 588 1539 sed
616 1505 760 1548 quamvis
785 1505 850 1536 sine
875 1504 1068 1536 consessione
1094 1504 1190 1545 possit
1208 1503 1278 1544 quis
1304 1504 1389 1535 iusti-

438 1561 509 1593 tiam
535 1559 681 1601 adipisci,
708 1562 810 1590 tamen
837 1558 866 1589 iu
892 1557 944 1588 illa
970 1566 1028 1588 non
1056 1560 1156 1598 potest
1188 1557 1242 1588 diu
1268 1566 1389 1598 perma-

436 1622 509 1646 nere
535 1613 601 1645 sine
625 1612 833 1649 consessione,
856 1611 930 1652 quin
956 1610 1094 1642 omittat.
1119 1610 1182 1641 Non
1209 1609 1310 1642 solum
1337 1619 1388 1641 au-

436 1670 496 1698 tem
523 1670 596 1698 sunt
620 1666 797 1698 necessaria
821 1665 859 1696 ad
886 1664 1020 1696 salutem
1044 1664 1096 1695 illa
1113 1672 1193 1705 quae
1211 1663 1388 1695 necessario

436 1719 644 1760 requiruntur
669 1718 706 1749 ad
734 1717 871 1749 iustitiae
896 1716 1118 1757 adeptionem,
1150 1725 1260 1748 verum
1294 1716 1387 1748 etiam

435 1772 488 1804 illa
513 1780 593 1813 quae
618 1771 825 1812 requiruntur
850 1771 888 1801 ad
916 1770 1039 1801 habitae
1064 1769 1354 1801 conservationem.

525 1826 553 1856 Q.
580 1825 622 1856 Ad
648 1824 725 1855 illud
751 1823 834 1864 quod
860 1823 1025 1854 obiicitur:
1064 1826 1118 1854 aut
1142 1827 1188 1854 est
1212 1823 1389 1854 necessaria

436 1882 566 1919 propter
598 1877 783 1909 deletionem
821 1875 932 1916 culpae
968 1879 1046 1912 etc.;
1084 1874 1272 1912 dicendum,
1304 1874 1387 1915 quod

437 1931 502 1962 ism
526 1940 587 1962 non
612 1933 658 1962 est
684 1930 779 1967 ratiO,
804 1929 858 1961 sed
888 1928 1061 1960 inst-tauto.
1094 1928 1173 1969 Quia
1205 1928 1288 1960 enim
1321 1937 1390 1960 con-

1195 203 1479 236 SENTENTIARUM
1503 202 1570 233 LIB.
1595 203 1642 234 IV.

1447 289 1540 321 fessio
1566 289 1706 321 instituta
1730 292 1777 321 est
1800 288 1861 320 sub
1882 292 2075 330 praecepto,
2097 289 2168 321 ideo
2192 298 2283 321 nemo
2299 290 2395 323 absol-

1449 341 1550 380 vitur,
1575 341 1629 373 sed
1654 341 1785 383 quilibet
1810 345 1950 380 tenetur,
1975 345 2267 383 quantumcumque
2297 351 2394 384 poena

1448 397 1478 425 et
1502 394 1594 435 culpa
1618 394 1771 426 deleatur.
1798 393 1885 425 Valet
1902 397 2004 426 tamen
2022 394 2062 426 ad
2079 393 2266 426 deletionem
2284 395 2395 436 culpae
2409 396 2483 438 Notat„

1448 451 1602 488 quantum
1627 447 1667 478 ad
1691 456 1744 479 eos
1767 447 1821 488 qui
1847 455 1879 478 se
1904 455 1965 478 non
1990 450 2184 488 paraverunt
2207 446 2395 481 sufficienter
2461 442 2463 478 l

1448 500 1593 538 omnino,
1617 503 1647 531 et
1671 499 1764 531 etiam
1790 508 1914 540 poe-uae
1941 503 2093 540 quantum
2122 499 2162 531 ad
2186 499 2280 538 alios,
2301 503 2331 532 et
2358 502 2396 533 ad

1448 552 1565 584 multas
1591 552 1757 591 utilitates,
1775 552 1855 584 sicut
1879 552 1959 583 infra
1973 551 1982 566 ³
2001 552 2114 584 melius
2135 552 2315 594 apparebit,
2331 562 2397 595 pro·
2463 540 2464 585 i

1449 608 1517 646 pter
1542 605 1626 646 quod
1651 614 1719 636 eam
1745 605 1897 637 Dominus
1921 604 2064 636 instituit.
2463 588 2466 640 i

1539 656 1567 688 3.
1593 657 1634 688 Ad
1661 656 1739 688 illud
1764 657 1849 697 quod
1874 656 2020 689 obiicitur
2045 657 2083 688 de
2108 656 2226 698 duplici
2250 657 2333 696 foro,
2357 658 2398 690 di·
2464 641 2466 709 i

1449 710 1602 749 cendum,
1627 710 1710 752 quod
1737 709 1915 751 poenitens,
1940 709 2093 751 quamdiu
2118 713 2165 741 est
2189 710 2219 741 in
2244 710 2302 742 hac
2320 711 2397 750 vita,
2464 710 2467 756 ᾗ

1449 763 1609 796 subiectus
1633 767 1680 795 est
1704 762 1771 794 foro
1797 762 1965 801 Ecclesiae,
1999 763 2041 794 ita
2075 763 2160 804 quod
2184 763 2224 794 ab
2249 763 2316 804 ipso
2339 773 2398 796 non
2465 760 2468 823 ἢ

1451 820 1551 858 potest
1575 816 1744 857 appellare.
1762 815 1957 853 Praeterea,
1975 816 2047 848 fecit
2064 815 2210 847 iniuriam
2235 816 2398 855 Ecclesiae,
2466 826 2468 849 ι·

1450 873 1480 901 et
1505 869 1591 907 ide0,
1609 869 1633 901 si
1659 872 1759 910 potest
1783 877 1984 910 comparere,
2014 872 2156 907 tenetur,
2180 869 2239 901 nisi
2265 878 2320 910 per
2348 870 2400 901 im·
2466 878 2468 887 ¹

1451 922 1687 964 possibilitatem
1713 925 1894 953 excusetur.
1919 921 2014 953 Nemo
2038 921 2122 953 enim
2146 922 2185 953 ad
2210 922 2312 954 forum
2331 932 2400 964 pur-

1451 975 1561 1015 ¹catorii
1587 974 1782 1012 admittitur,
1807 973 1861 1015 qui
1885 973 1988 1006 forum
2014 974 2168 1007 Ecclesiae
2200 976 2399 1016 contempsit,

1451 1037 1523 1060 cnm
1550 1027 1580 1059 in
1604 1027 1692 1059 nullo
1716 1027 1770 1058 fiat
1794 1026 1910 1059 iniuria
1934 1028 2107 1068 peccatori,
2132 1027 2185 1060 sed
2212 1027 2242 1059 in
2268 1031 2400 1070 utroque

1452 1080 1578 1112 iustitia.

1540 1133 1570 1164 h..
1596 1133 1639 1164 Ad
1664 1132 1743 1164 illud
1768 1132 1852 1174 quod
1878 1132 2025 1165 obiicitur
2050 1133 2089 1165 de
2114 1133 2167 1165 illo
2192 1133 2245 1175 qni
2263 1134 2341 1166 nihil
2357 1144 2402 1167 co-

1452 1186 1544 1227 gitat,
1569 1186 1756 1224 dicendum,
1781 1185 1865 1227 quod
1891 1186 1950 1218 hoc
1981 1189 2083 1227 potest
2115 1196 2182 1219 esse
2211 1187 2330 1229 duplici
2360 1197 2399 1220 ex
2412 1175 2483 1232 οειιιειξῃἸ

1452 1248 1567 1270 causa:
1593 1238 1642 1270 vel
1668 1242 1795 1279 propter
1818 1238 2030 1270 intensionem
2048 1239 2191 1277 dolori&
2209 1240 2256 1272 vel
2275 1244 2401 1281 propter
2427 1223 2472 1278 pm}

1452 1292 1697 1333 occupationem
1713 1291 1904 1332 superfluae
1920 1291 2162 1324 sollicitudinis.
2189 1293 2347 1333 Quantum
2364 1295 2402 1327 ad
2471 1279 2473 1327 i

1452 1345 1610 1386 primum,
1635 1345 1708 1386 quia
1734 1344 1884 1376 Dominus
1909 1354 1962 1377 cor
1986 1345 2054 1377 eius
2078 1346 2260 1386 occupavit,
2286 1347 2310 1378 si
2343 1356 2402 1378 non
2471 1347 2473 1393 l

1452 1398 1510 1430 fuit
1535 1407 1622 1429 mora
1647 1397 1809 1439 superflua
1834 1406 1890 1429 nec
1923 1397 2102 1430 indiscretio
2133 1398 2260 1439 aliqua,
2292 1397 2483 1439 credo,Nota1ln

1452 1451 1536 1493 quod
1554 1451 1705 1483 Dominus
1729 1450 1863 1483 absolvit
1879 1454 1908 1482 et
1926 1450 2117 1483 voluntatem
2137 1460 2193 1492 pro
2210 1460 2305 1493 opere
2326 1461 2404 1484 com-
2472 1441 2474 1457 ’χ

1452 1508 1562 1546 putat,
1587 1507 1617 1535 et
1648 1507 1849 1544 computatur
1881 1503 1937 1535 iste
1969 1512 2041 1535 cum
2075 1503 2136 1535 illis
2168 1504 2220 1546 qui
2254 1513 2403 1537 excusan-

1455 1561 1505 1588 tur
1529 1561 1657 1597 propter
1688 1556 1988 1597 impossibilitatem,
2014 1556 2187 1588 habentes*¹
2207 1557 2401 1590 devotionem

1454 1611 1483 1641 in
1509 1611 1717 1641 Sacramento.
1741 1628 1783 1632 —-
1803 1609 1832 1640 Si
1857 1613 1963 1641 autem
1987 1619 2047 1641 uon
2074 1610 2187 1651 cogitat
2211 1620 2267 1643 nec
2298 1615 2402 1650 curat,

1453 1663 1522 1695 aliis
1547 1662 1812 1695 sollicitudinibus
1836 1666 2024 1704 occupatus,
2042 1663 2181 1695 maxime
2206 1664 2230 1695 si
2257 1664 2358 1695 locum
2375 1668 2404 1696 et

1454 1720 1578 1757 tempus
1603 1715 1713 1747 babuit
1738 1715 1903 1747 confitendi
1930 1714 2105 1751 ore;‘tunc
2130 1725 2189 1747 non
2216 1720 2402 1756 excusatur,

1455 1769 1550 1800 immo
1574 1768 1613 1800 ob
1638 1772 1800 1810 peccatum
1820 1768 1997 1800 omissionis
2014 1769 2214 1810 reputabitur
2236 1778 2310 1801 reus
2328 1778 2404 1801 mor-

1455 1822 1510 1860 tis,
1537 1821 1674 1853 maxime
1699 1822 1722 1853 si
1742 1830 1802 1852 non
1820 1821 1915 1853 fuerit
1933 1821 1975 1853 sic
1994 1825 2094 1853 morte
2114 1826 2312 1863 praeventus,
2329 1823 2403 1864 quin

1455 1874 1533 1906 bene
1558 1878 1662 1915 posset
1686 1877 1715 1906 et
1740 1874 1869 1906 deberet
1898 1874 2072 1915 recogitare
2104 1878 2135 1906 et
2166 1878 2272 1916 petere
2304 1875 2405 1907 Sacra-

1455 1932 1595 1960 mentum
1624 1927 1775 1959 Ecclesiae
1790 1927 1811 1957 ⁵.

2466 892 2469 948 ‘t

1090 2079 1199 2111 DUBlA
1225 2078 1330 2110 elect
1355 2079 1543 2110 LITTERAM
1568 2078 1750 2110 MAGISTRI.

850 2205 925 2236 Due.
951 2204 970 2235 l.

523 2312 554 2343 In
581 2315 669 2352 parte
694 2311 751 2342 ista
781 2313 854 2342 sunt
886 2309 1097 2341 dubitationes
1122 2309 1204 2341 circa
1234 2308 1388 2347 litteram,

436 2368 465 2396 et
502 2364 601 2405 primo
634 2364 673 2395 de
704 2364 761 2395 hoc
794 2363 877 2404 quod
915 2363 989 2394 dicit
1021 2362 1242 2393 Cassiodorus:
1275 2362 1389 2393 Votum

432 2427 496 2459 pro
521 2417 708 2459 operatione
740 2416 922 2447 iudicatur.
953 2415 1084 2447 Videtur
1116 2415 1199 2447 euim
1233 2415 1314 2446 male
1347 2414 1389 2446 di-

436 2480 521 2508 cere,
547 2471 620 2512 quia
645 2470 819 2502 secuudum
848 2469 905 2501 hoc
931 2472 1051 2500 tautum
1078 2468 1177 2507 valet,
1196 2468 1219 2500 si
1245 2468 1316 2509 quis
1338 2468 1389 2499 lia-

436 2523 488 2555 bet
512 2523 703 2555 voluntatem
738 2522 922 2560 confitendi,
957 2526 1109 2563 quantum
1142 2521 1166 2553 si
1200 2520 1386 2553 confitetur:

436 2576 553 2608 frustra
586 2585 661 2617 ergo
693 2575 869 2607 confitetur.
890 2593 930 2598 —
948 2575 1041 2611 item,
1066 2578 1120 2606 aut
1152 2575 1387 2606 Sacramentum

436 2628 554 2660 confert
578 2628 706 2670 aliquid
731 2627 855 2659 habenti
881 2628 994 2659 bonam
1021 2627 1229 2665 voluntatem,
1261 2630 1316 2658 aut
1344 2626 1391 2657 ἰη’-

436 2680 494 2712 lzt'l.
516 2681 545 2712 Si
570 2680 716 2723 aliquid.-
750 2690 825 2721 ergo
851 2690 910 2712 non
943 2684 989 2712 est
1018 2680 1101 2712 idem
1134 2684 1163 2712 et
1187 2679 1390 2721 aequivalens

436 2733 516 2765 velle
548 2736 577 2765 et
613 2734 850 2765 Sacramentum
884 2732 1054 2773 suscipere.
1090 2732 1119 2763 Si
1151 2730 1235 2763 militi
1270 2732 1389 2764 confert

435 2786 561 2818 habenti
593 2786 706 2817 bonam
739 2786 954 2823 voluntatem,
988 2788 1018 2817 et
1050 2784 1129 2817 nulli
1165 2784 1216 2816 alii
1249 2784 1387 2816 confert:

436 2847 511 2880 ergo
536 2843 592 2870 etc.

1543 2204 1740 2235 Rssspoxnno:
1768 2203 1959 2242 Dicendum,
1977 2204 2060 2245 quod
2085 2208 2195 2235 votum
2221 2204 2271 2236 liic
2293 2204 2405 2236 dicitur
2418 2211 2466 2238 Quid
2477 2206 2483 2229 t

1454 2256 1581 2287 firmum
1609 2256 1818 2297 propositum,
1844 2259 1873 2287 et
1897 2256 1955 2288 hoc
1985 2260 2186 2298 computatur
2214 2266 2271 2298 pro
2303 2266 2405 2299 opera-

1456 2309 1554 2347 tione,
1580 2318 1640 2340 non
1658 2309 1731 2350 quia
1757 2312 1876 2340 tantum
1896 2308 1996 2341 valeat
2021 2309 2163 2347 omnino,
2181 2309 2235 2341 sed
2258 2310 2331 2351 quia
2349 2310 2404 2342 boc

1454 2361 1546 2392 etiam
1574 2361 1656 2393 Deus
1680 2364 1837 2402 acceptat,
1862 2364 1892 2393 et
1916 2361 1940 2393 si
1965 2361 2046 2393 adsit
2071 2365 2192 2400 votum,
2210 2366 2239 2394 et
2264 2362 2344 2394 desit
2366 2362 2406 2394 fa-

1454 2414 1572 2452 cultas,
1598 2415 1680 2446 Deus
1705 2418 1892 2446 excusatum
1918 2414 2021 2447 habet.
2047 2415 2188 2447 Concedo
2213 2424 2287 2457 ergo
2312 2416 2403 2455 bene,
2418 2421 2483 2454 Notati

1455 2467 1538 2508 quod
1565 2476 1688 2508 semper
1721 2467 1838 2508 aliquid
1873 2467 1984 2508 recipit
2008 2468 2060 2509 qui
2093 2477 2187 2509 opere
2217 2468 2327 2510 accipit
2358 2469 2405 2500 Sa-

1455 2524 1651 2552 cramentum
1678 2524 1707 2551 et
1731 2520 1868 2561 aliquam
1894 2520 2059 2552 utilitatem
2087 2521 2198 2559 habet3
2225 2525 2327 2553 tamen
2352 2520 2403 2553 ubi

1456 2574 1543 2605 deest
1568 2573 1717 2611 facultas,
1742 2573 1826 2604 Deus
1850 2577 1976 2614 reputat
2001 2573 2160 2606 sufficiens
2177 2574 2215 2606 ad
2242 2574 2404 2616 impetran-

1456 2626 1531 2658 dum
1558 2626 1659 2667 ipsum
1686 2629 1813 2663 votum;
1838 2630 1867 2657 et
1892 2626 1945 2658 ubi
1970 2626 2076 2665 adest,
2108 2631 2276 2668 antequam
2301 2636 2405 2669 perve-
2480 2650 2481 2661 l

1455 2679 1519 2710 niat
1551 2679 1589 2710 ad
1615 2688 1711 2719 opus.
1749 2682 1873 2720 reputat
1910 2679 2098 2711 conveniens
2127 2679 2165 2711 ad
2202 2680 2403 2712 obtinendum
2480 2667 2481 2724 i

1456 2731 1598 2771 gratiam.
1624 2731 1684 2763 Nec
1709 2734 1812 2763 tamen
1836 2731 1955 2763 frustra
1979 2732 2163 2771 confitetur3
2189 2732 2212 2764 si
2243 2733 2325 2764 enim
2350 2740 2404 2773 pro
2480 2731 2482 2771 ζ

1458 2784 1523 2815 loco
1547 2787 1577 2815 et
1602 2787 1742 2824 tompore
1760 2793 1819 2815 non
1845 2783 2065 2823 confiteretur,
2085 2794 2195 2817 verum
2221 2788 2327 2818 votum
2345 2794 2402 2817 non

1456 2840 1550 2875 esset,
1575 2840 1629 2867 aut
1653 2845 1721 2868 esse
1746 2836 1927 2875 desisteret,
1953 2837 1976 2869 si
2004 2837 2093 2879 prius
2117 2838 2229 2870 essetf:

508 3042 514 3058 ¹
537 3044 615 3068 Partis
637 3043 661 3068 ll.
683 3050 704 3067 a.
726 3044 749 3067 2.
770 3050 795 3075 q.
824 3044 842 3068 1.

507 3086 516 3102 ‘2
538 3087 602 3111 Vide
622 3094 700 3118 supra
723 3095 780 3118 pag,
808 3087 866 3118 107,
888 3092 944 3112 notu
967 3088 989 3111 6.
1013 3086 1090 3111 verba
1112 3087 1255 3117 Augustini.

509 3128 519 3145 3
538 3131 616 3154 Partis
638 3130 662 3154 ll.
684 3138 704 3154 a.
731 3131 750 3155 1,
774 3138 798 3162 «1.
824 3131 843 3155 1,
867 3131 890 3154 in
912 3130 960 3155 siue
981 3134 1003 3155 et
1024 3138 1046 3155 n.
1068 3131 1090 3154 Q.
1112 3138 1135 3162 q.
1157 3130 1180 3155 3.
1203 3143 1239 3148 --
1263 3130 1317 3154 Mox
1333 3132 1390 3161 post

437 3174 545 3205 propter
564 3174 635 3205 quod
653 3175 727 3198 codd.
751 3176 767 3198 l'·
781 3176 797 3199 S
810 3174 874 3199 Tbb
894 3175 992 3199 addunt
1012 3174 1098 3200 etiam.

509 3215 517 3230 ⁴
539 3216 593 3240 Vnt.
615 3216 732 3242 habendi.
755 3218 820 3248 llug.
842 3226 854 3242 a
876 3219 899 3242 S.
923 3219 991 3249 Υἱοὶ,
1014 3219 1028 3242 l.
1051 3218 1082 3243 de
1096 3219 1208 3243 Sacram.
1224 3225 1248 3249 p.
1264 3218 1307 3242 tx.
1324 3224 1343 3242 c.
1360 3218 1389 3242 5:

440 3258 479 3282 list
501 3259 591 3287 bomo,
614 3261 656 3290 qni
677 3261 752 3286 linbet
774 3261 850 3286 tidem
877 3266 901 3286 et
927 3269 986 3286 enm
1013 3262 1063 3287 lide
1089 3262 1267 3293 (lile(·tioiiem;
1294 3268 1388 3293 aquam

441 3301 592 3333 [linptisirii]
618 3310 666 3327 non
698 3304 785 3335 babet,
817 3312 865 3329 non
895 3310 978 3330 tamen
1008 3313 1102 3338 aquam
1133 3308 1313 3337 contemnens,
1344 3305 1389 3330 scd

439 3351 532 3376 atpium
554 3346 649 3370 babere
668 3347 756 3371 volens
776 3351 800 3372 et
820 3355 869 3372 non
894 3350 989 3374 vulcus.
1017 3350 1089 3374 Hunc
1114 3356 1177 3381 ergo
1204 3357 1270 3382 aqna
1297 3349 1390 3375 absens

1455 3041 1601 3071 damnabit,
1628 3046 1652 3066 et
1672 3048 1722 3066 non
1749 3042 1835 3072 potius
1860 3042 1924 3067 fides
1950 3045 1974 3066 et
2000 3041 2100 3067 devotio
2128 3049 2250 3073 praesens
2276 3041 2401 3066 salvabit?

1454 3085 1503 3110 Ct'r.
1525 3085 1585 3110 ibid,
1607 3092 1627 3110 c.
1649 3086 1672 3109 8.
1692 3099 1726 3103 —
1747 3086 1852 3110 Inferius
1873 3089 1930 3117 post
1948 3092 1995 3112 nec
2015 3087 2094 3112 curat
2119 3086 2177 3111 cod.
2205 3086 2227 3110 X
2254 3086 2356 3117 supplet
2374 3084 2402 3109 (le

1454 3129 1624 3162 confhssione.

1525 3173 1535 3189 ⁵
1557 3174 1619 3198 Vide
1640 3174 1752 3199 scholion
1774 3174 1806 3199 ad
1828 3174 2025 3205 praecedentem
2046 3176 2145 3206 quaest.

1524 3217 1534 3233 ὃ
1554 3217 1603 3242 Cir.
1625 3218 1649 3242 ll.
1671 3220 1739 3242 sent.
1761 3218 1784 3242 d.
1807 3218 1847 3242 sio.
1877 3225 1898 3243 a.
1934 3219 1953 3242 1.
1974 3225 1998 3250 q.
2020 3218 2043 3242 3.
2064 3231 2098 3236 —-
2118 3218 2166 3242 Pro
2194 3223 2302 3247 rerum,
2333 3214 2401 3248 quod

1454 3261 1574 3285 exhibent
1593 3261 1668 3285 codd.
1688 3261 1768 3285 lILU
1788 3261 1835 3292 (bl)
1855 3268 1868 3286 a
1888 3261 2002 3286 secunda
2032 3264 2121 3292 manu)
2151 3263 2175 3285 ct
2203 3260 2278 3285 codd.
2305 3258 2400 3283 FGlK

1454 3307 1587 3336 omittunt,
1610 3306 1650 3329 nlii
1676 3313 1735 3330 cum
1766 3305 1824 3330 edd.
1844 3307 1901 3331 ant.
1924 3320 1958 3323 —
1979 3306 2047 3330 ldem
2068 3305 2130 3330 dub.
2151 3306 2227 3330 solvit
2246 3305 2275 3329 B.
2294 3303 2399 3333 Albert.;

1454 3350 1495 3373 liic
1514 3357 1535 3373 a.
1557 3350 1588 3379 ‘23
1610 3350 1634 3373 S.
1656 3349 1748 3374 Tliom.
1768 3353 1793 3374 et
1813 3349 1931 3374 l'niclmrd.
1952 3356 1966 3374 a
1986 3349 2064 3380 llled.y
2088 3350 2128 3374 hic
2148 3349 2214 3373 circa
2235 3348 2268 3373 lit.
