2483 3882
280 769 354 796 Appli-

208 798 281 818 cantur
291 795 318 816 ad
328 795 352 816 li-

207 824 256 844 bros
265 823 354 843 Senten-

208 850 292 870 tiaram.

224 926 352 948 Notandum.

372 252 456 284 1054

366 342 534 376 assumta,
560 339 590 370 in
614 347 677 379 qua
699 337 810 379 posuit
834 337 1085 369 tabeo-naculum
1112 346 1212 369 Sinam
1228 337 1247 368 ¹.
1272 356 1316 360 ——

365 390 482 422 Facies
505 393 610 422 autem
635 389 730 421 huius
754 392 801 421 est
823 389 970 421 maiestas
1001 389 1194 427 Divinitatis,
1219 398 1314 430 quam

366 442 562 480 videbimus,
586 450 658 473 cum
681 441 810 479 erimus
825 440 962 482 gloriosi.
979 459 1023 464 —-
1038 441 1140 473 Pedes
1156 449 1232 473 vero
1249 441 1313 473 sive

366 494 422 526 via
446 497 519 526 sunt
542 501 638 534 opera
660 492 783 531 finalia,
808 501 888 534 quae
913 496 986 525 sunt
1011 493 1127 531 velata,
1151 494 1232 526 sicut
1260 493 1313 526 illa

366 554 446 587 quae
469 545 626 587 pertinent
641 545 680 577 ad
698 545 791 577 finem
817 545 936 577 mundi.
952 545 1116 577 —Media
1137 555 1211 578 vero
1231 546 1312 578 inter

365 598 419 630 Dei
437 597 685 639 magnitudinem
708 601 866 629 aeternam
885 601 916 629 et
932 600 1071 629 nostram
1095 597 1316 639 magnificatio-

366 649 459 682 nem²
476 649 616 681 futuram
638 653 711 682 sunt
735 659 814 692 opus
838 650 1003 682 creationis
1026 654 1056 682 et
1081 650 1314 692 redemptionis.

455 701 563 743 Incipit
593 702 689 743 igitur
721 702 865 743 Magister
896 711 915 734 a
945 701 1033 744 faeie
1067 702 1249 734 Maiestatis
1284 702 1314 734 in

367 754 486 795 primo,
510 757 541 786 et
565 754 705 786 decurrit
727 763 784 795 per
809 754 917 786 media
941 755 971 786 in
997 755 1134 787 secundo
1159 758 1189 787 et
1207 755 1316 793 tertio,

367 810 398 838 et
423 806 601 839 terminavit
625 807 655 838 in
676 806 815 849 pedibus
843 807 908 839 sive
941 808 971 839 in
1004 807 1075 840 imis
1106 807 1137 840 in
1169 811 1281 850 quarto
1295 807 1315 838 ³.

456 859 507 891 Isti
523 863 628 892 autem
652 859 747 901 pedes
763 868 846 892 nunc
863 863 936 892 sunt
959 860 1070 900 velati,
1096 860 1151 893 sed
1168 864 1243 893 tunc
1259 861 1318 893 dis-

366 911 602 954 cooperientur,
627 912 753 954 quando
777 912 870 944 facies
895 913 1155 945 manifestabitur.
1180 913 1240 945 Hoc
1266 922 1317 945 au-

366 966 430 996 tem
454 963 529 1002 erit,
555 964 680 1005 quando
711 964 822 997 «Deus
845 965 887 1006 ita
911 965 971 997 erit
994 965 1199 1007 conspicuus,
1216 969 1252 998 ut
1275 965 1317 997 vi-

1128 251 1410 284 SENTENTIARUM
1435 252 1502 283 LIB.
1527 252 1574 285 lV.

1378 338 1491 370 deatur
1515 347 1533 370 a
1557 339 1688 380 singulis
1712 339 1802 372 nobis
1826 340 1856 371 in
1890 341 2020 382 singulis
2051 342 2157 381 nobis,
2181 342 2327 375 videatur

1379 391 1419 423 ab
1443 390 1542 423 altero
1565 391 1596 423 in
1620 391 1736 430 altero,
1760 391 1905 424 videatur
1928 392 1960 424 in
1980 393 2165 435 semetipse,
2181 394 2325 427 videatur

1380 443 1410 475 in
1435 443 1589 476 creaturis
1618 443 1781 483 omnibus,
1806 444 1950 477 videatur
1981 446 2075 478 etiam
2108 454 2163 487 per
2195 455 2326 488 corpora

1379 494 1410 526 in
1433 495 1516 527 omni
1541 504 1690 536 corpore,
1715 505 1914 538 quocumque
1938 496 2054 529 fuerint
2075 497 2247 539 spiritualis
2262 507 2327 530 cor-

1378 547 1464 589 poris
1487 547 1586 587 oculi‚
1611 548 1676 580 acie
1700 549 1915 590 perveniente,
1940 549 2049 582 directi
2064 549 2118 581 ⁴¹».
2149 550 2262 583 «Tunc
2286 551 2328 582 vi-

1381 599 1544 639 debimus,
1568 600 1763 640 amabimus,
1787 601 1988 634 laudabimus
1998 614 2037 641 »ς
2060 605 2134 635 tunc
2163 603 2328 644 apparebit

1381 651 1541 690 Christus,
1564 651 1634 684 vita
1657 656 1791 690 nostra,
1816 657 1846 686 et
1862 662 1918 686 nos
1934 654 2156 695 apparebimus
2172 663 2244 687 cum
2260 654 2328 696 ipso

1381 704 1411 736 in
1436 704 1535 745 gloria
1549 704 1577 743 ⁵3
1601 705 1641 737 ad
1665 714 1760 746 quam
1785 715 1841 738 nos
1864 706 2017 747 perducat
2040 707 2179 739 Pontifex
2196 710 2226 739 et
2241 716 2329 749 prae-

1382 765 1492 789 cursor
1515 761 1621 789 noster
1649 757 1733 790 Iesus
1764 758 1924 797 Christus,
1949 759 2043 792 Filius
2073 759 2128 791 Dei
2159 762 2190 791 et
2220 759 2329 792 beatae

1381 809 1509 847 Mariae,
1527 809 1671 842 dominae
1687 813 1716 842 et
1740 810 1903 843 adiutricis
1926 814 2067 850 nostrae,
2093 820 2149 844 sua
2172 811 2224 853 pia
2240 811 2329 844 mise-

1382 861 1536 900 ricordia3
1560 862 1610 894 cui
1634 865 1681 894 est
1706 862 1879 895 benedictio
1903 867 1931 895 et
1954 863 2092 895 claritas
2116 868 2144 896 et
2163 863 2327 906 sapientia

1382 918 1411 946 et
1431 915 1627 956 qratiarnnz
1651 915 1756 954 actio,
1780 914 1883 947 honor
1912 920 1940 948 et
1969 916 2078 948 virtus
2108 920 2138 948 et
2166 915 2328 958 fortitudo

1379 976 1440 1008 per
1463 966 1596 1009 infinita
1619 967 1753 1000 saecula
1776 968 1996 1000 saeculorum.
2020 969 2125 1001 Anien
2139 969 2159 1000 Β.

529 1101 532 1103 ’
548 1100 714 1133 EXPLICIT
731 1101 837 1133 LIBER
856 1101 1025 1142 QUARTUS
1042 1102 1088 1133 ET
1106 1102 1265 1135 ULTIMUS
1290 1102 1441 1135 FRATRIS
1464 1103 1759 1137 BONAVENTURAE
1784 1105 1899 1137 SUPER
1923 1105 2156 1137 SENTENTIAS.

439 1374 447 1390 1
469 1375 561 1400 Psalni.
584 1375 631 1406 ⁴18,
653 1375 677 1399 6.

437 1420 448 1436 ’ν’
468 1418 548 1445 Codd.
568 1419 620 1444 ΑΗ
632 1421 654 1445 V
673 1421 923 1456 manifestationem.

439 1462 451 1479 ³
468 1462 518 1488 Csr.
532 1462 697 1489 Prooemium
718 1466 744 1491 S.
759 1466 856 1492 Bonav.
876 1468 901 1491 in
920 1466 937 1491 l.
956 1466 1023 1491 Sent.
1037 1478 1072 1483 —
1087 1465 1133 1490 Pro
1146 1465 1208 1492 imis
1221 1466 1317 1492 codd.l

368 1507 390 1532 K
402 1506 422 1532 Ο
432 1506 453 1532 U
472 1505 530 1533 viis.

437 1548 448 1565 ⁴
467 1552 589 1585 August,
611 1553 689 1578 xxii.
710 1553 742 1578 de
766 1553 820 1579 Civ.
842 1554 900 1586 Dei,
922 1561 941 1580 c.
965 1554 1005 1579 29.
1026 1563 1050 1581 n.
1071 1554 1094 1578 6.
1125 1554 1171 1579 Pro
1196 1553 1319 1580 videatur

367 1595 395 1622 in
415 1595 546 1622 creaturis
565 1595 688 1622 omnibus
712 1599 796 1622 textus
815 1598 945 1629 originalis
968 1597 1091 1624 videatur
1110 1597 1138 1623 in
1157 1597 1229 1624 caelo
1246 1604 1314 1624 novo

1384 1378 1408 1403 et
1427 1377 1455 1403 in
1474 1379 1547 1404 terra
1570 1385 1639 1404 nova
1661 1379 1740 1412 atque
1764 1378 1792 1404 in
1817 1378 1890 1406 omni
1913 1386 1981 1413 quae
2006 1381 2068 1405 tunc
2091 1379 2174 1412 fuerit
2196 1382 2329 1407 creatura.

1383 1435 1419 1440 —
1438 1421 1496 1454 Seq.
1522 1422 1594 1447 locus
1618 1425 1657 1448 est
1680 1422 1742 1448 ibid.
1768 1429 1791 1448 c.
1819 1423 1860 1448 30.
1886 1430 1912 1448 n.
1934 1423 1957 1448 5.
1984 1423 2033 1449 Csr.
2061 1431 2140 1456 supra
2162 1431 2222 1456 pag.
2245 1425 2327 1457 moe,

1384 1469 1442 1491 nota
1464 1466 1487 1490 11.

1454 1508 1465 1526 ⁵
1485 1510 1628 1541 Respicitur
1647 1509 1699 1536 Col.
1720 1511 1749 1543 3,
1764 1510 1795 1536 4:
1810 1510 1874 1536 Cum
1894 1510 2010 1537 Christus
2034 1513 2195 1544 apparuerit,
2221 1513 2273 1538 vita
2291 1519 2332 1537 ve-

1384 1556 1448 1586 stra,
1468 1556 1529 1579 tunc
1547 1557 1572 1579 et
1590 1561 1638 1579 vos
1657 1554 1816 1586 apparebitis
1836 1561 1894 1580 cum
1915 1556 1972 1587 ipso
1991 1556 2016 1580 in
2036 1555 2125 1587 gloria.

1455 1596 1465 1613 ⁶
1486 1598 1565 1629 Apoc.
1585 1597 1615 1629 7,
1638 1599 1677 1623 42,
