<?xml version="1.0" encoding="UTF-8"?>
<!DOCTYPE html PUBLIC "-//W3C//DTD XHTML 1.0 Transitional//EN"
    "http://www.w3.org/TR/xhtml1/DTD/xhtml1-transitional.dtd">
<html xmlns="http://www.w3.org/1999/xhtml" xml:lang="en" lang="en">
 <head>
  <title>
</title>
<meta http-equiv="Content-Type" content="text/html;charset=utf-8" />
  <meta name='ocr-system' content='tesseract 3.04.00' />
  <meta name='ocr-capabilities' content='ocr_page ocr_carea ocr_par ocr_line ocrx_word'/>
</head>
<body>
  <div class='ocr_page' id='page_1' title='image "./doctorisseraphic04bona_0457.png"; bbox 0 0 2483 3882; ppageno 0'>
   <div class='ocr_carea' id='block_1_1' title="bbox 694 223 1385 265">
    <p class='ocr_par' dir='ltr' id='par_1_1' title="bbox 694 223 1385 265">
     <span class='ocr_line' id='line_1_1' title="bbox 694 223 1385 265; baseline 0 -9"><span class='ocrx_word' id='word_1_1' title='bbox 694 224 788 256; x_wconf 86' lang='lat' dir='ltr'><strong>DIST.</strong></span> <span class='ocrx_word' id='word_1_2' title='bbox 812 223 898 257; x_wconf 89' lang='lat' dir='ltr'>XVII.</span> <span class='ocrx_word' id='word_1_3' title='bbox 923 224 952 256; x_wconf 88' lang='lat' dir='ltr'>P.</span> <span class='ocrx_word' id='word_1_4' title='bbox 978 224 1010 256; x_wconf 92' lang='grc'>11.</span> <span class='ocrx_word' id='word_1_5' title='bbox 1035 224 1117 256; x_wconf 74' lang='lat' dir='ltr'>ART.</span> <span class='ocrx_word' id='word_1_6' title='bbox 1141 224 1161 255; x_wconf 92' lang='lat' dir='ltr'>I.</span> <span class='ocrx_word' id='word_1_7' title='bbox 1187 224 1339 265; x_wconf 89' lang='lat' dir='ltr'>QUAEST.</span> <span class='ocrx_word' id='word_1_8' title='bbox 1365 224 1385 256; x_wconf 88' lang='grc' dir='ltr'>Ι.</span> 
     </span>
    </p>
   </div>
   <div class='ocr_carea' id='block_1_2' title="bbox 0 311 1006 2255">
    <p class='ocr_par' dir='ltr' id='par_1_2' title="bbox 57 311 1006 459">
     <span class='ocr_line' id='line_1_2' title="bbox 57 311 1003 352; baseline -0.002 -6"><span class='ocrx_word' id='word_1_9' title='bbox 57 315 131 347; x_wconf 86' lang='lat' dir='ltr'>istae</span> <span class='ocrx_word' id='word_1_10' title='bbox 155 315 218 344; x_wconf 87' lang='lat' dir='ltr'>tres</span> <span class='ocrx_word' id='word_1_11' title='bbox 242 314 347 352; x_wconf 86' lang='lat' dir='ltr'>partes</span> <span class='ocrx_word' id='word_1_12' title='bbox 371 311 543 352; x_wconf 88' lang='lat' dir='ltr'>respiciunt</span> <span class='ocrx_word' id='word_1_13' title='bbox 566 311 807 352; x_wconf 87' lang='lat' dir='ltr'>poenitentiam,</span> <span class='ocrx_word' id='word_1_14' title='bbox 830 312 1003 344; x_wconf 89' lang='lat' dir='ltr'>secundum</span> 
     </span>
     <span class='ocr_line' id='line_1_3' title="bbox 58 363 1006 408; baseline -0.002 -10"><span class='ocrx_word' id='word_1_15' title='bbox 58 365 139 408; x_wconf 89' lang='lat' dir='ltr'>quod</span> <span class='ocrx_word' id='word_1_16' title='bbox 163 368 209 396; x_wconf 91' lang='lat' dir='ltr'>est</span> <span class='ocrx_word' id='word_1_17' title='bbox 232 363 339 395; x_wconf 77' lang='lat' dir='ltr'>virtus</span> <span class='ocrx_word' id='word_1_18' title='bbox 368 367 399 396; x_wconf 88' lang='lat' dir='ltr'>et</span> <span class='ocrx_word' id='word_1_19' title='bbox 430 363 604 396; x_wconf 86' lang='lat' dir='ltr'>secundum</span> <span class='ocrx_word' id='word_1_20' title='bbox 631 364 715 405; x_wconf 88' lang='lat' dir='ltr'>quod</span> <span class='ocrx_word' id='word_1_21' title='bbox 740 367 786 396; x_wconf 88' lang='lat' dir='ltr'>est</span> <span class='ocrx_word' id='word_1_22' title='bbox 811 364 1006 396; x_wconf 83' lang='lat' dir='ltr'>Sacramen-</span> 
     </span>
     <span class='ocr_line' id='line_1_4' title="bbox 59 416 1006 459; baseline -0.002 -8"><span class='ocrx_word' id='word_1_23' title='bbox 59 423 145 455; x_wconf 80' lang='lat' dir='ltr'>tam;</span> <span class='ocrx_word' id='word_1_24' title='bbox 167 417 221 449; x_wconf 87' lang='lat' dir='ltr'>sed</span> <span class='ocrx_word' id='word_1_25' title='bbox 246 416 421 458; x_wconf 72' lang='lat' dir='ltr'>specialiter</span> <span class='ocrx_word' id='word_1_26' title='bbox 446 416 598 448; x_wconf 81' lang='lat' dir='ltr'>contritio</span> <span class='ocrx_word' id='word_1_27' title='bbox 630 420 660 448; x_wconf 88' lang='lat' dir='ltr'>et</span> <span class='ocrx_word' id='word_1_28' title='bbox 691 416 878 459; x_wconf 71' lang='lat' dir='ltr'>satisfactio</span> <span class='ocrx_word' id='word_1_29' title='bbox 910 417 1006 459; x_wconf 85' lang='lat' dir='ltr'>respi-</span> 
     </span>
    </p>

    <p class='ocr_par' dir='ltr' id='par_1_3' title="bbox 0 467 1006 615">
     <span class='ocr_line' id='line_1_5' title="bbox 0 467 1004 542; baseline -0.003 -38"><span class='ocrx_word' id='word_1_30' title='bbox 0 486 1 542; x_wconf 35' lang='grc'><strong>1</strong></span> <span class='ocrx_word' id='word_1_31' title='bbox 58 472 141 505; x_wconf 85' lang='lat' dir='ltr'>ciunt</span> <span class='ocrx_word' id='word_1_32' title='bbox 163 469 332 506; x_wconf 81' lang='lat' dir='ltr'>virtatem,</span> <span class='ocrx_word' id='word_1_33' title='bbox 350 469 405 501; x_wconf 89' lang='lat' dir='ltr'>sed</span> <span class='ocrx_word' id='word_1_34' title='bbox 422 467 582 511; x_wconf 82' lang='lat' dir='ltr'>confessio</span> <span class='ocrx_word' id='word_1_35' title='bbox 606 470 703 511; x_wconf 81' lang='lat' dir='ltr'>magis</span> <span class='ocrx_word' id='word_1_36' title='bbox 720 474 767 502; x_wconf 87' lang='lat' dir='ltr'>est</span> <span class='ocrx_word' id='word_1_37' title='bbox 783 470 1004 511; x_wconf 80' lang='lat' dir='ltr'>poenitentiae,</span> 
     </span>
     <span class='ocr_line' id='line_1_6' title="bbox 58 521 1003 564; baseline -0.002 -8"><span class='ocrx_word' id='word_1_38' title='bbox 58 527 92 557; x_wconf 93' lang='lat' dir='ltr'>ut</span> <span class='ocrx_word' id='word_1_39' title='bbox 114 526 160 555; x_wconf 90' lang='lat' dir='ltr'>est</span> <span class='ocrx_word' id='word_1_40' title='bbox 183 522 456 559; x_wconf 70' lang='lat' dir='ltr'><strong><em>Sacramentum,</em></strong></span> <span class='ocrx_word' id='word_1_41' title='bbox 489 521 569 554; x_wconf 82' lang='lat' dir='ltr'>sicut</span> <span class='ocrx_word' id='word_1_42' title='bbox 592 522 706 554; x_wconf 86' lang='lat' dir='ltr'>melius</span> <span class='ocrx_word' id='word_1_43' title='bbox 739 522 857 564; x_wconf 86' lang='lat' dir='ltr'>patebit</span> <span class='ocrx_word' id='word_1_44' title='bbox 889 523 969 554; x_wconf 83' lang='lat' dir='ltr'>infra</span> <span class='ocrx_word' id='word_1_45' title='bbox 983 522 1003 554; x_wconf 87' lang='lat'>¹.</span> 
     </span>
     <span class='ocr_line' id='line_1_7' title="bbox 57 573 1006 615; baseline -0.003 -7"><span class='ocrx_word' id='word_1_46' title='bbox 57 575 210 609; x_wconf 85' lang='lat' dir='ltr'>Confessio</span> <span class='ocrx_word' id='word_1_47' title='bbox 233 574 315 606; x_wconf 91' lang='lat' dir='ltr'>enim</span> <span class='ocrx_word' id='word_1_48' title='bbox 341 574 476 615; x_wconf 82' lang='lat' dir='ltr'>peccati,</span> <span class='ocrx_word' id='word_1_49' title='bbox 500 582 582 615; x_wconf 86' lang='lat' dir='ltr'>quae</span> <span class='ocrx_word' id='word_1_50' title='bbox 607 573 641 605; x_wconf 86' lang='lat' dir='ltr'>fit</span> <span class='ocrx_word' id='word_1_51' title='bbox 665 575 802 613; x_wconf 86' lang='lat' dir='ltr'>homiui,</span> <span class='ocrx_word' id='word_1_52' title='bbox 826 577 932 606; x_wconf 88' lang='lat' dir='ltr'>ortum</span> <span class='ocrx_word' id='word_1_53' title='bbox 954 574 1006 605; x_wconf 84' lang='lat' dir='ltr'>ha-</span> 
     </span>
    </p>

    <p class='ocr_par' dir='ltr' id='par_1_4' title="bbox 0 626 1006 714">
     <span class='ocr_line' id='line_1_8' title="bbox 0 626 1006 665; baseline -0.003 -4"><span class='ocrx_word' id='word_1_54' title='bbox 0 633 42 659; x_wconf 71' lang='lat' dir='ltr'>lum·</span> <span class='ocrx_word' id='word_1_55' title='bbox 56 629 106 662; x_wconf 92' lang='lat' dir='ltr'>bet</span> <span class='ocrx_word' id='word_1_56' title='bbox 128 636 188 659; x_wconf 88' lang='lat' dir='ltr'>non</span> <span class='ocrx_word' id='word_1_57' title='bbox 213 629 334 659; x_wconf 87' lang='lat' dir='ltr'>tantum</span> <span class='ocrx_word' id='word_1_58' title='bbox 359 635 377 658; x_wconf 85' lang='lat' dir='ltr'>a</span> <span class='ocrx_word' id='word_1_59' title='bbox 393 631 540 665; x_wconf 74' lang='lat' dir='ltr'>natura,</span> <span class='ocrx_word' id='word_1_60' title='bbox 558 627 613 659; x_wconf 89' lang='lat' dir='ltr'>sed</span> <span class='ocrx_word' id='word_1_61' title='bbox 630 627 723 659; x_wconf 83' lang='lat' dir='ltr'>etiam</span> <span class='ocrx_word' id='word_1_62' title='bbox 746 627 786 659; x_wconf 85' lang='lat' dir='ltr'>ab</span> <span class='ocrx_word' id='word_1_63' title='bbox 803 626 1006 658; x_wconf 76' lang='lat' dir='ltr'>institutione</span> 
     </span>
     <span class='ocr_line' id='line_1_9' title="bbox 57 680 177 714; baseline -0.025 0"><span class='ocrx_word' id='word_1_64' title='bbox 57 680 177 714; x_wconf 81' lang='lat' dir='ltr'>divina.</span> 
     </span>
    </p>

    <p class='ocr_par' dir='ltr' id='par_1_5' title="bbox 56 732 1005 880">
     <span class='ocr_line' id='line_1_10' title="bbox 142 732 1004 774; baseline -0.001 -9"><span class='ocrx_word' id='word_1_65' title='bbox 142 734 170 765; x_wconf 89' lang='grc'>6.</span> <span class='ocrx_word' id='word_1_66' title='bbox 196 733 230 765; x_wconf 85' lang='lat' dir='ltr'>Et</span> <span class='ocrx_word' id='word_1_67' title='bbox 253 741 293 764; x_wconf 84' lang='lat' dir='ltr'>ex</span> <span class='ocrx_word' id='word_1_68' title='bbox 318 732 377 764; x_wconf 87' lang='lat' dir='ltr'>hoc</span> <span class='ocrx_word' id='word_1_69' title='bbox 401 736 485 774; x_wconf 88' lang='lat' dir='ltr'>patet</span> <span class='ocrx_word' id='word_1_70' title='bbox 502 733 662 774; x_wconf 79' lang='lat' dir='ltr'>responsio</span> <span class='ocrx_word' id='word_1_71' title='bbox 679 733 719 765; x_wconf 88' lang='lat' dir='ltr'>ad</span> <span class='ocrx_word' id='word_1_72' title='bbox 736 733 902 772; x_wconf 87' lang='lat' dir='ltr'>ultimum,</span> <span class='ocrx_word' id='word_1_73' title='bbox 920 733 1004 774; x_wconf 86' lang='lat' dir='ltr'>quod</span> 
     </span>
     <span class='ocr_line' id='line_1_11' title="bbox 57 785 1004 827; baseline -0.002 -8"><span class='ocrx_word' id='word_1_74' title='bbox 57 786 144 824; x_wconf 87' lang='lat' dir='ltr'>dicit,</span> <span class='ocrx_word' id='word_1_75' title='bbox 168 785 252 827; x_wconf 86' lang='lat' dir='ltr'>quod</span> <span class='ocrx_word' id='word_1_76' title='bbox 284 788 330 817; x_wconf 89' lang='lat' dir='ltr'>est</span> <span class='ocrx_word' id='word_1_77' title='bbox 360 794 440 827; x_wconf 90' lang='lat' dir='ltr'>opus</span> <span class='ocrx_word' id='word_1_78' title='bbox 469 785 604 817; x_wconf 88' lang='lat' dir='ltr'>virtutis.</span> <span class='ocrx_word' id='word_1_79' title='bbox 628 785 703 817; x_wconf 89' lang='lat' dir='ltr'>Dico</span> <span class='ocrx_word' id='word_1_80' title='bbox 731 785 832 823; x_wconf 76' lang='lat' dir='ltr'>enim,</span> <span class='ocrx_word' id='word_1_81' title='bbox 857 786 940 827; x_wconf 85' lang='lat' dir='ltr'>quod</span> <span class='ocrx_word' id='word_1_82' title='bbox 970 794 1004 817; x_wconf 88' lang='lat' dir='ltr'>re</span> 
     </span>
     <span class='ocr_line' id='line_1_12' title="bbox 56 837 1005 880; baseline -0.003 -8"><span class='ocrx_word' id='word_1_83' title='bbox 56 847 129 872; x_wconf 86' lang='lat' dir='ltr'>vera</span> <span class='ocrx_word' id='word_1_84' title='bbox 151 846 231 880; x_wconf 89' lang='lat' dir='ltr'>opus</span> <span class='ocrx_word' id='word_1_85' title='bbox 253 837 389 869; x_wconf 77' lang='lat' dir='ltr'>virtutis</span> <span class='ocrx_word' id='word_1_86' title='bbox 412 843 475 876; x_wconf 86' lang='lat' dir='ltr'>est,</span> <span class='ocrx_word' id='word_1_87' title='bbox 494 838 547 870; x_wconf 88' lang='lat' dir='ltr'>sed</span> <span class='ocrx_word' id='word_1_88' title='bbox 572 847 633 870; x_wconf 90' lang='lat' dir='ltr'>non</span> <span class='ocrx_word' id='word_1_89' title='bbox 659 838 810 876; x_wconf 83' lang='lat' dir='ltr'>omnino,</span> <span class='ocrx_word' id='word_1_90' title='bbox 833 839 887 871; x_wconf 88' lang='lat' dir='ltr'>sed</span> <span class='ocrx_word' id='word_1_91' title='bbox 908 838 1005 870; x_wconf 83' lang='lat' dir='ltr'>virtu-</span> 
     </span>
    </p>

    <p class='ocr_par' dir='ltr' id='par_1_6' title="bbox 1 890 1005 1143">
     <span class='ocr_line' id='line_1_13' title="bbox 1 890 1003 925; baseline -0.003 0"><span class='ocrx_word' id='word_1_92' title='bbox 1 899 44 920; x_wconf 72' lang='lat' dir='ltr'>lum·</span> <span class='ocrx_word' id='word_1_93' title='bbox 58 893 95 925; x_wconf 86' lang='lat' dir='ltr'>tis</span> <span class='ocrx_word' id='word_1_94' title='bbox 111 900 180 924; x_wconf 88' lang='lat' dir='ltr'>cum</span> <span class='ocrx_word' id='word_1_95' title='bbox 199 890 399 922; x_wconf 87' lang='lat' dir='ltr'>adiunctione</span> <span class='ocrx_word' id='word_1_96' title='bbox 416 890 618 923; x_wconf 85' lang='lat' dir='ltr'>institutionis</span> <span class='ocrx_word' id='word_1_97' title='bbox 632 891 834 923; x_wconf 85' lang='lat' dir='ltr'>Sacramenti.</span> <span class='ocrx_word' id='word_1_98' title='bbox 856 891 982 922; x_wconf 76' lang='lat' dir='ltr'>Veritas</span> <span class='ocrx_word' id='word_1_99' title='bbox 993 890 1003 905; x_wconf 83' lang='lat'><strong>²</strong></span> 
     </span>
     <span class='ocr_line' id='line_1_14' title="bbox 55 943 1005 985; baseline -0.002 -8"><span class='ocrx_word' id='word_1_100' title='bbox 55 944 134 978; x_wconf 86' lang='lat' dir='ltr'>enim</span> <span class='ocrx_word' id='word_1_101' title='bbox 158 952 219 975; x_wconf 88' lang='lat' dir='ltr'>non</span> <span class='ocrx_word' id='word_1_102' title='bbox 244 943 356 982; x_wconf 85' lang='lat' dir='ltr'>dictat,</span> <span class='ocrx_word' id='word_1_103' title='bbox 381 943 465 985; x_wconf 88' lang='lat' dir='ltr'>quod</span> <span class='ocrx_word' id='word_1_104' title='bbox 490 947 616 984; x_wconf 82' lang='lat' dir='ltr'>peccata</span> <span class='ocrx_word' id='word_1_105' title='bbox 640 944 761 976; x_wconf 86' lang='lat' dir='ltr'>occulta</span> <span class='ocrx_word' id='word_1_106' title='bbox 786 943 931 975; x_wconf 85' lang='lat' dir='ltr'>dicantur</span> <span class='ocrx_word' id='word_1_107' title='bbox 953 943 1005 974; x_wconf 88' lang='lat' dir='ltr'>ho-</span> 
     </span>
     <span class='ocr_line' id='line_1_15' title="bbox 55 996 1003 1038; baseline -0.003 -8"><span class='ocrx_word' id='word_1_108' title='bbox 55 998 145 1036; x_wconf 85' lang='lat' dir='ltr'>mini;</span> <span class='ocrx_word' id='word_1_109' title='bbox 170 996 313 1029; x_wconf 90' lang='lat' dir='ltr'>similiter</span> <span class='ocrx_word' id='word_1_110' title='bbox 338 1005 395 1029; x_wconf 88' lang='lat' dir='ltr'>nec</span> <span class='ocrx_word' id='word_1_111' title='bbox 414 996 616 1038; x_wconf 76' lang='lat' dir='ltr'>poenitentia</span> <span class='ocrx_word' id='word_1_112' title='bbox 640 996 735 1028; x_wconf 86' lang='lat' dir='ltr'>dictat</span> <span class='ocrx_word' id='word_1_113' title='bbox 768 996 846 1028; x_wconf 88' lang='lat' dir='ltr'>illud</span> <span class='ocrx_word' id='word_1_114' title='bbox 871 1004 927 1037; x_wconf 90' lang='lat' dir='ltr'>per</span> <span class='ocrx_word' id='word_1_115' title='bbox 952 1004 1003 1034; x_wconf 83' lang='lat' dir='ltr'>se,</span> 
     </span>
     <span class='ocr_line' id='line_1_16' title="bbox 55 1049 1004 1093; baseline -0.001 -12"><span class='ocrx_word' id='word_1_116' title='bbox 55 1053 343 1093; x_wconf 85' lang='lat' dir='ltr'>quantumcumque</span> <span class='ocrx_word' id='word_1_117' title='bbox 368 1049 462 1081; x_wconf 84' lang='lat' dir='ltr'>homo</span> <span class='ocrx_word' id='word_1_118' title='bbox 486 1049 607 1088; x_wconf 77' lang='lat' dir='ltr'>doleat3</span> <span class='ocrx_word' id='word_1_119' title='bbox 636 1049 691 1081; x_wconf 88' lang='lat' dir='ltr'>sed</span> <span class='ocrx_word' id='word_1_120' title='bbox 716 1058 787 1081; x_wconf 87' lang='lat' dir='ltr'>cum</span> <span class='ocrx_word' id='word_1_121' title='bbox 813 1049 896 1081; x_wconf 87' lang='lat' dir='ltr'>Deus</span> <span class='ocrx_word' id='word_1_122' title='bbox 921 1049 1004 1081; x_wconf 89' lang='lat' dir='ltr'>insti-</span> 
     </span>
     <span class='ocr_line' id='line_1_17' title="bbox 55 1101 1004 1143; baseline -0.003 -7"><span class='ocrx_word' id='word_1_123' title='bbox 55 1103 128 1141; x_wconf 79' lang='lat' dir='ltr'>tuit,</span> <span class='ocrx_word' id='word_1_124' title='bbox 152 1106 226 1134; x_wconf 89' lang='lat' dir='ltr'>tunc</span> <span class='ocrx_word' id='word_1_125' title='bbox 249 1102 358 1133; x_wconf 78' lang='lat' dir='ltr'>virias</span> <span class='ocrx_word' id='word_1_126' title='bbox 383 1101 581 1134; x_wconf 65' lang='lat' dir='ltr'>obedientiae</span> <span class='ocrx_word' id='word_1_127' title='bbox 605 1102 790 1143; x_wconf 72' lang='lat' dir='ltr'>imperavit,</span> <span class='ocrx_word' id='word_1_128' title='bbox 805 1101 1004 1143; x_wconf 76' lang='lat' dir='ltr'>poenitentia</span> 
     </span>
    </p>

    <p class='ocr_par' dir='ltr' id='par_1_7' title="bbox 1 1154 1005 1461">
     <span class='ocr_line' id='line_1_18' title="bbox 1 1154 1005 1195; baseline -0.003 -6"><span class='ocrx_word' id='word_1_129' title='bbox 1 1162 44 1183; x_wconf 82' lang='lat' dir='ltr'>ium·</span> <span class='ocrx_word' id='word_1_130' title='bbox 56 1155 254 1193; x_wconf 76' lang='lat' dir='ltr'>acceleravit,</span> <span class='ocrx_word' id='word_1_131' title='bbox 279 1158 309 1187; x_wconf 89' lang='lat' dir='ltr'>et</span> <span class='ocrx_word' id='word_1_132' title='bbox 332 1155 456 1186; x_wconf 80' lang='lat' dir='ltr'>veritas</span> <span class='ocrx_word' id='word_1_133' title='bbox 480 1158 586 1187; x_wconf 88' lang='lat' dir='ltr'>actum</span> <span class='ocrx_word' id='word_1_134' title='bbox 611 1155 737 1187; x_wconf 82' lang='lat' dir='ltr'>direxit.</span> <span class='ocrx_word' id='word_1_135' title='bbox 764 1174 804 1177; x_wconf 97' lang='lat'><strong>—</strong></span> <span class='ocrx_word' id='word_1_136' title='bbox 832 1155 865 1186; x_wconf 83' lang='lat' dir='ltr'>Et</span> <span class='ocrx_word' id='word_1_137' title='bbox 888 1154 930 1186; x_wconf 79' lang='lat' dir='ltr'>ita</span> <span class='ocrx_word' id='word_1_138' title='bbox 954 1164 1005 1195; x_wconf 84' lang='lat' dir='ltr'>pa-</span> 
     </span>
     <span class='ocr_line' id='line_1_19' title="bbox 54 1207 1004 1249; baseline -0.003 -7"><span class='ocrx_word' id='word_1_139' title='bbox 54 1211 113 1247; x_wconf 77' lang='lat' dir='ltr'>tet,</span> <span class='ocrx_word' id='word_1_140' title='bbox 135 1208 175 1240; x_wconf 82' lang='lat' dir='ltr'>ad</span> <span class='ocrx_word' id='word_1_141' title='bbox 199 1217 293 1249; x_wconf 89' lang='lat' dir='ltr'>quam</span> <span class='ocrx_word' id='word_1_142' title='bbox 320 1207 469 1240; x_wconf 86' lang='lat' dir='ltr'>virtutem</span> <span class='ocrx_word' id='word_1_143' title='bbox 487 1212 604 1249; x_wconf 75' lang='lat' dir='ltr'>spectet</span> <span class='ocrx_word' id='word_1_144' title='bbox 622 1208 762 1240; x_wconf 88' lang='lat' dir='ltr'>confiteri</span> <span class='ocrx_word' id='word_1_145' title='bbox 774 1234 781 1246; x_wconf 82' lang='grc'>,</span> <span class='ocrx_word' id='word_1_146' title='bbox 799 1211 828 1239; x_wconf 89' lang='lat' dir='ltr'>et</span> <span class='ocrx_word' id='word_1_147' title='bbox 845 1207 1004 1249; x_wconf 76' lang='lat' dir='ltr'>quomodo</span> 
     </span>
     <span class='ocr_line' id='line_1_20' title="bbox 55 1261 1005 1303; baseline -0.001 -10"><span class='ocrx_word' id='word_1_148' title='bbox 55 1262 91 1294; x_wconf 85' lang='lat' dir='ltr'>sit</span> <span class='ocrx_word' id='word_1_149' title='bbox 113 1270 192 1303; x_wconf 89' lang='lat' dir='ltr'>opus</span> <span class='ocrx_word' id='word_1_150' title='bbox 216 1261 343 1293; x_wconf 87' lang='lat' dir='ltr'>virtutis</span> <span class='ocrx_word' id='word_1_151' title='bbox 367 1264 397 1292; x_wconf 83' lang='lat' dir='ltr'>et</span> <span class='ocrx_word' id='word_1_152' title='bbox 421 1261 521 1293; x_wconf 88' lang='lat' dir='ltr'>cuius.</span> <span class='ocrx_word' id='word_1_153' title='bbox 552 1261 638 1293; x_wconf 90' lang='lat' dir='ltr'>Unde</span> <span class='ocrx_word' id='word_1_154' title='bbox 667 1261 868 1303; x_wconf 75' lang='lat' dir='ltr'>poenitentia</span> <span class='ocrx_word' id='word_1_155' title='bbox 902 1261 932 1292; x_wconf 89' lang='lat' dir='ltr'>in</span> <span class='ocrx_word' id='word_1_156' title='bbox 956 1269 1005 1302; x_wconf 82' lang='lat' dir='ltr'>ge-</span> 
     </span>
     <span class='ocr_line' id='line_1_21' title="bbox 53 1313 1005 1355; baseline -0.002 -8"><span class='ocrx_word' id='word_1_157' title='bbox 53 1313 149 1347; x_wconf 86' lang='lat' dir='ltr'>nerali</span> <span class='ocrx_word' id='word_1_158' title='bbox 174 1314 268 1346; x_wconf 85' lang='lat' dir='ltr'>dictat</span> <span class='ocrx_word' id='word_1_159' title='bbox 292 1313 377 1345; x_wconf 84' lang='lat' dir='ltr'>illam</span> <span class='ocrx_word' id='word_1_160' title='bbox 393 1313 421 1352; x_wconf 75' lang='lat'>³,</span> <span class='ocrx_word' id='word_1_161' title='bbox 447 1314 622 1346; x_wconf 85' lang='lat' dir='ltr'>secundum</span> <span class='ocrx_word' id='word_1_162' title='bbox 647 1314 731 1355; x_wconf 85' lang='lat' dir='ltr'>quod</span> <span class='ocrx_word' id='word_1_163' title='bbox 756 1317 804 1346; x_wconf 89' lang='lat' dir='ltr'>est</span> <span class='ocrx_word' id='word_1_164' title='bbox 828 1314 930 1345; x_wconf 86' lang='lat' dir='ltr'>virtus</span> <span class='ocrx_word' id='word_1_165' title='bbox 954 1323 1005 1345; x_wconf 81' lang='lat' dir='ltr'>vo-</span> 
     </span>
     <span class='ocr_line' id='line_1_22' title="bbox 53 1366 1003 1408; baseline -0.001 -9"><span class='ocrx_word' id='word_1_166' title='bbox 53 1367 118 1399; x_wconf 87' lang='lat' dir='ltr'>lens</span> <span class='ocrx_word' id='word_1_167' title='bbox 152 1366 253 1399; x_wconf 76' lang='lat' dir='ltr'>facere</span> <span class='ocrx_word' id='word_1_168' title='bbox 289 1366 473 1405; x_wconf 79' lang='lat' dir='ltr'>emendam3</span> <span class='ocrx_word' id='word_1_169' title='bbox 511 1366 691 1398; x_wconf 74' lang='lat' dir='ltr'>obedientia</span> <span class='ocrx_word' id='word_1_170' title='bbox 726 1375 783 1408; x_wconf 87' lang='lat' dir='ltr'>per</span> <span class='ocrx_word' id='word_1_171' title='bbox 818 1366 1003 1398; x_wconf 81' lang='lat' dir='ltr'>mandatum</span> 
     </span>
     <span class='ocr_line' id='line_1_23' title="bbox 54 1419 688 1461; baseline -0.002 -9"><span class='ocrx_word' id='word_1_172' title='bbox 54 1419 207 1461; x_wconf 85' lang='lat' dir='ltr'>specificat</span> <span class='ocrx_word' id='word_1_173' title='bbox 216 1432 224 1457; x_wconf 76' lang='lat'>3</span> <span class='ocrx_word' id='word_1_174' title='bbox 248 1419 372 1451; x_wconf 76' lang='lat' dir='ltr'>veritas</span> <span class='ocrx_word' id='word_1_175' title='bbox 396 1419 478 1451; x_wconf 84' lang='lat' dir='ltr'>elicit</span> <span class='ocrx_word' id='word_1_176' title='bbox 503 1423 533 1451; x_wconf 84' lang='lat' dir='ltr'>et</span> <span class='ocrx_word' id='word_1_177' title='bbox 556 1419 688 1461; x_wconf 72' lang='lat' dir='ltr'>regulet.</span> 
     </span>
    </p>

    <p class='ocr_par' dir='ltr' id='par_1_8' title="bbox 3 1472 1002 1620">
     <span class='ocr_line' id='line_1_24' title="bbox 143 1472 1002 1514; baseline 0.001 -11"><span class='ocrx_word' id='word_1_178' title='bbox 143 1473 169 1503; x_wconf 88' lang='grc'>1.</span> <span class='ocrx_word' id='word_1_179' title='bbox 193 1472 238 1504; x_wconf 67' lang='lat' dir='ltr'>Ad</span> <span class='ocrx_word' id='word_1_180' title='bbox 263 1472 342 1504; x_wconf 89' lang='lat' dir='ltr'>illud</span> <span class='ocrx_word' id='word_1_181' title='bbox 367 1472 451 1514; x_wconf 87' lang='lat' dir='ltr'>quod</span> <span class='ocrx_word' id='word_1_182' title='bbox 476 1472 623 1504; x_wconf 84' lang='lat' dir='ltr'>obiicitur</span> <span class='ocrx_word' id='word_1_183' title='bbox 648 1472 679 1504; x_wconf 89' lang='lat' dir='ltr'>in</span> <span class='ocrx_word' id='word_1_184' title='bbox 703 1472 901 1514; x_wconf 85' lang='lat' dir='ltr'>oppositum,</span> <span class='ocrx_word' id='word_1_185' title='bbox 919 1472 1002 1514; x_wconf 85' lang='lat' dir='ltr'>quod</span> 
     </span>
     <span class='ocr_line' id='line_1_25' title="bbox 7 1525 1002 1567; baseline 0 -10"><span class='ocrx_word' id='word_1_186' title='bbox 7 1534 112 1557; x_wconf 70' lang='lat' dir='ltr'>pronon</span> <span class='ocrx_word' id='word_1_187' title='bbox 136 1529 182 1557; x_wconf 88' lang='lat' dir='ltr'>est</span> <span class='ocrx_word' id='word_1_188' title='bbox 207 1525 287 1557; x_wconf 89' lang='lat' dir='ltr'>idem</span> <span class='ocrx_word' id='word_1_189' title='bbox 314 1525 398 1566; x_wconf 88' lang='lat' dir='ltr'>apud</span> <span class='ocrx_word' id='word_1_190' title='bbox 427 1534 536 1557; x_wconf 90' lang='lat' dir='ltr'>omnes</span> <span class='ocrx_word' id='word_1_191' title='bbox 546 1538 554 1564; x_wconf 71' lang='lat'><em>3</em></span> <span class='ocrx_word' id='word_1_192' title='bbox 587 1525 774 1564; x_wconf 77' lang='lat' dir='ltr'>dicendum,</span> <span class='ocrx_word' id='word_1_193' title='bbox 807 1526 890 1567; x_wconf 81' lang='lat' dir='ltr'>quod</span> <span class='ocrx_word' id='word_1_194' title='bbox 924 1525 1002 1557; x_wconf 89' lang='lat' dir='ltr'>illud</span> 
     </span>
     <span class='ocr_line' id='line_1_26' title="bbox 3 1559 1002 1620; baseline 0 -10"><span class='ocrx_word' id='word_1_195' title='bbox 3 1559 40 1583; x_wconf 43' lang='grc' dir='ltr'>μ’</span> <span class='ocrx_word' id='word_1_196' title='bbox 53 1578 233 1619; x_wconf 79' lang='lat' dir='ltr'>intelligitur</span> <span class='ocrx_word' id='word_1_197' title='bbox 258 1578 296 1610; x_wconf 89' lang='lat' dir='ltr'>de</span> <span class='ocrx_word' id='word_1_198' title='bbox 320 1587 357 1610; x_wconf 86' lang='lat' dir='ltr'>eo</span> <span class='ocrx_word' id='word_1_199' title='bbox 381 1578 464 1620; x_wconf 84' lang='lat' dir='ltr'>quod</span> <span class='ocrx_word' id='word_1_200' title='bbox 483 1583 597 1610; x_wconf 79' lang='lat' dir='ltr'>natura</span> <span class='ocrx_word' id='word_1_201' title='bbox 613 1578 710 1611; x_wconf 83' lang='lat' dir='ltr'>dictat</span> <span class='ocrx_word' id='word_1_202' title='bbox 727 1578 761 1610; x_wconf 84' lang='lat' dir='ltr'>in</span> <span class='ocrx_word' id='word_1_203' title='bbox 775 1578 1002 1619; x_wconf 73' lang='lat' dir='ltr'>particulari,</span> 
     </span>
    </p>

    <p class='ocr_par' dir='ltr' id='par_1_9' title="bbox 51 1631 385 1664">
     <span class='ocr_line' id='line_1_27' title="bbox 51 1631 385 1664; baseline -0.003 0"><span class='ocrx_word' id='word_1_204' title='bbox 51 1641 110 1664; x_wconf 89' lang='lat' dir='ltr'>non</span> <span class='ocrx_word' id='word_1_205' title='bbox 135 1632 168 1663; x_wconf 87' lang='lat' dir='ltr'>in</span> <span class='ocrx_word' id='word_1_206' title='bbox 192 1631 385 1663; x_wconf 78' lang='lat' dir='ltr'>universali.</span> 
     </span>
    </p>

    <p class='ocr_par' dir='ltr' id='par_1_10' title="bbox 51 1684 1003 1778">
     <span class='ocr_line' id='line_1_28' title="bbox 139 1684 1003 1726; baseline 0 -11"><span class='ocrx_word' id='word_1_207' title='bbox 139 1686 168 1715; x_wconf 68' lang='lat'>2.</span> <span class='ocrx_word' id='word_1_208' title='bbox 194 1684 223 1716; x_wconf 81' lang='lat'>3.</span> <span class='ocrx_word' id='word_1_209' title='bbox 247 1685 277 1716; x_wconf 71' lang='lat' dir='ltr'>lt.</span> <span class='ocrx_word' id='word_1_210' title='bbox 304 1685 332 1716; x_wconf 84' lang='grc' dir='ltr'>Ξ)”.</span> <span class='ocrx_word' id='word_1_211' title='bbox 358 1684 400 1716; x_wconf 81' lang='lat' dir='ltr'>Ad</span> <span class='ocrx_word' id='word_1_212' title='bbox 426 1684 504 1716; x_wconf 84' lang='lat' dir='ltr'>illud</span> <span class='ocrx_word' id='word_1_213' title='bbox 529 1684 614 1726; x_wconf 83' lang='lat' dir='ltr'>quod</span> <span class='ocrx_word' id='word_1_214' title='bbox 646 1684 802 1722; x_wconf 83' lang='lat' dir='ltr'>obiicitur,</span> <span class='ocrx_word' id='word_1_215' title='bbox 827 1684 911 1725; x_wconf 78' lang='lat' dir='ltr'>quod</span> <span class='ocrx_word' id='word_1_216' title='bbox 943 1693 1003 1715; x_wconf 84' lang='lat' dir='ltr'>ma-</span> 
     </span>
     <span class='ocr_line' id='line_1_29' title="bbox 51 1737 1002 1778; baseline -0.001 -9"><span class='ocrx_word' id='word_1_217' title='bbox 51 1737 194 1770; x_wconf 71' lang='lat' dir='ltr'>nifestare</span> <span class='ocrx_word' id='word_1_218' title='bbox 218 1741 381 1778; x_wconf 83' lang='lat' dir='ltr'>peccatum</span> <span class='ocrx_word' id='word_1_219' title='bbox 407 1740 454 1769; x_wconf 87' lang='lat' dir='ltr'>est</span> <span class='ocrx_word' id='word_1_220' title='bbox 478 1741 586 1769; x_wconf 82' lang='lat' dir='ltr'>contra</span> <span class='ocrx_word' id='word_1_221' title='bbox 612 1737 782 1775; x_wconf 74' lang='lat' dir='ltr'>rationem3</span> <span class='ocrx_word' id='word_1_222' title='bbox 815 1737 1002 1774; x_wconf 80' lang='lat' dir='ltr'>dicendum,</span> 
     </span>
    </p>

    <p class='ocr_par' dir='ltr' id='par_1_11' title="bbox 0 1789 1004 2255">
     <span class='ocr_line' id='line_1_30' title="bbox 0 1789 1004 1833; baseline -0.003 -10"><span class='ocrx_word' id='word_1_223' title='bbox 0 1793 39 1815; x_wconf 73' lang='lat'>221⁰·</span> <span class='ocrx_word' id='word_1_224' title='bbox 53 1791 131 1833; x_wconf 79' lang='lat' dir='ltr'>quod</span> <span class='ocrx_word' id='word_1_225' title='bbox 158 1791 274 1831; x_wconf 86' lang='lat' dir='ltr'>peccati</span> <span class='ocrx_word' id='word_1_226' title='bbox 300 1790 474 1831; x_wconf 74' lang='lat' dir='ltr'>propalatio</span> <span class='ocrx_word' id='word_1_227' title='bbox 503 1794 605 1831; x_wconf 86' lang='lat' dir='ltr'>potest</span> <span class='ocrx_word' id='word_1_228' title='bbox 636 1790 703 1822; x_wconf 84' lang='lat' dir='ltr'>fieri</span> <span class='ocrx_word' id='word_1_229' title='bbox 737 1790 921 1831; x_wconf 72' lang='lat' dir='ltr'>dupliciter:</span> <span class='ocrx_word' id='word_1_230' title='bbox 954 1789 1004 1820; x_wconf 78' lang='lat' dir='ltr'>vel</span> 
     </span>
     <span class='ocr_line' id='line_1_31' title="bbox 55 1843 1002 1884; baseline -0.001 -9"><span class='ocrx_word' id='word_1_231' title='bbox 55 1843 92 1876; x_wconf 80' lang='lat' dir='ltr'>ad</span> <span class='ocrx_word' id='word_1_232' title='bbox 115 1843 170 1875; x_wconf 82' lang='lat' dir='ltr'>sni</span> <span class='ocrx_word' id='word_1_233' title='bbox 192 1843 299 1884; x_wconf 78' lang='lat' dir='ltr'>ipsias</span> <span class='ocrx_word' id='word_1_234' title='bbox 323 1843 654 1881; x_wconf 76' lang='lat' dir='ltr'>commendationem,</span> <span class='ocrx_word' id='word_1_235' title='bbox 688 1843 768 1875; x_wconf 85' lang='lat' dir='ltr'>sicut</span> <span class='ocrx_word' id='word_1_236' title='bbox 792 1843 910 1875; x_wconf 82' lang='lat' dir='ltr'>faciunt</span> <span class='ocrx_word' id='word_1_237' title='bbox 934 1851 1002 1884; x_wconf 89' lang='lat' dir='ltr'>pec-</span> 
     </span>
     <span class='ocr_line' id='line_1_32' title="bbox 52 1894 1002 1938; baseline -0.002 -10"><span class='ocrx_word' id='word_1_238' title='bbox 52 1899 187 1935; x_wconf 75' lang='lat' dir='ltr'>catores&gt;</span> <span class='ocrx_word' id='word_1_239' title='bbox 204 1896 263 1938; x_wconf 80' lang='lat' dir='ltr'>qai</span> <span class='ocrx_word' id='word_1_240' title='bbox 286 1895 464 1932; x_wconf 69' lang='lat' dir='ltr'>lactantur,</span> <span class='ocrx_word' id='word_1_241' title='bbox 490 1905 565 1927; x_wconf 78' lang='lat' dir='ltr'>cam</span> <span class='ocrx_word' id='word_1_242' title='bbox 587 1895 671 1927; x_wconf 87' lang='lat' dir='ltr'>male</span> <span class='ocrx_word' id='word_1_243' title='bbox 686 1895 836 1938; x_wconf 80' lang='lat' dir='ltr'>fecerint,</span> <span class='ocrx_word' id='word_1_244' title='bbox 854 1900 883 1927; x_wconf 82' lang='lat' dir='ltr'>et</span> <span class='ocrx_word' id='word_1_245' title='bbox 897 1894 1002 1927; x_wconf 61' lang='lat' dir='ltr'>msul-</span> 
     </span>
     <span class='ocr_line' id='line_1_33' title="bbox 54 1948 1000 1991; baseline -0.001 -11"><span class='ocrx_word' id='word_1_246' title='bbox 54 1952 121 1981; x_wconf 85' lang='lat' dir='ltr'>tant</span> <span class='ocrx_word' id='word_1_247' title='bbox 151 1949 186 1980; x_wconf 90' lang='lat' dir='ltr'>in</span> <span class='ocrx_word' id='word_1_248' title='bbox 218 1948 315 1980; x_wconf 80' lang='lat' dir='ltr'>rebus</span> <span class='ocrx_word' id='word_1_249' title='bbox 337 1949 500 1990; x_wconf 78' lang='lat' dir='ltr'>pessimis,</span> <span class='ocrx_word' id='word_1_250' title='bbox 525 1957 667 1991; x_wconf 71' lang='lat' dir='ltr'>quoram</span> <span class='ocrx_word' id='word_1_251' title='bbox 698 1948 770 1980; x_wconf 72' lang='lat' dir='ltr'>ciac</span> <span class='ocrx_word' id='word_1_252' title='bbox 798 1948 1000 1989; x_wconf 71' lang='lat' dir='ltr'>pervcrsac⁴</span> 
     </span>
     <span class='ocr_line' id='line_1_34' title="bbox 53 2000 999 2043; baseline -0.001 -9"><span class='ocrx_word' id='word_1_253' title='bbox 53 2005 125 2041; x_wconf 67' lang='lat' dir='ltr'>eto,</span> <span class='ocrx_word' id='word_1_254' title='bbox 150 2002 265 2043; x_wconf 81' lang='lat' dir='ltr'>quibus</span> <span class='ocrx_word' id='word_1_255' title='bbox 289 2006 334 2033; x_wconf 83' lang='lat' dir='ltr'>est</span> <span class='ocrx_word' id='word_1_256' title='bbox 363 2000 456 2043; x_wconf 78' lang='lat' dir='ltr'>facta</span> <span class='ocrx_word' id='word_1_257' title='bbox 488 2001 584 2043; x_wconf 74' lang='lat' dir='ltr'>frons</span> <span class='ocrx_word' id='word_1_258' title='bbox 616 2001 767 2033; x_wconf 49' lang='lat' dir='ltr'>n&#39;znlieris</span> <span class='ocrx_word' id='word_1_259' title='bbox 798 2001 999 2039; x_wconf 74' lang='lat' dir='ltr'>meretricis,</span> 
     </span>
     <span class='ocr_line' id='line_1_35' title="bbox 53 2054 1002 2096; baseline -0.001 -9"><span class='ocrx_word' id='word_1_260' title='bbox 53 2059 82 2087; x_wconf 85' lang='lat' dir='ltr'>et</span> <span class='ocrx_word' id='word_1_261' title='bbox 105 2055 143 2087; x_wconf 89' lang='lat' dir='ltr'>de</span> <span class='ocrx_word' id='word_1_262' title='bbox 160 2055 275 2096; x_wconf 85' lang='lat' dir='ltr'>quibus</span> <span class='ocrx_word' id='word_1_263' title='bbox 293 2055 425 2087; x_wconf 84' lang='lat' dir='ltr'>dicitur:</span> <span class='ocrx_word' id='word_1_264' title='bbox 443 2055 621 2086; x_wconf 78' lang='lat' dir='ltr'>Peccatum</span> <span class='ocrx_word' id='word_1_265' title='bbox 638 2064 738 2086; x_wconf 71' lang='lat' dir='ltr'>sittim</span> <span class='ocrx_word' id='word_1_266' title='bbox 755 2054 841 2086; x_wconf 78' lang='lat' dir='ltr'>sicat</span> <span class='ocrx_word' id='word_1_267' title='bbox 858 2054 1002 2086; x_wconf 76' lang='lat' dir='ltr'>Sodoma</span> 
     </span>
     <span class='ocr_line' id='line_1_36' title="bbox 0 2107 1003 2149; baseline 0.001 -11"><span class='ocrx_word' id='word_1_268' title='bbox 0 2138 1 2142; x_wconf 68' lang='grc'>,</span> <span class='ocrx_word' id='word_1_269' title='bbox 51 2107 328 2149; x_wconf 73' lang='lat' dir='ltr'>praedicanerzmt</span> <span class='ocrx_word' id='word_1_270' title='bbox 351 2111 426 2145; x_wconf 82' lang='lat' dir='ltr'>etc.;</span> <span class='ocrx_word' id='word_1_271' title='bbox 444 2111 475 2139; x_wconf 84' lang='lat' dir='ltr'>et</span> <span class='ocrx_word' id='word_1_272' title='bbox 496 2107 572 2139; x_wconf 81' lang='lat' dir='ltr'>haec</span> <span class='ocrx_word' id='word_1_273' title='bbox 597 2111 644 2139; x_wconf 80' lang='lat' dir='ltr'>est</span> <span class='ocrx_word' id='word_1_274' title='bbox 668 2111 776 2139; x_wconf 83' lang='lat' dir='ltr'>contra</span> <span class='ocrx_word' id='word_1_275' title='bbox 800 2111 944 2139; x_wconf 78' lang='lat' dir='ltr'>naturam</span> <span class='ocrx_word' id='word_1_276' title='bbox 972 2111 1003 2139; x_wconf 88' lang='lat' dir='ltr'>et</span> 
     </span>
     <span class='ocr_line' id='line_1_37' title="bbox 52 2161 1001 2202; baseline 0 -10"><span class='ocrx_word' id='word_1_277' title='bbox 52 2164 155 2192; x_wconf 82' lang='lat' dir='ltr'>contra</span> <span class='ocrx_word' id='word_1_278' title='bbox 180 2161 331 2192; x_wconf 79' lang='lat' dir='ltr'>rationem</span> <span class='ocrx_word' id='word_1_279' title='bbox 357 2164 473 2192; x_wconf 83' lang='lat' dir='ltr'>rectam</span> <span class='ocrx_word' id='word_1_280' title='bbox 493 2164 529 2192; x_wconf 79' lang='lat' dir='ltr'>ot</span> <span class='ocrx_word' id='word_1_281' title='bbox 554 2161 593 2192; x_wconf 85' lang='lat' dir='ltr'>ad</span> <span class='ocrx_word' id='word_1_282' title='bbox 611 2161 843 2202; x_wconf 70' lang='lat' dir='ltr'>provocandam</span> <span class='ocrx_word' id='word_1_283' title='bbox 863 2161 1001 2192; x_wconf 77' lang='lat' dir='ltr'>divinam</span> 
     </span>
     <span class='ocr_line' id='line_1_38' title="bbox 0 2212 1002 2255; baseline 0.001 -11"><span class='ocrx_word' id='word_1_284' title='bbox 0 2223 1 2254; x_wconf 73' lang='lat' dir='ltr'><strong>j</strong></span> <span class='ocrx_word' id='word_1_285' title='bbox 53 2212 259 2252; x_wconf 74' lang='lat' dir='ltr'>inimicitiam3</span> <span class='ocrx_word' id='word_1_286' title='bbox 284 2217 313 2245; x_wconf 88' lang='lat' dir='ltr'>et</span> <span class='ocrx_word' id='word_1_287' title='bbox 338 2213 529 2245; x_wconf 87' lang='lat' dir='ltr'>verecundia</span> <span class='ocrx_word' id='word_1_288' title='bbox 553 2217 582 2246; x_wconf 88' lang='lat' dir='ltr'>et</span> <span class='ocrx_word' id='word_1_289' title='bbox 607 2213 747 2246; x_wconf 74' lang='lat' dir='ltr'>confusio</span> <span class='ocrx_word' id='word_1_290' title='bbox 769 2214 843 2245; x_wconf 87' lang='lat' dir='ltr'>buic</span> <span class='ocrx_word' id='word_1_291' title='bbox 860 2213 1002 2255; x_wconf 85' lang='lat' dir='ltr'>opposita</span> 
     </span>
    </p>
   </div>
   <div class='ocr_carea' id='block_1_3' title="bbox 120 2599 1000 2632">
    <p class='ocr_par' dir='ltr' id='par_1_12' title="bbox 120 2599 1000 2632">
     <span class='ocr_line' id='line_1_39' title="bbox 120 2599 1000 2632; baseline 0.001 -9"><span class='ocrx_word' id='word_1_292' title='bbox 120 2599 155 2624; x_wconf 80' lang='lat' dir='ltr'>De</span> <span class='ocrx_word' id='word_1_293' title='bbox 175 2603 283 2632; x_wconf 76' lang='lat' dir='ltr'>utraque</span> <span class='ocrx_word' id='word_1_294' title='bbox 303 2600 467 2632; x_wconf 81' lang='lat' dir='ltr'>quaestione:</span> <span class='ocrx_word' id='word_1_295' title='bbox 489 2600 556 2624; x_wconf 64' lang='lat' dir='ltr'>Alex.</span> <span class='ocrx_word' id='word_1_296' title='bbox 577 2600 642 2631; x_wconf 62' lang='lat' dir='ltr'>Hah,</span> <span class='ocrx_word' id='word_1_297' title='bbox 664 2600 688 2624; x_wconf 86' lang='lat' dir='ltr'>S.</span> <span class='ocrx_word' id='word_1_298' title='bbox 709 2606 734 2631; x_wconf 83' lang='lat' dir='ltr'>p.</span> <span class='ocrx_word' id='word_1_299' title='bbox 756 2599 795 2624; x_wconf 85' lang='lat' dir='ltr'>lV.</span> <span class='ocrx_word' id='word_1_300' title='bbox 816 2607 841 2631; x_wconf 67' lang='grc' dir='ltr'>(Ι.</span> <span class='ocrx_word' id='word_1_301' title='bbox 867 2600 903 2624; x_wconf 75' lang='grc'>18.</span> <span class='ocrx_word' id='word_1_302' title='bbox 927 2606 960 2624; x_wconf 85' lang='lat' dir='ltr'>m.</span> <span class='ocrx_word' id='word_1_303' title='bbox 977 2600 1000 2624; x_wconf 75' lang='lat'>2.</span> 
     </span>
    </p>
   </div>
   <div class='ocr_carea' id='block_1_4' title="bbox 1034 1020 1038 2302">
    <p class='ocr_par' dir='ltr' id='par_1_13' title="bbox 1034 1020 1038 2302">
     <span class='ocr_line' id='line_1_40' title="bbox 1034 1020 1038 2302; baseline 0 0"><span class='ocrx_word' id='word_1_304' title='bbox 1034 1020 1038 2302; x_wconf 95' lang='lat' dir='ltr'> </span> 
     </span>
    </p>
   </div>
   <div class='ocr_carea' id='block_1_5' title="bbox 1955 225 2020 258">
    <p class='ocr_par' dir='ltr' id='par_1_14' title="bbox 1955 225 2020 258">
     <span class='ocr_line' id='line_1_41' title="bbox 1955 225 2020 258; baseline 0 0"><span class='ocrx_word' id='word_1_305' title='bbox 1955 225 2020 258; x_wconf 72' lang='lat'>437</span> 
     </span>
    </p>
   </div>
   <div class='ocr_carea' id='block_1_6' title="bbox 1066 312 2180 2256">
    <p class='ocr_par' dir='ltr' id='par_1_15' title="bbox 1070 312 2020 345">
     <span class='ocr_line' id='line_1_42' title="bbox 1070 312 2020 345; baseline 0.001 -1"><span class='ocrx_word' id='word_1_306' title='bbox 1070 312 1221 344; x_wconf 85' lang='lat' dir='ltr'>confessio</span> <span class='ocrx_word' id='word_1_307' title='bbox 1244 312 1291 344; x_wconf 81' lang='lat' dir='ltr'>ad</span> <span class='ocrx_word' id='word_1_308' title='bbox 1312 312 1369 344; x_wconf 81' lang='lat' dir='ltr'>sni</span> <span class='ocrx_word' id='word_1_309' title='bbox 1391 312 1636 344; x_wconf 71' lang='lat' dir='ltr'>accusationem</span> <span class='ocrx_word' id='word_1_310' title='bbox 1659 312 1700 344; x_wconf 87' lang='lat' dir='ltr'>ad</span> <span class='ocrx_word' id='word_1_311' title='bbox 1732 312 1952 345; x_wconf 86' lang='lat' dir='ltr'>inveniendam</span> <span class='ocrx_word' id='word_1_312' title='bbox 1978 313 2020 345; x_wconf 90' lang='lat' dir='ltr'>di-</span> 
     </span>
    </p>

    <p class='ocr_par' dir='ltr' id='par_1_16' title="bbox 1069 364 2022 459">
     <span class='ocr_line' id='line_1_43' title="bbox 1069 364 2022 406; baseline 0.001 -10"><span class='ocrx_word' id='word_1_313' title='bbox 1069 365 1174 396; x_wconf 87' lang='lat' dir='ltr'>vinam</span> <span class='ocrx_word' id='word_1_314' title='bbox 1200 364 1469 406; x_wconf 82' lang='lat' dir='ltr'>propitiationem;</span> <span class='ocrx_word' id='word_1_315' title='bbox 1493 368 1523 397; x_wconf 87' lang='lat' dir='ltr'>et</span> <span class='ocrx_word' id='word_1_316' title='bbox 1545 365 1623 397; x_wconf 88' lang='lat' dir='ltr'>haec</span> <span class='ocrx_word' id='word_1_317' title='bbox 1655 367 1702 397; x_wconf 87' lang='lat' dir='ltr'>est</span> <span class='ocrx_word' id='word_1_318' title='bbox 1733 365 1877 397; x_wconf 83' lang='lat' dir='ltr'>ordinata</span> <span class='ocrx_word' id='word_1_319' title='bbox 1909 365 1949 397; x_wconf 84' lang='lat' dir='ltr'>ad</span> <span class='ocrx_word' id='word_1_320' title='bbox 1980 365 2022 397; x_wconf 86' lang='lat' dir='ltr'>fa-</span> 
     </span>
     <span class='ocr_line' id='line_1_44' title="bbox 1070 417 2020 459; baseline 0.001 -10"><span class='ocrx_word' id='word_1_321' title='bbox 1070 417 1212 449; x_wconf 78' lang='lat' dir='ltr'>ciendam</span> <span class='ocrx_word' id='word_1_322' title='bbox 1231 418 1396 450; x_wconf 80' lang='lat' dir='ltr'>emendam</span> <span class='ocrx_word' id='word_1_323' title='bbox 1414 420 1443 450; x_wconf 91' lang='lat' dir='ltr'>et</span> <span class='ocrx_word' id='word_1_324' title='bbox 1460 418 1499 450; x_wconf 84' lang='lat' dir='ltr'>ad</span> <span class='ocrx_word' id='word_1_325' title='bbox 1517 417 1690 450; x_wconf 80' lang='lat' dir='ltr'>curandam</span> <span class='ocrx_word' id='word_1_326' title='bbox 1712 417 1837 459; x_wconf 77' lang='lat' dir='ltr'>plagam</span> <span class='ocrx_word' id='word_1_327' title='bbox 1855 418 2020 450; x_wconf 77' lang='lat' dir='ltr'>occultam.</span> 
     </span>
    </p>

    <p class='ocr_par' dir='ltr' id='par_1_17' title="bbox 1069 470 2166 565">
     <span class='ocr_line' id='line_1_45' title="bbox 1070 470 2166 509; baseline 0 -7"><span class='ocrx_word' id='word_1_328' title='bbox 1070 470 1157 502; x_wconf 89' lang='lat' dir='ltr'>Unde</span> <span class='ocrx_word' id='word_1_329' title='bbox 1181 470 1261 503; x_wconf 88' lang='lat' dir='ltr'>sicut</span> <span class='ocrx_word' id='word_1_330' title='bbox 1285 473 1399 502; x_wconf 83' lang='lat' dir='ltr'>natura</span> <span class='ocrx_word' id='word_1_331' title='bbox 1422 470 1534 509; x_wconf 83' lang='lat' dir='ltr'>dictat,</span> <span class='ocrx_word' id='word_1_332' title='bbox 1560 470 1676 503; x_wconf 90' lang='lat' dir='ltr'>vulnus</span> <span class='ocrx_word' id='word_1_333' title='bbox 1700 470 1793 502; x_wconf 85' lang='lat' dir='ltr'>etiam</span> <span class='ocrx_word' id='word_1_334' title='bbox 1818 471 1849 502; x_wconf 91' lang='lat' dir='ltr'>in</span> <span class='ocrx_word' id='word_1_335' title='bbox 1878 470 1953 503; x_wconf 87' lang='lat' dir='ltr'>locis</span> <span class='ocrx_word' id='word_1_336' title='bbox 1978 480 2022 503; x_wconf 91' lang='lat' dir='ltr'>se·</span> <span class='ocrx_word' id='word_1_337' title='bbox 2037 481 2166 503; x_wconf 73' lang='lat' dir='ltr'>Notandum.</span> 
     </span>
     <span class='ocr_line' id='line_1_46' title="bbox 1069 523 2022 565; baseline 0.001 -11"><span class='ocrx_word' id='word_1_338' title='bbox 1069 523 1162 555; x_wconf 89' lang='lat' dir='ltr'>cretis</span> <span class='ocrx_word' id='word_1_339' title='bbox 1186 523 1392 564; x_wconf 87' lang='lat' dir='ltr'>aperiendum</span> <span class='ocrx_word' id='word_1_340' title='bbox 1417 523 1539 556; x_wconf 88' lang='lat' dir='ltr'>medico</span> <span class='ocrx_word' id='word_1_341' title='bbox 1563 523 1602 555; x_wconf 87' lang='lat' dir='ltr'>ad</span> <span class='ocrx_word' id='word_1_342' title='bbox 1632 523 1844 562; x_wconf 75' lang='lat' dir='ltr'>curationem,</span> <span class='ocrx_word' id='word_1_343' title='bbox 1877 524 2022 565; x_wconf 85' lang='lat' dir='ltr'>quamvis</span> 
     </span>
    </p>

    <p class='ocr_par' dir='ltr' id='par_1_18' title="bbox 1069 575 2022 618">
     <span class='ocr_line' id='line_1_47' title="bbox 1069 575 2022 618; baseline 0.001 -11"><span class='ocrx_word' id='word_1_344' title='bbox 1069 575 1165 607; x_wconf 83' lang='lat' dir='ltr'>dictet</span> <span class='ocrx_word' id='word_1_345' title='bbox 1188 575 1337 617; x_wconf 84' lang='lat' dir='ltr'>pudenda</span> <span class='ocrx_word' id='word_1_346' title='bbox 1368 576 1555 616; x_wconf 80' lang='lat' dir='ltr'>operienda3</span> <span class='ocrx_word' id='word_1_347' title='bbox 1588 576 1631 608; x_wconf 89' lang='lat' dir='ltr'>sic</span> <span class='ocrx_word' id='word_1_348' title='bbox 1662 580 1709 608; x_wconf 89' lang='lat' dir='ltr'>est</span> <span class='ocrx_word' id='word_1_349' title='bbox 1740 576 1779 609; x_wconf 91' lang='lat' dir='ltr'>de</span> <span class='ocrx_word' id='word_1_350' title='bbox 1810 577 1955 618; x_wconf 82' lang='lat' dir='ltr'>peccatis.</span> <span class='ocrx_word' id='word_1_351' title='bbox 1987 577 2022 609; x_wconf 91' lang='lat' dir='ltr'>Et</span> 
     </span>
    </p>

    <p class='ocr_par' dir='ltr' id='par_1_19' title="bbox 1069 627 2023 777">
     <span class='ocr_line' id='line_1_48' title="bbox 1070 627 2021 670; baseline 0.003 -11"><span class='ocrx_word' id='word_1_352' title='bbox 1070 627 1167 666; x_wconf 81' lang='lat' dir='ltr'>sicut,</span> <span class='ocrx_word' id='word_1_353' title='bbox 1185 629 1209 660; x_wconf 92' lang='lat' dir='ltr'>si</span> <span class='ocrx_word' id='word_1_354' title='bbox 1227 628 1340 670; x_wconf 86' lang='lat' dir='ltr'>aliquis</span> <span class='ocrx_word' id='word_1_355' title='bbox 1361 629 1457 661; x_wconf 89' lang='lat' dir='ltr'>nollet</span> <span class='ocrx_word' id='word_1_356' title='bbox 1480 629 1598 661; x_wconf 85' lang='lat' dir='ltr'>vulnus</span> <span class='ocrx_word' id='word_1_357' title='bbox 1622 629 1804 668; x_wconf 83' lang='lat' dir='ltr'>ostendere,</span> <span class='ocrx_word' id='word_1_358' title='bbox 1827 629 2021 662; x_wconf 82' lang='lat' dir='ltr'>iudicaretur</span> 
     </span>
     <span class='ocr_line' id='line_1_49' title="bbox 1069 681 2023 722; baseline 0.003 -10"><span class='ocrx_word' id='word_1_359' title='bbox 1069 681 1228 722; x_wconf 88' lang='lat' dir='ltr'>superbus</span> <span class='ocrx_word' id='word_1_360' title='bbox 1261 685 1291 713; x_wconf 90' lang='lat' dir='ltr'>et</span> <span class='ocrx_word' id='word_1_361' title='bbox 1322 681 1438 714; x_wconf 87' lang='lat' dir='ltr'>stultus</span> <span class='ocrx_word' id='word_1_362' title='bbox 1470 685 1501 714; x_wconf 91' lang='lat' dir='ltr'>et</span> <span class='ocrx_word' id='word_1_363' title='bbox 1531 682 1646 715; x_wconf 83' lang='lat' dir='ltr'>faceret</span> <span class='ocrx_word' id='word_1_364' title='bbox 1678 685 1786 715; x_wconf 90' lang='lat' dir='ltr'>contra</span> <span class='ocrx_word' id='word_1_365' title='bbox 1817 687 1963 715; x_wconf 83' lang='lat' dir='ltr'>naturam</span> <span class='ocrx_word' id='word_1_366' title='bbox 1992 686 2023 715; x_wconf 89' lang='lat' dir='ltr'>et</span> 
     </span>
     <span class='ocr_line' id='line_1_50' title="bbox 1070 733 1988 777; baseline 0.003 -12"><span class='ocrx_word' id='word_1_367' title='bbox 1070 733 1203 766; x_wconf 84' lang='lat' dir='ltr'>salutem</span> <span class='ocrx_word' id='word_1_368' title='bbox 1229 742 1337 773; x_wconf 78' lang='lat' dir='ltr'>suam3</span> <span class='ocrx_word' id='word_1_369' title='bbox 1362 734 1406 766; x_wconf 85' lang='lat' dir='ltr'>sic</span> <span class='ocrx_word' id='word_1_370' title='bbox 1430 734 1668 776; x_wconf 83' lang='lat' dir='ltr'>intelligendum</span> <span class='ocrx_word' id='word_1_371' title='bbox 1693 739 1740 767; x_wconf 89' lang='lat' dir='ltr'>est</span> <span class='ocrx_word' id='word_1_372' title='bbox 1763 736 1793 767; x_wconf 94' lang='lat' dir='ltr'>in</span> <span class='ocrx_word' id='word_1_373' title='bbox 1819 736 1988 777; x_wconf 89' lang='lat' dir='ltr'>proposito.</span> 
     </span>
    </p>

    <p class='ocr_par' dir='ltr' id='par_1_20' title="bbox 1068 786 2164 1249">
     <span class='ocr_line' id='line_1_51' title="bbox 1160 786 2164 828; baseline 0.002 -11"><span class='ocrx_word' id='word_1_374' title='bbox 1160 786 1194 817; x_wconf 87' lang='lat' dir='ltr'>Et</span> <span class='ocrx_word' id='word_1_375' title='bbox 1217 795 1258 818; x_wconf 81' lang='lat' dir='ltr'>ex</span> <span class='ocrx_word' id='word_1_376' title='bbox 1282 786 1342 818; x_wconf 86' lang='lat' dir='ltr'>hoc</span> <span class='ocrx_word' id='word_1_377' title='bbox 1364 789 1449 827; x_wconf 88' lang='lat' dir='ltr'>patet</span> <span class='ocrx_word' id='word_1_378' title='bbox 1474 788 1635 828; x_wconf 81' lang='lat' dir='ltr'>responsio</span> <span class='ocrx_word' id='word_1_379' title='bbox 1663 788 1703 820; x_wconf 86' lang='lat' dir='ltr'>ad</span> <span class='ocrx_word' id='word_1_380' title='bbox 1734 797 1843 820; x_wconf 88' lang='lat' dir='ltr'>omnes</span> <span class='ocrx_word' id='word_1_381' title='bbox 1876 788 2021 820; x_wconf 87' lang='lat' dir='ltr'>rationes.</span> <span class='ocrx_word' id='word_1_382' title='bbox 2037 798 2164 825; x_wconf 77' lang='lat' dir='ltr'>Applicatio.</span> 
     </span>
     <span class='ocr_line' id='line_1_52' title="bbox 1069 837 2023 882; baseline 0.004 -13"><span class='ocrx_word' id='word_1_383' title='bbox 1069 838 1145 869; x_wconf 84' lang='lat' dir='ltr'>Nam</span> <span class='ocrx_word' id='word_1_384' title='bbox 1170 837 1195 869; x_wconf 88' lang='lat' dir='ltr'>si</span> <span class='ocrx_word' id='word_1_385' title='bbox 1220 837 1337 870; x_wconf 87' lang='lat' dir='ltr'>vulnus</span> <span class='ocrx_word' id='word_1_386' title='bbox 1360 839 1464 870; x_wconf 82' lang='lat' dir='ltr'>amici</span> <span class='ocrx_word' id='word_1_387' title='bbox 1486 840 1615 872; x_wconf 84' lang='lat' dir='ltr'>deberet</span> <span class='ocrx_word' id='word_1_388' title='bbox 1632 841 1736 872; x_wconf 83' lang='lat' dir='ltr'>curari</span> <span class='ocrx_word' id='word_1_389' title='bbox 1760 849 1816 882; x_wconf 90' lang='lat' dir='ltr'>per</span> <span class='ocrx_word' id='word_1_390' title='bbox 1835 849 1937 873; x_wconf 83' lang='lat' dir='ltr'>meam</span> <span class='ocrx_word' id='word_1_391' title='bbox 1954 850 2023 873; x_wconf 89' lang='lat' dir='ltr'>con-</span> 
     </span>
     <span class='ocr_line' id='line_1_53' title="bbox 1069 890 2024 934; baseline 0.004 -11"><span class='ocrx_word' id='word_1_392' title='bbox 1069 890 1252 930; x_wconf 81' lang='lat' dir='ltr'>fessionem,</span> <span class='ocrx_word' id='word_1_393' title='bbox 1277 892 1359 924; x_wconf 86' lang='lat' dir='ltr'>sicut</span> <span class='ocrx_word' id='word_1_394' title='bbox 1382 895 1412 924; x_wconf 91' lang='lat' dir='ltr'>et</span> <span class='ocrx_word' id='word_1_395' title='bbox 1432 893 1631 934; x_wconf 75' lang='lat' dir='ltr'>propriam,-</span> <span class='ocrx_word' id='word_1_396' title='bbox 1661 893 1793 926; x_wconf 79' lang='lat' dir='ltr'>dictaret</span> <span class='ocrx_word' id='word_1_397' title='bbox 1816 894 1895 926; x_wconf 84' lang='lat' dir='ltr'>ratio</span> <span class='ocrx_word' id='word_1_398' title='bbox 1919 898 1950 926; x_wconf 88' lang='lat' dir='ltr'>et</span> <span class='ocrx_word' id='word_1_399' title='bbox 1973 903 2024 926; x_wconf 81' lang='lat' dir='ltr'>na-</span> 
     </span>
     <span class='ocr_line' id='line_1_54' title="bbox 1071 944 2024 988; baseline 0.004 -13"><span class='ocrx_word' id='word_1_400' title='bbox 1071 947 1157 982; x_wconf 81' lang='lat' dir='ltr'>tura,</span> <span class='ocrx_word' id='word_1_401' title='bbox 1182 944 1267 985; x_wconf 89' lang='lat' dir='ltr'>quod</span> <span class='ocrx_word' id='word_1_402' title='bbox 1292 953 1349 986; x_wconf 81' lang='lat' dir='ltr'>ego</span> <span class='ocrx_word' id='word_1_403' title='bbox 1378 944 1525 977; x_wconf 83' lang='lat' dir='ltr'>deberem</span> <span class='ocrx_word' id='word_1_404' title='bbox 1559 946 1663 987; x_wconf 87' lang='lat' dir='ltr'>ipsum</span> <span class='ocrx_word' id='word_1_405' title='bbox 1696 947 1840 988; x_wconf 85' lang='lat' dir='ltr'>prodere.</span> <span class='ocrx_word' id='word_1_406' title='bbox 1873 947 2024 988; x_wconf 82' lang='lat' dir='ltr'>Quamvis</span> 
     </span>
     <span class='ocr_line' id='line_1_55' title="bbox 1069 997 2023 1039; baseline 0.005 -11"><span class='ocrx_word' id='word_1_407' title='bbox 1069 1000 1175 1028; x_wconf 85' lang='lat' dir='ltr'>autem</span> <span class='ocrx_word' id='word_1_408' title='bbox 1199 1000 1332 1029; x_wconf 82' lang='lat' dir='ltr'>naturae</span> <span class='ocrx_word' id='word_1_409' title='bbox 1356 997 1516 1029; x_wconf 88' lang='lat' dir='ltr'>dictamini</span> <span class='ocrx_word' id='word_1_410' title='bbox 1540 1007 1712 1030; x_wconf 87' lang='lat' dir='ltr'>consonum</span> <span class='ocrx_word' id='word_1_411' title='bbox 1746 999 1785 1031; x_wconf 88' lang='lat' dir='ltr'>sit</span> <span class='ocrx_word' id='word_1_412' title='bbox 1817 1000 2023 1039; x_wconf 75' lang='lat' dir='ltr'>erubescere⁷</span> 
     </span>
     <span class='ocr_line' id='line_1_56' title="bbox 1069 1049 2023 1094; baseline 0.005 -14"><span class='ocrx_word' id='word_1_413' title='bbox 1069 1053 1099 1081; x_wconf 90' lang='lat' dir='ltr'>et</span> <span class='ocrx_word' id='word_1_414' title='bbox 1122 1058 1285 1090; x_wconf 84' lang='lat' dir='ltr'>nunquam</span> <span class='ocrx_word' id='word_1_415' title='bbox 1310 1049 1440 1082; x_wconf 85' lang='lat' dir='ltr'>deberet</span> <span class='ocrx_word' id='word_1_416' title='bbox 1463 1059 1531 1082; x_wconf 88' lang='lat' dir='ltr'>esse</span> <span class='ocrx_word' id='word_1_417' title='bbox 1546 1050 1556 1065; x_wconf 59' lang='grc' dir='ltr'><strong><em>ὃ</em></strong></span> <span class='ocrx_word' id='word_1_418' title='bbox 1582 1051 1648 1083; x_wconf 88' lang='lat' dir='ltr'>sine</span> <span class='ocrx_word' id='word_1_419' title='bbox 1672 1052 1870 1091; x_wconf 78' lang='lat' dir='ltr'>confusione;</span> <span class='ocrx_word' id='word_1_420' title='bbox 1894 1056 2023 1094; x_wconf 87' lang='lat' dir='ltr'>propter</span> 
     </span>
     <span class='ocr_line' id='line_1_57' title="bbox 1069 1102 2023 1143; baseline 0.005 -10"><span class='ocrx_word' id='word_1_421' title='bbox 1069 1102 1155 1134; x_wconf 87' lang='lat' dir='ltr'>illam</span> <span class='ocrx_word' id='word_1_422' title='bbox 1187 1106 1291 1135; x_wconf 84' lang='lat' dir='ltr'>tamen</span> <span class='ocrx_word' id='word_1_423' title='bbox 1319 1112 1381 1135; x_wconf 88' lang='lat' dir='ltr'>non</span> <span class='ocrx_word' id='word_1_424' title='bbox 1413 1106 1460 1136; x_wconf 87' lang='lat' dir='ltr'>est</span> <span class='ocrx_word' id='word_1_425' title='bbox 1491 1104 1643 1136; x_wconf 87' lang='lat' dir='ltr'>confessio</span> <span class='ocrx_word' id='word_1_426' title='bbox 1675 1105 1878 1143; x_wconf 84' lang='lat' dir='ltr'>dimittenda;</span> <span class='ocrx_word' id='word_1_427' title='bbox 1903 1109 1932 1138; x_wconf 88' lang='lat' dir='ltr'>et</span> <span class='ocrx_word' id='word_1_428' title='bbox 1964 1106 2023 1138; x_wconf 84' lang='lat' dir='ltr'>hoc</span> 
     </span>
     <span class='ocr_line' id='line_1_58' title="bbox 1068 1155 2023 1200; baseline 0.004 -14"><span class='ocrx_word' id='word_1_429' title='bbox 1068 1158 1198 1197; x_wconf 84' lang='lat' dir='ltr'>propter</span> <span class='ocrx_word' id='word_1_430' title='bbox 1220 1155 1427 1197; x_wconf 84' lang='lat' dir='ltr'>multiplicem</span> <span class='ocrx_word' id='word_1_431' title='bbox 1453 1156 1637 1196; x_wconf 83' lang='lat' dir='ltr'>utilitatem,</span> <span class='ocrx_word' id='word_1_432' title='bbox 1655 1166 1748 1199; x_wconf 83' lang='lat' dir='ltr'>quam</span> <span class='ocrx_word' id='word_1_433' title='bbox 1774 1158 1878 1190; x_wconf 83' lang='lat' dir='ltr'>habet.</span> <span class='ocrx_word' id='word_1_434' title='bbox 1896 1159 1931 1190; x_wconf 90' lang='lat' dir='ltr'>Et</span> <span class='ocrx_word' id='word_1_435' title='bbox 1954 1167 2023 1200; x_wconf 90' lang='lat' dir='ltr'>pro-</span> 
     </span>
     <span class='ocr_line' id='line_1_59' title="bbox 1069 1208 1610 1249; baseline 0.006 -10"><span class='ocrx_word' id='word_1_436' title='bbox 1069 1211 1138 1249; x_wconf 86' lang='lat' dir='ltr'>pter</span> <span class='ocrx_word' id='word_1_437' title='bbox 1162 1208 1243 1240; x_wconf 79' lang='lat' dir='ltr'>hanc</span> <span class='ocrx_word' id='word_1_438' title='bbox 1268 1208 1401 1241; x_wconf 84' lang='lat' dir='ltr'>instituit</span> <span class='ocrx_word' id='word_1_439' title='bbox 1425 1218 1494 1242; x_wconf 87' lang='lat' dir='ltr'>eam</span> <span class='ocrx_word' id='word_1_440' title='bbox 1518 1210 1610 1242; x_wconf 84' lang='lat' dir='ltr'>Deus.</span> 
     </span>
    </p>

    <p class='ocr_par' dir='ltr' id='par_1_21' title="bbox 1069 1261 2180 1412">
     <span class='ocr_line' id='line_1_60' title="bbox 1158 1261 2180 1307; baseline 0.001 -14"><span class='ocrx_word' id='word_1_441' title='bbox 1158 1261 1247 1293; x_wconf 82' lang='lat' dir='ltr'>Valet</span> <span class='ocrx_word' id='word_1_442' title='bbox 1282 1262 1365 1294; x_wconf 86' lang='lat' dir='ltr'>enim</span> <span class='ocrx_word' id='word_1_443' title='bbox 1400 1263 1439 1294; x_wconf 85' lang='lat' dir='ltr'>ad</span> <span class='ocrx_word' id='word_1_444' title='bbox 1472 1264 1601 1304; x_wconf 79' lang='lat' dir='ltr'>peccati</span> <span class='ocrx_word' id='word_1_445' title='bbox 1639 1264 1854 1306; x_wconf 56' lang='lat' dir='ltr'>cognitionem</span> <span class='ocrx_word' id='word_1_446' title='bbox 1894 1268 2022 1307; x_wconf 85' lang='lat' dir='ltr'>propter</span> <span class='ocrx_word' id='word_1_447' title='bbox 2048 1274 2180 1304; x_wconf 35' lang='lat' dir='ltr'>utilitates-7</span> 
     </span>
     <span class='ocr_line' id='line_1_61' title="bbox 1070 1301 2180 1355; baseline 0.005 -10"><span class='ocrx_word' id='word_1_448' title='bbox 1070 1314 1306 1347; x_wconf 79' lang='lat' dir='ltr'>instructionem</span> <span class='ocrx_word' id='word_1_449' title='bbox 1343 1316 1531 1355; x_wconf 70' lang='lat' dir='ltr'>sacerdotisg</span> <span class='ocrx_word' id='word_1_450' title='bbox 1555 1317 1789 1349; x_wconf 86' lang='lat' dir='ltr'>Deuteronomii</span> <span class='ocrx_word' id='word_1_451' title='bbox 1826 1318 1947 1350; x_wconf 85' lang='lat' dir='ltr'>decimo</span> <span class='ocrx_word' id='word_1_452' title='bbox 1979 1301 2180 1351; x_wconf 58' lang='lat' dir='ltr'>se-oenfessmm&#39;</span> 
     </span>
     <span class='ocr_line' id='line_1_62' title="bbox 1069 1368 2022 1412; baseline 0.004 -14"><span class='ocrx_word' id='word_1_453' title='bbox 1069 1368 1209 1408; x_wconf 82' lang='lat' dir='ltr'>ptimo⁷:</span> <span class='ocrx_word' id='word_1_454' title='bbox 1236 1368 1274 1400; x_wconf 70' lang='lat' dir='ltr'>St</span> <span class='ocrx_word' id='word_1_455' title='bbox 1297 1368 1427 1411; x_wconf 76' lang='lat' dir='ltr'>difficile</span> <span class='ocrx_word' id='word_1_456' title='bbox 1455 1374 1484 1401; x_wconf 79' lang='lat' dir='ltr'>ct</span> <span class='ocrx_word' id='word_1_457' title='bbox 1507 1369 1702 1412; x_wconf 72' lang='lat' dir='ltr'>amhigynnm</span> <span class='ocrx_word' id='word_1_458' title='bbox 1731 1371 1824 1412; x_wconf 75' lang='lat' dir='ltr'>‹tpzccl</span> <span class='ocrx_word' id='word_1_459' title='bbox 1848 1376 1874 1402; x_wconf 83' lang='lat' dir='ltr'>tc</span> <span class='ocrx_word' id='word_1_460' title='bbox 1898 1375 1955 1404; x_wconf 86' lang='lat' dir='ltr'>etc.</span> <span class='ocrx_word' id='word_1_461' title='bbox 1981 1391 2022 1394; x_wconf 84' lang='lat'>—</span> 
     </span>
    </p>

    <p class='ocr_par' dir='ltr' id='par_1_22' title="bbox 1066 1420 2023 2256">
     <span class='ocr_line' id='line_1_63' title="bbox 1069 1420 2021 1465; baseline 0.004 -14"><span class='ocrx_word' id='word_1_462' title='bbox 1069 1420 1111 1452; x_wconf 76' lang='lat' dir='ltr'>Ad</span> <span class='ocrx_word' id='word_1_463' title='bbox 1130 1420 1252 1462; x_wconf 62' lang='lat' dir='ltr'>couniti</span> <span class='ocrx_word' id='word_1_464' title='bbox 1268 1421 1473 1459; x_wconf 73' lang='lat' dir='ltr'>deletionem;</span> <span class='ocrx_word' id='word_1_465' title='bbox 1491 1422 1626 1454; x_wconf 83' lang='lat' dir='ltr'>Psalmo:</span> <span class='ocrx_word' id='word_1_466' title='bbox 1648 1423 1737 1460; x_wconf 65' lang='lat' dir='ltr'>Diaei,</span> <span class='ocrx_word' id='word_1_467' title='bbox 1755 1423 1928 1465; x_wconf 71' lang='lat' dir='ltr'>confitebor</span> <span class='ocrx_word' id='word_1_468' title='bbox 1945 1428 2021 1463; x_wconf 86' lang='lat' dir='ltr'>etc.;</span> 
     </span>
     <span class='ocr_line' id='line_1_64' title="bbox 1069 1473 2023 1518; baseline 0.004 -14"><span class='ocrx_word' id='word_1_469' title='bbox 1069 1473 1092 1505; x_wconf 80' lang='lat' dir='ltr'>si</span> <span class='ocrx_word' id='word_1_470' title='bbox 1120 1473 1316 1514; x_wconf 85' lang='lat' dir='ltr'>propositum</span> <span class='ocrx_word' id='word_1_471' title='bbox 1341 1474 1441 1512; x_wconf 72' lang='lat' dir='ltr'>valet,</span> <span class='ocrx_word' id='word_1_472' title='bbox 1466 1479 1583 1516; x_wconf 82' lang='lat' dir='ltr'>quanto</span> <span class='ocrx_word' id='word_1_473' title='bbox 1618 1476 1715 1517; x_wconf 76' lang='lat' dir='ltr'>magis</span> <span class='ocrx_word' id='word_1_474' title='bbox 1748 1476 1829 1508; x_wconf 79' lang='lat' dir='ltr'>valet</span> <span class='ocrx_word' id='word_1_475' title='bbox 1854 1486 1933 1518; x_wconf 77' lang='lat' dir='ltr'>opus</span> <span class='ocrx_word' id='word_1_476' title='bbox 1949 1480 1961 1508; x_wconf 71' lang='grc' dir='ltr'>’ἲ</span> <span class='ocrx_word' id='word_1_477' title='bbox 1980 1496 2023 1500; x_wconf 85' lang='lat'>—</span> 
     </span>
     <span class='ocr_line' id='line_1_65' title="bbox 1069 1526 2022 1571; baseline 0.005 -14"><span class='ocrx_word' id='word_1_478' title='bbox 1069 1526 1109 1557; x_wconf 68' lang='lat' dir='ltr'>Ad</span> <span class='ocrx_word' id='word_1_479' title='bbox 1145 1526 1268 1568; x_wconf 60' lang='lat' dir='ltr'>cogniti</span> <span class='ocrx_word' id='word_1_480' title='bbox 1301 1531 1329 1558; x_wconf 89' lang='lat' dir='ltr'>et</span> <span class='ocrx_word' id='word_1_481' title='bbox 1360 1527 1454 1558; x_wconf 79' lang='lat' dir='ltr'>deleti</span> <span class='ocrx_word' id='word_1_482' title='bbox 1490 1527 1774 1570; x_wconf 62' lang='lat' dir='ltr'>satisfactionem,</span> <span class='ocrx_word' id='word_1_483' title='bbox 1808 1529 1882 1571; x_wconf 81' lang='lat' dir='ltr'>quia</span> <span class='ocrx_word' id='word_1_484' title='bbox 1914 1530 2022 1562; x_wconf 86' lang='lat' dir='ltr'>erube-</span> 
     </span>
     <span class='ocr_line' id='line_1_66' title="bbox 1069 1579 2022 1623; baseline 0.004 -13"><span class='ocrx_word' id='word_1_485' title='bbox 1069 1579 1186 1610; x_wconf 81' lang='lat' dir='ltr'>scentia.</span> <span class='ocrx_word' id='word_1_486' title='bbox 1210 1579 1240 1610; x_wconf 90' lang='lat' dir='ltr'>in</span> <span class='ocrx_word' id='word_1_487' title='bbox 1266 1579 1459 1612; x_wconf 76' lang='lat' dir='ltr'>confessione</span> <span class='ocrx_word' id='word_1_488' title='bbox 1483 1585 1530 1612; x_wconf 85' lang='lat' dir='ltr'>est</span> <span class='ocrx_word' id='word_1_489' title='bbox 1555 1589 1667 1621; x_wconf 78' lang='lat' dir='ltr'>magna</span> <span class='ocrx_word' id='word_1_490' title='bbox 1692 1591 1765 1623; x_wconf 85' lang='lat' dir='ltr'>pars</span> <span class='ocrx_word' id='word_1_491' title='bbox 1786 1582 2022 1621; x_wconf 43' lang='lat' dir='ltr'>satisfactioni&amp;</span> 
     </span>
     <span class='ocr_line' id='line_1_67' title="bbox 1070 1632 2023 1677; baseline 0.005 -14"><span class='ocrx_word' id='word_1_492' title='bbox 1070 1632 1273 1664; x_wconf 81' lang='lat' dir='ltr'>Ecclesiastici</span> <span class='ocrx_word' id='word_1_493' title='bbox 1299 1633 1454 1674; x_wconf 61' lang='lat' dir='ltr'>quartoss:</span> <span class='ocrx_word' id='word_1_494' title='bbox 1488 1634 1544 1665; x_wconf 76' lang='lat' dir='ltr'>Est</span> <span class='ocrx_word' id='word_1_495' title='bbox 1576 1632 1728 1675; x_wconf 73' lang='lat' dir='ltr'>confusio</span> <span class='ocrx_word' id='word_1_496' title='bbox 1756 1635 1924 1667; x_wconf 75' lang='lat' dir='ltr'>adducens</span> <span class='ocrx_word' id='word_1_497' title='bbox 1945 1645 2023 1677; x_wconf 70' lang='lat' dir='ltr'>yra-</span> 
     </span>
     <span class='ocr_line' id='line_1_68' title="bbox 1069 1685 2023 1728; baseline 0.004 -12"><span class='ocrx_word' id='word_1_498' title='bbox 1069 1685 1149 1717; x_wconf 86' lang='lat' dir='ltr'>tiam</span> <span class='ocrx_word' id='word_1_499' title='bbox 1167 1690 1195 1717; x_wconf 84' lang='lat' dir='ltr'>et</span> <span class='ocrx_word' id='word_1_500' title='bbox 1208 1685 1364 1727; x_wconf 58' lang='lat' dir='ltr'>gloriam.</span> <span class='ocrx_word' id='word_1_501' title='bbox 1381 1705 1425 1709; x_wconf 84' lang='lat'>—</span> <span class='ocrx_word' id='word_1_502' title='bbox 1442 1686 1484 1718; x_wconf 83' lang='lat' dir='ltr'>Ad</span> <span class='ocrx_word' id='word_1_503' title='bbox 1501 1696 1623 1728; x_wconf 76' lang='lat' dir='ltr'>poenae</span> <span class='ocrx_word' id='word_1_504' title='bbox 1639 1687 1891 1719; x_wconf 63' lang='lat' dir='ltr'>eliminationem</span> <span class='ocrx_word' id='word_1_505' title='bbox 1914 1689 1941 1720; x_wconf 82' lang='lat' dir='ltr'>vi</span> <span class='ocrx_word' id='word_1_506' title='bbox 1965 1689 2023 1720; x_wconf 85' lang='lat' dir='ltr'>cla-</span> 
     </span>
     <span class='ocr_line' id='line_1_69' title="bbox 1067 1738 2023 1783; baseline 0.004 -14"><span class='ocrx_word' id='word_1_507' title='bbox 1067 1738 1172 1776; x_wconf 83' lang='lat' dir='ltr'>vium;</span> <span class='ocrx_word' id='word_1_508' title='bbox 1198 1738 1342 1770; x_wconf 80' lang='lat' dir='ltr'>Matthaei</span> <span class='ocrx_word' id='word_1_509' title='bbox 1369 1738 1491 1771; x_wconf 85' lang='lat' dir='ltr'>decimo</span> <span class='ocrx_word' id='word_1_510' title='bbox 1508 1742 1614 1771; x_wconf 82' lang='lat' dir='ltr'>sexto:</span> <span class='ocrx_word' id='word_1_511' title='bbox 1639 1740 1871 1783; x_wconf 70' lang='lat' dir='ltr'>Quodcumque</span> <span class='ocrx_word' id='word_1_512' title='bbox 1886 1740 2023 1773; x_wconf 66' lang='lat' dir='ltr'>solveris</span> 
     </span>
     <span class='ocr_line' id='line_1_70' title="bbox 1066 1792 2022 1836; baseline 0.004 -14"><span class='ocrx_word' id='word_1_513' title='bbox 1066 1800 1167 1832; x_wconf 78' lang='lat' dir='ltr'>snper</span> <span class='ocrx_word' id='word_1_514' title='bbox 1185 1794 1311 1823; x_wconf 80' lang='lat' dir='ltr'>terram</span> <span class='ocrx_word' id='word_1_515' title='bbox 1328 1795 1385 1824; x_wconf 89' lang='lat' dir='ltr'>etc.</span> <span class='ocrx_word' id='word_1_516' title='bbox 1403 1811 1446 1815; x_wconf 87' lang='lat'>—</span> <span class='ocrx_word' id='word_1_517' title='bbox 1462 1792 1506 1824; x_wconf 81' lang='lat' dir='ltr'>Ad</span> <span class='ocrx_word' id='word_1_518' title='bbox 1526 1792 1584 1824; x_wconf 83' lang='lat' dir='ltr'>Dei</span> <span class='ocrx_word' id='word_1_519' title='bbox 1600 1792 1752 1831; x_wconf 68' lang='lat' dir='ltr'>laarlem‚·</span> <span class='ocrx_word' id='word_1_520' title='bbox 1769 1794 1857 1826; x_wconf 85' lang='lat' dir='ltr'>losue</span> <span class='ocrx_word' id='word_1_521' title='bbox 1876 1795 2022 1836; x_wconf 86' lang='lat' dir='ltr'>septimo:</span> 
     </span>
     <span class='ocr_line' id='line_1_71' title="bbox 1068 1843 2022 1886; baseline 0.005 -12"><span class='ocrx_word' id='word_1_522' title='bbox 1068 1844 1119 1875; x_wconf 76' lang='lat' dir='ltr'>Da</span> <span class='ocrx_word' id='word_1_523' title='bbox 1142 1843 1289 1885; x_wconf 75' lang='lat' dir='ltr'>9loriam</span> <span class='ocrx_word' id='word_1_524' title='bbox 1313 1844 1378 1876; x_wconf 86' lang='lat' dir='ltr'>Deo</span> <span class='ocrx_word' id='word_1_525' title='bbox 1403 1848 1431 1876; x_wconf 87' lang='lat' dir='ltr'>et</span> <span class='ocrx_word' id='word_1_526' title='bbox 1455 1844 1607 1886; x_wconf 66' lang='lat' dir='ltr'>confitere</span> <span class='ocrx_word' id='word_1_527' title='bbox 1631 1849 1699 1885; x_wconf 61' lang='lat' dir='ltr'>etc„</span> <span class='ocrx_word' id='word_1_528' title='bbox 1716 1849 1762 1878; x_wconf 88' lang='lat' dir='ltr'>et:</span> <span class='ocrx_word' id='word_1_529' title='bbox 1781 1846 1899 1878; x_wconf 69' lang='lat' dir='ltr'>Indica</span> <span class='ocrx_word' id='word_1_530' title='bbox 1921 1846 2022 1885; x_wconf 75' lang='lat' dir='ltr'>milii,</span> 
     </span>
     <span class='ocr_line' id='line_1_72' title="bbox 1066 1895 2023 1941; baseline 0.005 -14"><span class='ocrx_word' id='word_1_531' title='bbox 1066 1896 1147 1939; x_wconf 75' lang='lat' dir='ltr'>quid</span> <span class='ocrx_word' id='word_1_532' title='bbox 1162 1895 1290 1939; x_wconf 79' lang='lat' dir='ltr'>feceris.</span> <span class='ocrx_word' id='word_1_533' title='bbox 1309 1917 1352 1919; x_wconf 96' lang='lat'><strong>—</strong></span> <span class='ocrx_word' id='word_1_534' title='bbox 1368 1897 1412 1929; x_wconf 85' lang='lat' dir='ltr'>Ad</span> <span class='ocrx_word' id='word_1_535' title='bbox 1430 1897 1684 1930; x_wconf 73' lang='lat' dir='ltr'>intercessorum</span> <span class='ocrx_word' id='word_1_536' title='bbox 1697 1899 2023 1941; x_wconf 59' lang='lat' dir='ltr'>multiplicationem,-</span> 
     </span>
     <span class='ocr_line' id='line_1_73' title="bbox 1066 1949 2021 1993; baseline 0.005 -13"><span class='ocrx_word' id='word_1_537' title='bbox 1066 1949 1167 1981; x_wconf 80' lang='lat' dir='ltr'>lacobi</span> <span class='ocrx_word' id='word_1_538' title='bbox 1181 1949 1304 1981; x_wconf 86' lang='lat' dir='ltr'>ultimo:</span> <span class='ocrx_word' id='word_1_539' title='bbox 1321 1949 1528 1991; x_wconf 72' lang='lat' dir='ltr'>Confitemini</span> <span class='ocrx_word' id='word_1_540' title='bbox 1539 1950 1740 1983; x_wconf 77' lang='lat' dir='ltr'>alterutram</span> <span class='ocrx_word' id='word_1_541' title='bbox 1750 1958 1886 1993; x_wconf 77' lang='lat' dir='ltr'>peecata</span> <span class='ocrx_word' id='word_1_542' title='bbox 1899 1957 2021 1991; x_wconf 76' lang='lat' dir='ltr'>vestra,</span> 
     </span>
     <span class='ocr_line' id='line_1_74' title="bbox 1066 2002 2023 2044; baseline 0.005 -11"><span class='ocrx_word' id='word_1_543' title='bbox 1066 2006 1095 2033; x_wconf 90' lang='lat' dir='ltr'>et</span> <span class='ocrx_word' id='word_1_544' title='bbox 1119 2007 1211 2034; x_wconf 77' lang='lat' dir='ltr'>orate</span> <span class='ocrx_word' id='word_1_545' title='bbox 1231 2012 1295 2044; x_wconf 73' lang='lat' dir='ltr'>pro</span> <span class='ocrx_word' id='word_1_546' title='bbox 1321 2002 1459 2034; x_wconf 79' lang='lat' dir='ltr'>invicem</span> <span class='ocrx_word' id='word_1_547' title='bbox 1484 2006 1540 2036; x_wconf 87' lang='lat' dir='ltr'>etc.</span> <span class='ocrx_word' id='word_1_548' title='bbox 1565 2023 1609 2026; x_wconf 93' lang='lat'>—</span> <span class='ocrx_word' id='word_1_549' title='bbox 1633 2004 1675 2036; x_wconf 75' lang='lat' dir='ltr'>Ad</span> <span class='ocrx_word' id='word_1_550' title='bbox 1702 2005 1918 2037; x_wconf 79' lang='lat' dir='ltr'>conscientiae</span> <span class='ocrx_word' id='word_1_551' title='bbox 1938 2015 2023 2038; x_wconf 84' lang='lat' dir='ltr'>asse-</span> 
     </span>
     <span class='ocr_line' id='line_1_75' title="bbox 1067 2055 2023 2096; baseline 0.004 -10"><span class='ocrx_word' id='word_1_552' title='bbox 1067 2055 1294 2092; x_wconf 57' lang='lat' dir='ltr'>curationenm</span> <span class='ocrx_word' id='word_1_553' title='bbox 1319 2056 1403 2088; x_wconf 90' lang='lat' dir='ltr'>unde</span> <span class='ocrx_word' id='word_1_554' title='bbox 1428 2056 1528 2088; x_wconf 79' lang='lat' dir='ltr'>David</span> <span class='ocrx_word' id='word_1_555' title='bbox 1557 2057 1679 2096; x_wconf 79' lang='lat' dir='ltr'>statim,</span> <span class='ocrx_word' id='word_1_556' title='bbox 1711 2067 1783 2089; x_wconf 89' lang='lat' dir='ltr'>cum</span> <span class='ocrx_word' id='word_1_557' title='bbox 1817 2058 1913 2090; x_wconf 78' lang='lat' dir='ltr'>dixit:</span> <span class='ocrx_word' id='word_1_558' title='bbox 1949 2059 2023 2090; x_wconf 75' lang='lat' dir='ltr'>Pec-</span> 
     </span>
     <span class='ocr_line' id='line_1_76' title="bbox 1067 2108 2023 2149; baseline 0.005 -10"><span class='ocrx_word' id='word_1_559' title='bbox 1067 2108 1161 2146; x_wconf 78' lang='lat' dir='ltr'>caoi,</span> <span class='ocrx_word' id='word_1_560' title='bbox 1186 2109 1324 2141; x_wconf 85' lang='lat' dir='ltr'>audivit:</span> <span class='ocrx_word' id='word_1_561' title='bbox 1348 2109 1534 2141; x_wconf 71' lang='lat' dir='ltr'>Transtulit</span> <span class='ocrx_word' id='word_1_562' title='bbox 1551 2110 1713 2142; x_wconf 75' lang='lat' dir='ltr'>Dominus</span> <span class='ocrx_word' id='word_1_563' title='bbox 1729 2115 1806 2149; x_wconf 82' lang='lat' dir='ltr'>etc.;</span> <span class='ocrx_word' id='word_1_564' title='bbox 1824 2112 1953 2143; x_wconf 83' lang='lat' dir='ltr'>secundi</span> <span class='ocrx_word' id='word_1_565' title='bbox 1971 2112 2023 2144; x_wconf 79' lang='lat' dir='ltr'>Re-</span> 
     </span>
     <span class='ocr_line' id='line_1_77' title="bbox 1068 2161 2023 2203; baseline 0.004 -11"><span class='ocrx_word' id='word_1_566' title='bbox 1068 2170 1141 2202; x_wconf 79' lang='lat' dir='ltr'>gum</span> <span class='ocrx_word' id='word_1_567' title='bbox 1167 2161 1365 2193; x_wconf 83' lang='lat' dir='ltr'>duodecimo.</span> <span class='ocrx_word' id='word_1_568' title='bbox 1393 2162 1426 2193; x_wconf 85' lang='lat' dir='ltr'>Et</span> <span class='ocrx_word' id='word_1_569' title='bbox 1450 2162 1508 2194; x_wconf 80' lang='lat' dir='ltr'>hoc</span> <span class='ocrx_word' id='word_1_570' title='bbox 1534 2171 1682 2203; x_wconf 80' lang='lat' dir='ltr'>magnum</span> <span class='ocrx_word' id='word_1_571' title='bbox 1702 2163 1820 2195; x_wconf 86' lang='lat' dir='ltr'>bonum</span> <span class='ocrx_word' id='word_1_572' title='bbox 1838 2168 1898 2203; x_wconf 82' lang='lat' dir='ltr'>est,</span> <span class='ocrx_word' id='word_1_573' title='bbox 1916 2173 2023 2196; x_wconf 83' lang='lat' dir='ltr'>secun-</span> 
     </span>
     <span class='ocr_line' id='line_1_78' title="bbox 1067 2208 2022 2256; baseline 0.004 -11"><span class='ocrx_word' id='word_1_574' title='bbox 1067 2214 1125 2246; x_wconf 86' lang='lat' dir='ltr'>dae</span> <span class='ocrx_word' id='word_1_575' title='bbox 1150 2214 1189 2246; x_wconf 81' lang='lat' dir='ltr'>ad</span> <span class='ocrx_word' id='word_1_576' title='bbox 1215 2214 1392 2247; x_wconf 85' lang='lat' dir='ltr'>Corinthios</span> <span class='ocrx_word' id='word_1_577' title='bbox 1416 2215 1535 2256; x_wconf 88' lang='lat' dir='ltr'>primo:</span> <span class='ocrx_word' id='word_1_578' title='bbox 1574 2215 1690 2248; x_wconf 78' lang='lat' dir='ltr'>Gloria</span> <span class='ocrx_word' id='word_1_579' title='bbox 1714 2221 1831 2249; x_wconf 77' lang='lat' dir='ltr'>nostra</span> <span class='ocrx_word' id='word_1_580' title='bbox 1856 2216 1935 2249; x_wconf 71' lang='lat' dir='ltr'>llaec</span> <span class='ocrx_word' id='word_1_581' title='bbox 1959 2208 2022 2256; x_wconf 86' lang='lat' dir='ltr'>est,</span> 
     </span>
    </p>
   </div>
   <div class='ocr_carea' id='block_1_7' title="bbox 52 2266 2022 2591">
    <p class='ocr_par' dir='ltr' id='par_1_23' title="bbox 52 2266 2022 2591">
     <span class='ocr_line' id='line_1_79' title="bbox 52 2266 1700 2308; baseline 0.002 -11"><span class='ocrx_word' id='word_1_582' title='bbox 52 2268 97 2297; x_wconf 85' lang='lat' dir='ltr'>est</span> <span class='ocrx_word' id='word_1_583' title='bbox 119 2266 285 2298; x_wconf 75' lang='lat' dir='ltr'>adducens</span> <span class='ocrx_word' id='word_1_584' title='bbox 314 2266 466 2308; x_wconf 65' lang='lat' dir='ltr'>qratiam</span> <span class='ocrx_word' id='word_1_585' title='bbox 498 2270 526 2298; x_wconf 83' lang='lat' dir='ltr'>et</span> <span class='ocrx_word' id='word_1_586' title='bbox 555 2266 736 2308; x_wconf 72' lang='lat' dir='ltr'>9t01·2·ctnz⁵.</span> <span class='ocrx_word' id='word_1_587' title='bbox 769 2286 812 2289; x_wconf 81' lang='lat'>—</span> <span class='ocrx_word' id='word_1_588' title='bbox 845 2266 924 2298; x_wconf 81' lang='lat' dir='ltr'>Alia</span> <span class='ocrx_word' id='word_1_589' title='bbox 955 2269 1002 2299; x_wconf 86' lang='lat' dir='ltr'>est</span> <span class='ocrx_word' id='word_1_590' title='bbox 1069 2266 1290 2298; x_wconf 80' lang='lat' dir='ltr'>testimoniam</span> <span class='ocrx_word' id='word_1_591' title='bbox 1315 2268 1533 2300; x_wconf 76' lang='lat' dir='ltr'>conscientiae</span> <span class='ocrx_word' id='word_1_592' title='bbox 1556 2274 1700 2301; x_wconf 80' lang='lat' dir='ltr'>nostrae.</span> 
     </span>
     <span class='ocr_line' id='line_1_80' title="bbox 885 2397 1180 2437; baseline 0 0"><span class='ocrx_word' id='word_1_593' title='bbox 885 2397 909 2437; x_wconf 75' lang='lat' dir='ltr'>S</span> <span class='ocrx_word' id='word_1_594' title='bbox 921 2397 945 2437; x_wconf 71' lang='lat' dir='ltr'>C</span> <span class='ocrx_word' id='word_1_595' title='bbox 956 2398 989 2437; x_wconf 86' lang='lat' dir='ltr'>H</span> <span class='ocrx_word' id='word_1_596' title='bbox 1001 2397 1025 2437; x_wconf 82' lang='lat' dir='ltr'>o</span> <span class='ocrx_word' id='word_1_597' title='bbox 1037 2398 1063 2437; x_wconf 81' lang='lat' dir='ltr'>L</span> <span class='ocrx_word' id='word_1_598' title='bbox 1074 2397 1091 2437; x_wconf 79' lang='lat' dir='ltr'>t</span> <span class='ocrx_word' id='word_1_599' title='bbox 1103 2397 1127 2437; x_wconf 66' lang='lat' dir='ltr'>t}</span> <span class='ocrx_word' id='word_1_600' title='bbox 1139 2398 1180 2437; x_wconf 79' lang='lat' dir='ltr'>N.</span> 
     </span>
     <span class='ocr_line' id='line_1_81' title="bbox 121 2510 2022 2547; baseline 0.003 -12"><span class='ocrx_word' id='word_1_601' title='bbox 121 2511 136 2535; x_wconf 90' lang='lat' dir='ltr'>t.</span> <span class='ocrx_word' id='word_1_602' title='bbox 156 2510 228 2536; x_wconf 81' lang='lat' dir='ltr'>Circa</span> <span class='ocrx_word' id='word_1_603' title='bbox 254 2513 276 2536; x_wconf 67' lang='lat' dir='ltr'>rl.</span> <span class='ocrx_word' id='word_1_604' title='bbox 297 2515 321 2537; x_wconf 88' lang='lat' dir='ltr'>et</span> <span class='ocrx_word' id='word_1_605' title='bbox 341 2512 364 2536; x_wconf 77' lang='lat'>2.</span> <span class='ocrx_word' id='word_1_606' title='bbox 391 2512 568 2544; x_wconf 73' lang='lat' dir='ltr'>(piaestionem</span> <span class='ocrx_word' id='word_1_607' title='bbox 595 2511 713 2537; x_wconf 74' lang='lat' dir='ltr'>doctores</span> <span class='ocrx_word' id='word_1_608' title='bbox 738 2513 799 2537; x_wconf 83' lang='lat' dir='ltr'>satis</span> <span class='ocrx_word' id='word_1_609' title='bbox 825 2513 1003 2544; x_wconf 84' lang='lat' dir='ltr'>consentiunt;</span> <span class='ocrx_word' id='word_1_610' title='bbox 1069 2520 1092 2537; x_wconf 78' lang='lat' dir='ltr'>a.</span> <span class='ocrx_word' id='word_1_611' title='bbox 1115 2514 1137 2537; x_wconf 66' lang='lat'>⁴2.</span> <span class='ocrx_word' id='word_1_612' title='bbox 1158 2517 1183 2538; x_wconf 78' lang='lat' dir='ltr'>et</span> <span class='ocrx_word' id='word_1_613' title='bbox 1202 2520 1223 2538; x_wconf 83' lang='lat' dir='ltr'>a.</span> <span class='ocrx_word' id='word_1_614' title='bbox 1245 2514 1268 2538; x_wconf 89' lang='lat'>3.</span> <span class='ocrx_word' id='word_1_615' title='bbox 1288 2513 1302 2545; x_wconf 69' lang='lat' dir='ltr'>S</span> <span class='ocrx_word' id='word_1_616' title='bbox 1324 2514 1346 2539; x_wconf 77' lang='grc'>1.</span> <span class='ocrx_word' id='word_1_617' title='bbox 1368 2515 1391 2539; x_wconf 82' lang='lat'>2.</span> <span class='ocrx_word' id='word_1_618' title='bbox 1415 2528 1448 2531; x_wconf 84' lang='lat'>—</span> <span class='ocrx_word' id='word_1_619' title='bbox 1471 2515 1547 2546; x_wconf 79' lang='lat' dir='ltr'>Scot.⁷</span> <span class='ocrx_word' id='word_1_620' title='bbox 1568 2515 1600 2539; x_wconf 83' lang='lat' dir='ltr'>de</span> <span class='ocrx_word' id='word_1_621' title='bbox 1624 2515 1702 2540; x_wconf 83' lang='lat' dir='ltr'>biset</span> <span class='ocrx_word' id='word_1_622' title='bbox 1720 2515 1753 2540; x_wconf 84' lang='lat' dir='ltr'>de</span> <span class='ocrx_word' id='word_1_623' title='bbox 1773 2515 1796 2539; x_wconf 83' lang='lat'>3.</span> <span class='ocrx_word' id='word_1_624' title='bbox 1818 2522 1842 2547; x_wconf 83' lang='lat' dir='ltr'>q.</span> <span class='ocrx_word' id='word_1_625' title='bbox 1863 2516 1886 2539; x_wconf 91' lang='lat' dir='ltr'>in</span> <span class='ocrx_word' id='word_1_626' title='bbox 1910 2519 2022 2547; x_wconf 85' lang='lat' dir='ltr'>utroque</span> 
     </span>
     <span class='ocr_line' id='line_1_82' title="bbox 55 2553 2021 2591; baseline 0.003 -12"><span class='ocrx_word' id='word_1_627' title='bbox 55 2553 78 2579; x_wconf 87' lang='lat' dir='ltr'>S.</span> <span class='ocrx_word' id='word_1_628' title='bbox 96 2554 190 2580; x_wconf 83' lang='lat' dir='ltr'>Bonav.</span> <span class='ocrx_word' id='word_1_629' title='bbox 211 2559 295 2580; x_wconf 80' lang='lat' dir='ltr'>tamen</span> <span class='ocrx_word' id='word_1_630' title='bbox 316 2556 371 2580; x_wconf 81' lang='lat' dir='ltr'>aliis</span> <span class='ocrx_word' id='word_1_631' title='bbox 392 2554 598 2580; x_wconf 65' lang='lat' dir='ltr'>distinctionibus</span> <span class='ocrx_word' id='word_1_632' title='bbox 618 2557 642 2580; x_wconf 91' lang='lat' dir='ltr'>et</span> <span class='ocrx_word' id='word_1_633' title='bbox 661 2556 798 2580; x_wconf 82' lang='lat' dir='ltr'>attentione</span> <span class='ocrx_word' id='word_1_634' title='bbox 817 2555 903 2586; x_wconf 79' lang='lat' dir='ltr'>dignis</span> <span class='ocrx_word' id='word_1_635' title='bbox 918 2556 1003 2580; x_wconf 78' lang='lat' dir='ltr'>utitur.</span> <span class='ocrx_word' id='word_1_636' title='bbox 1069 2557 1169 2587; x_wconf 76' lang='lat' dir='ltr'>scripto</span> <span class='ocrx_word' id='word_1_637' title='bbox 1196 2557 1220 2581; x_wconf 90' lang='lat' dir='ltr'>d.</span> <span class='ocrx_word' id='word_1_638' title='bbox 1245 2557 1281 2582; x_wconf 84' lang='lat'>17.</span> <span class='ocrx_word' id='word_1_639' title='bbox 1307 2565 1333 2589; x_wconf 80' lang='lat' dir='ltr'>q.</span> <span class='ocrx_word' id='word_1_640' title='bbox 1355 2558 1438 2583; x_wconf 78' lang='lat' dir='ltr'>unica.</span> <span class='ocrx_word' id='word_1_641' title='bbox 1455 2572 1488 2575; x_wconf 84' lang='lat'>——</span> <span class='ocrx_word' id='word_1_642' title='bbox 1502 2558 1526 2582; x_wconf 82' lang='lat' dir='ltr'>S.</span> <span class='ocrx_word' id='word_1_643' title='bbox 1549 2558 1651 2589; x_wconf 70' lang='lat' dir='ltr'>Tuom,</span> <span class='ocrx_word' id='word_1_644' title='bbox 1675 2559 1715 2583; x_wconf 78' lang='lat' dir='ltr'>liic</span> <span class='ocrx_word' id='word_1_645' title='bbox 1741 2566 1765 2590; x_wconf 86' lang='lat' dir='ltr'>q.</span> <span class='ocrx_word' id='word_1_646' title='bbox 1792 2559 1816 2583; x_wconf 83' lang='grc'>3.</span> <span class='ocrx_word' id='word_1_647' title='bbox 1845 2566 1868 2584; x_wconf 83' lang='lat' dir='ltr'>a.</span> <span class='ocrx_word' id='word_1_648' title='bbox 1898 2559 1920 2583; x_wconf 86' lang='grc'>1.</span> <span class='ocrx_word' id='word_1_649' title='bbox 1942 2566 2021 2591; x_wconf 77' lang='lat' dir='ltr'>quae-</span> 
     </span>
    </p>
   </div>
   <div class='ocr_carea' id='block_1_8' title="bbox 1067 2600 2020 2635">
    <p class='ocr_par' dir='ltr' id='par_1_24' title="bbox 1067 2600 2020 2635">
     <span class='ocr_line' id='line_1_83' title="bbox 1067 2600 2020 2635; baseline 0.003 -11"><span class='ocrx_word' id='word_1_650' title='bbox 1067 2600 1157 2625; x_wconf 89' lang='lat' dir='ltr'>stiunc.</span> <span class='ocrx_word' id='word_1_651' title='bbox 1172 2601 1195 2624; x_wconf 77' lang='lat'>2.</span> <span class='ocrx_word' id='word_1_652' title='bbox 1210 2600 1233 2625; x_wconf 82' lang='grc'>3,</span> <span class='ocrx_word' id='word_1_653' title='bbox 1249 2601 1338 2632; x_wconf 72' lang='lat' dir='ltr'>Suppl.</span> <span class='ocrx_word' id='word_1_654' title='bbox 1354 2608 1379 2633; x_wconf 83' lang='lat' dir='ltr'>q.</span> <span class='ocrx_word' id='word_1_655' title='bbox 1395 2602 1418 2625; x_wconf 90' lang='grc'>6.</span> <span class='ocrx_word' id='word_1_656' title='bbox 1432 2608 1454 2635; x_wconf 68' lang='grc' dir='ltr'>ξι.</span> <span class='ocrx_word' id='word_1_657' title='bbox 1481 2602 1499 2626; x_wconf 94' lang='grc'>1.</span> <span class='ocrx_word' id='word_1_658' title='bbox 1515 2602 1538 2626; x_wconf 79' lang='lat'>2.</span> <span class='ocrx_word' id='word_1_659' title='bbox 1553 2616 1586 2618; x_wconf 97' lang='lat'><strong>—</strong></span> <span class='ocrx_word' id='word_1_660' title='bbox 1600 2602 1626 2626; x_wconf 90' lang='lat' dir='ltr'>B.</span> <span class='ocrx_word' id='word_1_661' title='bbox 1641 2601 1745 2633; x_wconf 83' lang='lat' dir='ltr'>Albcrt.‚</span> <span class='ocrx_word' id='word_1_662' title='bbox 1761 2602 1792 2627; x_wconf 84' lang='lat' dir='ltr'>de</span> <span class='ocrx_word' id='word_1_663' title='bbox 1813 2603 1860 2627; x_wconf 79' lang='lat' dir='ltr'>bac</span> <span class='ocrx_word' id='word_1_664' title='bbox 1884 2605 1908 2627; x_wconf 88' lang='lat' dir='ltr'>et</span> <span class='ocrx_word' id='word_1_665' title='bbox 1927 2609 1980 2635; x_wconf 84' lang='lat' dir='ltr'>seq.</span> <span class='ocrx_word' id='word_1_666' title='bbox 1995 2610 2020 2635; x_wconf 86' lang='lat' dir='ltr'>q.</span> 
     </span>
    </p>
   </div>
   <div class='ocr_carea' id='block_1_9' title="bbox 748 2698 1284 2701">
    <p class='ocr_par' dir='ltr' id='par_1_25' title="bbox 748 2698 1284 2701">
     <span class='ocr_line' id='line_1_84' title="bbox 748 2698 1284 2701; baseline 0 0"><span class='ocrx_word' id='word_1_667' title='bbox 748 2698 1284 2701; x_wconf 95' lang='lat' dir='ltr'> </span> 
     </span>
    </p>
   </div>
   <div class='ocr_carea' id='block_1_10' title="bbox 56 2759 1005 3407">
    <p class='ocr_par' dir='ltr' id='par_1_26' title="bbox 122 2759 815 2792">
     <span class='ocr_line' id='line_1_85' title="bbox 122 2759 815 2792; baseline 0 -8"><span class='ocrx_word' id='word_1_668' title='bbox 122 2759 129 2774; x_wconf 92' lang='lat'>¹</span> <span class='ocrx_word' id='word_1_669' title='bbox 150 2759 251 2791; x_wconf 75' lang='lat' dir='ltr'>Quaest.</span> <span class='ocrx_word' id='word_1_670' title='bbox 272 2767 325 2792; x_wconf 83' lang='lat' dir='ltr'>seq.</span> <span class='ocrx_word' id='word_1_671' title='bbox 346 2760 396 2785; x_wconf 74' lang='lat' dir='ltr'>Cir.</span> <span class='ocrx_word' id='word_1_672' title='bbox 418 2767 496 2792; x_wconf 78' lang='lat' dir='ltr'>supro</span> <span class='ocrx_word' id='word_1_673' title='bbox 519 2760 542 2785; x_wconf 92' lang='lat' dir='ltr'>d.</span> <span class='ocrx_word' id='word_1_674' title='bbox 565 2761 604 2785; x_wconf 86' lang='grc'>16.</span> <span class='ocrx_word' id='word_1_675' title='bbox 626 2767 651 2792; x_wconf 78' lang='lat' dir='ltr'>p.</span> <span class='ocrx_word' id='word_1_676' title='bbox 672 2761 688 2785; x_wconf 92' lang='grc'>1.</span> <span class='ocrx_word' id='word_1_677' title='bbox 710 2760 771 2786; x_wconf 85' lang='lat' dir='ltr'>dub.</span> <span class='ocrx_word' id='word_1_678' title='bbox 798 2762 815 2785; x_wconf 86' lang='grc'>1.</span> 
     </span>
    </p>

    <p class='ocr_par' dir='ltr' id='par_1_27' title="bbox 122 2802 484 2835">
     <span class='ocr_line' id='line_1_86' title="bbox 122 2802 484 2835; baseline 0.003 -7"><span class='ocrx_word' id='word_1_679' title='bbox 122 2802 132 2818; x_wconf 79' lang='lat'>2</span> <span class='ocrx_word' id='word_1_680' title='bbox 150 2803 213 2828; x_wconf 85' lang='lat' dir='ltr'>Edd.</span> <span class='ocrx_word' id='word_1_681' title='bbox 234 2811 371 2835; x_wconf 74' lang='lat' dir='ltr'>perperam</span> <span class='ocrx_word' id='word_1_682' title='bbox 390 2803 484 2830; x_wconf 78' lang='lat' dir='ltr'>virtus.</span> 
     </span>
    </p>

    <p class='ocr_par' dir='ltr' id='par_1_28' title="bbox 56 2846 1003 2969">
     <span class='ocr_line' id='line_1_87' title="bbox 121 2846 1003 2881; baseline 0.001 -9"><span class='ocrx_word' id='word_1_683' title='bbox 121 2846 131 2862; x_wconf 82' lang='grc'>3</span> <span class='ocrx_word' id='word_1_684' title='bbox 152 2848 184 2872; x_wconf 81' lang='lat' dir='ltr'>Ex</span> <span class='ocrx_word' id='word_1_685' title='bbox 204 2848 278 2872; x_wconf 82' lang='lat' dir='ltr'>codd.</span> <span class='ocrx_word' id='word_1_686' title='bbox 299 2848 346 2873; x_wconf 82' lang='lat' dir='ltr'>FG</span> <span class='ocrx_word' id='word_1_687' title='bbox 367 2849 550 2879; x_wconf 82' lang='lat' dir='ltr'>supplevimus</span> <span class='ocrx_word' id='word_1_688' title='bbox 563 2848 654 2880; x_wconf 77' lang='lat' dir='ltr'>illum,</span> <span class='ocrx_word' id='word_1_689' title='bbox 671 2848 741 2881; x_wconf 83' lang='lat' dir='ltr'>quod</span> <span class='ocrx_word' id='word_1_690' title='bbox 763 2849 819 2874; x_wconf 80' lang='lat' dir='ltr'>Vat.</span> <span class='ocrx_word' id='word_1_691' title='bbox 833 2856 893 2874; x_wconf 84' lang='lat' dir='ltr'>cum</span> <span class='ocrx_word' id='word_1_692' title='bbox 914 2849 1003 2880; x_wconf 78' lang='lat' dir='ltr'>paucis</span> 
     </span>
     <span class='ocr_line' id='line_1_88' title="bbox 56 2890 1002 2931; baseline 0.004 -17"><span class='ocrx_word' id='word_1_693' title='bbox 56 2890 129 2915; x_wconf 88' lang='lat' dir='ltr'>codd.</span> <span class='ocrx_word' id='word_1_694' title='bbox 148 2892 251 2923; x_wconf 77' lang='lat' dir='ltr'>omittit,</span> <span class='ocrx_word' id='word_1_695' title='bbox 273 2899 320 2923; x_wconf 89' lang='lat' dir='ltr'>pro</span> <span class='ocrx_word' id='word_1_696' title='bbox 346 2899 398 2924; x_wconf 86' lang='lat' dir='ltr'>quo</span> <span class='ocrx_word' id='word_1_697' title='bbox 424 2892 464 2917; x_wconf 88' lang='lat' dir='ltr'>alii</span> <span class='ocrx_word' id='word_1_698' title='bbox 491 2892 566 2917; x_wconf 84' lang='lat' dir='ltr'>codd.</span> <span class='ocrx_word' id='word_1_699' title='bbox 587 2894 731 2924; x_wconf 75' lang='lat' dir='ltr'>naturam,</span> <span class='ocrx_word' id='word_1_700' title='bbox 753 2893 793 2918; x_wconf 85' lang='lat' dir='ltr'>ed.</span> <span class='ocrx_word' id='word_1_701' title='bbox 819 2894 824 2918; x_wconf 91' lang='grc'><strong>1</strong></span> <span class='ocrx_word' id='word_1_702' title='bbox 854 2896 878 2918; x_wconf 80' lang='lat' dir='ltr'>et</span> <span class='ocrx_word' id='word_1_703' title='bbox 902 2893 960 2918; x_wconf 87' lang='lat' dir='ltr'>cod.</span> <span class='ocrx_word' id='word_1_704' title='bbox 980 2893 1002 2931; x_wconf 75' lang='grc'>111</span> 
     </span>
     <span class='ocr_line' id='line_1_89' title="bbox 57 2933 870 2969; baseline 0.005 -11"><span class='ocrx_word' id='word_1_705' title='bbox 57 2933 157 2965; x_wconf 80' lang='lat' dir='ltr'>legunt:</span> <span class='ocrx_word' id='word_1_706' title='bbox 179 2935 251 2961; x_wconf 78' lang='lat' dir='ltr'>Unde</span> <span class='ocrx_word' id='word_1_707' title='bbox 266 2935 455 2968; x_wconf 71' lang='lat' dir='ltr'>poenitentiam</span> <span class='ocrx_word' id='word_1_708' title='bbox 474 2935 502 2961; x_wconf 84' lang='lat' dir='ltr'>in</span> <span class='ocrx_word' id='word_1_709' title='bbox 521 2936 641 2969; x_wconf 55' lang='lat' dir='ltr'>cenerati</span> <span class='ocrx_word' id='word_1_710' title='bbox 660 2936 740 2962; x_wconf 74' lang='lat' dir='ltr'>diolci</span> <span class='ocrx_word' id='word_1_711' title='bbox 760 2938 870 2962; x_wconf 77' lang='lat' dir='ltr'>natura.</span> 
     </span>
    </p>

    <p class='ocr_par' dir='ltr' id='par_1_29' title="bbox 56 2977 1003 3094">
     <span class='ocr_line' id='line_1_90' title="bbox 123 2977 1003 3012; baseline 0.002 -9"><span class='ocrx_word' id='word_1_712' title='bbox 123 2977 133 2993; x_wconf 79' lang='lat'>⁴¹</span> <span class='ocrx_word' id='word_1_713' title='bbox 153 2979 226 3004; x_wconf 83' lang='lat' dir='ltr'>Prov.</span> <span class='ocrx_word' id='word_1_714' title='bbox 248 2981 278 3011; x_wconf 77' lang='lat'>2,</span> <span class='ocrx_word' id='word_1_715' title='bbox 305 2979 341 3005; x_wconf 65' lang='lat' dir='ltr'>il.</span> <span class='ocrx_word' id='word_1_716' title='bbox 364 2994 399 2998; x_wconf 89' lang='lat'><strong>—</strong></span> <span class='ocrx_word' id='word_1_717' title='bbox 421 2980 557 3005; x_wconf 84' lang='lat' dir='ltr'>Secundus</span> <span class='ocrx_word' id='word_1_718' title='bbox 576 2984 660 3006; x_wconf 77' lang='lat' dir='ltr'>textus</span> <span class='ocrx_word' id='word_1_719' title='bbox 684 2985 722 3006; x_wconf 89' lang='lat' dir='ltr'>est</span> <span class='ocrx_word' id='word_1_720' title='bbox 743 2981 788 3006; x_wconf 89' lang='lat' dir='ltr'>ler.</span> <span class='ocrx_word' id='word_1_721' title='bbox 811 2981 839 3012; x_wconf 88' lang='grc'>3,</span> <span class='ocrx_word' id='word_1_722' title='bbox 860 2982 889 3012; x_wconf 85' lang='grc'>3;</span> <span class='ocrx_word' id='word_1_723' title='bbox 914 2982 1003 3006; x_wconf 85' lang='lat' dir='ltr'>tertius</span> 
     </span>
     <span class='ocr_line' id='line_1_91' title="bbox 56 3021 1003 3057; baseline 0.006 -12"><span class='ocrx_word' id='word_1_724' title='bbox 56 3021 109 3046; x_wconf 80' lang='lat' dir='ltr'>lsai.</span> <span class='ocrx_word' id='word_1_725' title='bbox 130 3021 157 3054; x_wconf 79' lang='lat'>3,</span> <span class='ocrx_word' id='word_1_726' title='bbox 178 3023 206 3055; x_wconf 82' lang='lat'>9,</span> <span class='ocrx_word' id='word_1_727' title='bbox 226 3023 270 3049; x_wconf 89' lang='lat' dir='ltr'>ubi</span> <span class='ocrx_word' id='word_1_728' title='bbox 291 3024 399 3055; x_wconf 82' lang='lat' dir='ltr'>Vulgata</span> <span class='ocrx_word' id='word_1_729' title='bbox 420 3024 500 3057; x_wconf 80' lang='lat' dir='ltr'>quusi</span> <span class='ocrx_word' id='word_1_730' title='bbox 518 3031 565 3056; x_wconf 90' lang='lat' dir='ltr'>pro</span> <span class='ocrx_word' id='word_1_731' title='bbox 585 3024 661 3050; x_wconf 80' lang='lat' dir='ltr'>sicut.</span> <span class='ocrx_word' id='word_1_732' title='bbox 675 3039 710 3043; x_wconf 91' lang='lat'>—</span> <span class='ocrx_word' id='word_1_733' title='bbox 723 3025 829 3050; x_wconf 74' lang='lat' dir='ltr'>Inferius</span> <span class='ocrx_word' id='word_1_734' title='bbox 848 3030 906 3056; x_wconf 89' lang='lat' dir='ltr'>post</span> <span class='ocrx_word' id='word_1_735' title='bbox 925 3027 1003 3051; x_wconf 77' lang='lat' dir='ltr'>nalu-</span> 
     </span>
     <span class='ocr_line' id='line_1_92' title="bbox 56 3067 556 3094; baseline 0.006 -4"><span class='ocrx_word' id='word_1_736' title='bbox 56 3071 114 3091; x_wconf 83' lang='lat' dir='ltr'>ram</span> <span class='ocrx_word' id='word_1_737' title='bbox 133 3067 189 3092; x_wconf 88' lang='lat' dir='ltr'>cod.</span> <span class='ocrx_word' id='word_1_738' title='bbox 209 3074 239 3092; x_wconf 85' lang='lat' dir='ltr'>aa</span> <span class='ocrx_word' id='word_1_739' title='bbox 258 3068 329 3093; x_wconf 81' lang='lat' dir='ltr'>addit</span> <span class='ocrx_word' id='word_1_740' title='bbox 348 3070 442 3094; x_wconf 80' lang='lat' dir='ltr'>contra</span> <span class='ocrx_word' id='word_1_741' title='bbox 462 3068 556 3093; x_wconf 82' lang='lat' dir='ltr'>Deum.</span> 
     </span>
    </p>

    <p class='ocr_par' dir='ltr' id='par_1_30' title="bbox 56 3110 1003 3231">
     <span class='ocr_line' id='line_1_93' title="bbox 123 3110 1003 3145; baseline 0.003 -9"><span class='ocrx_word' id='word_1_742' title='bbox 123 3110 134 3127; x_wconf 80' lang='lat'>5</span> <span class='ocrx_word' id='word_1_743' title='bbox 152 3112 224 3136; x_wconf 85' lang='lat' dir='ltr'>Eccli.</span> <span class='ocrx_word' id='word_1_744' title='bbox 247 3111 275 3144; x_wconf 80' lang='lat'>4,</span> <span class='ocrx_word' id='word_1_745' title='bbox 296 3113 343 3137; x_wconf 71' lang='lat'>25:</span> <span class='ocrx_word' id='word_1_746' title='bbox 364 3113 406 3137; x_wconf 83' lang='lat' dir='ltr'>Est</span> <span class='ocrx_word' id='word_1_747' title='bbox 424 3114 492 3137; x_wconf 84' lang='lat' dir='ltr'>enim</span> <span class='ocrx_word' id='word_1_748' title='bbox 513 3113 630 3138; x_wconf 82' lang='lat' dir='ltr'>confusio</span> <span class='ocrx_word' id='word_1_749' title='bbox 650 3113 783 3138; x_wconf 84' lang='lat' dir='ltr'>adducens</span> <span class='ocrx_word' id='word_1_750' title='bbox 809 3118 957 3145; x_wconf 76' lang='lat' dir='ltr'>peccatum,</span> <span class='ocrx_word' id='word_1_751' title='bbox 979 3118 1003 3140; x_wconf 88' lang='lat' dir='ltr'>et</span> 
     </span>
     <span class='ocr_line' id='line_1_94' title="bbox 56 3155 1002 3187; baseline 0.003 -9"><span class='ocrx_word' id='word_1_752' title='bbox 56 3157 92 3178; x_wconf 86' lang='lat' dir='ltr'>est</span> <span class='ocrx_word' id='word_1_753' title='bbox 111 3155 224 3181; x_wconf 80' lang='lat' dir='ltr'>confusio</span> <span class='ocrx_word' id='word_1_754' title='bbox 244 3156 376 3181; x_wconf 78' lang='lat' dir='ltr'>adducens</span> <span class='ocrx_word' id='word_1_755' title='bbox 396 3157 503 3187; x_wconf 79' lang='lat' dir='ltr'>gloriam</span> <span class='ocrx_word' id='word_1_756' title='bbox 524 3159 549 3181; x_wconf 88' lang='lat' dir='ltr'>et</span> <span class='ocrx_word' id='word_1_757' title='bbox 568 3157 686 3187; x_wconf 80' lang='lat' dir='ltr'>gratiam.</span> <span class='ocrx_word' id='word_1_758' title='bbox 706 3170 740 3174; x_wconf 92' lang='lat'>—</span> <span class='ocrx_word' id='word_1_759' title='bbox 759 3156 821 3181; x_wconf 90' lang='lat' dir='ltr'>Cod.</span> <span class='ocrx_word' id='word_1_760' title='bbox 845 3157 867 3181; x_wconf 94' lang='lat' dir='ltr'>H</span> <span class='ocrx_word' id='word_1_761' title='bbox 886 3158 910 3182; x_wconf 82' lang='lat' dir='ltr'>et</span> <span class='ocrx_word' id='word_1_762' title='bbox 933 3163 1002 3182; x_wconf 83' lang='lat' dir='ltr'>vere-</span> 
     </span>
     <span class='ocr_line' id='line_1_95' title="bbox 56 3197 311 3231; baseline 0.008 -9"><span class='ocrx_word' id='word_1_763' title='bbox 56 3197 165 3223; x_wconf 80' lang='lat' dir='ltr'>cundiae</span> <span class='ocrx_word' id='word_1_764' title='bbox 184 3198 311 3231; x_wconf 81' lang='lat' dir='ltr'>confusio.</span> 
     </span>
    </p>

    <p class='ocr_par' dir='ltr' id='par_1_31' title="bbox 57 3241 1005 3407">
     <span class='ocr_line' id='line_1_96' title="bbox 124 3241 1003 3277; baseline 0.002 -11"><span class='ocrx_word' id='word_1_765' title='bbox 124 3241 135 3257; x_wconf 79' lang='lat'><strong>⁶</strong></span> <span class='ocrx_word' id='word_1_766' title='bbox 153 3242 347 3274; x_wconf 81' lang='lat' dir='ltr'>Supplondum:</span> <span class='ocrx_word' id='word_1_767' title='bbox 367 3243 504 3277; x_wconf 79' lang='lat' dir='ltr'>confessio,</span> <span class='ocrx_word' id='word_1_768' title='bbox 525 3250 592 3275; x_wconf 84' lang='lat' dir='ltr'>quae</span> <span class='ocrx_word' id='word_1_769' title='bbox 612 3250 662 3268; x_wconf 82' lang='lat' dir='ltr'>vox</span> <span class='ocrx_word' id='word_1_770' title='bbox 683 3244 789 3268; x_wconf 79' lang='lat' dir='ltr'>fortasse</span> <span class='ocrx_word' id='word_1_771' title='bbox 808 3248 914 3275; x_wconf 87' lang='lat' dir='ltr'>propter</span> <span class='ocrx_word' id='word_1_772' title='bbox 934 3244 1003 3268; x_wconf 88' lang='lat' dir='ltr'>simi-</span> 
     </span>
     <span class='ocr_line' id='line_1_97' title="bbox 57 3284 1003 3320; baseline 0.005 -12"><span class='ocrx_word' id='word_1_773' title='bbox 57 3284 187 3310; x_wconf 84' lang='lat' dir='ltr'>litudinem</span> <span class='ocrx_word' id='word_1_774' title='bbox 207 3287 299 3313; x_wconf 81' lang='lat' dir='ltr'>excidit</span> <span class='ocrx_word' id='word_1_775' title='bbox 317 3292 375 3312; x_wconf 81' lang='lat' dir='ltr'>ante</span> <span class='ocrx_word' id='word_1_776' title='bbox 394 3287 450 3313; x_wconf 79' lang='lat' dir='ltr'>sinc</span> <span class='ocrx_word' id='word_1_777' title='bbox 475 3286 644 3319; x_wconf 83' lang='lat' dir='ltr'>confusione,</span> <span class='ocrx_word' id='word_1_778' title='bbox 674 3294 705 3312; x_wconf 89' lang='lat' dir='ltr'>eo</span> <span class='ocrx_word' id='word_1_779' title='bbox 725 3288 823 3319; x_wconf 70' lang='lat' dir='ltr'>magis,</span> <span class='ocrx_word' id='word_1_780' title='bbox 851 3289 909 3320; x_wconf 82' lang='lat' dir='ltr'>quia</span> <span class='ocrx_word' id='word_1_781' title='bbox 931 3289 1003 3313; x_wconf 87' lang='lat' dir='ltr'>multi</span> 
     </span>
     <span class='ocr_line' id='line_1_98' title="bbox 57 3328 1004 3364; baseline 0.005 -12"><span class='ocrx_word' id='word_1_782' title='bbox 57 3328 131 3354; x_wconf 88' lang='lat' dir='ltr'>codd.</span> <span class='ocrx_word' id='word_1_783' title='bbox 151 3330 212 3355; x_wconf 80' lang='lat' dir='ltr'>falso</span> <span class='ocrx_word' id='word_1_784' title='bbox 232 3331 326 3356; x_wconf 78' lang='lat' dir='ltr'>habent</span> <span class='ocrx_word' id='word_1_785' title='bbox 344 3331 400 3357; x_wconf 79' lang='lat' dir='ltr'>sine</span> <span class='ocrx_word' id='word_1_786' title='bbox 420 3330 582 3363; x_wconf 71' lang='lat' dir='ltr'>confessione</span> <span class='ocrx_word' id='word_1_787' title='bbox 601 3338 649 3362; x_wconf 86' lang='lat' dir='ltr'>pro</span> <span class='ocrx_word' id='word_1_788' title='bbox 668 3330 723 3356; x_wconf 76' lang='lat' dir='ltr'>sine</span> <span class='ocrx_word' id='word_1_789' title='bbox 751 3331 913 3364; x_wconf 81' lang='lat' dir='ltr'>confusione.</span> <span class='ocrx_word' id='word_1_790' title='bbox 936 3331 1004 3357; x_wconf 83' lang='lat' dir='ltr'>Cete-</span> 
     </span>
     <span class='ocr_line' id='line_1_99' title="bbox 58 3372 1005 3407; baseline 0.004 -10"><span class='ocrx_word' id='word_1_791' title='bbox 58 3378 115 3396; x_wconf 91' lang='lat' dir='ltr'>rum</span> <span class='ocrx_word' id='word_1_792' title='bbox 134 3372 217 3405; x_wconf 72' lang='lat' dir='ltr'>codd,</span> <span class='ocrx_word' id='word_1_793' title='bbox 231 3375 344 3406; x_wconf 70' lang='lat' dir='ltr'>exceptis</span> <span class='ocrx_word' id='word_1_794' title='bbox 363 3375 380 3399; x_wconf 87' lang='lat' dir='ltr'>F</span> <span class='ocrx_word' id='word_1_795' title='bbox 391 3375 409 3399; x_wconf 90' lang='lat' dir='ltr'>G</span> <span class='ocrx_word' id='word_1_796' title='bbox 422 3375 442 3399; x_wconf 81' lang='grc' dir='ltr'><strong><em>Μ</em></strong></span> <span class='ocrx_word' id='word_1_797' title='bbox 454 3375 496 3406; x_wconf 76' lang='lat' dir='ltr'>W,</span> <span class='ocrx_word' id='word_1_798' title='bbox 513 3374 603 3401; x_wconf 77' lang='lat' dir='ltr'>debere</span> <span class='ocrx_word' id='word_1_799' title='bbox 622 3381 695 3407; x_wconf 78' lang='lat' dir='ltr'>esse‚·</span> <span class='ocrx_word' id='word_1_800' title='bbox 708 3375 767 3400; x_wconf 87' lang='lat' dir='ltr'>edd.</span> <span class='ocrx_word' id='word_1_801' title='bbox 782 3376 883 3407; x_wconf 86' lang='lat' dir='ltr'>legunt:</span> <span class='ocrx_word' id='word_1_802' title='bbox 897 3377 921 3402; x_wconf 83' lang='lat' dir='ltr'>et</span> <span class='ocrx_word' id='word_1_803' title='bbox 938 3383 1005 3401; x_wconf 82' lang='lat' dir='ltr'>nnn-</span> 
     </span>
    </p>
   </div>
   <div class='ocr_carea' id='block_1_11' title="bbox 0 2227 7 3836">
    <p class='ocr_par' dir='ltr' id='par_1_32' title="bbox 0 2227 7 3836">
     <span class='ocr_line' id='line_1_100' title="bbox 0 2227 7 3836; baseline 0 0"><span class='ocrx_word' id='word_1_804' title='bbox 0 2227 7 3836; x_wconf 95' lang='lat' dir='ltr'> </span> 
     </span>
    </p>
   </div>
   <div class='ocr_carea' id='block_1_12' title="bbox 1035 2513 1039 3405">
    <p class='ocr_par' dir='ltr' id='par_1_33' title="bbox 1035 2513 1039 3405">
     <span class='ocr_line' id='line_1_101' title="bbox 1035 2513 1039 3405; baseline 0 0"><span class='ocrx_word' id='word_1_805' title='bbox 1035 2513 1039 3405; x_wconf 95' lang='lat' dir='ltr'> </span> 
     </span>
    </p>
   </div>
   <div class='ocr_carea' id='block_1_13' title="bbox 1064 2760 2023 3409">
    <p class='ocr_par' dir='ltr' id='par_1_34' title="bbox 1064 2760 2023 3015">
     <span class='ocr_line' id='line_1_102' title="bbox 1067 2760 2023 2795; baseline 0.002 -9"><span class='ocrx_word' id='word_1_806' title='bbox 1067 2768 1148 2793; x_wconf 79' lang='lat' dir='ltr'>quam</span> <span class='ocrx_word' id='word_1_807' title='bbox 1168 2760 1285 2794; x_wconf 54' lang='lat' dir='ltr'>detenet-e</span> <span class='ocrx_word' id='word_1_808' title='bbox 1303 2762 1441 2793; x_wconf 74' lang='lat' dir='ltr'>peccatum</span> <span class='ocrx_word' id='word_1_809' title='bbox 1459 2768 1507 2793; x_wconf 78' lang='lat' dir='ltr'>per</span> <span class='ocrx_word' id='word_1_810' title='bbox 1526 2760 1733 2793; x_wconf 81' lang='lat' dir='ltr'>consessionem,</span> <span class='ocrx_word' id='word_1_811' title='bbox 1754 2763 1864 2795; x_wconf 80' lang='lat' dir='ltr'>propter</span> <span class='ocrx_word' id='word_1_812' title='bbox 1886 2762 1962 2788; x_wconf 84' lang='lat' dir='ltr'>illam</span> <span class='ocrx_word' id='word_1_813' title='bbox 1982 2764 2023 2788; x_wconf 81' lang='lat' dir='ltr'>la-</span> 
     </span>
     <span class='ocr_line' id='line_1_103' title="bbox 1067 2804 2020 2840; baseline 0.002 -9"><span class='ocrx_word' id='word_1_814' title='bbox 1067 2812 1127 2831; x_wconf 78' lang='lat' dir='ltr'>men</span> <span class='ocrx_word' id='word_1_815' title='bbox 1141 2812 1252 2831; x_wconf 80' lang='lat' dir='ltr'>causam</span> <span class='ocrx_word' id='word_1_816' title='bbox 1272 2804 1316 2839; x_wconf 88' lang='lat' dir='ltr'>[in</span> <span class='ocrx_word' id='word_1_817' title='bbox 1337 2810 1422 2831; x_wconf 79' lang='lat' dir='ltr'>nostra</span> <span class='ocrx_word' id='word_1_818' title='bbox 1437 2806 1543 2831; x_wconf 83' lang='lat' dir='ltr'>lectione</span> <span class='ocrx_word' id='word_1_819' title='bbox 1557 2805 1632 2831; x_wconf 79' lang='lat' dir='ltr'>illam</span> <span class='ocrx_word' id='word_1_820' title='bbox 1652 2807 1761 2832; x_wconf 82' lang='lat' dir='ltr'>refertur</span> <span class='ocrx_word' id='word_1_821' title='bbox 1774 2806 1806 2831; x_wconf 83' lang='lat' dir='ltr'>ad</span> <span class='ocrx_word' id='word_1_822' title='bbox 1827 2807 2020 2840; x_wconf 77' lang='lat' dir='ltr'>confusionem]</span> 
     </span>
     <span class='ocr_line' id='line_1_104' title="bbox 1067 2850 2021 2885; baseline 0.003 -11"><span class='ocrx_word' id='word_1_823' title='bbox 1067 2856 1120 2875; x_wconf 86' lang='lat' dir='ltr'>non</span> <span class='ocrx_word' id='word_1_824' title='bbox 1140 2851 1178 2875; x_wconf 77' lang='lat' dir='ltr'>est</span> <span class='ocrx_word' id='word_1_825' title='bbox 1198 2854 1244 2875; x_wconf 80' lang='lat' dir='ltr'>etc.</span> <span class='ocrx_word' id='word_1_826' title='bbox 1265 2850 1401 2882; x_wconf 71' lang='lat' dir='ltr'>Aliquanto</span> <span class='ocrx_word' id='word_1_827' title='bbox 1420 2851 1543 2881; x_wconf 82' lang='lat' dir='ltr'>superius</span> <span class='ocrx_word' id='word_1_828' title='bbox 1562 2857 1610 2881; x_wconf 92' lang='lat' dir='ltr'>pro</span> <span class='ocrx_word' id='word_1_829' title='bbox 1630 2852 1654 2876; x_wconf 84' lang='lat' dir='ltr'>et</span> <span class='ocrx_word' id='word_1_830' title='bbox 1670 2850 1810 2883; x_wconf 74' lang='lat' dir='ltr'>propriant</span> <span class='ocrx_word' id='word_1_831' title='bbox 1832 2851 1891 2876; x_wconf 70' lang='lat' dir='ltr'>edd,</span> <span class='ocrx_word' id='word_1_832' title='bbox 1917 2853 1941 2877; x_wconf 86' lang='lat' dir='ltr'>et</span> <span class='ocrx_word' id='word_1_833' title='bbox 1956 2859 2021 2885; x_wconf 79' lang='lat' dir='ltr'>pro-</span> 
     </span>
     <span class='ocr_line' id='line_1_105' title="bbox 1064 2893 2022 2927; baseline 0.004 -9"><span class='ocrx_word' id='word_1_834' title='bbox 1064 2893 1135 2926; x_wconf 80' lang='lat' dir='ltr'>priu.</span> <span class='ocrx_word' id='word_1_835' title='bbox 1157 2894 1272 2919; x_wconf 82' lang='lat' dir='ltr'>Subinde</span> <span class='ocrx_word' id='word_1_836' title='bbox 1293 2901 1340 2925; x_wconf 86' lang='lat' dir='ltr'>pro</span> <span class='ocrx_word' id='word_1_837' title='bbox 1362 2893 1490 2925; x_wconf 72' lang='lat' dir='ltr'>taanzois</span> <span class='ocrx_word' id='word_1_838' title='bbox 1509 2895 1598 2920; x_wconf 73' lang='lat' dir='ltr'>autem</span> <span class='ocrx_word' id='word_1_839' title='bbox 1618 2895 1674 2919; x_wconf 88' lang='lat' dir='ltr'>cod.</span> <span class='ocrx_word' id='word_1_840' title='bbox 1695 2902 1724 2920; x_wconf 81' lang='lat' dir='ltr'>aa</span> <span class='ocrx_word' id='word_1_841' title='bbox 1746 2894 1874 2926; x_wconf 72' lang='lat' dir='ltr'>Quamvis</span> <span class='ocrx_word' id='word_1_842' title='bbox 1894 2895 1976 2927; x_wconf 73' lang='lat' dir='ltr'>enim,</span> <span class='ocrx_word' id='word_1_843' title='bbox 1998 2899 2022 2922; x_wconf 89' lang='lat' dir='ltr'>et</span> 
     </span>
     <span class='ocr_line' id='line_1_106' title="bbox 1068 2937 2020 2972; baseline 0.003 -10"><span class='ocrx_word' id='word_1_844' title='bbox 1068 2937 1145 2962; x_wconf 57' lang='lat' dir='ltr'>codd⁴</span> <span class='ocrx_word' id='word_1_845' title='bbox 1166 2938 1266 2962; x_wconf 51' lang='lat' dir='ltr'>Atili&amp;</span> <span class='ocrx_word' id='word_1_846' title='bbox 1279 2938 1311 2962; x_wconf 89' lang='lat' dir='ltr'>W</span> <span class='ocrx_word' id='word_1_847' title='bbox 1332 2939 1451 2963; x_wconf 85' lang='lat' dir='ltr'>omittunt</span> <span class='ocrx_word' id='word_1_848' title='bbox 1470 2937 1613 2963; x_wconf 76' lang='lat' dir='ltr'>dictamini.</span> <span class='ocrx_word' id='word_1_849' title='bbox 1635 2939 1711 2963; x_wconf 79' lang='lat' dir='ltr'>Paulo</span> <span class='ocrx_word' id='word_1_850' title='bbox 1731 2939 1837 2963; x_wconf 77' lang='lat' dir='ltr'>inferius</span> <span class='ocrx_word' id='word_1_851' title='bbox 1851 2946 1898 2970; x_wconf 88' lang='lat' dir='ltr'>pro</span> <span class='ocrx_word' id='word_1_852' title='bbox 1916 2940 2020 2972; x_wconf 75' lang='lat' dir='ltr'>Etpro-</span> 
     </span>
     <span class='ocr_line' id='line_1_107' title="bbox 1066 2980 1745 3015; baseline 0.001 -9"><span class='ocrx_word' id='word_1_853' title='bbox 1066 2983 1125 3014; x_wconf 73' lang='lat' dir='ltr'>pler</span> <span class='ocrx_word' id='word_1_854' title='bbox 1143 2980 1213 3007; x_wconf 73' lang='lat' dir='ltr'>lianc</span> <span class='ocrx_word' id='word_1_855' title='bbox 1232 2981 1288 3007; x_wconf 88' lang='lat' dir='ltr'>cod.</span> <span class='ocrx_word' id='word_1_856' title='bbox 1310 2982 1327 3006; x_wconf 86' lang='lat' dir='ltr'>E</span> <span class='ocrx_word' id='word_1_857' title='bbox 1347 2984 1371 3006; x_wconf 85' lang='lat' dir='ltr'>et</span> <span class='ocrx_word' id='word_1_858' title='bbox 1390 2982 1431 3006; x_wconf 84' lang='lat' dir='ltr'>ed.</span> <span class='ocrx_word' id='word_1_859' title='bbox 1456 2983 1461 3006; x_wconf 95' lang='grc'><strong>1</strong></span> <span class='ocrx_word' id='word_1_860' title='bbox 1486 2983 1509 3007; x_wconf 83' lang='lat' dir='ltr'>et</span> <span class='ocrx_word' id='word_1_861' title='bbox 1528 2983 1637 3015; x_wconf 75' lang='lat' dir='ltr'>propter</span> <span class='ocrx_word' id='word_1_862' title='bbox 1655 2989 1745 3015; x_wconf 78' lang='lat' dir='ltr'>qaum.</span> 
     </span>
    </p>

    <p class='ocr_par' dir='ltr' id='par_1_35' title="bbox 1068 3025 2022 3323">
     <span class='ocr_line' id='line_1_108' title="bbox 1138 3025 2021 3058; baseline 0.003 -8"><span class='ocrx_word' id='word_1_863' title='bbox 1138 3025 1149 3042; x_wconf 86' lang='lat'><strong>7</strong></span> <span class='ocrx_word' id='word_1_864' title='bbox 1170 3025 1241 3050; x_wconf 86' lang='lat' dir='ltr'>Vers.</span> <span class='ocrx_word' id='word_1_865' title='bbox 1262 3026 1286 3050; x_wconf 82' lang='lat'>8.</span> <span class='ocrx_word' id='word_1_866' title='bbox 1307 3033 1394 3058; x_wconf 80' lang='lat' dir='ltr'>seqq.:</span> <span class='ocrx_word' id='word_1_867' title='bbox 1421 3026 1445 3050; x_wconf 80' lang='lat' dir='ltr'>Si</span> <span class='ocrx_word' id='word_1_868' title='bbox 1466 3025 1569 3050; x_wconf 84' lang='lat' dir='ltr'>difficile</span> <span class='ocrx_word' id='word_1_869' title='bbox 1588 3029 1612 3051; x_wconf 86' lang='lat' dir='ltr'>et</span> <span class='ocrx_word' id='word_1_870' title='bbox 1637 3026 1791 3057; x_wconf 78' lang='lat' dir='ltr'>ambiguum</span> <span class='ocrx_word' id='word_1_871' title='bbox 1819 3027 1888 3058; x_wconf 80' lang='lat' dir='ltr'>apud</span> <span class='ocrx_word' id='word_1_872' title='bbox 1915 3032 1938 3053; x_wconf 86' lang='lat' dir='ltr'>te</span> <span class='ocrx_word' id='word_1_873' title='bbox 1957 3028 2021 3053; x_wconf 88' lang='lat' dir='ltr'>iudi-</span> 
     </span>
     <span class='ocr_line' id='line_1_109' title="bbox 1068 3070 2021 3102; baseline 0.003 -8"><span class='ocrx_word' id='word_1_874' title='bbox 1068 3070 1136 3094; x_wconf 83' lang='lat' dir='ltr'>cium</span> <span class='ocrx_word' id='word_1_875' title='bbox 1156 3077 1213 3095; x_wconf 87' lang='lat' dir='ltr'>esse</span> <span class='ocrx_word' id='word_1_876' title='bbox 1232 3071 1395 3101; x_wconf 78' lang='lat' dir='ltr'>perspexeris</span> <span class='ocrx_word' id='word_1_877' title='bbox 1420 3071 1485 3095; x_wconf 86' lang='lat' dir='ltr'>inter</span> <span class='ocrx_word' id='word_1_878' title='bbox 1504 3071 1656 3101; x_wconf 76' lang='lat' dir='ltr'>sanguinem</span> <span class='ocrx_word' id='word_1_879' title='bbox 1681 3074 1705 3095; x_wconf 83' lang='lat' dir='ltr'>et</span> <span class='ocrx_word' id='word_1_880' title='bbox 1728 3071 1895 3102; x_wconf 75' lang='lat' dir='ltr'>sanguinem,</span> <span class='ocrx_word' id='word_1_881' title='bbox 1916 3079 2021 3097; x_wconf 82' lang='lat' dir='ltr'>causam</span> 
     </span>
     <span class='ocr_line' id='line_1_110' title="bbox 1068 3114 2022 3148; baseline 0.004 -10"><span class='ocrx_word' id='word_1_882' title='bbox 1068 3118 1092 3139; x_wconf 77' lang='lat' dir='ltr'>et</span> <span class='ocrx_word' id='word_1_883' title='bbox 1109 3121 1229 3145; x_wconf 73' lang='lat' dir='ltr'>causam,</span> <span class='ocrx_word' id='word_1_884' title='bbox 1245 3114 1344 3145; x_wconf 77' lang='lat' dir='ltr'>lepram</span> <span class='ocrx_word' id='word_1_885' title='bbox 1364 3118 1388 3139; x_wconf 89' lang='lat' dir='ltr'>et</span> <span class='ocrx_word' id='word_1_886' title='bbox 1401 3115 1533 3145; x_wconf 68' lang='lat' dir='ltr'>lepram..</span> <span class='ocrx_word' id='word_1_887' title='bbox 1556 3115 1583 3138; x_wconf 86' lang='lat' dir='ltr'>Et</span> <span class='ocrx_word' id='word_1_888' title='bbox 1603 3114 1693 3147; x_wconf 79' lang='lat' dir='ltr'>facies,</span> <span class='ocrx_word' id='word_1_889' title='bbox 1708 3115 1893 3148; x_wconf 81' lang='lat' dir='ltr'>quodcumque</span> <span class='ocrx_word' id='word_1_890' title='bbox 1914 3116 2022 3142; x_wconf 81' lang='lat' dir='ltr'>dixerint</span> 
     </span>
     <span class='ocr_line' id='line_1_111' title="bbox 1069 3157 2022 3190; baseline 0.005 -9"><span class='ocrx_word' id='word_1_891' title='bbox 1069 3159 1112 3190; x_wconf 83' lang='lat' dir='ltr'>qui</span> <span class='ocrx_word' id='word_1_892' title='bbox 1132 3160 1256 3189; x_wconf 83' lang='lat' dir='ltr'>praesunt</span> <span class='ocrx_word' id='word_1_893' title='bbox 1275 3157 1352 3189; x_wconf 91' lang='lat' dir='ltr'>(Cod.</span> <span class='ocrx_word' id='word_1_894' title='bbox 1372 3158 1394 3182; x_wconf 92' lang='lat' dir='ltr'><strong>H</strong></span> <span class='ocrx_word' id='word_1_895' title='bbox 1414 3158 1542 3189; x_wconf 79' lang='lat' dir='ltr'>integrum</span> <span class='ocrx_word' id='word_1_896' title='bbox 1569 3160 1664 3183; x_wconf 87' lang='lat' dir='ltr'>textum</span> <span class='ocrx_word' id='word_1_897' title='bbox 1692 3165 1774 3189; x_wconf 81' lang='lat' dir='ltr'>usque</span> <span class='ocrx_word' id='word_1_898' title='bbox 1794 3159 1826 3183; x_wconf 83' lang='lat' dir='ltr'>ad</span> <span class='ocrx_word' id='word_1_899' title='bbox 1853 3160 1916 3185; x_wconf 83' lang='lat' dir='ltr'>haec</span> <span class='ocrx_word' id='word_1_900' title='bbox 1940 3160 2022 3186; x_wconf 81' lang='lat' dir='ltr'>verba</span> 
     </span>
     <span class='ocr_line' id='line_1_112' title="bbox 1068 3200 2021 3235; baseline 0.004 -10"><span class='ocrx_word' id='word_1_901' title='bbox 1068 3200 1195 3232; x_wconf 77' lang='lat' dir='ltr'>exhibet).</span> <span class='ocrx_word' id='word_1_902' title='bbox 1208 3214 1244 3218; x_wconf 97' lang='lat'><strong>—</strong></span> <span class='ocrx_word' id='word_1_903' title='bbox 1258 3201 1316 3233; x_wconf 81' lang='lat' dir='ltr'>Seq.</span> <span class='ocrx_word' id='word_1_904' title='bbox 1337 3201 1408 3225; x_wconf 84' lang='lat' dir='ltr'>iocus</span> <span class='ocrx_word' id='word_1_905' title='bbox 1428 3204 1466 3226; x_wconf 86' lang='lat' dir='ltr'>est</span> <span class='ocrx_word' id='word_1_906' title='bbox 1486 3201 1524 3225; x_wconf 76' lang='lat' dir='ltr'>Ps.</span> <span class='ocrx_word' id='word_1_907' title='bbox 1545 3201 1592 3233; x_wconf 83' lang='grc'>31,</span> <span class='ocrx_word' id='word_1_908' title='bbox 1613 3201 1637 3226; x_wconf 88' lang='lat'>5.</span> <span class='ocrx_word' id='word_1_909' title='bbox 1652 3202 1740 3227; x_wconf 81' lang='lat' dir='ltr'>Glossa</span> <span class='ocrx_word' id='word_1_910' title='bbox 1757 3201 1937 3229; x_wconf 76' lang='lat' dir='ltr'>interlinearis</span> <span class='ocrx_word' id='word_1_911' title='bbox 1951 3204 2021 3235; x_wconf 87' lang='lat' dir='ltr'>apud</span> 
     </span>
     <span class='ocr_line' id='line_1_113' title="bbox 1069 3244 2022 3277; baseline 0.003 -8"><span class='ocrx_word' id='word_1_912' title='bbox 1069 3246 1133 3269; x_wconf 85' lang='lat' dir='ltr'>Petr.</span> <span class='ocrx_word' id='word_1_913' title='bbox 1148 3244 1302 3269; x_wconf 74' lang='lat' dir='ltr'>Lombard.:</span> <span class='ocrx_word' id='word_1_914' title='bbox 1317 3244 1394 3276; x_wconf 83' lang='lat' dir='ltr'>Quasi</span> <span class='ocrx_word' id='word_1_915' title='bbox 1409 3244 1488 3269; x_wconf 82' lang='lat' dir='ltr'>dicat:</span> <span class='ocrx_word' id='word_1_916' title='bbox 1503 3245 1534 3269; x_wconf 88' lang='lat' dir='ltr'>ita</span> <span class='ocrx_word' id='word_1_917' title='bbox 1549 3245 1614 3277; x_wconf 74' lang='lat' dir='ltr'>dixi,</span> <span class='ocrx_word' id='word_1_918' title='bbox 1629 3247 1653 3269; x_wconf 83' lang='lat' dir='ltr'>et</span> <span class='ocrx_word' id='word_1_919' title='bbox 1666 3246 1698 3270; x_wconf 82' lang='lat' dir='ltr'>ita</span> <span class='ocrx_word' id='word_1_920' title='bbox 1713 3247 1851 3277; x_wconf 76' lang='lat' dir='ltr'>proposui,</span> <span class='ocrx_word' id='word_1_921' title='bbox 1866 3248 1890 3271; x_wconf 89' lang='lat' dir='ltr'>et</span> <span class='ocrx_word' id='word_1_922' title='bbox 1904 3250 1929 3272; x_wconf 89' lang='lat' dir='ltr'>tu</span> <span class='ocrx_word' id='word_1_923' title='bbox 1945 3249 2022 3273; x_wconf 86' lang='lat' dir='ltr'>remi-</span> 
     </span>
     <span class='ocr_line' id='line_1_114' title="bbox 1069 3288 2019 3323; baseline 0.004 -10"><span class='ocrx_word' id='word_1_924' title='bbox 1069 3289 1121 3313; x_wconf 86' lang='lat' dir='ltr'>sisti</span> <span class='ocrx_word' id='word_1_925' title='bbox 1142 3289 1218 3313; x_wconf 77' lang='lat' dir='ltr'>etinm</span> <span class='ocrx_word' id='word_1_926' title='bbox 1239 3289 1396 3319; x_wconf 84' lang='lat' dir='ltr'>impietatem</span> <span class='ocrx_word' id='word_1_927' title='bbox 1411 3289 1509 3319; x_wconf 80' lang='lat' dir='ltr'>peccati</span> <span class='ocrx_word' id='word_1_928' title='bbox 1524 3289 1573 3314; x_wconf 87' lang='lat' dir='ltr'>mei</span> <span class='ocrx_word' id='word_1_929' title='bbox 1588 3292 1635 3313; x_wconf 83' lang='lat' dir='ltr'>etc.</span> <span class='ocrx_word' id='word_1_930' title='bbox 1649 3288 1699 3314; x_wconf 74' lang='lat' dir='ltr'>Cir.</span> <span class='ocrx_word' id='word_1_931' title='bbox 1713 3290 1754 3314; x_wconf 86' lang='lat' dir='ltr'>hic</span> <span class='ocrx_word' id='word_1_932' title='bbox 1769 3289 1943 3323; x_wconf 76' lang='lat' dir='ltr'>tit.·1ttagistri,</span> <span class='ocrx_word' id='word_1_933' title='bbox 1958 3298 1979 3317; x_wconf 84' lang='lat' dir='ltr'>c.</span> <span class='ocrx_word' id='word_1_934' title='bbox 1999 3293 2019 3317; x_wconf 93' lang='grc'>1.</span> 
     </span>
    </p>

    <p class='ocr_par' dir='ltr' id='par_1_36' title="bbox 1070 3330 2023 3409">
     <span class='ocr_line' id='line_1_115' title="bbox 1139 3330 2023 3366; baseline 0.007 -11"><span class='ocrx_word' id='word_1_935' title='bbox 1139 3330 1150 3347; x_wconf 75' lang='lat'>8</span> <span class='ocrx_word' id='word_1_936' title='bbox 1170 3331 1243 3356; x_wconf 76' lang='lat' dir='ltr'>Vei-s.</span> <span class='ocrx_word' id='word_1_937' title='bbox 1265 3331 1306 3356; x_wconf 78' lang='lat'>25.</span> <span class='ocrx_word' id='word_1_938' title='bbox 1326 3331 1392 3356; x_wconf 85' lang='lat' dir='ltr'>Vide</span> <span class='ocrx_word' id='word_1_939' title='bbox 1411 3333 1453 3357; x_wconf 87' lang='lat' dir='ltr'>hic</span> <span class='ocrx_word' id='word_1_940' title='bbox 1472 3333 1505 3357; x_wconf 89' lang='lat' dir='ltr'>lit.</span> <span class='ocrx_word' id='word_1_941' title='bbox 1527 3333 1655 3365; x_wconf 81' lang='lat' dir='ltr'>Magistri,</span> <span class='ocrx_word' id='word_1_942' title='bbox 1677 3340 1698 3358; x_wconf 87' lang='lat' dir='ltr'>c.</span> <span class='ocrx_word' id='word_1_943' title='bbox 1720 3333 1743 3359; x_wconf 86' lang='lat'>3.</span> <span class='ocrx_word' id='word_1_944' title='bbox 1758 3348 1791 3351; x_wconf 97' lang='lat'><strong>—</strong></span> <span class='ocrx_word' id='word_1_945' title='bbox 1805 3334 1863 3366; x_wconf 82' lang='lat' dir='ltr'>Seq.</span> <span class='ocrx_word' id='word_1_946' title='bbox 1885 3337 1966 3360; x_wconf 78' lang='lat' dir='ltr'>textus</span> <span class='ocrx_word' id='word_1_947' title='bbox 1984 3339 2023 3361; x_wconf 87' lang='lat' dir='ltr'>est</span> 
     </span>
     <span class='ocr_line' id='line_1_116' title="bbox 1070 3374 2021 3409; baseline 0.005 -10"><span class='ocrx_word' id='word_1_948' title='bbox 1070 3376 1154 3400; x_wconf 80' lang='lat' dir='ltr'>Mattb.</span> <span class='ocrx_word' id='word_1_949' title='bbox 1182 3376 1223 3407; x_wconf 80' lang='lat'>16,</span> <span class='ocrx_word' id='word_1_950' title='bbox 1249 3376 1285 3400; x_wconf 78' lang='lat'>19.</span> <span class='ocrx_word' id='word_1_951' title='bbox 1311 3374 1360 3400; x_wconf 72' lang='lat' dir='ltr'>Cir.</span> <span class='ocrx_word' id='word_1_952' title='bbox 1383 3376 1427 3408; x_wconf 83' lang='grc'>18,</span> <span class='ocrx_word' id='word_1_953' title='bbox 1459 3377 1495 3401; x_wconf 88' lang='grc'>18.</span> <span class='ocrx_word' id='word_1_954' title='bbox 1516 3390 1550 3394; x_wconf 82' lang='lat'>-—</span> <span class='ocrx_word' id='word_1_955' title='bbox 1569 3377 1671 3402; x_wconf 85' lang='lat' dir='ltr'>Tertius</span> <span class='ocrx_word' id='word_1_956' title='bbox 1695 3381 1733 3403; x_wconf 90' lang='lat' dir='ltr'>est</span> <span class='ocrx_word' id='word_1_957' title='bbox 1751 3378 1824 3403; x_wconf 88' lang='lat' dir='ltr'>losue</span> <span class='ocrx_word' id='word_1_958' title='bbox 1843 3378 1872 3409; x_wconf 88' lang='lat'>7,</span> <span class='ocrx_word' id='word_1_959' title='bbox 1895 3379 1935 3404; x_wconf 82' lang='grc'>19.</span> <span class='ocrx_word' id='word_1_960' title='bbox 1956 3380 2021 3405; x_wconf 85' lang='lat' dir='ltr'>Vide</span> 
     </span>
    </p>
   </div>
  </div>
 </body>
</html>
