2483 3882
825 238 919 270 DIST.
945 237 1043 270 XXIII.
1067 237 1187 270 DUBIA.
1928 236 1986 267 601

28 334 167 365 mentum
193 339 253 361 non
279 329 391 361 debeat
418 328 543 367 iterari,
568 331 631 366 est,
656 328 730 369 quia
754 325 882 369 effectus
906 326 975 358 eius

0 404 13 420 ι.
30 388 76 418 est
95 386 282 426 perpetuus,
308 381 361 422 qui
389 389 450 412 non
483 381 625 412 iteratur.
650 379 736 412 Unde
768 378 974 410 characteris

29 435 197 478 impressio
224 443 284 466 non
317 436 364 465 est
389 432 556 474 yeneralz's
579 432 677 470 rati0,
702 432 755 464 sed
782 432 885 473 potius
909 430 974 473 effe-

29 493 98 522 ctus
116 486 331 529 perpetuando.
357 485 442 517 Unde
476 493 518 516 ex
551 493 612 525 quo
637 484 726 525 panis
750 484 846 516 semel
871 492 975 515 conse-

29 545 132 575 cratus
154 542 217 576 est,
242 547 301 569 non
328 536 420 569 debet
443 535 580 577 amplius
611 535 804 573 consecrari,
829 535 975 576 quamvis

28 605 87 629 non
112 591 310 634 imprimatur
346 589 387 621 ibi
422 589 601 625 cliaracter3
627 591 656 619 et
692 587 835 619 similiter
869 587 974 618 oleum

27 645 224 680 benedictum
249 651 307 674 non
334 641 425 673 debet
441 640 578 682 amplius
602 639 758 678 benedici,
783 639 848 671 sive
872 648 976 671 conse-

28 702 147 733 cratum
171 705 232 734 non
257 695 350 727 debet
373 693 509 735 amplius
533 693 719 725 consecrari.
745 692 896 733 Quoniam
924 692 976 732 igi-

28 756 78 785 tur
102 751 132 782 in
155 748 301 781 unctione
317 750 461 779 extrema
486 755 547 777 non
571 745 765 787 imprimitur
781 745 788 759 ¹
808 754 863 776 nec
881 745 975 776 datur

28 803 154 848 effectus
174 804 373 843 perpetuus,
399 799 537 830 maxime
562 798 586 830 si
611 798 705 829 homo
730 797 769 829 ab
794 797 975 828 infirmitate

29 857 187 896 resurgam
212 853 281 885 ideo
306 851 444 884 secunda
468 851 608 892 operatio
640 849 831 882 Sacramenti
856 853 903 881 est
926 858 976 881 ne-

28 907 177 943 cessaria,
201 909 231 937 et
255 905 325 937 ideo
361 904 466 936 iterari
498 907 599 945 potest
634 906 664 934 et
699 902 792 934 debet
820 901 976 933 medicina

27 961 143 1002 absque
167 959 272 1000 aliqua
296 957 484 990 contumelia
508 955 710 988 Sacramenti.

117 1014 143 1043 1.
168 1012 211 1043 Ad
235 1010 313 1042 illud
337 1019 412 1051 ergo
436 1009 519 1051 quod
541 1008 701 1046 obiicitur,
718 1007 801 1049 quod
820 1007 879 1039 sibi
894 1006 904 1024 2
923 1007 976 1039 fiat

0 1065 138 1100 »iniuria
169 1064 199 1095 in
231 1063 410 1100 iteratione3
443 1062 630 1099 dicendum,
662 1061 747 1102 quod
779 1061 839 1092 hoc
862 1069 974 1092 verum

28 1121 88 1156 est,
112 1115 238 1158 quando
263 1115 395 1147 iteratur
419 1114 671 1152 Sacramentum,
696 1117 727 1145 et
755 1112 833 1144 nihil
857 1121 975 1143 novum

27 1169 176 1206 efficitur;
200 1169 259 1200 hoc
282 1170 387 1199 autem
412 1167 442 1198 in
467 1166 627 1208 proposito
651 1175 713 1197 non
744 1161 837 1197 babet
861 1165 975 1197 Iocum.

112 1223 141 1254 02.
166 1221 209 1253 Ad
227 1221 305 1252 illud
322 1220 407 1262 quod
424 1219 570 1251 obiicitur
588 1219 626 1251 de
644 1219 789 1251 unctione
814 1217 977 1250 confirma-

26 1274 125 1313 tionis,
142 1274 321 1311 dicendum⁷
339 1273 422 1314 quod
448 1281 509 1303 non
533 1274 580 1304 est
597 1271 707 1309 simile,
725 1270 798 1312 quia
815 1280 876 1302 non
893 1274 977 1302 utro-

26 1328 117 1369 bique
142 1329 188 1359 est
204 1326 333 1358 effectus
350 1324 557 1362 characteris,
575 1323 628 1365 qui
646 1327 692 1356 est
708 1326 891 1365 perpetuus,
909 1332 977 1364 pro-

26 1384 93 1423 pter
109 1388 203 1421 quem
221 1379 358 1420 amplius
382 1378 618 1410 Sacramentum
645 1377 752 1409 iterari
769 1386 830 1408 non
852 1377 944 1408 debet
956 1376 975 1407 ³.

113 1433 140 1465 3.
166 1432 209 1464 Ad
234 1431 311 1463 illud
337 1431 422 1473 quod
454 1430 600 1462 obiicitur
636 1430 675 1462 de
706 1429 975 1467 denominatione,

0 1503 14 1519 >.
29 1485 212 1523 dicendum,
229 1484 313 1526 quod
338 1483 448 1515 ¹tinctio
472 1487 619 1514 extrema
644 1486 690 1514 est
715 1482 895 1523 dupliCiter:
922 1485 977 1514 aut

29 1538 200 1572 secundum
232 1537 418 1574 veritatem,
444 1539 498 1568 aut
530 1535 705 1568 secundum
737 1539 887 1566 nostram
913 1534 977 1576 opi-

1038 325 1176 357 nionem.
1196 325 1297 356 Primo
1316 324 1407 356 modo
1423 333 1484 356 non
1502 324 1651 363 iteratur,
1669 324 1723 356 sed
1741 322 1879 356 secundo
1896 323 1989 355 modo

1039 378 1097 417 sic;
1121 381 1151 410 et
1174 377 1216 409 ita
1239 377 1421 419 frequenter
1445 376 1557 409 accidit
1582 376 1697 408 multos
1720 376 1828 417 inungi
1842 376 1861 407 ⁴.

1127 431 1170 462 Ad
1194 430 1273 462 illud
1306 430 1389 471 quod
1426 429 1606 471 quaeritur,
1631 429 1656 462 si
1686 429 1832 461 sacerdos
1868 428 2149 468 deficitfflarquaost.

1038 486 1146 515 utrum
1183 483 1222 514 sit
1258 482 1463 519 initiandum;
1488 482 1675 520 dicendum,
1699 482 1782 523 quod
1817 481 1920 523 potius
1943 486 1991 514 est
2020 466 2084 485 ’ΠΜ

1037 544 1099 576 sup
1125 534 1255 566 temtum
1279 535 1363 576 quod
1388 535 1568 566 inchoatum
1593 538 1652 572 est,
1670 543 1728 576 pro
1744 542 1780 566 eo
1797 533 1881 575 quod
1898 543 1992 575 quae-

1038 587 1081 618 lib
1104 591 1113 619 t
1137 587 1243 619 unctio
1266 587 1361 619 habet
1378 587 1543 628 specialem
1562 587 1620 619 sibi
1638 587 1790 625 formam,
1809 587 1890 619 sicut
1906 590 1990 628 patet

1038 640 1224 680 aspicienti⁵
1249 640 1460 676 ordinarium,
1485 643 1622 671 attamen
1658 639 1846 680 generaliter
1882 648 1991 672 conve-

1039 692 1129 723 niunt
1154 692 1183 723 in
1209 692 1392 724 remissione
1417 692 1544 734 peccati.

1129 744 1171 775 Ad
1196 744 1273 776 illud
1299 744 1383 785 quod
1408 745 1572 785 quaeritur
1596 745 1634 776 de
1663 744 1899 777 infirmitatibus
1923 754 2151 786 pro-adaquaest.

1040 795 1123 833 lixis,
1147 795 1245 836 aliqui
1269 796 1439 828 voluerunt
1463 796 1584 835 dicere,
1610 798 1693 838 quod
1719 801 1787 839 post
1804 806 1920 828 annum
1940 797 1992 829 ite·
2015 780 2150 826 ¹1¹f⁰¹d'‘e⁵¹''

1040 847 1102 879 rari
1128 851 1246 888 potest,
1263 857 1320 888 pro
1344 857 1380 879 eo
1405 849 1488 889 quod
1514 849 1668 890 completa
1692 853 1738 881 est
1756 849 1911 881 revolutio
1928 858 1992 881 cor-

1039 909 1153 941 porum
1178 900 1379 941 superiorum
1394 900 1415 931 ⁶.
1440 901 1499 932 Sed
1524 902 1700 933 absurdum
1735 902 1826 934 valde
1856 902 1991 941 videtur,

1040 954 1240 985 Sacramenta
1265 953 1401 994 regulari
1427 954 1601 985 secundum
1620 959 1739 987 motum
1765 959 1934 987 astrorum.
1950 975 1993 979 —

1043 1007 1076 1038 Et
1100 1006 1169 1038 ideo
1194 1009 1294 1047 potest
1318 1006 1408 1038 aliter
1432 1007 1511 1045 dici,
1534 1007 1617 1048 quod
1643 1007 1750 1039 nullus
1774 1009 1805 1039 in
1829 1009 1934 1050 aliqua
1951 1009 1993 1040 in·
2008 1018 2153 1048 namneto-

1041 1059 1189 1091 firmitate
1213 1060 1415 1100 inungendus
1439 1063 1500 1098 est,
1525 1060 1582 1091 nisi
1609 1069 1680 1091 cum
1714 1061 1927 1101 praesumitur
1951 1062 1991 1093 ad
2022 1051 2059 1065 ‘¹⁵'

1041 1112 1163 1144 exitum
1188 1112 1419 1154 propinquare3
1443 1116 1473 1145 et
1496 1113 1556 1144 hoc
1587 1116 1634 1144 est
1666 1113 1695 1144 in
1730 1113 1920 1145 infirmitatis
1944 1123 1992 1155 ag-

1041 1165 1240 1206 gravatione,
1264 1174 1359 1207 quem
1385 1169 1498 1198 statum
1526 1170 1638 1197 natura
1674 1165 1728 1197 diu
1753 1166 1908 1198 sustinere
1932 1176 1994 1198 non

1042 1221 1159 1259 potest,
1185 1218 1281 1249 immo
1304 1221 1359 1250 aut
1394 1218 1506 1256 vincit,
1530 1221 1585 1250 aut
1620 1218 1765 1250 vincitur.
1791 1219 1819 1250 Si
1856 1228 1930 1260 ergo
1953 1219 1995 1250 in-

1042 1271 1154 1302 firmus
1178 1270 1393 1309 melioretur⁷‚
1418 1274 1454 1302 ut
1484 1271 1603 1302 diutius
1630 1270 1730 1309 vivat,
1755 1271 1811 1303 etsi
1842 1281 1902 1303 non
1927 1281 1994 1313 per-

1041 1322 1118 1354 fecte
1143 1326 1287 1361 curetur,
1304 1326 1435 1354 curatur
1460 1327 1563 1355 tamen
1587 1323 1693 1364 aliquo
1719 1324 1811 1355 modo
1835 1324 1874 1355 ab
1899 1324 1996 1356 inten-

1041 1375 1126 1406 sione
1152 1375 1270 1412 morbi3
1295 1377 1326 1406 et
1358 1375 1445 1414 ideo,
1470 1376 1543 1417 quia
1574 1375 1706 1407 venialia
1742 1376 1856 1408 iterum
1889 1376 1993 1408 redire

1040 1432 1189 1469 possunt,
1211 1432 1241 1460 et
1265 1428 1380 1460 iterum
1406 1428 1572 1460 infirmitas
1597 1428 1769 1470 corporalis
1793 1432 1993 1470 aggravatur,

1040 1485 1142 1522 potest
1165 1486 1195 1513 et
1219 1481 1312 1513 debet
1336 1482 1573 1514 Sacramentum
1591 1482 1747 1513 unctionis
1764 1482 1882 1514 iterari.
1900 1501 1943 1505 —-
1960 1482 1994 1513 Et

1041 1534 1084 1566 sic
1108 1538 1193 1576 patet
1217 1534 1379 1575 responsio
1403 1534 1442 1566 ad
1467 1534 1620 1566 obiectass.

677 1699 787 1732 DUBIA
813 1698 918 1731 CIRCA
943 1698 1130 1730 LITTERAM
1154 1698 1337 1730 MAGISTRI.

439 1852 516 1884 DUB.
539 1852 560 1883 1.

111 1960 143 1992 In
168 1962 256 2001 parte
281 1959 339 1991 ista
364 1961 437 1991 sunt
461 1956 672 1990 dubitationes
704 1956 787 1988 circa
819 1955 974 1994 litteram,

28 2016 56 2045 et
79 2013 178 2055 primo
203 2012 241 2044 de
265 2011 375 2044 ordine
400 2010 491 2043 istius
516 2009 707 2042 Sacramenti
732 2009 771 2041 ad
793 2008 976 2041 anteceden-

27 2066 68 2098 tia
90 2070 119 2098 et
143 2065 313 2108 sequentia.
338 2064 470 2097 Videtur
495 2063 576 2095 enim
609 2062 689 2094 male
721 2061 872 2094 ordinari.
897 2061 975 2093 Cum

27 2119 106 2151 enim
131 2119 211 2150 inter
235 2117 339 2150 omnia
363 2118 563 2149 Sacramenta
586 2115 699 2147 ultimo
716 2115 827 2153 detur,
844 2118 975 2156 propter

28 2172 108 2214 quod
132 2176 162 2204 et
185 2175 329 2203 extrema
353 2170 461 2202 unctio
484 2172 705 2210 nuncupatur3
729 2168 872 2206 videtur,
890 2167 974 2209 quod

28 2223 136 2255 ultimo
159 2223 271 2255 debeat
295 2223 444 2255 ordinari.

114 2277 309 2308 RESPONDm:
335 2275 527 2313 Dicendum,
551 2274 635 2315 quod
660 2274 861 2305 Sacramenta
885 2282 977 2315 quae-

0 2344 15 2359 ³.
30 2328 97 2361 dam
136 2329 308 2370 respiciunt
339 2336 537 2369 personam,
574 2326 729 2368 quaedam
766 2326 975 2358 communiter

29 2382 124 2424 ipsam
149 2382 348 2419 Ecclesiam,
373 2385 408 2413 ut
431 2380 511 2413 sicut
528 2380 559 2411 in
576 2379 711 2412 ‘nectaris
728 2380 883 2421 quaedam
903 2383 976 2411 sunt

29 2434 109 2467 vires
132 2435 292 2467 ordinatae
317 2434 357 2466 ad
382 2433 649 2466 conservationem
675 2432 859 2469 individui,
884 2441 976 2473 quae-

30 2487 99 2519 dam
122 2488 160 2520 ad
185 2488 452 2520 conservationem
477 2486 640 2528 speciei⁹;
670 2486 714 2518 sic
738 2485 768 2517 in
792 2485 976 2526 spirituali-

31 2540 87 2572 bus
110 2541 247 2583 quinque
271 2542 471 2573 Sacramenta
496 2544 569 2571 sunt
600 2539 640 2571 ad
672 2539 920 2571 conservandam
946 2542 976 2570 et

30 2595 271 2635 promovendam
309 2594 459 2635 gratiam,
495 2592 545 2625 vel
577 2592 857 2625 consummandam
891 2592 974 2623 circa

30 2646 126 2687 ipsam
147 2656 344 2688 personam,-
376 2645 430 2678 sed
463 2645 540 2677 ordo
565 2647 595 2676 et
623 2644 803 2685 coniugium
836 2643 875 2675 ad
908 2652 977 2675 con-

30 2700 243 2731 summandam
270 2699 368 2740 ipsam
396 2697 594 2730 Ecclesiam:
627 2699 657 2729 et
682 2696 769 2734 ideo,
801 2695 875 2737 quia
900 2695 977 2726 mul-

30 2751 191 2784 titudinem
216 2752 405 2793 respiciunt,
438 2751 519 2783 sicut
544 2749 714 2782 multitudo
738 2749 881 2791 sequitur
905 2748 976 2779 uni-

32 2807 143 2842 tatem,
168 2805 210 2837 sic
235 2805 298 2837 duo
323 2806 523 2836 Sacramenta
548 2802 708 2844 praedicta
740 2804 977 2843 consequuntur

1040 1849 1110 1881 cilici
1135 1849 1297 1892 quinque,
1322 1850 1404 1882 inter
1428 1858 1509 1891 quae
1533 1853 1678 1881 extrema
1709 1849 1815 1881 unctio
1846 1849 1994 1881 ultimum

1040 1902 1144 1934 locum
1170 1904 1263 1933 tenet.
1287 1920 1332 1924 —
1354 1901 1419 1933 Alia
1444 1902 1522 1933 ratio
1547 1901 1704 1942 assignata
1721 1904 1767 1933 est
1792 1910 1890 1942 supra
1913 1901 1995 1933 circa

1040 1955 1231 1996 principium
1265 1955 1360 1987 liuius
1386 1954 1472 1993 libri,
1497 1954 1696 1987 distinctione
1721 1954 1859 1986 secunda
1874 1954 1917 1993 ¹⁰,
1941 1954 1995 1986 ubi

1041 2008 1180 2050 tangitur
1204 2008 1282 2040 ordo
1307 2008 1592 2040 sacramentorum.

1450 2114 1526 2146 DUB.
1552 2113 1585 2144 ll.

1130 2220 1204 2252 item
1229 2220 1394 2262 quaeritur
1418 2220 1457 2252 de
1481 2220 1540 2252 hoc
1557 2219 1639 2261 quod
1660 2219 1748 2256 dicit,
1767 2218 1851 2260 quod
1869 2218 1996 2256 noiolio,

1041 2283 1125 2316 qitcte
1146 2272 1184 2314 Ῐῖι
1207 2271 1404 2310 σΙινῖῖςῃίαῖε,
1437 2276 1482 2304 esc
1507 2272 1617 2303 mietio
1639 2271 1841 2313 principalis
1865 2274 1921 2303 etc.
1947 2271 1996 2303 Vi-

1041 2326 1135 2358 detur
1160 2326 1242 2358 enim
1268 2326 1350 2358 male
1375 2326 1496 2363 dicere,
1522 2325 1595 2367 quia
1620 2328 1674 2356 aut
1699 2324 1805 2356 unctio
1825 2323 1996 2365 principa-

1042 2379 1081 2410 lis
1098 2379 1213 2410 dicitur
1230 2379 1269 2410 ab
1286 2378 1412 2416 ordine,
1430 2381 1485 2410 aut
1501 2387 1519 2409 a
1536 2377 1741 2419 [Ιίφιῖιαῖθῌ.
1759 2377 1789 2408 Si
1807 2376 1846 2407 ab
1863 2375 1998 2412 ordine,-

1040 2432 1154 2464 salsum
1180 2432 1271 2470 dicit,
1296 2431 1370 2473 quia
1393 2432 1496 2473 prima
1521 2431 1626 2463 unctio
1650 2434 1697 2462 est
1722 2430 1751 2461 in
1777 2429 1943 2470 baptismo.
1966 2428 1995 2459 Si

1040 2494 1058 2516 a
1082 2485 1261 2526 cliynicatffl
1277 2485 1382 2516 adhuc
1407 2484 1520 2516 salsum
1546 2483 1637 2521 dicit,
1655 2483 1729 2524 quia
1746 2482 1776 2513 in
1794 2482 1995 2513 Sacramento

1041 2537 1160 2568 ordinis
1184 2540 1231 2569 est
1255 2537 1361 2568 unctio
1385 2536 1513 2567 maioris
1537 2535 1705 2576 dignitatis.

1130 2590 1328 2621 Rssspono:
1358 2588 1548 2626 Dicendum,
1566 2587 1650 2628 quod
1665 2585 1868 2628 principalis
1884 2584 1994 2616 unctio

1042 2643 1157 2674 dicitur
1181 2642 1376 2674 confirmatio
1401 2651 1441 2673 ex
1466 2640 1665 2682 quadruplici
1692 2648 1804 2677 causa,
1836 2638 1953 2670 scilicet
1977 2647 1994 2669 a
2010 2647 2137 2668 Notandum.

1041 2695 1126 2733 loco,
1152 2695 1224 2736 quia
1250 2694 1280 2726 in
1305 2694 1423 2732 fronte,
1449 2702 1529 2735 quae
1554 2697 1601 2725 est
1625 2701 1698 2734 pars
1724 2692 1858 2724 nobilior
1884 2692 1914 2723 in
1931 2700 1997 2723 cor-

1041 2756 1135 2789 pore3
1159 2756 1177 2779 a
1202 2746 1366 2783 ministro,
1384 2746 1458 2788 quia
1482 2746 1516 2777 sit
1537 2746 1576 2777 ab
1598 2745 1743 2786 episcopo
1752 2757 1760 2783 3
1782 2744 1821 2776 ab
1846 2744 1995 2776 elemento

1041 2801 1107 2832 sive
1132 2800 1279 2838 materia,
1304 2799 1378 2840 quia
1403 2799 1441 2830 de
1465 2798 1533 2830 oleo
1558 2798 1658 2829 mixto
1676 2806 1748 2829 cum
1766 2797 1923 2836 balsamo;
1946 2806 1996 2838 po-

98 2959 106 2975 1
129 2960 182 2984 Vat.
203 2960 273 2985 addit
292 2959 440 2986 character.

97 3003 108 3019 ἵ
127 3004 170 3029 Ed.
196 3005 200 3028 1
225 3003 268 3030 ibi.

99 3047 109 3063 ³
127 3047 175 3073 Cir.
195 3056 273 3079 supra
293 3048 318 3073 d.
338 3048 362 3072 7.
392 3047 455 3072 dul).
476 3048 500 3072 6.
521 3060 557 3065 —-
576 3047 624 3071 Pro
644 3053 698 3072 non
725 3045 881 3079 utrobique,
908 3045 979 3077 quod

32 3090 106 3116 habet
125 3092 181 3117 cod.
201 3092 234 3123 Ο,
254 3093 294 3117 alii
316 3098 452 3123 perperam
474 3090 625 3124 utrobique,
648 3090 718 3122 quod
739 3090 798 3115 edd.
813 3092 979 3115 mutaverunt

30 3134 54 3158 in
73 3133 114 3160 ibi.

98 3178 108 3194 ⁴
129 3180 183 3204 Vat.
203 3180 273 3205 addit
291 3179 402 3213 pluries.

101 3222 190 3248 ⁵Cod.
211 3231 240 3248 aa
260 3223 416 3257 inspicienti.
448 3223 503 3248 Mox
532 3229 579 3254 pro
608 3221 768 3248 conveniunt
797 3221 869 3246 multi
899 3221 976 3246 codd.

31 3269 214 3292 convenerunt.

98 3309 109 3325 ⁶
128 3310 193 3335 Vide
212 3318 289 3341 supra
311 3318 370 3342 pag.
392 3310 457 3341 542,

34 3353 89 3378 Vat.
108 3355 245 3384 praemittit
262 3354 326 3380 solis
346 3356 377 3380 et.

169 3406 196 3432 S.
216 3407 319 3433 Bonav.
341 3422 375 3425 —
394 3407 469 3431 Tom.
491 3407 531 3431 IV.

478 3314 535 3335 nota
556 3310 579 3334 6.
594 3323 627 3327 —-
641 3309 747 3334 Inferius
761 3309 819 3333 voci
839 3309 980 3334 astrorum

1115 2956 1125 2972 ⁷
1144 2957 1192 2980 Pro
1211 2955 1379 2986 melioretur,
1401 2955 1438 2985 itt,
1456 2953 1525 2986 quod
1542 2953 1665 2984 praebent
1685 2953 1760 2977 codd.
1776 2953 1832 2983 lli,
1849 2952 1924 2977 codd.
1945 2952 1964 2976 G
1976 2952 1995 2976 H

1044 3001 1061 3025 L
1074 3000 1094 3025 V
1115 3001 1280 3030 afficeretur,
1304 3000 1346 3030 uc,
1368 2999 1408 3023 alii
1428 2998 1504 3022 codd.
1525 3000 1549 3021 et
1574 2997 1632 3021 edd.
1662 3003 1714 3022 non
1733 2996 1869 3022 moriatur
1887 2995 1958 3029 [cod.
1980 2996 1996 3020 F

1044 3043 1175 3074 moritur,
1198 3043 1255 3068 cod.
1276 3049 1305 3067 aa
1325 3040 1497 3073 moreretur]
1520 3039 1572 3065 secl.
1593 3040 1698 3064 Inferius
1719 3047 1766 3070 pro
1785 3040 1810 3064 et
1828 3039 1883 3064 ideo
1903 3039 1960 3064 cod.
1975 3039 1995 3062 11

1044 3089 1069 3114 et
1087 3087 1191 3113 iterum.

1113 3131 1123 3148 3
1145 3132 1209 3157 Vide
1229 3131 1344 3155 scholion
1364 3129 1396 3154 ad
1422 3130 1440 3153 l.
1461 3130 1538 3153 liuius
1557 3129 1655 3153 articuli
1677 3131 1776 3160 (ineest.

1115 3175 1125 3191 ⁹
1143 3174 1193 3200 Cir.
1214 3175 1325 3204 Aristot.⁷
1347 3174 1372 3198 ll.
1393 3173 1425 3197 de
1445 3173 1548 3203 Anima,
1571 3174 1627 3197 text.
1649 3171 1690 3195 34».
1711 3179 1765 3204 seq.
1788 3171 1820 3202 (c.
1843 3171 1886 3203 4.).

1116 3219 1136 3235 ¹0
1155 3219 1220 3243 Dub.
1240 3219 1258 3243 1.
1274 3218 1339 3242 Vide
1358 3218 1433 3241 etiam
1454 3216 1515 3242 ibid.
1536 3223 1557 3240 a.
1583 3217 1603 3241 t.
1626 3223 1650 3248 q.
1672 3216 1695 3240 3.
1716 3229 1750 3232 —
1769 3215 1839 3240 Idem
1866 3215 1927 3240 dub.
1947 3215 1994 3240 sol-

1045 3264 1111 3288 vitm·
1130 3270 1144 3287 a
1170 3263 1196 3286 Β.
1222 3261 1325 3292 Albert.y
1346 3261 1386 3285 bic
1415 3267 1436 3285 a.
1458 3260 1486 3291 53
1514 3260 1538 3284 S.
1568 3260 1660 3284 Tliom.
1681 3262 1706 3284 ot
1726 3260 1790 3284 Petr.
1814 3266 1827 3283 a
1855 3259 1924 3290 Tar.y
1952 3259 1994 3283 liic

1046 3308 1111 3332 circa
1133 3307 1166 3331 lit.

1116 3350 1135 3365 ¹¹
1155 3349 1204 3374 Csr.
1225 3350 1335 3380 Aristot,
1355 3348 1387 3373 de
1408 3349 1564 3374 l‘raedicain.
1587 3355 1607 3373 c.
1628 3348 1664 3373 De
1682 3347 1776 3380 priori.

1824 3404 1850 3425 io
