2483 3882
274 827 402 850 Notandum.

261 1731 280 1752 N
282 1731 372 1752 otandae
379 1731 409 1752 di·

277 1758 408 1779 stinctiones.

262 2154 347 2181 Triplex
365 2160 407 2184 mq-

275 2181 408 2229 fissldffimm'

420 209 484 240 412

420 296 513 335 Item,
538 295 622 337 quod
647 303 704 327 nec
728 293 956 326 Sacramenti:
978 292 1068 333 quia,
1091 291 1298 332 multiplicato
1322 299 1372 323 su-

419 348 554 390 periori,
579 347 807 389 multiplicatur
831 345 962 377 inferius
976 345 1004 375 ¹:
1027 353 1102 384 ergo
1119 343 1294 375 secundum
1312 343 1370 375 hoc

420 401 563 438 videtur,
588 400 670 441 quod
689 398 878 440 poenitentia
898 397 1072 429 secundum
1093 400 1155 428 tres
1179 396 1371 428 differentias

421 454 461 486 sit
485 453 600 494 triplex
626 453 872 484 Sacramentum.
897 450 1096 487 Praeterea,
1128 457 1250 481 «omne
1267 449 1372 481 Sacra-

421 510 579 544 mentum,
604 508 639 537 ut
663 504 737 537 dicit
760 503 987 542 Ambrosius²‚
1011 502 1148 544 simplex
1173 506 1266 534 est».

508 559 709 590 RESPONnEo:
733 557 924 594 Dicendum,
949 555 1034 597 quod
1060 555 1258 597 poenitentia,
1290 564 1371 597 quae

419 615 466 643 θεῖ
489 614 560 643 ante
577 610 767 652 baptismum
781 635 787 648 ,
804 613 851 641 θεῖ
865 608 1203 650 poenitentia-virtu&
1225 617 1286 640 non
1301 617 1372 649 poe-

418 662 825 695 nitentia—Sacramentum
836 674 847 699 ‚·
863 665 893 693 et
911 661 1116 702 poenitentia,
1141 669 1221 702 quae
1239 663 1285 693 est
1302 664 1372 702 post

420 715 630 756 baptismum,
656 718 702 747 est
729 713 1198 755 poenitentia-Sacramentum
1212 724 1223 750 ;
1247 716 1278 745 et
1301 712 1371 744 ideo

418 768 608 810 poenitentia
633 767 664 799 in
689 768 747 799 hac
765 767 917 799 divisione
934 766 1086 808 accipitur
1104 766 1314 798 communiter
1331 766 1370 797 ad

418 822 571 853 virtutem
602 826 632 853 et
664 820 944 857 Sacramentuni;
968 828 1025 852 nec
1049 823 1096 851 est
1120 820 1239 852 dictum
1265 819 1373 862 aequi-

418 884 510 912 voce,
536 874 590 906 sed
615 873 786 915 analogyice
815 882 871 915 per
896 873 1112 905 reductionem
1137 873 1177 905 ad
1202 882 1297 905 unam
1323 882 1374 904 na-

418 931 523 959 turam
536 927 555 958 ³.
574 945 616 949 —
634 927 770 959 Ulterius
787 926 958 958 notandum
985 926 1069 968 quod
1088 929 1193 967 partes
1217 926 1294 958 istae
1311 935 1371 957 non

419 984 492 1012 sunt
524 979 773 1012 diversificantes
805 979 1028 1020 poenitentiam
1058 978 1292 1016 essentialiter,
1318 979 1373 1011 sed

420 1033 596 1066 secundum
621 1037 771 1070 statuum
795 1036 825 1065 et
849 1032 918 1064 ideo
942 1041 1003 1064 non
1028 1035 1074 1064 est
1091 1032 1203 1063 divisio
1220 1032 1250 1063 in
1268 1035 1374 1073 partes

422 1085 626 1124 essentiales,
650 1095 707 1118 nec
739 1088 861 1126 oportet
886 1094 925 1116 ex
951 1084 1010 1116 hoc
1034 1084 1271 1116 Sacramentum
1296 1084 1375 1116 mul-

420 1138 553 1180 tiplicari
577 1147 634 1171 nec
658 1147 727 1171 esse
751 1137 970 1179 compositum.
996 1137 1031 1168 Et
1055 1136 1098 1169 sic
1123 1140 1209 1178 patet
1234 1136 1313 1168 illud
1327 1136 1347 1167 ⁴¹.

833 1243 908 1274 Due.
932 1242 965 1274 lt.

507 1350 583 1382 Item
609 1349 775 1391 quaeritur
799 1349 838 1381 de
862 1349 922 1381 hoc
945 1348 1031 1390 quod
1056 1348 1147 1387 dicit,
1169 1349 1253 1390 quod
1268 1349 1375 1391 poeni-

423 1403 523 1435 tentia
545 1402 582 1444 lit
602 1412 667 1444 pro
688 1403 853 1445 peccatis,
878 1413 962 1445 quae
984 1402 1079 1445 Leuis
1104 1402 1280 1444 decalogus
1304 1412 1376 1434 cou-

421 1456 507 1488 tiuet.
532 1456 665 1489 Videtur
689 1456 771 1488 enim
797 1465 857 1488 non
884 1456 963 1488 bene
987 1456 1109 1495 dicere,
1135 1456 1209 1498 quia
1233 1456 1263 1487 in
1288 1456 1376 1488 deca-

420 1508 490 1550 logo
522 1518 584 1541 non
614 1509 802 1550 prohibetur
835 1509 984 1550 superbia
1018 1518 1076 1541 uec
1111 1508 1286 1550 hypocrisis
1318 1518 1375 1541 nec

420 1561 614 1594 consimilia:
647 1571 722 1603 ergo
755 1571 811 1603 pro
843 1562 891 1594 his
923 1571 985 1594 non
1017 1562 1144 1594 videtur
1176 1570 1244 1594 esse
1274 1562 1376 1603 poeui-

419 1614 560 1647 tendum.

508 1668 706 1700 RESPONDEo:
740 1668 932 1706 Dicendum,
969 1668 1053 1709 quod
1090 1667 1171 1700 sicut
1202 1667 1232 1699 in
1265 1667 1376 1699 ordine

419 1720 664 1762 praedicamenti
690 1721 844 1762 quaedam
872 1724 945 1752 sunt
970 1721 998 1752 in
1017 1729 1132 1762 genere
1145 1730 1206 1761 per
1222 1730 1266 1758 se,
1285 1729 1377 1761 quae-

421 1774 494 1806 dam
518 1778 592 1806 sunt
616 1774 646 1805 in
671 1783 786 1815 genere
806 1784 867 1815 per
891 1774 1133 1811 reductionem,
1159 1774 1240 1806 sicut
1265 1773 1377 1815 princi-

419 1828 471 1869 pia
495 1831 526 1860 et
549 1827 642 1859 etiam
674 1827 906 1869 privationes⁵;
931 1827 975 1859 sic
999 1827 1239 1868 intelligendum
1264 1830 1312 1859 est
1345 1827 1375 1858 in

418 1880 561 1913 articulis
592 1880 675 1912 fidei.
707 1880 868 1921 Quaedam
904 1880 987 1912 enim
1024 1883 1097 1912 sunt
1131 1880 1375 1917 antecedentia,

421 1933 577 1975 quaedam
612 1932 862 1975 consequentia,
898 1936 929 1965 et
959 1933 1115 1974 quaedam
1149 1936 1223 1965 sunt
1255 1933 1376 1965 directe

422 1986 613 2025 credibilia,
639 1986 719 2018 sicut
743 1986 889 2025 articuli3
914 1991 944 2018 et
968 1986 999 2018 in
1024 1986 1171 2019 omnibus
1194 1986 1242 2018 his
1260 1986 1376 2018 iudica-

420 2043 473 2071 tur
498 2039 569 2080 quis
602 2037 804 2076 haeretich
832 2039 857 2071 si
882 2048 1031 2080 perverse
1056 2039 1177 2071 sentiat.
1203 2039 1260 2071 Per
1292 2039 1377 2071 hunc

420 2092 551 2124 modum
584 2092 824 2133 intelligendum
861 2096 908 2124 est
942 2092 973 2124 in
1007 2092 1181 2133 praeceptis
1218 2093 1377 2133 decalogi,

422 2145 506 2186 quod
540 2145 694 2187 quaedam
729 2149 803 2177 sunt
835 2145 875 2176 ibi
905 2145 1063 2186 prohibita
1084 2145 1318 2186 principaliter
1350 2148 1379 2176 et

423 2198 590 2239 explicite,
616 2198 771 2239 quaedam
798 2202 832 2230 ut
850 2208 983 2230 (minema
1000 2202 1029 2229 et
1045 2197 1218 2239 implicite.-
1237 2202 1271 2229 ut
1289 2197 1375 2230 verbi

1180 203 1464 236 SENTENTIARUM
1488 203 1555 234 ΗΒ.
1581 203 1626 234 lV.

1435 290 1551 331 gratia,
1576 290 1601 321 si
1637 290 1780 321 dicatur:
1806 289 1880 321 Non
1910 289 2172 328 moecltaberis⁶,
2192 290 2386 332 principali-

1436 346 1483 374 ter
1508 342 1694 383 prohibetur
1719 346 1749 374 et
1773 342 1920 383 explicite
1943 347 2032 375 actus
2060 342 2226 380 adulterii,
2250 343 2305 375 sed
2330 343 2386 375 im—

1431 395 1542 436 plicite
1566 399 1595 426 et
1620 395 1655 426 in
1676 395 1826 436 generali
1849 396 1950 427 omnis
1982 399 2070 427 actus
2101 395 2201 427 coitus
2236 399 2271 427 ut
2302 400 2387 428 ante-

1435 447 1572 484 cedenti,-
1597 451 1627 479 et
1651 447 1694 479 sic
1715 447 1902 488 prohibetur
1926 449 2177 489 concupiscentia
2201 448 2300 480 cottus
2322 449 2386 481 sive
2463 439 2466 475 l

1435 503 1581 540 aspectus
1596 499 1737 531 mulieris
1750 500 1789 531 ad
1805 500 2053 538 moechanduin;
2068 505 2295 543 consequenter
2313 510 2386 534 vero

1436 552 1622 594 prohibetur
1647 553 1748 585 omnis
1776 553 1887 584 effusio
1911 553 2039 585 seminis
2064 553 2249 585 inordinata.
2274 554 2322 585 Sic
2346 554 2388 586 in-

1437 605 1641 646 telligendum
1667 605 1696 636 in
1720 605 1807 644 aliis,
1825 606 1906 647 quod
1934 606 1964 637 in
1989 606 2091 647 primo
2114 610 2279 647 praecepto
2301 616 2389 648 prae-

1436 658 1551 699 cipitur
1568 657 1673 689 cultus
1697 658 1772 696 Dei;
1797 662 1827 689 et
1852 658 1881 689 in
1907 658 2181 700 hocpraecipitur
2205 663 2293 691 actus
2318 659 2388 691 fidei

1436 711 1678 748 antecedenter,
1703 715 1734 742 et
1757 716 1986 753 cousequenter
2003 711 2104 744 onmis
2120 712 2213 743 elatio
2236 716 2266 743 et
2283 720 2389 754 super—

1438 763 1488 795 bia
1511 763 1719 805 prohibetur;
1744 768 1774 795 et
1798 764 1842 796 sic
1865 764 1896 795 in
1920 764 1990 795 aliis
2002 765 2021 794 ⁷.

1844 870 1918 902 Due.
1945 870 1989 901 ΙΙΙ.

1527 977 1601 1009 ltem
1627 977 1791 1018 quaeritur
1816 977 1855 1009 de
1881 977 1938 1009 hoc
1962 977 2044 1019 quod
2071 977 2165 1009 dicit:
2201 977 2282 1009 Cum
2315 977 2392 1009 clici-

1439 1040 1536 1062 mus:
1562 1030 1695 1061 Dimitte
1718 1029 1811 1061 uobis
1828 1030 1936 1061 debita
1957 1034 2072 1062 nestra
2097 1034 2176 1067 etc.;
2200 1029 2393 1072 manifesta-
2471 1032 2473 1066 t

1439 1093 1528 1121 mus,
1545 1093 1604 1114 nos
1622 1082 1740 1115 habere
1763 1083 1850 1125 quod
1873 1082 1966 1114 uobis
1990 1083 2188 1114 dimittatur.
2209 1083 2278 1115 Esto
2302 1092 2392 1124 ergo,

1439 1136 1524 1178 quod
1549 1135 1663 1177 aliquis
1686 1144 1747 1167 non
1773 1135 1887 1167 babeat
1911 1135 2130 1167 conscientiam
2150 1136 2266 1177 peccati
2292 1136 2321 1167 in
2340 1136 2392 1168 ali-

1439 1198 1503 1231 quo
1527 1189 1671 1227 instanti,
1695 1191 1804 1230 utpote
1833 1189 1960 1230 quando
1985 1188 2106 1220 Missam
2133 1192 2254 1227 cantat,
2286 1192 2316 1221 et
2347 1192 2393 1221 est

1440 1242 1519 1274 bene
1544 1242 1705 1274 confessus
1730 1245 1760 1273 et
1784 1241 1922 1273 intentus
1939 1241 2144 1278 caelestibns3
2163 1245 2236 1274 tunc
2254 1241 2392 1280 videtur,

1439 1295 1524 1336 quod
1551 1295 1620 1327 talis
1649 1295 1782 1327 dicendo
1814 1294 1905 1326 istam
1931 1294 2102 1326 orationem
2128 1298 2234 1336 peccet
2258 1294 2393 1326 mortali-

1439 1351 1505 1387 ter,
1530 1348 1604 1389 quia
1628 1348 1700 1380 facit
1723 1352 1832 1380 contra
1858 1348 2088 1380 conscientiam.

1529 1402 1734 1433 Responnsso:
1760 1401 1952 1438 Dicendum,
1981 1401 2063 1442 quod
2093 1401 2195 1432 omnis
2221 1400 2313 1432 homo
2344 1409 2395 1442 po-

1440 1458 1500 1487 test
1532 1454 1759 1486 rationabiliter
1792 1454 1909 1486 habere
1941 1454 2161 1486 conscientiam
2199 1453 2237 1485 de
2269 1457 2395 1494 peccato

1438 1507 1576 1544 veniali,
1595 1511 1660 1538 tum
1678 1511 1807 1548 propter
1823 1506 2056 1549 frequentiam,
2076 1511 2140 1538 tntu
2161 1510 2288 1548 propter
2306 1506 2394 1548 iquo-

1441 1560 1611 1597 rantiani,
1644 1560 1719 1601 quia
1751 1559 1782 1591 in
1814 1559 1922 1591 multis
1956 1560 2135 1600 ignoranter
2161 1559 2394 1600 delinquimus,

1441 1613 1534 1646 etiam
1549 1622 1621 1645 cum
1636 1613 1796 1645 credimus
1813 1613 1892 1645 bene
1910 1613 2029 1647 facere3
2048 1617 2112 1643 tuin
2134 1617 2260 1654 propter
2278 1610 2396 1644 aditae-

1441 1666 1605 1703 rentiam,
1619 1666 1692 1707 quia
1709 1675 1798 1697 amor
1816 1666 1861 1697 rei
1880 1666 2060 1706 temporalis
2077 1671 2106 1697 et
2124 1665 2302 1697 affectiones
2320 1665 2396 1697 istae

1442 1719 1638 1751 inordinatae
1662 1719 1844 1760 frequenter
1869 1719 2005 1750 multum
2033 1719 2121 1750 nobis
2145 1719 2327 1750 adhaerent.
2362 1718 2396 1749 Et

1442 1773 1512 1804 ideo
1537 1772 1669 1814 quilibet
1694 1775 1795 1813 potest
1813 1772 1917 1804 dicere
1928 1771 2002 1810 :,Ab
2020 1771 2154 1803 occultis
2172 1771 2252 1803 ineis
2268 1771 2395 1803 munda
2479 1806 2480 1811 ¹

1441 1835 1510 1863 me,
1538 1825 1695 1857 Domine3
1718 1829 1775 1857 etc.
1800 1843 1844 1847 —
1867 1825 1922 1857 Vel
1949 1829 2049 1866 potest
2073 1825 2150 1862 dici,
2176 1824 2258 1866 quod
2288 1824 2392 1856 adhuc
2407 1826 2480 1848 1³¹1er

1442 1882 1545 1921 potest
1569 1879 1674 1911 dicere
1699 1878 1728 1910 in
1755 1887 1889 1920 persona
1912 1878 2070 1915 aliorum;
2095 1882 2125 1909 et
2151 1878 2219 1909 ideo
2244 1887 2303 1909 non
2330 1886 2395 1919 pec·
2479 1865 2480 1876 ¹

1442 1935 1508 1970 cat,
1535 1932 1590 1964 sed
1622 1941 1679 1973 pro
1710 1931 1779 1964 aliis
1804 1932 1951 1973 impetrat
1975 1940 2032 1972 pro
2058 1931 2110 1962 illo
2135 1930 2314 1972 tenipore⁹‚
2347 1929 2395 1962 vel

1442 1985 1519 2027 petit
1542 1994 1600 2027 pro
1625 1994 1657 2017 se
1682 1985 1749 2026 ipso
1773 1994 1830 2026 pro
1855 1988 1937 2017 statu
1962 1984 2033 2016 alio.

1842 2064 1917 2096 Due.
1943 2064 1989 2096 tv.

1532 2144 1606 2175 Item
1632 2144 1796 2185 quaeritur
1814 2144 1852 2175 de
1870 2144 1929 2175 boc
1945 2143 2028 2184 quod
2048 2143 2142 2174 dicit:
2162 2142 2247 2173 Delet
2264 2142 2395 2173 omnino

1443 2195 1522 2228 haee
1547 2197 1655 2228 oratio
1672 2196 1813 2228 minima
1830 2200 1859 2227 et
1875 2195 2071 2238 quotidiana
2089 2199 2146 2227 etc..
2166 2195 2296 2226 Videtur
2314 2194 2396 2226 enim

421 2343 444 2365 ct
465 2340 642 2365 disserentibus
663 2347 772 2366 numero
792 2342 815 2365 in
837 2348 867 2365 co
888 2340 958 2373 qitotl
971 2340 1035 2373 quid
1048 2342 1085 2366 est
1099 2340 1291 2374 [essentialiter]
1306 2348 1377 2372 prac-

423 2384 534 2416 dicatur;
556 2384 602 2409 scd
631 2385 694 2409 hacc
723 2385 829 2416 quidem
856 2386 995 2416 assignatio
1018 2384 1225 2417 specialissimae
1253 2383 1376 2418 [speciei]

422 2431 472 2460 ost,
494 2433 518 2454 et
538 2436 604 2460 quae
624 2429 708 2453 solum
729 2430 827 2459 spccics
847 2432 897 2459 cst,
919 2436 969 2453 non
984 2432 1069 2454 antem
1085 2436 1168 2460 genus
1181 2428 1221 2462 [v.
1237 2436 1262 2460 g.
1278 2429 1376 2459 homol.

492 2472 499 2488 1
523 2472 656 2504 Colligitur
676 2480 706 2498 cx
727 2473 794 2498 dicto
814 2473 915 2497 Aristot.
937 2480 1016 2504 supra
1045 2480 1104 2504 pag.
1136 2473 1199 2504 ΗΟ,
1220 2476 1278 2497 nota
1299 2473 1322 2497 ¹5.
1343 2473 1377 2497 al-

424 2517 515 2548 legato.
536 2531 570 2534 —
590 2517 715 2548 Superius
735 2520 793 2548 post
812 2516 983 2543 Sacraineuti
1002 2517 1059 2542 cod.
1080 2518 1099 2541 H
1121 2517 1192 2542 addit
1211 2516 1323 2543 videtur.

493 2561 503 2576 ‘²
524 2560 589 2585 Vide
609 2568 688 2592 supra
710 2567 769 2592 pag.
790 2561 832 2592 75,
853 2564 911 2586 nota
933 2562 955 2585 6.

492 2604 503 2621 3
523 2606 589 2630 Vide
608 2612 686 2636 supra
708 2606 731 2630 d.
758 2605 793 2630 14.
816 2613 839 2636 p.
861 2606 875 2630 Ι.
897 2613 918 2629 a.
945 2606 965 2630 l.
987 2613 1011 2638 q.
1033 2606 1056 2630 ¹l.
1078 2607 1102 2630 in
1123 2606 1172 2631 line
1192 2613 1263 2636 corp.

494 2648 503 2664 ⁴
526 2650 594 2674 idem
616 2650 677 2675 dub.
698 2650 775 2675 solvit
794 2650 862 2674 Alex.
883 2650 945 2681 llnl.7
966 2650 989 2674 S.
1012 2657 1036 2680 p.
1058 2650 1097 2674 tv.
1113 2658 1138 2682 q.
1156 2650 1196 2675 ν16,
1218 2657 1251 2675 ni.
1272 2650 1295 2675 3.
1316 2658 1338 2675 a.
1359 2651 1376 2675 l.

424 2693 456 2717 ad
478 2693 500 2717 li.
520 2697 545 2718 et.
564 2701 588 2725 q.
611 2693 651 2718 215.
674 2695 698 2718 in
720 2694 861 2725 principt0;
882 2694 909 2718 D.
932 2693 1035 2725 albet-t„
1056 2695 1097 2718 hic
1115 2702 1136 2719 a.
1158 2694 1204 2726 473
1226 2695 1250 2719 S.
1272 2695 1374 2726 Thoni.⁷

424 2737 464 2761 hic
484 2744 509 2768 q.
530 2737 552 2761 l.
573 2744 595 2761 a.
617 2738 639 2761 2.

494 2780 505 2797 5
524 2781 573 2806 Ct'r.
596 2781 621 2805 ll.
642 2782 710 2806 Sent.
740 2781 764 2805 d.
792 2781 834 2806 Ξῖ.
863 2789 887 2812 p.
917 2782 932 2806 l.
959 2789 981 2806 a.
1012 2783 1034 2806 2.
1066 2789 1089 2813 q.
1116 2783 1134 2806 l.
1156 2783 1179 2806 in
1202 2782 1250 2807 sinc
1270 2786 1293 2807 et
1314 2782 1376 2808 ibid.

424 2832 485 2856 pag.
508 2824 551 2855 ts,
575 2828 632 2849 nota
658 2826 676 2849 1.
698 2839 731 2842 -
753 2825 788 2849 De
808 2832 861 2857 seq.
877 2832 982 2856 propos.
998 2826 1058 2850 vide
1078 2826 1114 2850 lll.
1128 2826 1196 2849 Sciit.
1211 2826 1237 2850 d.
1260 2826 1300 2851 25.
1316 2834 1337 2850 a.
1358 2827 1376 2851 1.

424 2876 448 2901 q.
475 2870 492 2893 1.
514 2870 538 2893 in
559 2876 630 2900 corp.

494 2913 504 2929 6
524 2913 605 2938 Exod.
628 2914 674 2944 20,
697 2912 737 2937 14.
752 2912 803 2938 Ctr.
820 2914 856 2938 ΙΙΙ.
873 2914 940 2938 Seni.
955 2914 980 2938 d.
995 2914 1035 2938 37.
1049 2913 1109 2938 dul).
1125 2914 1147 2938 6.
1162 2927 1197 2931 —
1210 2914 1316 2938 Inferius
1330 2920 1377 2944 pro

425 2957 510 2983 omnis
539 2958 615 2983 actus
644 2957 719 2982 codd.
741 2958 759 2981 R
777 2958 796 2981 'l'
817 2957 903 2982 onmis
932 2956 1048 2987 illicitus,
1071 2960 1095 2981 et
1116 2964 1163 2988 pro
1184 2956 1377 2983 moechandum

425 3000 500 3025 codd.
521 3001 570 3025 IlL
586 3002 606 3025 V
627 3000 673 3028 (bb
694 3007 708 3025 a
735 3000 849 3025 secunda
878 3002 968 3032 manu)
996 3000 1154 3032 videndum,
1178 3000 1236 3025 edd.
1258 2999 1377 3032 concupi-

423 3044 558 3070 scendum.

495 3089 505 3105 ⁷
526 3089 574 3115 Ct'r.
597 3090 632 3114 ltt.
653 3090 721 3115 Sent.
742 3090 768 3114 d.
791 3090 831 3114 37.
852 3097 874 3114 a.
896 3091 919 3115 2.
940 3098 964 3121 q.
990 3090 1008 3114 1.
1029 3089 1061 3114 ad
1082 3090 1105 3114 7.
1121 3103 1154 3106 —
1175 3088 1236 3114 Cod.
1258 3090 1274 3113 t>
1294 3089 1378 3113 addit:

426 3132 569 3157 Notandum
592 3138 675 3158 tainen
703 3134 738 3158 ud
765 3141 900 3165 praesens,
932 3134 1002 3165 quod
1029 3138 1165 3165 praecepta
1187 3133 1259 3165 fidoiy
1281 3134 1334 3163 spci
1356 3136 1380 3157 et

426 3177 535 3201 caritatis
555 3177 715 3202 reducuntur
735 3178 766 3202 ad
783 3179 896 3208 primum
912 3181 1094 3209 pracceptum:
1108 3177 1170 3203 Non
1182 3176 1308 3203 adorabis
1322 3180 1378 3208 otc..

427 3220 476 3244 lioc
495 3224 544 3251 cst,
560 3228 601 3246 me
620 3222 703 3246 solum
724 3222 846 3247 adorabis
866 3226 893 3247 ut
912 3223 1064 3253 Dominum,
1081 3222 1106 3247 id
1128 3226 1179 3253 cst,
1194 3223 1217 3246 in
1240 3229 1280 3246 mc
1294 3222 1377 3246 solum

427 3264 517 3288 credes
538 3268 657 3296 tanquam
679 3267 702 3289 in
723 3274 853 3291 summam
875 3268 1022 3298 veritatem7
1044 3268 1068 3291 in
1096 3274 1136 3291 nie
1156 3267 1240 3291 solum
1260 3266 1378 3297 sperabis

427 3310 549 3339 tanquam
569 3309 593 3332 in
613 3316 714 3333 summe
736 3310 881 3342 liberalem7
905 3318 946 3335 me
959 3311 1042 3335 solum
1065 3318 1126 3342 prae
1145 3311 1267 3335 omnibus
1287 3311 1378 3341 diliges

427 3354 550 3382 tanquam
578 3358 680 3376 summe
708 3353 815 3378 bonum.
843 3354 969 3379 Luaurt'a
998 3354 1158 3386 prohibetur,
1179 3362 1237 3380 cuni
1272 3354 1377 3379 dicitur:

1441 2340 1502 2366 Non
1513 2339 1681 2372 concupisces
1694 2346 1806 2365 uxorem
1817 2342 1865 2364 otc.
1878 2338 1944 2372 [Ctr.
1961 2339 1995 2363 tn.
2010 2339 2078 2363 Scnt.
2093 2338 2118 2363 d.
2134 2338 2173 2362 40.
2189 2338 2252 2363 dub.
2270 2337 2313 2371 t.].
2331 2338 2396 2364 Ava-

1441 2384 1512 2416 ritia,
1529 2391 1587 2408 cum
1603 2384 1773 2415 piw‘iccipitur:
1784 2383 1845 2410 Non
1858 2382 2026 2415 concupisces
2039 2389 2096 2407 rem
2111 2386 2156 2406 etc.
2172 2382 2226 2413 Ira,
2244 2388 2303 2406 cum
2319 2382 2394 2406 dicit:

1442 2428 1503 2454 Non
1523 2427 1631 2454 occides.
1652 2428 1713 2453 ltcm
1732 2426 1857 2460 superbia
1877 2428 2003 2451 contraria
2030 2427 2172 2451 adorationi
2201 2425 2352 2456 prohibetur
2372 2426 2396 2449 in

1444 2474 1527 2504 primo
1558 2473 1693 2503 mundato,
1725 2473 1783 2504 quia
1809 2471 1915 2497 initium
1940 2470 2079 2504 superbiae
2104 2472 2257 2503 (tpastrtltire
2286 2478 2303 2496 a
2328 2471 2394 2502 Deo,

1443 2517 1517 2540 ticeli.
1537 2517 1573 2541 10.
1589 2516 1626 2547 [r.
1647 2514 1707 2548 14].
1729 2516 1802 2540 ltcm:
1817 2515 1925 2540 Initium
1944 2514 2030 2540 omnis
2043 2514 2144 2547 peceati
2157 2513 2296 2547 superbia,
2320 2514 2394 2539 liet-li.

1446 2562 1484 2585 «10.
1505 2560 1543 2594 [V.
1568 2560 1630 2594 t5.],
1651 2564 1676 2586 et
1704 2560 1847 2585 set-undum
1878 2561 1926 2584 boo
1955 2559 2106 2590 prohibt-tur
2130 2560 2153 2583 in
2174 2560 2244 2583 ouini
2264 2558 2393 2583 mandato.

1443 2604 1562 2637 Inuidia,
1585 2613 1652 2637 quae
1680 2610 1748 2630 recte
1777 2605 1918 2635 opponitur
1948 2604 2074 2633 dilectioni
2097 2605 2219 2635 proximi,
2244 2603 2394 2634 prohibetur

1443 2649 1491 2674 ibi:
1513 2649 1622 2674 Honora
1648 2650 1755 2681 putrem
1782 2650 1858 2674 litum
1878 2653 1929 2679 νιος
1951 2649 2009 2680 quin
2036 2649 2139 2672 nomino
2160 2648 2239 2678 putris
2265 2650 2288 2672 ct
2309 2648 2395 2671 niati-is

1443 2694 1591 2725 intelligitur
1611 2694 1694 2718 omnis
1715 2694 1849 2724 proximus
1874 2692 2021 2723 diligendus
2051 2693 2074 2716 in
2099 2699 2146 2716 sno
2168 2692 2268 2716 ordine..
2291 2691 2395 2717 Aet-istie

1442 2744 1506 2761 vcro
1526 2737 1685 2768 prohibetur,
1700 2743 1759 2761 cum
1781 2736 1885 2761 dicitur:
1905 2736 2043 2764 Monunio,
2066 2737 2095 2761 nt
2114 2735 2182 2760 diem
2202 2735 2312 2761 Sribbtili
2330 2740 2392 2766 etc.;

1443 2788 1501 2805 nuni
1532 2781 1575 2812 qui
1604 2781 1716 2805 taedium
1747 2780 1806 2804 boni
1834 2779 1911 2804 habet
1940 2780 2032 2810 (pliciis
2061 2779 2204 2804 Sabbatum
2235 2780 2392 2803 sant-titicare

1443 2831 1492 2848 non
1515 2828 1604 2854 potest.
1627 2823 1695 2850 Gula
1718 2824 1868 2854 prohibetur
1888 2824 1911 2847 in
1932 2823 2033 2853 eodeni,
2049 2824 2109 2855 qnia
2125 2824 2167 2855 qni
2188 2824 2262 2854 gntae
2284 2823 2396 2847 deservit

1442 2872 1596 2893 suavitatem
1611 2868 1756 2893 devotionis
1776 2875 1825 2892 non
1846 2871 1939 2892 servat,
1960 2867 2114 2901 Hypocrisis
2130 2867 2282 2898 prohibetur
2296 2869 2319 2891 in
2335 2867 2393 2892 Non

1443 2919 1563 2937 assumes
1587 2919 1684 2937 nomen
1712 2911 1761 2937 Dei
1785 2911 1824 2937 tui
1848 2916 1904 2943 etc.;
1925 2913 1965 2937 ille
1985 2914 2052 2937 enim
2075 2919 2167 2937 nomen
2190 2913 2232 2937 Dei
2253 2913 2277 2936 in
2298 2918 2393 2936 vanum

1443 2958 1568 2987 assinnit,
1596 2957 1638 2988 qni
1667 2956 1784 2981 bonitatis
1812 2963 1904 2982 nomen
1931 2961 1955 2982 ct
1980 2957 2118 2981 sanctitatis
2149 2958 2287 2987 sophistice.
2319 2963 2395 2988 qnae-

1443 3001 1475 3025 rit
1494 3004 1540 3024 etc.
1555 3014 1590 3018 —
1603 3000 1672 3025 ldem
1693 3000 1755 3025 dul).
1771 3001 1846 3026 solvit
1867 3001 1891 3024 ΒΔ
1908 3000 2011 3032 albert„
2032 3001 2071 3025 liic
2090 3008 2112 3025 a.
2128 3000 2175 3031 53;
2197 3001 2221 3025 S.
2237 3001 2338 3029 Thom.v
2356 3000 2395 3024 liic

1443 3045 1509 3069 circa
1531 3045 1563 3069 lit.

1513 3088 1524 3104 S
1546 3089 1636 3113 Psalm.
1662 3090 1704 3119 ts,
1729 3089 1770 3113 13:
1793 3089 1885 3113 Delicta
1908 3089 1966 3120 quis
1995 3089 2111 3119 intelligit
2138 3087 2259 3121 [propter
2279 3089 2393 3120 trequen-

1444 3134 1503 3157 tinm
1525 3134 1581 3157 sive
1602 3133 1820 3164 multitnttinem]?
1841 3133 1873 3157 ab
1893 3133 2000 3157 occultis
2019 3134 2084 3157 ineis
2099 3133 2194 3157 ninntla
2217 3139 2256 3156 nie
2278 3132 2393 3163 lpropter

1443 3176 1637 3210 ignoranti-tini]
1658 3181 1682 3201 ct
1701 3177 1733 3202 ab
1754 3177 1842 3201 alicnis
1862 3176 1890 3209 [i.
1911 3185 1933 3201 e.
1954 3176 2124 3201 alienantibus
2145 3183 2191 3200 nos
2210 3183 2223 3200 a
2239 3176 2339 3200 fervore
2353 3182 2394 3200 ca-

1443 3220 1535 3254 ritatis]
1557 3229 1633 3252 parce
1654 3229 1730 3246 sci-vo
1751 3225 1794 3246 tuo
1815 3222 1932 3253 [propter
1951 3221 2165 3252 adhaerentiam}
2187 3221 2218 3245 lta
2241 3221 2265 3244 Β.
2287 3220 2389 3251 Alhert.y

1443 3266 1483 3290 hic
1503 3273 1525 3290 a.
1546 3265 1586 3290 55.
2255 3271 2257 3274 ’

1512 3310 1523 3325 9
1544 3310 1607 3335 Dicit
1625 3311 1693 3335 enim
1714 3309 1799 3335 debita
1818 3311 1925 3341 nostra,
1949 3316 1998 3334 non
2013 3308 2097 3334 debita
2111 3316 2178 3334 inea.
2200 3323 2231 3326 —
2247 3309 2314 3333 idem
2330 3308 2390 3333 dub.

1442 3354 1518 3379 solvit
1539 3358 1640 3385 praeter
1660 3354 1685 3378 B.
1706 3354 1802 3379 Albcrt.
1823 3354 1847 3378 S.
1869 3354 1973 3384 Thom.y
1995 3354 2035 3377 liic
2055 3354 2121 3377 circa
2143 3353 2176 3377 lit.
