2483 3882
862 259 955 291 DIST.
981 259 1037 291 XL.
1063 259 1183 292 DUBIA.

41 347 148 384 dente,
173 349 203 377 et
236 346 363 378 totidem
397 347 427 378 in
461 346 681 379 transversali:
705 356 780 388 ergo
811 347 986 379 secundum

40 402 183 431 naturam
209 398 339 430 baberet
363 399 488 440 triginta
513 399 569 431 tria
590 399 687 431 millia
711 403 741 432 et
767 403 921 432 trecentos
937 399 989 431 tri-

39 453 122 494 ginta
156 455 220 483 tres
244 451 500 492 consanguineos.
526 452 560 483 Et
590 451 619 483 in
651 461 715 483 una
743 461 856 493 magna
887 452 988 493 patria

40 505 92 536 vix
117 503 284 542 inveniret,
309 512 380 535 cum
399 512 461 545 qua
485 504 684 536 contraheret
708 513 809 545 usque
833 504 871 536 ad
897 513 989 545 quar-

40 557 128 590 tum1
154 556 306 598 gradum,
331 560 448 597 quanto
484 556 582 598 magis
606 565 707 598 usque
739 557 777 588 ad
808 557 987 598 septimum.

38 610 108 642 Ideo
132 612 260 650 propter
284 608 460 650 periculum
490 608 629 650 oportuit
653 618 802 641 revocare
827 609 904 641 illud
930 612 989 641 sta-

39 666 157 700 tutum,
182 665 212 694 et
242 662 300 694 boc
331 661 447 694 scilicet
475 670 576 703 usque
605 661 644 694 ad
669 665 819 703 quartum
851 662 987 703 gradum

0 728 24 744 π-
38 719 182 748 statuere.
197 715 288 746 -Et
313 714 370 746 ista
396 715 452 746 fuit
477 715 638 756 potissima
662 714 756 753 ratio,
773 723 872 756 quare
891 718 987 746 muta-

38 771 104 799 tum
125 770 189 805 est,
207 767 287 799 sicut
310 775 461 808 expresse
478 766 594 799 dicitur
611 766 640 798 in
666 767 815 799 decretali
829 767 838 783 ²
856 767 939 799 edita
957 767 986 798 in

37 820 170 852 Concilio
203 820 354 861 generali,
387 820 440 852 ubi
471 820 603 852 dicitur:
635 820 726 852 «Non
760 820 853 852 debet
885 828 989 861 repre—

37 872 188 905 hensibile
213 872 364 911 iudicari,
390 873 413 904 si
447 873 621 905 secundum
655 872 837 905 varietatem
871 876 987 913 tempo-

36 935 105 958 rum
136 929 253 958 statuta
280 935 406 967 quoque
431 926 593 958 varientur
622 926 774 965 humana,
801 925 987 967 praesertim

35 988 104 1012 cum
139 987 255 1020 urgens
280 979 447 1011 necessitas
476 979 525 1011 vel
550 979 679 1011 evidens
703 979 822 1011 utilitas
851 979 909 1011 boc
934 987 988 1011 ex-

0 1043 18 1058 ÷s-
34 1032 173 1074 poscit».
187 1050 230 1054 ——
244 1032 303 1064 Hoc
319 1035 423 1063 autem
447 1041 506 1063 ΠοΠ
529 1032 629 1064 solum
649 1033 823 1064 necessitas
840 1041 987 1074 exposce-

35 1087 103 1123 bat,
128 1085 182 1117 sed
219 1085 310 1117 ctiam
344 1085 472 1117 militas
508 1086 706 1127 requirebat,
731 1090 761 1117 et
784 1086 894 1118 aderat
915 1095 986 1117 con-

32 1137 166 1180 yi’uz'tas
190 1142 220 1170 et
241 1142 402 1179 poteslas;
428 1138 497 1170 ideo
529 1142 612 1170 recte
644 1147 746 1180 usque
770 1138 808 1170 ad
835 1142 983 1180 quartum

34 1191 167 1232 gradum
206 1191 349 1232 impediri
377 1191 627 1230 matrimoi‘iium,
653 1191 826 1224 rectissime
850 1194 879 1223 et
911 1191 986 1223 irre-

33 1243 286 1285 prehensibiliter
310 1244 418 1276 statuit
442 1247 473 1276 et
496 1244 652 1276 ordinavit
677 1245 822 1277 Ecclesia.

123 1298 149 1328 1.
174 1297 216 1328 Ad
236 1296 313 1329 illud
338 1306 413 1338 ergo
437 1297 520 1338 quod
539 1298 684 1330 obiicitur
702 1298 741 1330 de
758 1298 925 1339 Gregorio,
943 1299 986 1331 di-

0 1361 18 1376 1r
32 1350 180 1389 cendum,
198 1350 282 1392 quod
307 1350 533 1382 rationabiliter
551 1350 627 1383 illud
654 1355 805 1383 statutum
832 1351 890 1383 fuit
912 1355 985 1384 tem-

32 1412 106 1444 pore
139 1411 214 1440 suo,
239 1407 267 1434 et
304 1412 364 1434 non
402 1403 507 1435 minus
540 1403 766 1435 iationabiliter
802 1408 982 1436 revocatum

31 1460 171 1497 tempore
196 1456 364 1491 mederum
390 1464 444 1487 nec
481 1456 538 1488 fuit
567 1460 767 1495 revocatum,
797 1456 871 1498 quia
903 1461 985 1489 esset

31 1508 111 1540 male
136 1511 305 1547 statutum,
332 1508 385 1540 sed
411 1509 485 1549 quia
517 1509 601 1550 quod
626 1510 818 1550 congruebat
842 1514 984 1551 tempore

31 1561 190 1603 primitivo
213 1570 273 1593 non
299 1561 493 1603 congruebat
517 1562 610 1599 statui
638 1567 744 1594 nostro
768 1567 897 1604 propter
922 1573 984 1595 ma-

30 1615 126 1646 iorem
151 1614 436 1656 imperfectionem,
461 1624 542 1656 quae
566 1619 613 1647 est
639 1616 667 1646 in
687 1615 789 1656 nobis,
807 1619 837 1647 et
855 1620 983 1657 propter

30 1667 149 1699 maiora
173 1667 322 1709 pericula.

117 1721 146 1751 2.
171 1720 214 1752 Ad
239 1720 318 1752 illud
343 1721 427 1762 quod
452 1721 612 1760 obiicitur,
630 1721 711 1762 quod
741 1730 799 1753 ΠοΠ
825 1726 871 1753 est
889 1726 983 1754 retro-

29 1772 223 1811 cedendum,
247 1773 434 1812 dicendum,
452 1774 536 1815 quod
562 1782 673 1805 verum
698 1777 745 1806 est
768 1774 799 1805 in
825 1774 873 1806 bis
902 1784 982 1816 quae

31 1829 103 1857 sunt
122 1824 371 1868 perfectionis³,
390 1826 442 1858 sed
469 1835 505 1858 ea
529 1836 609 1868 quae
634 1831 707 1859 sunt
732 1827 843 1868 rigoris
870 1832 983 1869 tempe-

0 1884 16 1906 io
31 1879 93 1911 rari
119 1883 250 1920 possunt
274 1884 304 1912 et
329 1880 453 1912 debent.
470 1898 511 1902 —
529 1880 585 1913 Vel
610 1880 777 1912 dicendum
804 1885 834 1913 et
858 1881 982 1919 melius,

29 1932 113 1974 quod
138 1933 390 1965 condescendere
413 1937 555 1974 oporteat
577 1933 770 1972 infirmitati,
795 1938 825 1965 et
849 1934 903 1966 ubi
920 1943 981 1966 non

29 1994 199 2027 possumus
223 1994 279 2017 nos
302 1986 441 2027 erigere,
459 1986 634 2019 necessario
655 1990 778 2028 oportet
802 1996 858 2019 nos
883 1987 984 2019 bumi-

31 2038 107 2070 liare
138 2042 169 2070 et
199 2038 367 2077 inclinare3
392 2043 423 2071 et
451 2039 520 2071 ideo
552 2043 681 2081 propter
714 2040 981 2081 imperfectionem

32 2091 193 2124 bominum
212 2095 363 2123 statutum
378 2092 457 2124 illud
471 2092 610 2134 oportuit
627 2096 814 2134 temperare.
832 2093 918 2126 Unde
935 2102 984 2125 ve-

31 2154 102 2177 rum
126 2149 190 2184 est,
214 2145 298 2187 quod
328 2154 388 2177 non
422 2149 469 2177 est
492 2146 773 2185 retrocedendum,
799 2147 851 2179 sed
878 2150 982 2179 tamen

31 2197 297 2239 imperfectionem
323 2198 486 2230 bominum
520 2198 655 2231 tolerare
679 2203 726 2231 est
757 2204 983 2241 opportunum.

119 2250 147 2283 3.
172 2251 214 2283 Ad
241 2250 317 2283 illud
344 2251 427 2293 quod
452 2251 599 2284 obiicitur
624 2252 662 2284 de
680 2252 859 2285 dilatatione
877 2253 984 2285 carita-

31 2303 86 2342 tis,
111 2302 294 2341 dicendum,
312 2303 395 2344 quod
421 2303 474 2335 illa
498 2304 577 2335 ratio
600 2304 705 2345 potius
729 2308 777 2337 est
800 2305 840 2337 ad
864 2305 985 2347 opposi-

1942 260 2005 293 853

1053 350 1117 379 tum
1144 356 1238 389 quam
1263 348 1303 380 ad
1328 348 1533 389 propositum.
1552 348 1631 389 Quia
1654 348 1737 380 enim
1763 348 1876 380 caritas
1902 349 2006 381 minus

1052 408 1085 431 se
1108 400 1266 439 extendit,
1291 400 1361 432 ideo
1386 400 1477 432 citius
1502 404 1624 442 oportet
1648 401 1673 433 ei
1700 401 1842 433 succurri
1867 405 1897 433 et
1921 401 2007 433 adiu-

1053 452 1135 490 vari;
1159 457 1189 484 et
1221 453 1388 494 proximus
1416 453 1455 485 ab
1487 462 1594 485 amore
1626 453 1718 486 citius
1749 454 1845 495 sugit,
1870 458 1900 486 et
1936 454 2005 487 ideo

1052 504 1145 537 citius
1169 509 1215 537 est
1240 506 1446 538 revocandus.

1141 559 1171 590 lt.
1196 559 1239 590 Ad
1264 559 1341 591 illud
1366 560 1449 600 quod
1482 560 1638 598 obiicitur,
1662 561 1745 602 quod
1778 561 1929 593 maiorem
1955 561 2006 593 ba-

1052 610 1126 642 bent
1150 611 1259 643 fideles
1283 612 1419 653 copiam;
1444 612 1631 652 dicendum,
1656 614 1739 655 quod
1765 623 1876 646 verum
1902 617 1962 653 est,
1979 614 2004 646 si

1053 662 1342 704 multiplicarentur
1366 674 1535 706 personae,
1561 666 1601 697 ita
1626 666 1709 707 quod
1735 676 1795 698 non
1822 667 2006 708 multiplica-

1052 719 1162 747 rentur
1187 717 1423 758 consanguinei3
1450 718 1509 750 boc
1533 722 1639 750 autem
1665 728 1724 751 non
1751 723 1797 751 cst
1822 728 1950 752 verum:
1975 723 2005 752 et

1052 767 1139 806 ideO,
1157 768 1237 800 sicut
1254 770 1365 801 crescit
1390 779 1430 802 ex
1456 780 1518 802 una
1542 775 1630 813 parte
1647 772 1806 814 aptitudo,
1825 773 1866 804 ita
1887 781 1927 805 ex
1945 772 2006 805 alia

1052 821 1164 853 crescit
1187 821 1370 863 ineptitudo.

1143 875 1169 905 1.
1195 874 1237 906 Ad
1262 874 1341 907 illud
1366 877 1450 917 quod
1474 877 1633 917 obiicitur,
1656 879 1740 920 quod
1758 879 1841 912 Deus
1858 889 1919 911 non
1937 888 2006 921 pro·
2033 890 2084 930 neg]
2106 895 2164 916 πμ.

1052 926 1139 959 bibet
1164 927 1247 959 ultra
1278 929 1471 967 secundinm
1497 930 1683 971 dicendum,
1712 933 1794 974 quod
1823 942 1933 965 verum
1958 936 2005 965 est
2019 922 2057 943 pm
2068 919 2164 943 ’μηθ’

1047 988 1108 1020 per
1131 989 1185 1018 se,·
1209 984 1312 1013 tamen
1338 982 1484 1022 prohibet
1504 993 1564 1024 per
1592 984 1782 1023 Ecclesiam,
1808 986 1881 1027 quia
1906 986 2006 1018 Eccle-

1052 1033 1097 1064 sia
1121 1034 1267 1075 probibet
1290 1036 1475 1068 auctoritate
1499 1037 1555 1068 sibi
1575 1037 1725 1070 divinitus
1750 1038 1831 1070 data.
1851 1039 1936 1071 Ratio
1953 1048 2006 1071 au-

1052 1089 1131 1125 tem,
1156 1096 1255 1128 quare
1280 1088 1363 1120 Deus
1388 1088 1475 1120 dedit
1501 1089 1654 1122 Ecclesiae
1671 1090 1888 1123 auctoritatem
1909 1100 2005 1133 super

1051 1138 1125 1177 hoc,
1151 1139 1212 1171 iam
1239 1140 1304 1172 visa
1328 1144 1383 1173 est.

1140 1194 1168 1224 Ξ).
1194 1193 1236 1225 Ad
1262 1193 1340 1226 illud
1366 1195 1449 1235 quod
1476 1195 1639 1234 obiicitur,
1657 1196 1739 1237 quod
1762 1205 1822 1228 non
1849 1201 1949 1238 potest
1965 1197 2006 1228 fa-

1050 1254 1137 1284 cere,
1163 1246 1246 1288 quod
1272 1243 1376 1279 careat
1402 1248 1606 1289 baptismate,
1631 1249 1815 1287 dicendum,
1841 1250 1923 1291 quod
1942 1259 2004 1281 ΠοΠ

1049 1303 1096 1330 est
1120 1299 1236 1331 simile:
1259 1300 1333 1341 quia
1358 1300 1502 1341 baptismi
1528 1301 1752 1334 institutionem
1781 1303 1864 1335 Dens
1888 1312 1944 1344 per
1969 1312 2002 1335 se
2018 1313 2148 1335 Notandum.

1049 1352 1206 1384 ordinavit
1230 1357 1260 1385 et
1285 1353 1499 1391 continuavit,
1517 1355 1569 1386 sed
1597 1364 1802 1395 personarum
1830 1356 2005 1397 legitimita-

1050 1408 1110 1436 tem
1137 1406 1292 1437 commisit
1317 1406 1486 1446 Ecclesiae,
1512 1408 1585 1448 quia
1620 1409 1853 1441 matrimonium
1884 1413 2004 1441 contra-

1050 1457 1135 1489 bitur
1160 1458 1240 1490 inter
1275 1459 1378 1491 virum
1416 1463 1446 1491 et
1479 1461 1662 1499 mulierem,
1688 1465 1718 1493 ct
1751 1462 1883 1494 Ecclesia
1910 1463 2006 1495 babet

1049 1511 1275 1552 plenitudinem
1302 1512 1526 1544 iurisdictionis
1552 1522 1647 1554 super
1673 1518 1853 1556 utrumqne.

1138 1563 1166 1595 3.
1192 1564 1234 1596 Ad
1261 1564 1339 1596 illud
1372 1565 1457 1606 quod
1488 1566 1635 1597 obiicitur
1660 1567 1698 1599 de
1732 1568 1885 1599 Ecclesiae
1911 1568 2005 1600 inter-

1048 1617 1147 1656 dicto,
1173 1617 1361 1656 dicendum,
1386 1618 1471 1659 quod
1503 1628 1563 1650 ΠοΠ
1597 1623 1644 1651 est
1675 1620 1794 1652 simile:
1821 1621 1895 1662 quia
1924 1621 2004 1654 illud

1048 1669 1250 1702 interdictum
1276 1674 1323 1702 est
1358 1671 1404 1702 acl
1436 1675 1581 1712 tempus,
1609 1681 1667 1703 non
1703 1672 1915 1713 siinpllce'cer,
1948 1683 2005 1706 nec

1046 1722 1119 1754 facit
1144 1731 1294 1763 personas
1329 1723 1506 1764 illegitimas
1538 1724 1740 1766 simpliciter,
1765 1726 1819 1757 sed
1854 1726 1946 1767 ligat,
1971 1731 2006 1759 ut

1047 1776 1113 1807 sine
1139 1779 1265 1816 peccato
1290 1785 1349 1808 non
1376 1777 1512 1817 possint,
1538 1781 1568 1809 et
1594 1778 1662 1810 ideo
1687 1788 1786 1819 poena
1815 1779 1930 1812 talibus
1956 1780 2006 1812 de-

1047 1828 1098 1860 bet
1123 1828 1249 1869 imponi.

1136 1882 1165 1913 li.
1190 1882 1233 1914 Ad
1259 1882 1338 1914 illud
1371 1883 1455 1924 quod
1488 1883 1635 1916 obiicitur
1663 1884 1702 1917 de
1740 1885 1938 1927 Hieronymo,
1963 1886 2006 1918 di-

1047 1935 1202 1973 cendum,
1227 1935 1311 1977 quod
1338 1945 1428 1968 secus
1452 1940 1499 1968 est
1528 1936 1558 1968 in
1593 1937 1684 1970 dictis
1710 1938 1863 1971 Ecclesiae
1888 1943 1917 1971 et
1942 1939 2005 1972 Hie·
2020 1947 2151 1969 Notandum.

1047 1987 1187 2028 ronymi:
1213 1988 1286 2029 quia
1312 1988 1517 2030 Hieronymus
1542 1999 1602 2022 non
1635 1994 1758 2032 poterat
1791 1992 1924 2033 probare
1949 2001 2005 2033 per

1048 2040 1259 2082 Scripturam,
1284 2050 1317 2073 se
1347 2051 1415 2074 esse
1440 2046 1550 2074 testem
1584 2044 1743 2082 veritatis;
1770 2045 1840 2077 ideo
1865 2045 1903 2077 ad
1930 2045 2005 2084 hoc,

1048 2095 1129 2135 quod
1157 2094 1342 2126 crederetur
1367 2095 1440 2134 sibi,
1465 2097 1647 2137 oportebat,
1672 2098 1755 2139 quod
1789 2107 1845 2139 per
1870 2098 2006 2139 Scriptu-

1049 2156 1116 2179 ram
1142 2148 1309 2189 probaret,
1327 2157 1395 2180 esse
1413 2158 1524 2180 verum
1548 2150 1632 2191 quod
1658 2151 1885 2183 testificabatur
1909 2157 1940 2184 et
1964 2152 2006 2184 di-

1048 2200 1146 2232 cebat.
1172 2201 1230 2233 Sed
1257 2201 1392 2233 Ecclesia
1418 2211 1473 2243 per
1497 2202 1690 2244 Scripturam
1710 2212 1799 2235 suam
1820 2204 1919 2246 potuit
1936 2214 2007 2245 pro-

1049 2253 1124 2285 bare
1156 2254 1419 2292 auctoritatem⁴g
1449 2265 1511 2296 qua
1535 2256 1683 2297 probata,
1709 2261 1830 2297 oportet
1866 2257 2004 2296 obedire,

1048 2314 1108 2337 non
1127 2306 1213 2338 aliud
1232 2307 1444 2339 testimonium
1470 2316 1634 2348 quaerere.
1653 2309 1687 2340 Et
1704 2309 1748 2341 sic
1766 2312 1864 2341 totum
1884 2313 1968 2351 patet
1982 2309 2004 2341 ⁵.

688 2442 798 2475 DUssia
823 2443 929 2488 Cinea
953 2444 1140 2476 LITTEnAM
1164 2444 1347 2476 MAGtSTRI.

444 2567 520 2599 Duss.
550 2567 568 2597 l.

118 2672 150 2703 In
176 2676 264 2713 parte
288 2672 346 2705 ista
375 2677 448 2705 sunt
480 2673 691 2705 dubitationes
723 2673 804 2705 circa
829 2673 983 2712 litteram,

32 2727 62 2757 et
91 2725 193 2766 primo
217 2726 382 2767 quaeritur
414 2725 453 2758 de
484 2726 543 2758 hoc
575 2726 658 2768 quod
691 2726 767 2759 dicit
798 2726 982 2768 Gregorius:

32 2778 226 2820 Progeniem
257 2788 355 2811 suam
388 2789 653 2822 unumquemque
683 2789 786 2823 usque
817 2780 863 2812 acl
892 2780 985 2821 septi-

32 2840 120 2862 mum
142 2831 291 2873 mad-am
314 2835 372 2864 etc.
397 2833 500 2873 Quare
524 2832 555 2864 in
580 2833 639 2865 boc
664 2833 765 2874 gradu
793 2834 859 2865 sire
882 2842 984 2875 usque

31 2883 68 2915 ad
95 2884 180 2916 bunc
203 2885 336 2926 gradum
363 2886 467 2927 potius
488 2885 648 2927 probibuit
672 2890 702 2918 et
729 2885 814 2918 ultra
838 2895 898 2918 non
916 2895 984 2928 pro-

33 2936 123 2969 cessit
146 2946 202 2969 nec
226 2937 309 2970 stetit
333 2938 439 2970 citra?

1139 2569 1337 2602 RicspoNnEo:
1372 2571 1563 2610 Dicendum,
1596 2573 1679 2613 quod
1705 2573 1763 2605 boc
1796 2573 1890 2605 babet
1914 2574 2004 2606 ratio-

1051 2621 1164 2653 tionem
1192 2622 1382 2660 litteralem,
1415 2623 1586 2662 moralem,
1618 2624 1832 2667 allegoricam
1865 2630 1895 2658 et
1924 2636 2004 2658 anct-

1046 2674 1210 2716 poyz‘cam.
1242 2675 1448 2714 Lz'lleralem,
1480 2677 1554 2718 quia
1579 2686 1679 2718 usque
1710 2678 1749 2710 ad
1775 2682 1899 2719 tempus
1924 2679 2001 2711 illud
2017 2688 2149 2718 Rati-oline-

1048 2727 1078 2758 in
1108 2727 1245 2769 antiquis
1277 2729 1472 2770 temporibus
1500 2730 1575 2762 satis
1607 2730 1686 2762 bene
1717 2732 2003 2772 consanguinitates
2031 2715 2089 2736 ‘³¹¹⁵‘

1048 2783 1192 2821 poterant
1216 2782 1390 2822 computari
1416 2786 1446 2813 et
1470 2782 1613 2814 homines
1634 2791 1667 2815 se
1691 2784 1938 2825 consanguineos
1959 2793 2003 2817 re-

1048 2832 1210 2874 putabant.
1237 2853 1282 2856 —
1308 2834 1464 2872 illorali's,
1489 2832 1563 2876 quia
1592 2835 1621 2867 in
1646 2836 1823 2877 septenario
1851 2837 2164 2877 universi-nanqmora-

1048 2890 1095 2918 tas
1120 2887 1213 2918 tonus
1233 2887 1312 2919 vitae
1329 2887 1528 2920 concluditur
1543 2888 1564 2927 ⁶,
1581 2892 1612 2920 et
1629 2893 1816 2930 separantur
1836 2899 1854 2921 a
1876 2899 2003 2922 consan-
2072 2874 2105 2894 ¹¹⁵⁴

1048 2939 1170 2981 guineis
1198 2940 1263 2972 suis
1291 2940 1433 2973 homines
1465 2950 1565 2982 usque
1593 2941 1631 2973 ad
1662 2945 1780 2983 septem
1811 2943 1943 2984 gradus,
1968 2946 2004 2975 ut

104 3091 112 3108 1
133 3092 186 3118 Non
207 3095 282 3125 pauci
303 3094 378 3119 codd.
399 3094 531 3128 quintum,
554 3099 578 3120 et
598 3099 656 3126 post
676 3102 758 3126 pauca
777 3096 837 3121 edd.
862 3097 986 3122 octavum

34 3140 81 3164 pro
99 3135 248 3168 septimum.

103 3179 114 3195 ²
134 3180 234 3206 Scilicet
253 3181 315 3207 Non
334 3180 415 3213 debet,
438 3182 482 3207 ubi
503 3186 585 3207 textus
605 3183 737 3213 originalis
755 3181 915 3216 quandoque
940 3190 986 3214 pro

35 3229 145 3256 quoque.
166 3238 200 3242 —
220 3225 327 3251 inferius
345 3233 393 3257 pro
413 3227 482 3252 recte
502 3226 560 3251 Vat.
581 3225 657 3251 iuste.

103 3266 114 3283 ³
133 3267 182 3293 Cfr.
202 3276 281 3300 supra
302 3277 362 3301 pag.
384 3271 444 3302 292,
467 3273 525 3295 nota
549 3270 587 3295 ll.
608 3273 631 3295 el
651 3277 712 3302 pag.
733 3271 794 3302 816,
823 3274 881 3296 nota
907 3271 932 3296 7.
953 3286 986 3289 —

34 3310 71 3336 De
90 3318 143 3344 seq.
164 3313 261 3338 ratione
281 3314 327 3339 ct‘r.
349 3315 364 3339 1.
385 3314 444 3339 Cor.
467 3314 490 3346 3,
513 3315 534 3339 l.
555 3321 629 3346 seqq.

105 3354 115 3371 ⁴
135 3356 201 3382 Vide
220 3358 304 3382 Matth.
326 3358 368 3390 46,
391 3358 432 3383 48.
452 3365 506 3390 seq.

105 3398 116 3415 ⁵
135 3400 200 3426 Vide
219 3402 334 3427 scholion
354 3402 386 3427 ad
409 3403 430 3427 ’1.
450 3403 528 3428 huius
547 3403 645 3428 articuli
666 3405 764 3435 quaest.

1121 3097 1131 3113 6
1151 3099 1272 3128 August.,
1289 3098 1366 3128 Epist.
1381 3096 1422 3121 55.
1444 3098 1516 3126 (alias
1536 3098 1544 3121 l
1557 3097 1604 3129 la)
1624 3104 1645 3122 c,
1667 3097 1690 3122 5.
1705 3105 1728 3122 Π.
1750 3099 1779 3123 9:
1801 3098 1905 3129 Propter
1919 3099 2006 3130 ipsum

1051 3148 1189 3165 numerum
1210 3142 1399 3172 septenarium,
1420 3148 1472 3173 quo
1493 3142 1666 3166 universitatis
1685 3142 1837 3173 significatio
1851 3149 1928 3174 saepe
1942 3142 2006 3174 figu—

1050 3188 1134 3215 ratur,
1155 3185 1198 3216 qui
1219 3185 1295 3210 etiam
1315 3185 1364 3215 ipsi
1385 3184 1512 3210 Ecclesiae
1532 3184 1651 3210 tribuitur
1679 3190 1786 3217 propter
1805 3187 1885 3212 instar
1904 3188 2006 3212 univer-

1049 3229 1137 3253 sitatis.
1160 3228 1228 3252 ldem
1248 3228 1309 3253 dicit
1329 3228 1458 3260 Ambros,
1481 3229 1530 3254 Vll.
1552 3229 1662 3260 Exposit.
1683 3231 1706 3254 in
1722 3231 1782 3255 Luc.
1809 3231 1850 3261 12,
1866 3231 1907 3256 24.
1922 3238 1946 3256 n.
1962 3231 2003 3257 95.

1050 3272 1101 3297 Gn:
1125 3272 1148 3296 ll.
1170 3272 1237 3296 Sent.
1252 3272 1278 3296 d.
1298 3272 1334 3296 12.
1349 3279 1370 3296 a,
1392 3273 1409 3296 1.
1430 3280 1455 3304 q.
1472 3273 1500 3304 2,
1522 3272 1566 3297 ubi
1586 3280 1630 3298 sex
1649 3273 1704 3299 dies
1723 3275 1888 3306 assignantur
1908 3274 2003 3307 labori,

1050 3319 1074 3340 et.
1093 3317 1218 3347 septimus
1238 3317 1349 3348 requici:
1372 3316 1464 3342 Brevil.
1487 3324 1512 3348 p.
1543 3317 1573 3342 V.
1594 3325 1615 3342 c.
1644 3318 1683 3343 to.
1704 3332 1737 3335 —
1756 3318 1822 3344 Edd.
1845 3319 2006 3345 substituunt

1049 3359 1181 3386 Moralem
1210 3367 1257 3390 pro
1285 3359 1407 3392 Moralis,
1429 3363 1454 3385 et
1483 3361 1589 3387 inferius
1617 3361 1797 3395 Alleqor·icam
1826 3370 1874 3395 pro
1903 3362 2005 3397 Alleyo-

1048 3403 1107 3429 ‘rica
1126 3405 1170 3429 est.
1192 3403 1256 3429 Cod.
1280 3404 1296 3428 1,
1316 3403 1471 3430 includimr.
