2483 3882
718 262 810 293 DlST.
836 261 909 293 XIX.
933 260 1015 292 ART.
1039 260 1084 292 111.
1109 260 1260 301 QUAEST.
1286 260 1305 291 Ι.
1928 261 1989 291 509

0 350 1 382 1
33 352 115 385 tibus
149 349 396 392 parochialibus,
420 349 473 390 qui
510 349 689 381 immediate
725 352 838 390 gerunt
869 348 977 389 populi

34 411 153 440 curam3
176 405 206 434 et
222 402 355 434 istorum
379 401 553 433 iurisdictio
566 404 684 433 arctata
708 404 754 433 est
775 401 815 433 ad
840 400 978 441 portiun—

33 455 131 489 culam
157 454 412 491 determinatam,
436 456 466 485 et
491 453 619 485 cuilibet
651 453 818 485 commissa
841 456 888 484 est
920 461 977 483 sua

32 506 130 550 portio
154 505 328 538 secundum
353 508 470 537 rectam
496 504 740 542 ordinationem,
765 508 795 536 et
820 504 872 535 iila
901 503 978 535 iudi-

32 562 118 593 catur
141 566 208 590 esse
233 557 347 589 messis
370 566 435 588 sua
450 557 467 588 ¹.
499 556 533 588 Et
557 556 704 597 quoniam
737 565 798 587 non
823 555 894 587 licet
925 555 976 586 alii

32 611 180 645 sacerdoti
206 610 329 642 mittere
347 618 474 641 manum
492 609 541 641 vel
565 609 675 641 falcem
694 609 724 640 in
749 609 883 641 alienam
900 616 979 639 mes-

1 673 18 694 1.
32 672 110 702 50111;
133 663 203 695 ideo
227 662 308 694 alius
324 671 385 693 non
410 661 504 693 habet
520 664 704 703 potestatem
729 661 797 693 eius
814 660 977 693 subditum

31 715 208 753 absolvere,
233 714 291 746 nisi
316 714 475 755 superior,
500 713 548 745 vel
576 713 673 745 vicem
699 713 812 745 habeat
841 712 978 754 superio-

31 769 89 806 ris,
114 771 149 800 ut
172 767 400 809 poenitentiarii
425 766 544 798 domini
570 766 668 808 Papae
691 770 721 798 et
749 765 978 807 poenitentiarii

32 820 179 863 episcopi,
198 819 288 861 legati
313 823 344 851 et
360 819 563 860 privilegiati,
582 818 634 860 qui
653 819 770 851 faciunt
794 818 850 849 hoc
876 820 979 849 aucto-

31 873 118 906 ritate
143 872 328 914 superioris,
354 871 434 903 sicut
451 871 581 903 nuntius
605 880 622 902 a
638 871 780 912 principe
804 870 978 911 procedens

30 928 129 968 potest
154 925 182 956 in
208 932 316 956 omnes
341 923 483 955 subditos
508 923 577 955 aliis
601 923 811 955 inferioribus.
832 941 878 945 ——
900 922 978 953 Haec

1 981 133 1011 sautem
167 976 368 1018 intelligenda
396 980 469 1008 sunt
500 976 674 1008 secundum
708 975 806 1017 Zeyem
838 984 979 1006 commu-

30 1039 116 1068 nem,
142 1030 215 1071 quia
232 1029 261 1060 in
279 1029 412 1061 articulo
436 1028 638 1060 necessitatis
655 1028 799 1069 indulget
823 1027 978 1059 rectitudo

29 1083 106 1116 iuris
130 1082 257 1115 cuilibet
274 1081 427 1114 sacerdoti
453 1081 626 1123 quemlibet
641 1080 820 1119 absolvere,
837 1080 862 1112 si
891 1080 930 1112 sit
947 1079 978 1111 in

33 1135 183 1169 Ecclesiae
207 1134 336 1166 unitate.

115 1188 174 1219 Pro
209 1187 318 1228 regula
343 1187 439 1228 igitur
472 1187 655 1219 habendum
680 1190 743 1225 est,
779 1186 863 1228 quod
893 1186 979 1218 solus

0 1239 174 1273 msacerdos
198 1239 345 1280 proprius
369 1239 464 1271 habet
491 1239 650 1280 potestatis
683 1239 917 1271 exsecutionem
947 1238 978 1269 in

0 1281 115 1331 n‘suos,
140 1292 279 1333 exceptis
304 1292 443 1333 quinque
467 1292 600 1324 casibus.
631 1292 754 1323 Primus
778 1295 837 1330 est,
862 1291 886 1322 si
912 1291 979 1323 ovis

31 1346 129 1378 aliena
153 1345 183 1377 in
202 1345 350 1387 parochia
376 1354 433 1377 sua
449 1345 590 1386 deliquit.
607 1363 653 1367 —
668 1345 845 1382 Secundus,
870 1344 894 1376 si
914 1352 979 1376 mu-

32 1398 106 1431 tavit
130 1398 171 1430 ibi
208 1398 420 1436 domicilium,
445 1398 525 1430 sicut
550 1401 596 1430 est
621 1397 650 1428 in
687 1397 899 1435 scholaribus,
924 1396 976 1438 qui

31 1451 155 1484 student
178 1451 324 1483 Parisius.
342 1470 386 1474 ——
403 1451 526 1483 Tertius
550 1454 617 1488 est,
642 1450 667 1482 si
693 1450 731 1482 sit
761 1449 978 1491 vagabundus.

32 1505 224 1546 —Quartus
248 1507 311 1542 est,
348 1503 372 1536 si
403 1503 549 1535 sacerdos
584 1502 733 1544 proprius
769 1503 808 1534 sit
843 1501 978 1540 inscius,

31 1558 78 1591 vel
104 1558 294 1596 malitiosus,
311 1561 340 1589 et
364 1556 460 1598 petita
485 1556 627 1594 licentia,
652 1556 721 1588 vult
744 1556 832 1588 adire
856 1555 980 1597 peritio-

31 1620 106 1643 rem.
124 1630 165 1633 -—
183 1610 316 1642 Ultimus
340 1613 387 1641 est
411 1609 441 1640 in
473 1609 606 1641 articulo
630 1608 839 1647 necessitatis,
864 1612 894 1640 01
919 1608 978 1640 1100

31 1664 62 1696 in
84 1672 158 1695 casu
183 1672 244 1694 non
276 1666 397 1704 oportet
426 1662 619 1694 sacerdotem
652 1670 720 1693 esse
750 1661 941 1693 licentiatum
959 1661 978 1691 ².

32 1717 62 1748 ln
84 1716 153 1748 aliis
177 1718 281 1747 autem
306 1718 447 1756 oportet,
472 1723 531 1745 non
556 1724 574 1746 a
599 1714 760 1746 sacerdote
794 1713 979 1755 poenitentis

33 1768 132 1801 solum
149 1787 193 1790 —
214 1768 288 1810 quia
311 1767 363 1799 ille
395 1776 455 1798 non
480 1770 581 1808 potest
605 1767 664 1799 nisi
688 1766 856 1798 subditum
889 1766 980 1797 licen-

32 1821 108 1853 tiare
128 1839 172 1843 —
197 1821 251 1853 sed
276 1823 398 1862 oportet
430 1828 498 1852 esse
522 1819 714 1852 licentiatum
736 1819 776 1850 ab
800 1818 979 1857 ordinario,

32 1873 146 1906 scilicet
169 1873 236 1915 ipso
272 1873 427 1915 episcopo
457 1892 499 1895 —
528 1872 750 1904 Concedendae
787 1872 882 1913 igitur
907 1874 980 1903 sunt

31 1926 165 1959 rationes
200 1926 390 1968 probantes,
425 1925 509 1967 quod
549 1934 610 1957 non
647 1924 779 1966 quilibet
810 1926 913 1965 potest
948 1923 979 1954 in

33 1979 210 2021 quemlibet.

119 2034 146 2064 1.
171 2032 212 2064 Ad
231 2032 310 2064 illud
335 2040 409 2072 ergo
426 2031 508 2073 quod
533 2031 679 2063 obiicitur
701 2030 740 2062 de
765 2029 837 2061 filiis
860 2030 981 2067 Aaron,

0 2085 216 2124 p-dicendum,
234 2085 317 2126 quod
342 2093 403 2116 non
428 2088 474 2116 est
491 2084 609 2116 simile:
635 2084 709 2125 quia.
725 2083 862 2124 populus
884 2082 979 2115 lsrael

32 2139 165 2180 populus
190 2147 272 2170 unus
297 2141 364 2170 erat
388 2141 418 2169 et
443 2146 542 2169 unum
566 2136 719 2178 templum
746 2136 898 2175 habebat,
923 2144 980 2168 nec

32 2195 118 2223 erant
150 2191 189 2223 ibi
225 2199 320 2232 regna
345 2194 504 2222 terrarum
541 2189 741 2222 sollicitudini
779 2189 979 2221 sacerdotum

33 2245 209 2281 commissa,
233 2244 314 2276 sicut
349 2252 433 2275 nunc
465 2246 553 2282 sunt;
577 2246 606 2275 et
634 2242 704 2274 ideo
733 2245 856 2283 oportet
886 2241 980 2273 modo

32 2305 97 2329 esse
121 2297 228 2339 plures
258 2296 441 2338 episcopos8
466 2300 495 2328 et
519 2296 627 2338 plures
656 2295 818 2333 ecclesias,
843 2303 979 2336 quarum

33 2349 187 2391 quaelihet
211 2350 305 2381 habet
329 2358 418 2381 suam
443 2352 638 2390 potestatem.

117 2404 146 2435 2.
171 2403 213 2434 Ad
239 2402 318 2434 illud
342 2402 426 2443 quod
456 2401 603 2433 obiicitur
635 2401 674 2433 de
707 2401 766 2433 hoc
797 2401 881 2442 quod
907 2400 981 2433 dicit

31 2455 193 2487 Dominus:
220 2456 361 2496 Quorum
386 2454 571 2486 remiseritis
588 2457 663 2492 etc.;
688 2454 872 2493 dicendum,
896 2453 981 2495 quod

1042 348 1139 380 clavis
1162 347 1378 386 sacerdotalis,
1403 346 1562 388 quamvis,
1587 349 1739 388 quantum
1758 349 1805 378 est
1822 346 1860 379 de
1878 355 1925 383 se,
1950 346 1992 377 in-

1042 400 1189 432 differens
1225 399 1264 431 sit
1298 399 1338 431 ad
1362 408 1488 436 omnes;
1524 402 1627 430 tamen
1650 398 1700 430 vt's
1736 398 1859 430 motiva
1895 398 1990 430 huius

1042 450 1155 489 clavis,
1180 460 1260 492 quae
1295 454 1342 483 est
1377 451 1565 487 iurisdictio,
1590 454 1625 482 ut
1659 450 1771 492 prius*
1796 450 1899 482 visum
1928 453 1991 489 est,

1043 512 1103 534 non
1128 511 1161 534 se
1194 503 1286 535 habet
1310 503 1350 535 ad
1382 512 1489 535 omnes
1514 503 1571 534 nisi
1605 503 1634 534 in
1659 512 1722 535 uno
1747 503 1827 542 solo,
1859 506 1889 535 et
1921 503 1991 535 ideo
2006 510 2135 531 Notandum.

1042 564 1126 587 unus
1158 556 1243 588 solus
1278 559 1379 597 potest
1402 564 1510 588 omnes
1545 556 1718 588 absolvere.
1754 555 1885 596 Quando
1917 564 1991 596 ergo

1043 608 1194 640 Dominus
1211 608 1296 640 dedit
1320 608 1439 640 clavem
1457 613 1487 640 01
1510 609 1589 641 hanc
1608 611 1806 650 potestatem,
1825 608 1890 649 ipse
1906 617 1993 649 prae-

1043 661 1209 702 supposuit
1232 661 1300 693 eius
1324 662 1557 693 exsecutionem
1584 662 1757 694 secundum
1782 662 1924 703 regulam
1942 671 1992 703 po-

1043 712 1162 744 testatis
1186 712 1315 744 collatae
1339 713 1429 745 Petro
1453 717 1482 745 et
1506 713 1574 745 cius
1599 714 1843 746 successoribus.

1133 763 1161 795 3.
1186 764 1229 795 Ad
1255 764 1332 796 iilud
1357 765 1439 806 quod
1469 765 1624 804 obiicitur,
1655 766 1739 807 quod
1764 766 1843 807 ignis
1874 766 1937 807 agit
1963 767 1993 798 in

1043 815 1203 857 quodlibet
1228 816 1465 855 combustibile;
1490 817 1676 857 dicendum,
1701 818 1786 859 quod
1804 827 1863 849 non
1889 822 1935 850 est
1957 818 1994 850 51-

1044 868 1130 900 mile:
1156 868 1230 909 quia
1253 869 1355 910 prima
1379 873 1426 901 est
1451 869 1530 901 actio
1553 870 1742 908 naturali&
1767 880 1847 912 quae
1879 874 1926 903 est
1950 879 1994 903 se-

1043 921 1184 953 cundum
1216 922 1448 960 necessitatem,
1481 922 1557 954 haec
1589 926 1693 955 autem
1719 923 1799 955 actio
1829 923 1994 965 051319111-

1044 973 1145 1005 tualis
1168 978 1198 1006 01
1222 974 1396 1013 rationalis,
1421 983 1501 1016 quae
1533 975 1662 1016 quidem
1691 976 1863 1008 attenditur
1888 985 1994 1009 secun-

1043 1027 1119 1059 dum
1143 1027 1296 1059 ordinem.

1130 1080 1160 1111 [ι.
1185 1079 1227 1111 Ad
1262 1079 1340 1112 illud
1373 1079 1457 1121 quod
1492 1079 1638 1111 obiicitur
1670 1080 1709 1112 de
1733 1080 1820 1112 clave
1848 1084 1878 1113 et
1909 1089 1994 1120 sera,

1043 1132 1234 1171 dicendum,
1267 1133 1351 1174 quod
1387 1132 1471 1165 istud
1505 1141 1617 1164 verum
1649 1136 1717 1171 est,
1749 1134 1875 1174 quando
1907 1134 1995 1166 adest

1042 1184 1151 1217 virtus
1174 1185 1317 1223 motiva,
1342 1194 1422 1226 quae
1447 1185 1568 1217 clavem
1594 1190 1734 1224 moveat3
1759 1186 1861 1218 sedin
1886 1186 1995 1228 aliqui-
2010 1192 2138 1214 Notandum.

1043 1237 1104 1270 bus
1127 1238 1175 1270 vis
1199 1237 1258 1269 ista
1282 1241 1416 1269 arctata
1441 1240 1501 1275 est.
1534 1237 1617 1269 utin
1642 1238 1859 1270 sacerdotibus
1876 1238 1997 1270 inferio-

1043 1290 1148 1328 ribus3
1174 1290 1203 1321 in
1236 1290 1395 1332 aliquibus
1425 1290 1548 1332 hyatu,
1573 1294 1608 1322 ut
1632 1290 1663 1322 in
1697 1291 1862 1323 haereticis
1887 1295 1917 1324 et
1941 1300 1998 1324 ex-

1044 1344 1298 1382 communicatis3
1335 1344 1367 1375 in
1403 1343 1562 1384 aliquibus
1594 1347 1641 1376 est
1676 1348 1868 1385 amputata,
1901 1348 1936 1377 ut
1965 1344 1996 1377 in

1044 1396 1222 1438 degradatis
1242 1397 1262 1427 5.
1296 1397 1381 1429 Unde
1414 1396 1495 1428 sicut
1519 1396 1549 1428 111
1583 1406 1642 1428 non
1672 1400 1805 1438 possunt
1832 1398 1997 1430 absolvere

1043 1449 1196 1490 aliquem,
1222 1459 1357 1491 quorum
1384 1459 1497 1482 manus
1521 1452 1568 1481 est
1593 1449 1697 1491 liycttct
1720 1450 1930 1491 simpliciter,
1956 1451 1997 1482 ita

1043 1503 1075 1534 in
1099 1502 1167 1534 aliis
1192 1512 1253 1534 non
1278 1506 1378 1543 potest
1411 1502 1507 1534 clavis
1543 1502 1706 1541 claudere,
1731 1502 1785 1534 ubi
1822 1512 1855 1535 se
1884 1512 1997 1536 manus

1044 1555 1268 1587 iurisdictionis
1291 1564 1353 1586 non
1378 1555 1480 1587 valeat
1504 1555 1685 1587 extendere.

1134 1610 1162 1640 5.
1186 1608 1230 1640 Ad
1255 1608 1334 1639 illud
1358 1608 1442 1648 quod
1467 1607 1613 1639 obiicitur
1642 1607 1681 1639 de
1712 1608 1835 1648 Angelis
1860 1608 1998 1649 superio-

1044 1661 1088 1692 ris
1123 1660 1263 1698 ordinis,
1288 1659 1475 1698 dicendum,
1507 1659 1591 1700 quod
1620 1668 1680 1691 non
1706 1663 1752 1691 est
1776 1659 1897 1692 simile:
1924 1661 1998 1702 quia

1045 1713 1075 1745 in
1104 1712 1281 1745 hierarchia
1305 1712 1445 1753 angelica
1475 1721 1535 1743 non
1559 1715 1661 1753 potest
1689 1712 1801 1744 cadere
1826 1712 1912 1744 zelus
1942 1721 1998 1745 nec

1045 1766 1272 1803 controversia,
1293 1774 1351 1807 pro
1372 1774 1408 1797 eo
1430 1765 1513 1807 quod
1539 1765 1718 1797 concordia
1742 1765 1775 1796 in
1800 1765 1997 1797 sublimibus

1045 1823 1092 1852 est
1108 1820 1188 1852 facta
1201 1819 1224 1857 6;
1240 1828 1301 1851 non
1320 1818 1363 1851 sic
1380 1822 1427 1850 est
1444 1819 1474 1850 in
1494 1818 1642 1857 Ecclesia,
1660 1818 1756 1850 immo
1777 1818 1908 1860 quilibet
1929 1819 1998 1851 vult

1046 1871 1104 1904 sibi
1129 1872 1177 1903 ius
1209 1871 1340 1903 alterius
1366 1871 1536 1903 vindicare:
1568 1871 1637 1903 ideo
1661 1871 1800 1912 oportuit
1832 1874 1999 1912 potestates

1046 1924 1239 1966 distinguere
1263 1927 1293 1956 et
1317 1924 1462 1956 limitare.

1136 1978 1163 2008 6.
1189 1976 1232 2008 Ad
1250 1976 1328 2008 illud
1351 1977 1434 2018 quod
1453 1976 1565 2008 ultimo
1581 1976 1742 2015 obiicitur,
1761 1977 1844 2018 quod
1862 1980 1999 2018 potestas

1045 2040 1107 2062 non
1131 2034 1177 2062 est
1200 2029 1368 2068 arctanda3
1394 2029 1580 2069 dicendum,
1605 2030 1689 2071 quod
1714 2030 1844 2062 arctatio
1869 2034 2000 2072 potesta-

1047 2085 1084 2116 tis
1109 2086 1209 2125 potest
1245 2083 1352 2114 venire
1377 2082 1558 2124 dupliciter:
1584 2086 1639 2115 aut
1674 2087 1804 2124 propter
1838 2082 1998 2124 defectum
2013 2093 2158 2115 metanoea-

1046 2135 1192 2173 ctmorz'S,
1209 2139 1264 2167 aut
1287 2138 1416 2176 propter
1433 2134 1715 2166 conservationem
1741 2134 1878 2166 ordinis.
1897 2135 1999 2166 Prima
2026 2120 2082 2147 ⁹¹⁹¹*

1046 2192 1093 2221 est
1116 2188 1251 2220 invidiae
1275 2192 1305 2220 et
1333 2190 1489 2229 repugnat
1514 2187 1658 2226 bonitati,
1684 2187 1821 2219 secunda
1855 2196 1929 2219 vero
1953 2190 2000 2219 est

1047 2242 1216 2283 sapientiae
1240 2245 1270 2273 et
1294 2242 1463 2273 concordat
1486 2241 1553 2282 paci
1579 2244 1609 2273 et
1633 2240 1999 2279 001111110011111111011ςο1

1046 2295 1117 2327 talis
1141 2295 1271 2326 arctatio
1295 2294 1376 2326 facta
1404 2298 1451 2326 est
1486 2294 1515 2325 in
1552 2293 1728 2326 minoribus
1763 2293 1997 2332 sacerdotibus,

1047 2346 1209 2388 regulante
1239 2346 1308 2378 iure
1333 2346 1456 2385 divino,
1481 2346 1577 2378 immo
1609 2346 1677 2387 ipso
1707 2346 1823 2387 Spiritu
1856 2349 1962 2377 sancto
1978 2346 1998 2384 ⁷,

1046 2408 1102 2441 per
1126 2400 1232 2431 Patres
1256 2403 1286 2431 et
1309 2399 1488 2440 Apostolos,
1513 2399 1566 2440 qui
1592 2398 1759 2430 Ecclesiam
1785 2397 1998 2429 fundaverunt

1046 2456 1076 2484 et
1099 2452 1335 2484 ordinaverunt.
1362 2452 1396 2483 Et
1420 2452 1464 2484 sic
1488 2454 1572 2493 patet
1596 2454 1705 2483 totum.

869 2581 1166 2621 senonen.

100 2699 116 2724 1.
136 2699 171 2724 De
193 2700 216 2724 i.
236 2700 312 2723 huius
332 2698 430 2723 articuli
452 2698 601 2729 quaestione
619 2697 680 2721 vide
700 2700 818 2722 0110101·οΞ
837 2697 861 2720 111
882 2702 983 2727 praece-

33 2742 106 2768 dente
125 2743 222 2768 schoiio
242 2743 331 2768 citatos
351 2744 375 2766 01
395 2741 462 2766 Aiex.
483 2741 538 2765 Hal.
559 2741 583 2765 S.
604 2747 629 2771 p.
651 2740 691 2765 lV.
713 2747 737 2772 q.
758 2740 799 2764 21.
820 2746 854 2764 m.
876 2739 898 2764 3.
919 2746 941 2763 a.
957 2740 981 2764 2.

33 2785 48 2817 S
68 2786 89 2810 11.
108 2800 141 2804 —
161 2786 291 2811 Praeclara
313 2789 399 2811 autem
419 2788 457 2810 est
476 2784 592 2810 doctrina
620 2785 766 2815 seraphici,
793 2791 844 2816 qua
873 2791 903 2808 cx
928 2784 983 2815 ipsa

33 2829 157 2854 Ecclesiae
175 2830 272 2854 ratione
291 2829 409 2854 ordinem
431 2829 618 2853 hierarchicum
633 2827 786 2858 comprobat
800 2829 825 2851 01
837 2831 924 2852 centro
938 2827 984 2852 Ec-

35 2873 123 2898 clesiae
142 2874 196 2898 sive
217 2873 275 2898 Sodi
296 2873 451 2904 apostolicae
471 2872 656 2903 plenitudinem
678 2871 809 2902 potestatis
834 2870 956 2895 rindicat.

103 2917 127 2941 ln
147 2918 170 2942 2.
191 2917 340 2950 quaesdone
369 2920 437 2941 recte
465 2916 540 2941 docet
561 2918 584 2940 5.
614 2916 712 2940 Bonuv.
737 2918 824 2939 0011110
854 2914 982 2946 quosdam

1047 2695 1220 2726 posteriores,
1239 2694 1311 2726 quod
1340 2694 1397 2718 11001
1420 2693 1544 2726 superior
1573 2700 1600 2718 50
1628 2694 1709 2724 possit
1737 2693 1865 2718 subiicere
1885 2693 1999 2718 inferiori

1046 2740 1122 2771 eique
1143 2739 1204 2763 dare
1224 2738 1426 2763 iurisdictionem
1447 2739 1471 2762 in
1492 2745 1519 2762 se
1538 2744 1586 2768 pro
1615 2738 1670 2762 soro
1690 2738 1799 2768 interno,
1821 2739 1906 2762 tamen
1931 2737 2000 2769 «qui

1046 2781 1226 2808 subjiciuntur
1245 2782 1288 2807 uni
1309 2789 1357 2807 non
1385 2785 1493 2813 possunt
1517 2781 1580 2806 dare
1600 2781 1669 2806 alteri
1690 2782 1866 2806 auctoritatem
1888 2782 1911 2805 in
1933 2788 1997 2806 sen.

1116 2827 1152 2850 De
1173 2827 1220 2851 1100
1240 2827 1265 2851 2.
1281 2827 1444 2858 quaestione:
1459 2825 1527 2850 Alex.
1542 2825 1606 2857 Hal.y
1623 2825 1669 2850 loc.
1685 2826 1724 2850 cit.
1739 2825 1754 2856 S
1769 2826 1791 2849 2.
1805 2838 1841 2843 —-
1854 2825 1878 2849 S.
1894 2825 1996 2857 Thom.‚

1046 2871 1087 2895 hic
1106 2878 1130 2903 q.
1153 2871 1174 2895 i.
1195 2878 1216 2895 0.
1238 2871 1262 2896 3.
1285 2871 1443 2902 quaestiunc.
1465 2871 1494 2900 ὃς
1515 2870 1605 2901 Suppi.
1620 2877 1644 2902 q.
1666 2870 1707 2894 20.
1728 2876 1749 2894 a.
1767 2870 1790 2894 3.
1804 2869 1878 2893 —B.
1894 2869 1998 2901 Albert.y

1046 2914 1087 2938 hic
1100 2921 1122 2938 a.
1138 2914 1160 2938 9.
1171 2927 1206 2932 —
1218 2915 1281 2938 Petr.
1295 2921 1308 2938 a
1324 2914 1391 2945 Tar„
1404 2915 1444 2939 1110
1458 2921 1482 2945 q.
1495 2914 1517 2938 2.
1529 2920 1551 2938 a.
1567 2914 1590 2938 2.
1602 2927 1635 2930 —-
1647 2913 1752 2944 Dionys.
1767 2914 1862 2944 Carth„
1879 2914 1921 2937 1110
1935 2920 1960 2944 q.
1976 2913 1998 2937 11.

104 3079 112 3095 ¹
133 3080 275 3111 [lespicitur
295 3081 378 3105 Matth.
400 3081 427 3111 9,
448 3079 489 3104 37.
504 3086 557 3111 seq.
572 3083 596 3105 01
609 3079 670 3104 Luc.
686 3080 734 3111 110,
750 3080 773 3103 2.
788 3079 861 3103 Dent.
876 3079 916 3110 23,
932 3078 981 3103 25:

36 3122 131 3149 Falcem
152 3131 201 3150 non
221 3125 343 3149 immittes
356 3125 380 3149 in
395 3128 510 3155 segetem
531 3123 641 3154 proximi
657 3123 692 3147 tui
706 3122 862 3154 (secundum
877 3123 982 3154 Septua-

36 3167 121 3199 ginta).
140 3168 189 3193 Csr.
209 3167 235 3193 C.
255 3167 387 3194 Ecclesias
406 3166 528 3200 singulas
548 3166 610 3198 (t.)‚
632 3166 658 3191 C.
684 3166 720 3191 13,
745 3174 769 3198 q.
791 3167 813 3190 ri.

102 3212 113 3227 2
131 3212 167 3237 De
186 3212 289 3238 duobus
308 3213 404 3237 ultimis
423 3211 526 3237 casibus
539 3212 584 3236 csr.
598 3211 663 3235 intra
678 3211 712 3236 lit.
727 3211 854 3242 Magistri,
875 3210 899 3235 d.
921 3210 980 3235 XX.

36 3261 56 3279 c.
76 3255 99 3279 6.
118 3259 142 3281 01
161 3256 184 3281 d.
204 3256 272 3281 XXl.
292 3263 314 3281 0.
334 3257 358 3281 9.
377 3269 413 3274 -
431 3254 606 3281 Licentiatum
625 3261 679 3279 esse
699 3261 776 3285 saepo
797 3254 865 3279 idem
891 3256 930 3278 051
952 3260 982 3278 00

34 3296 186 3330 facultatem
199 3299 325 3326 audiendi
343 3299 519 3333 confessiones
536 3298 589 3324 sive
603 3297 816 3324 iurc'sdictionem
830 3297 933 3323 habere.
947 3311 982 3315 —-

33 3340 93 3367 Post
110 3342 271 3369 sacerdotem
290 3343 349 3368 edd.
370 3343 468 3368 addunt
487 3341 614 3367 alienum.

103 3384 114 3401 ³
133 3386 158 3410 ln
177 3386 252 3412 codd.
273 3386 320 3412 ΟΡ
332 3388 379 3412 RS
399 3387 502 3412 additur
521 3385 652 3419 aequales.

1118 3078 1127 3094 ⁴
1146 3079 1192 3103 1110
1211 3079 1235 3102 in
1256 3084 1327 3108 corp.
1347 3079 1372 3102 ct
1391 3084 1414 3101 0.
1437 3077 1460 3101 2.
1481 3084 1504 3109 q.
1526 3077 1551 3101 2.
1566 3090 1601 3094 —
1614 3077 1669 3101 Mox
1685 3080 1742 3107 post
1761 3082 1814 3101 uno
1828 3075 1884 3101 solo
1903 3077 1926 3100 in
1941 3075 2000 3101 cod.

1047 3123 1064 3146 P
1083 3122 1197 3147 500110(Ιο
1218 3129 1311 3146 manus
1325 3121 1424 3146 addidit
1436 3119 1534 3146 scilicet
1553 3119 1581 3145 in
1595 3119 1707 3146 Summo
1730 3118 1862 3152 Pontz'fice.
1884 3118 2000 3144 Subinde

1047 3173 1094 3198 pro
1111 3164 1305 3199 praesupponit
1324 3172 1353 3189 ex
1369 3164 1446 3189 codd.
1468 3165 1487 3188 Α
1499 3164 1550 3188 GH
1571 3163 1751 3188 substituimus
1766 3162 1981 3195 pruesupposuz't.

1117 3209 1128 3225 ⁵
1147 3209 1197 3234 Cir.
1217 3216 1239 3233 a.
1260 3210 1283 3233 2.
1304 3216 1328 3240 q.
1350 3209 1373 3232 2.
1393 3221 1428 3226 —
1448 3208 1471 3232 111
1493 3207 1542 3232 fine
1562 3207 1637 3232 solut.
1659 3214 1707 3238 pro
1730 3206 1802 3232 ubi...
1830 3213 1885 3232 non
1912 3206 2001 3233 valeat

1046 3253 1105 3278 edd.
1126 3251 1203 3278 uisi...
1224 3251 1318 3277 valeat.

1116 3296 1127 3312 ὃ
1148 3297 1292 3327 Respicitur
1312 3295 1354 3320 lob
1376 3295 1423 3327 25,
1445 3296 1477 3319 2:
1499 3295 1612 3320 Potestas
1632 3297 1657 3320 et
1677 3297 1759 3320 terror
1778 3294 1849 3326 apud
1868 3302 1929 3320 enm
1947 3298 1998 3327 est,

1047 3341 1090 3373 qui
1110 3340 1169 3365 facit
1188 3339 1353 3364 concordiam
1374 3339 1398 3363 in
1418 3337 1575 3363 sublimibus
1594 3339 1657 3363 suis.

1117 3383 1128 3399 ⁷
1147 3382 1196 3408 Csr.
1204 3385 1256 3408 Act.
1266 3383 1307 3414 20,
1317 3383 1357 3407 28.
1366 3382 1460 3407 ——ltlox
1471 3382 1530 3407 edd.
1539 3389 1599 3407 cum
1607 3382 1724 3413 piurimis
1731 3381 1807 3407 codd.
1816 3382 1998 3415 omittuntper.
