2483 3882
326 248 345 277 2
1188 243 1416 276 PROOEMIUM.

324 333 432 374 nequit
456 332 584 373 intelligi
600 332 608 349 ¹
624 344 654 370 »,
679 332 797 373 aptavit
821 340 935 372 corpus
967 331 1004 369 ei,
1041 334 1076 362 ut
1100 333 1181 362 esset
1216 338 1271 361 vas

326 385 496 417 munditiae
513 384 725 417 contentivam
747 384 847 415 omnis
863 384 1069 424 fragrantiae3
1087 382 1170 423 quod
1185 390 1272 423 prae-

327 438 461 469 sentiens
485 437 663 478 patriarcba
686 436 774 468 10001)
799 436 880 467 dixit
903 435 1030 467 Genesis
1054 435 1204 475 vigesimo
1229 443 1272 466 se-

326 489 462 530 111110οἣ
489 490 568 520 Eece
592 488 671 519 oclor
694 487 758 529 filit
781 488 845 519 mei
866 487 952 518 sieut
976 487 1056 518 odor
1073 486 1152 528 aqri
1171 485 1271 527 pleni,

216 556 312 576 Christus
327 540 383 572 eui
406 540 566 571 benedixit
588 539 759 571 Dominus.
777 540 828 571 Hic
852 548 926 580 ergo
950 542 1018 571 erat
1037 537 1204 580 perfectus
1225 538 1273 579 pi-

166 583 550 635 P-aefiffi‘ftep'a’antennarum,
575 592 648 633 quia
672 601 733 623 non
760 592 887 623 aliunde
912 592 1108 624 mendicabat
1132 592 1272 629 odorem,

326 645 380 677 sed
405 645 470 686 ipse
495 645 523 675 10
550 653 582 676 50
607 644 687 675 Patri
713 644 882 676 redolebat.
909 644 943 675 Et
966 648 1001 675 ut
1024 644 1101 676 odor
1120 644 1186 682 iste,
1211 653 1273 685 quo

324 697 436 738 plenus
460 700 539 735 erat,
564 697 601 728 ad
620 696 697 728 alios
714 696 922 735 derivaretur,
939 696 1053 728 obtulit
1069 696 1273 737 semetipsum

326 751 388 782 Deo
413 753 442 781 et
465 749 546 780 Patri
570 758 628 790 pro
652 749 808 787 omnibus,
833 749 1007 781 secundum
1026 749 1103 781 illud
1121 749 1161 781 ad
1178 749 1274 790 Ephe-

327 802 388 834 sios
415 802 560 844 quint03:
598 801 720 833 Dilexit
755 811 812 833 nos
844 806 873 833 et
897 802 1037 833 tradidit
1065 801 1273 842 semetipsum

327 855 518 887 oblationem
543 859 570 886 et
599 854 740 887 bostiam
778 856 841 886 Deo
871 854 906 886 in
930 855 1062 886 odorem
1085 854 1273 886 vuicinitatis.

327 908 413 939 Tunc
437 906 586 949 fractum
610 911 657 939 est
687 907 916 950 alabastrum,
952 911 980 939 et
1012 908 1128 939 [lomus
1152 906 1274 948 repleta

327 963 373 990 est
396 968 434 990 ex
466 959 563 990 odore
588 959 766 1001 unquenti,-
802 962 875 991 tunc
911 959 950 991 de
982 960 1041 991 hac
1072 958 1275 1000 plenitudine

328 1011 515 1052 accepimus
539 1020 667 1049 omnes,
692 1011 769 1043 dum
805 1021 865 1043 non
891 1011 994 1043 solum
1018 1011 1162 1052 placatur
1191 1011 1275 1042 Deus

170 1073 369 1108 Etiaminme-ssx
395 1064 468 1105 ipsa
493 1064 667 1105 passione,
703 1065 799 1095 101010
835 1065 929 1096 etiam
961 1064 995 1095 in
1028 1063 1276 1095 memorialibus

192 1105 510 1157 {iffsrsfflssli'ssspassionis,-
534 1120 569 1147 ut
603 1125 662 1147 non
699 1119 821 1148 tantum
852 1117 965 1158 passio
1001 1116 1041 1148 sit
1078 1117 1276 1157 pigmentum

327 1168 499 1207 suavitatis,
524 1168 619 1200 1011110
655 1169 748 1200 etiam
784 1168 1013 1206 memorialia,
1038 1171 1145 1209 utpote
1174 1169 1278 1199 Sacra-

328 1225 442 1259 menta,
476 1221 651 1253 secuudum
686 1221 765 1253 illud
802 1221 1004 1253 Ecclesiastici
1035 1221 1277 1262 quadragesimo

328 1272 451 1304 nono⁴:
488 1272 649 1304 Memoria
683 1273 790 1304 Iosiae
828 1272 860 1303 in
896 1272 1126 1313 compositione
1166 1272 1277 1304 ocloris

326 1323 421 1366 faeta
457 1334 538 1365 opus
567 1325 802 1366 piymentarii;
834 1328 869 1356 ut
892 1334 948 1366 per
972 1325 1097 1356 Iosiam
1126 1324 1279 1365 intelliga-

329 1386 399 1409 mus
423 1377 580 1408 Christum
606 1386 753 1418 passumg
785 1377 892 1409 [osias
922 1377 1004 1409 enim
1036 1370 1276 1418 interpretatur:

328 1429 382 1460 ubi
406 1432 453 1461 est
476 1429 656 1461 incendium
680 1429 820 1468 Domini,
845 1429 912 1468 vel,
948 1430 979 1461 10
1004 1439 1066 1471 quo
1093 1424 1143 1461 est'
1164 1429 1280 1462 sacrifi-

328 1481 421 1513 cium.
446 1498 489 1503 ——-
512 1481 703 1513 MemorIalia
738 1491 813 1514 vero
845 1486 918 1514 sunt
942 1482 1141 1514 Sacramenta
1165 1482 1279 1523 passio-

328 1542 399 1565 nem
416 1534 616 1574 praeteritam
634 1534 849 1575 significantia.
867 1535 917 1566 His
931 1535 1167 1567 memorialibus
1183 1534 1279 1566 abun—

173 1600 315 1630 ,nemoriana
330 1586 382 1618 dat
411 1590 442 1618 et
465 1586 592 1627 impleta
627 1590 673 1618 est
708 1587 821 1619 domus
856 1587 1008 1619 Ecclesiae
1045 1587 1224 1624 01111100115;
1249 1590 1279 1618 01

171 1627 315 1673 {Quaem
331 1639 399 1671 1000
424 1639 552 1680 impleta
575 1643 622 1671 est
639 1648 679 1671 ex
697 1640 794 1671 oclore
810 1640 981 1681 unquenti,
1000 1640 1174 1672 secundum
1194 1639 1279 1680 quod

331 1691 405 1723 dicit
428 1691 562 1732 Spiritus
587 1695 713 1723 sanctus
738 1692 767 1723 in
793 1692 992 1724 Canticorurn
1010 1692 1162 1733 quarto⁵t
1191 1691 1279 1723 Odor

332 1748 576 1785 unquentorum
609 1748 743 1775 tuorum
774 1754 874 1785 super
906 1744 1018 1775 omnia
1046 1748 1211 1775 aromata.
1236 1763 1280 1766 ——

337 1797 584 1839 Unquentarius
608 1798 704 1838 igitur
719 1797 821 1839 saciet
832 1798 1002 1839 pifflnenta
1017 1797 1205 1834 suauitatis,
1225 1797 1280 1829 sci-

330 1849 402 1881 licet
426 1849 525 1881 Deum
550 1850 713 1891 placantia.

418 1902 564 1935 Conficiet
588 1903 792 1934 nihilominus
808 1902 976 1934 unctiones
992 1902 1160 1940 sanitatis,
1186 1902 1216 1934 id
1235 1905 1281 1934 est

197 1966 316 1990 nisenuse,
333 1956 532 1988 Sacramenta
555 1955 891 1987 morbum-eurantia.
911 1955 1004 1986 Erant
1021 1955 1137 1996 quippe
1154 1955 1184 1986 10
1202 1955 1282 1995 Lege

183 1994 320 2040 ffiffissffi
334 2008 519 2050 figurativae
537 2008 707 2046 unctiones,
725 2008 779 2040 sed
803 2017 863 2039 11011
889 2010 978 2039 erant
1001 2007 1192 2045 sanativae;
1208 2007 1283 2049 quia

184 2048 261 2066 ‘anm'
334 2061 465 2093 morbus
500 2064 567 2092 erat
603 2061 743 2099 lethalis,
780 2064 810 2092 et
844 2060 950 2092 unctio
974 2065 1041 2092 erat
1065 2060 1283 2101 superficialis.

336 2113 421 2145 Unde
445 2113 609 2154 Apostolus
634 2113 708 2145 dicit
732 2113 770 2145 ad
796 2113 950 2145 Hebraeos
982 2122 1063 2144 nono
1078 2113 1099 2151 ὃ,
1125 2113 1198 2154 quia
1222 2122 1282 2144 non

182 2169 480 2210 naamanin-poterant
515 2166 742 2197 medicamenta
778 2165 889 2206 legalia
925 2165 1021 2196 iuxta
1050 2165 1284 2196 conscientiam

191 2208 516 2260 iflssssiffiffl·pei-seeum
550 2216 663 2259 faeere
693 2218 883 2249 seruientem
915 2217 1119 2249 solummodo
1144 2217 1179 2249 in
1203 2217 1284 2249 cibis

336 2275 363 2302 et
383 2270 515 2312 potibus
544 2275 572 2302 et
598 2271 705 2302 variis
731 2270 983 2311 baptismatibus
1017 2274 1047 2301 et
1082 2269 1285 2310 iustificatio-

335 2323 432 2354 nibus
456 2323 580 2354 earnis.
605 2323 684 2363 Quia
708 2331 782 2363 ergo
818 2322 977 2363 ungebant
1002 2331 1139 2360 carnem,
1165 2325 1194 2353 et
1219 2321 1285 2352 vul-

335 2385 396 2408 nus
420 2375 534 2407 lethale
558 2379 625 2407 erat
646 2376 675 2406 in
700 2379 819 2413 01001ος
837 2375 906 2406 1000
923 2384 983 2406 0011
1002 2378 1145 2415 poterant
1161 2383 1283 2406 curare.

336 2428 422 2460 Unde
449 2429 489 2460 ad
525 2428 680 2459 Hebraeos
705 2428 868 2460 decimo⁷2
894 2427 1096 2469 Impossibile
1123 2431 1187 2465 est,
1211 2436 1285 2458 san-

333 2480 434 2522 yuine
477 2484 655 2512 tainorum
690 2484 720 2511 et
756 2478 927 2511 hircorum
963 2478 1099 2521 auferri
1139 2482 1284 2520 peccata.

1335 330 1406 361 Ideo
1430 329 1585 361 clamabat
1609 330 1702 361 Isaias
1726 333 1757 362 et
1780 330 1903 362 dicebat
1919 331 2021 371 primo
2038 331 2190 373 capitulo:
2215 331 2285 363 Vul-

1335 391 1400 412 nus
1428 384 1459 412 et
1483 381 1566 412 livor
1602 384 1630 412 et
1661 381 1766 423 playa
1803 386 1928 413 tumens
1962 392 2026 414 non
2051 387 2097 414 est
2119 383 2284 414 circumli-

1332 436 1416 475 ,qata
1439 442 1495 464 nec
1519 437 1641 465 em'ata
1664 434 1880 466 medicamine
1903 443 2004 476 neque
2027 433 2099 476 fota
2122 435 2198 466 oleo.
2222 435 2283 466 Hoc

1336 485 1411 517 dicit
1433 488 1587 526 quantum
1611 485 1650 517 ad
1675 485 1791 526 triplex
1816 495 1915 527 genus
1943 486 2079 527 peccati,
2104 496 2166 527 qno
2190 487 2284 519 110010
2316 493 2444 523 Triplex&-

1335 537 1573 569 infirmabatur:
1600 546 1656 578 per
1679 537 1800 569 vulnus
1824 538 2009 579 intelligitur
2037 538 2205 579 originale,
2228 547 2285 579 per
2298 525 2338 540 ¹¹⁰⁵
2354 522 2442 546 peccam.

1337 589 1470 621 livorem
1496 590 1627 628 veniale,
1652 599 1707 631 per
1728 590 1864 632 playam
1890 594 2062 622 tumentem
2087 590 2228 622 mortale.
2251 590 2286 621 Et

1338 642 1407 673 ideo
1431 641 1618 683 praemittit:
1647 641 1747 673 Omne
1771 646 1870 683 caput
1894 642 2092 683 lanyuiclum
2116 645 2173 674 etc.

1425 694 1469 725 Ad
1494 694 1552 726 boc
1576 702 1667 735 ergo,
1703 695 1787 735 quod
1818 695 1932 735 aliquis
1967 694 2083 726 faceret
2117 698 2286 736 ungyuenta

1337 746 1531 784 sanitatiss,
1556 746 1768 778 necessarium
1794 751 1877 785 erat,
1901 747 1986 788 quod
2010 747 2137 778 afferret
2166 746 2288 778 unctio-
2308 753 2443 774 Conditiones

2303 780 2316 799 2
2331 781 2445 805 unguento-

1337 809 1410 831 nem
1441 799 1649 840 spiritualem
1685 803 1715 831 et
1752 799 1903 831 uirtutem
1935 799 2076 831 vitalem.
2100 799 2152 831 Hic
2179 802 2285 830 autem
2301 811 2346 835 mm
2368 806 2446 835 sanitae

1337 852 1396 884 fuit
1419 852 1563 883 Christus
1586 851 1748 890 Dominus,
1772 852 1825 892 (101
1850 861 1923 884 vere
1949 851 2101 884 Christus
2123 851 2192 890 suit,
2213 834 2444 892 quiaiifssfflsff‘

1338 909 1477 942 unctus,
1502 904 1676 936 secundum
1702 905 1785 946 quod
1821 905 1936 937 dicitur
1970 905 2067 937 Isaiae
2091 904 2287 945 sexagesimo

1342 958 1443 999 primo
1458 957 1482 988 ⁹:
1509 957 1656 998 Spiritus
1692 957 1824 989 Domini
1846 967 1945 998 super
1969 967 2037 995 me,
2063 967 2097 989 eo
2121 957 2208 999 quod
2232 966 2289 988 un-

1340 1010 1426 1041 xerit
1459 1019 1528 1047 me,
1564 1010 1610 1041 acl
1644 1009 1915 1041 anim-ntiancluni
1951 1010 2133 1041 mansuetis
2157 1012 2213 1041 etc.
2255 1009 2290 1040 Et

1341 1062 1423 1103 quod
1451 1062 1508 1094 boc
1537 1062 1728 1103 intelligatur
1758 1062 1796 1094 de
1824 1062 1964 1099 Christo,
1989 1062 2120 1103 ipsemet
2145 1061 2289 1102 perlubet

1341 1114 1399 1145 sibi
1424 1114 1637 1145 testimonium
1662 1115 1761 1146 Lucae
1786 1118 1914 1155 quarto,
1932 1114 2003 1152 11111,
2025 1117 2190 1155 postquam
2215 1113 2290 1154 legit

1341 1166 1400 1198 hoc
1425 1167 1576 1205 verbum,
1601 1167 1697 1198 dixit:
1734 1167 1837 1198 Hodie
1873 1166 2005 1207 impleta
2029 1170 2076 1198 est
2099 1166 2178 1198 liaeo
2203 1166 2289 1198 Seri-

1338 1223 1443 1259 ptura
1467 1218 1501 1250 in
1526 1218 1668 1250 auribus
1687 1218 1810 1249 uestris.
1830 1218 1881 1250 Hic
1903 1219 2005 1259 potuit
2021 1219 2205 1250 unctionem
2224 1227 2292 1250 con-

1342 1270 1435 1301 ticere
1458 1270 1666 1307 sanativam,
1692 1270 1867 1302 secundum
1893 1270 1975 1311 quod
2013 1272 2144 1302 Δ1010001
2170 1270 2292 1302 decimo

1342 1322 1417 1354 dicit
1441 1322 1480 1353 de
1504 1322 1571 1362 ipso
1595 1322 1707 1354 beatus
1731 1322 1852 1354 Petrus:
1885 1322 1986 1353 Unoeu
2009 1332 2082 1353 eum
2116 1322 2199 1354 Deus
2224 1322 2294 1363 Spi-

1341 1374 1411 1406 ritu
1434 1378 1548 1406 sancto
1572 1378 1600 1406 et
1623 1374 1762 1412 virtute,
1780 1374 1838 1416 qui
1849 1374 2049 1415 pertransiit
2065 1373 2292 1415 benefaciendo

1342 1430 1371 1457 et
1392 1427 1545 1458 sanando
1579 1436 1688 1458 omnes
1724 1436 1895 1468 oppressos
1923 1436 1945 1458 a
1970 1426 2110 1464 diabolo,
2135 1426 2293 1468 quoniam

1344 1480 1430 1511 Deus
1453 1484 1525 1511 erat
1550 1479 1584 1511 in
1619 1479 1682 1511 illo.
1707 1479 1802 1511 Unxit
1837 1488 1909 1511 eum
1946 1478 2076 1520 Spiritu
2103 1483 2237 1516 saneto,
2262 1482 2293 1510 et

1343 1532 1413 1564 ideo
1429 1532 1534 1564 attulit
1550 1532 1734 1564 unctionem
1756 1532 1987 1573 spiritualem;
2009 1535 2039 1564 et
2062 1532 2184 1563 virtute
2199 1531 2238 1569 ¹⁰,
2263 1534 2294 1563 et

1342 1585 1385 1617 ita
1409 1585 1520 1617 habuit
1554 1585 1708 1616 'uirtutem
1731 1585 1884 1622 vitalem;
1919 1585 2076 1627 quoniam
2111 1585 2197 1616 Deus
2221 1588 2293 1616 erat

1344 1638 1378 1669 in
1403 1638 1456 1669 illo
1481 1647 1537 1679 per
1560 1638 1757 1676 unctionem,
1783 1637 1932 1678 quoniam
1958 1637 2025 1678 ipse
2049 1641 2116 1669 erat
2140 1637 2238 1674 Deus7
2263 1640 2294 1668 et

1344 1691 1386 1722 ita
1419 1691 1523 1722 vitam
1558 1690 1694 1722 habebat
1729 1691 1760 1721 10
1797 1690 1979 1731 semetipso,
2015 1690 2190 1721 secundum
2215 1689 2295 1721 illud

1344 1742 1466 1774 Ioannis
1490 1742 1599 1784 quinto
1615 1742 1655 1772 ¹¹:
1682 1742 1774 1773 Sicut
1798 1742 1901 1774 Pater
1937 1741 2030 1773 babet
2058 1742 2161 1773 vitam
2193 1742 2228 1773 in
2251 1751 2295 1772 se-

1344 1795 1497 1836 metipso,
1533 1795 1581 1826 sio
1617 1794 1705 1825 (ledit
1739 1799 1767 1826 et
1799 1794 1884 1825 Filio
1920 1794 2024 1825 uitam
2049 1793 2168 1825 liabere
2192 1794 2227 1825 in
2249 1803 2294 1825 se-

1345 1847 1490 1888 metipso.
2107 1859 2126 1870 ⁴-

1435 1900 1469 1931 Et
1493 1899 1566 1941 quia
1590 1899 1620 1930 in
1646 1908 1678 1931 se
1704 1899 1805 1931 uitam
1834 1899 1985 1937 habebat,
2021 1902 2170 1930 mortuos
2194 1898 2297 1940 vivifi-
2310 1902 2408 1949 ⁶0¹¹1i³⁵i²s⁰t2
2417 1901 2456 1948 ζεῖ

1346 1962 1424 1984 care
1447 1955 1584 1994 poterat,
1609 1955 1639 1984 01
1674 1952 1743 1984 ideo
1779 1952 1852 1984 fecit
1885 1956 2055 1993 1109110010
2091 1951 2250 1983 curantia
2273 1961 2295 1983 a
2324 1957 2408 1981 ineffla-

1346 2005 1459 2037 morbo
1484 2004 1603 2037 letbali.
1627 2005 1709 2036 Dum
1728 2005 1809 2036 enim
1829 2004 2050 2036 mortalitatem
2068 2008 2207 2036 nostram
2231 2004 2298 2036 uni-

1347 2058 1391 2090 vit
1414 2058 1506 2097 vitae,
1539 2061 1569 2089 et
1601 2057 1652 2089 ille
1676 2057 1730 2098 qui
1755 2057 1818 2088 vita
1842 2061 1923 2095 erat,
1961 2061 2105 2089 mortuus
2129 2060 2193 2095 est3
2217 2057 2297 2089 sacta

1348 2114 1395 2142 est
1418 2110 1585 2149 confectio,
1610 2110 1641 2141 in
1665 2119 1728 2151 qua
1752 2114 1782 2142 et
1806 2119 1862 2151 per
1886 2119 1981 2152 quam
2011 2113 2156 2141 mortuus
2187 2109 2298 2141 revivi-

1348 2163 1422 2201 scit,
1447 2166 1478 2195 et
1501 2172 1541 2195 ex
1566 2166 1665 2194 morte
1700 2162 1800 2203 ipsius
1828 2163 2028 2194 Sacramenta
2060 2161 2178 2193 babent
2200 2160 2298 2192 vivifi-

1348 2216 1439 2248 candi
1475 2215 1655 2247 efficaciam.
1692 2215 1778 2247 Unde
1818 2223 1914 2255 super
1948 2214 2025 2246 illud
2068 2213 2108 2245 ad
2147 2213 2296 2254 Ephesios

1348 2268 1457 2309 quinto
1471 2267 1514 2299 ¹2:
1541 2267 1795 2299 Sacramentum
1821 2266 1879 2298 boe
1903 2276 2062 2308 maynum
2080 2270 2144 2303 est;
2161 2275 2216 2307 eqo
2241 2275 2299 2297 au-

1349 2325 1410 2351 tem
1434 2320 1506 2352 [lieo
1531 2320 1565 2351 in
1591 2319 1720 2351 Cliristo
1744 2323 1772 2351 et
1796 2319 1941 2351 Ecclesia
1950 2331 1962 2357 ,·
1986 2319 2061 2351 dicit
2088 2318 2296 2359 Augustinus:

1354 2373 1503 2404 «Dormit
1527 2372 1633 2410 Adam,
1657 2375 1693 2403 ut
1726 2372 1781 2403 fiat
1806 2372 1880 2409 Eva3
1914 2371 2048 2403 moritur
2080 2371 2240 2409 Christus,
2264 2373 2300 2402 ut

1348 2426 1402 2457 siat
1427 2425 1570 2458 Ecclesia.
1607 2424 1786 2457 Dormiente
1821 2425 1935 2463 Adam,
1964 2424 1998 2455 fit
2035 2424 2097 2455 Eva
2121 2423 2160 2455 de
2185 2423 2299 2460 latere;

1348 2481 1473 2509 mortuo
1498 2477 1637 2515 Christo,
1655 2476 1763 2509 lancea
1779 2476 1956 2518 percutitur
1974 2476 2073 2514 latus,
2091 2478 2126 2507 ut
2142 2475 2301 2517 profluant

2430 432 2453 439 κ

409 2622 416 2637 ¹
439 2622 564 2652 Anselm„
585 2621 617 2645 de
637 2620 769 2651 Conccptu
789 2621 882 2651 virgin.
904 2624 929 2645 et
948 2621 1013 2651 orig.
1034 2628 1106 2651 pecc.
1127 2627 1148 2645 c.
1171 2621 1210 2645 is.

407 2664 418 2680 2
438 2665 510 2689 Vri-s.
531 2664 572 2688 27.
592 2678 626 2682 —
646 2664 723 2688 Paulo
743 2664 848 2688 inferius
862 2663 921 2688 cdd.
936 2665 1056 2688 omittunt
1074 2663 1157 2689 Patri.
1173 2664 1288 2689 Subinde

339 2715 386 2739 pro
406 2707 441 2733 acl
459 2707 526 2733 alios
547 2707 623 2732 codd.
643 2708 662 2731 ΙΙ
675 2707 696 2738 Q
715 2706 751 2732 acl
768 2713 824 2732 nos.

410 2751 421 2767 ³
439 2751 513 2775 Vers.
532 2752 560 2782 ⁴2,
582 2750 625 2775 ubi
646 2751 756 2781 Vulgata
776 2754 833 2781 11051
852 2750 1023 2783 semetipsum
1043 2751 1115 2776 addit
1136 2757 1186 2783 pro
1205 2750 1288 2776 nobis.

338 2809 374 2813 —-
393 2796 499 2820 10101105
519 2796 602 2826 primo
622 2795 758 2825 respicitur
778 2795 852 2819 Marc.
879 2794 921 2826 14,
942 2795 971 2819 3:
992 2795 1068 2819 Yonit
1081 2796 1173 2820 mulier
1191 2795 1289 2819 habens

340 2839 496 2863 alabastrum
517 2839 640 2869 unguenti
661 2838 733 2863 nardi
753 2839 842 2869 spicati
864 2840 981 2870 pretiosi,
1002 2842 1026 2863 et
1045 2839 1124 2863 tracto
1148 2838 1290 2870 alabastro;

341 2884 399 2908 dein
420 2883 486 2907 loan.
513 2883 553 2913 12,
574 2883 602 2913 3;
624 2882 729 2907 demum
750 2883 816 2906 ioan.
842 2883 865 2913 l,
891 2883 933 2907 16:
953 2883 982 2907 Et
1002 2883 1033 2907 de
1053 2882 1211 2913 plenitudine
1235 2883 1291 2907 eius

341 2934 388 2951 uos
408 2933 497 2951 omncs
517 2927 674 2956 accepimus.
694 2940 728 2943 —
742 2927 877 2958 Aliquanto
892 2926 997 2951 inferius
1011 2933 1059 2957 pro
1072 2927 1102 2951 ut
1118 2933 1172 2951 non
1186 2927 1291 2951 tantitm

339 2969 429 3002 passio
448 2969 495 3001 sit,
517 2970 587 3001 qnod
607 2969 703 2994 habent
723 2969 798 2994 codd.
820 2970 837 2993 A
851 2970 867 2993 E
882 2970 898 2994 F
910 2970 929 2994 M
942 2970 962 2994 U
975 2970 1011 3001 X,
1037 2970 1077 2994 alii
1098 2976 1157 2994 cum
1183 2969 1242 2994 cdd.
1268 2970 1291 2995 et

341 3021 396 3039 non
415 3015 519 3039 tantum
536 3012 626 3046 passio
646 3012 682 3046 sit.
698 3013 813 3038 Subinde
828 3017 886 3044 post
899 3013 1068 3039 memorialia
1082 3014 1139 3038 cod.
1154 3013 1175 3038 U
1188 3014 1292 3044 supplet

340 3057 482 3090 passionis.

413 3101 423 3117 ‘¹
443 3102 515 3126 Vei-s.
541 3102 559 3132 l,
580 3101 623 3126 ubi
645 3102 764 3133 Vulgata:
794 3101 821 3126 in
847 3101 1070 3134 compositionem.
1096 3115 1131 3119 —
1156 3101 1291 3133 Aliquanto

344 3145 449 3169 inferius
468 3152 515 3176 pro
534 3144 685 3170 incendium
706 3144 812 3170 Domini
830 3145 905 3170 codd.
927 3146 971 3169 EF
991 3144 1032 3178 [K
1054 3144 1192 3177 primitus]
1206 3144 1293 3170 incr-n-

343 3195 404 3213 sum
423 3188 542 3219 Domini,
565 3196 631 3220 quae
650 3189 724 3213 lectio
744 3189 910 3214 confirmatur
929 3189 962 3214 ab
983 3189 1092 3220 isidoro,
1119 3189 1170 3213 Vll.
1192 3189 1293 3219 Etymo-

345 3232 395 3263 log.
416 3239 437 3256 r.
458 3232 481 3256 6.
506 3239 530 3256 u.
556 3232 603 3256 74:
629 3233 718 3264 losias,
743 3232 789 3258 ubi
813 3234 852 3258 est
875 3232 1013 3259 incensum
1038 3232 1159 3264 Domini,
1187 3232 1293 3263 propria

345 3276 501 3306 etymologia
520 3276 638 3300 nominis.
660 3277 706 3300 lste
725 3279 763 3301 est
782 3277 850 3301 001111
872 3278 915 3308 qui
935 3277 1071 3301 simulacra
1092 3276 1242 3301 combussit.
1260 3289 1294 3293 —

347 3319 463 3349 llieron.,
484 3319 515 3343 de
535 3318 686 3343 Nominibus
706 3319 783 3343 Hebr.
803 3327 833 3344 cx
854 3320 887 3344 lll.
907 3320 984 3351 Reg.:
1004 3320 1082 3350 losia,
1103 3318 1179 3344 cuius
1198 3320 1237 3344 est
1254 3325 1294 3344 sa-

347 3362 477 3396 crificium
497 3362 623 3394 Domino,
643 3363 684 3387 1·οΙ
705 3363 773 3387 salus
794 3364 907 3395 Domini,
928 3364 968 3388 vel
989 3363 1110 3388 fortitudo
1131 3363 1240 3388 Domini.

1421 2619 1432 2635 5
1452 2620 1525 2643 Vers.
1550 2619 1586 2642 lo.

1421 2663 1432 2679 6
1452 2663 1525 2687 Vers.
1546 2663 1568 2687 9.
1589 2669 1658 2694 seq.,
1679 2661 1723 2686 ubi
1746 2662 1855 2692 Vulgata
1875 2660 1982 2686 iustitiis
2001 2666 2048 2691 pro
2061 2658 2299 2693 iustificationibus.

1353 2720 1386 2723 ——
1406 2706 1483 2730 Paulo
1503 2706 1624 2736 superius
1643 2712 1672 2729 ex
1690 2704 1765 2729 codd.
1786 2704 1803 2728 F
1816 2705 1854 2729 111
1875 2703 2054 2728 substituimus
2071 2701 2232 2736 fiquralivae
2250 2709 2301 2727 un-

1353 2749 1450 2775 ctiones
1472 2756 1518 2780 pro
1535 2748 1641 2782 fimtrae
1661 2747 1806 2774 unctiones.

1423 2793 1434 2809 ⁷
1454 2793 1526 2818 Vers.
1547 2792 1569 2816 4.
1591 2806 1624 2809 —
1644 2792 1702 2823 Seq.
1724 2794 1806 2816 textus
1825 2793 1863 2815 est
1881 2790 1935 2814 lsai.
1962 2790 1984 2821 l,
2006 2790 2035 2821 63
2056 2793 2080 2814 et
2094 2790 2183 2814 tertius
2196 2788 2258 2813 ibid.
2277 2789 2301 2820 l,

1354 2837 1377 2861 5.
1398 2851 1432 2853 —
1451 2837 1528 2861 Paulo
1547 2838 1605 2860 ante
1623 2842 1671 2866 pro
1691 2841 1789 2860 curare
1808 2833 1868 2859 edd.
1887 2832 1989 2859 mirari.

1424 2880 1435 2896 S
1454 2881 1486 2905 lta
1498 2880 1574 2905 codd.
1585 2880 1604 2903 ll
1616 2880 1637 2903 K
1649 2879 1735 2910 aa,alii
1748 2885 1807 2903 cum
1821 2878 1880 2903 cdd.
1896 2880 1982 2902 contra
1994 2880 2140 2902 contextum
2154 2876 2301 2902 suavitatis.

1424 2924 1434 2940 9
1454 2924 1526 2948 Vers.
1553 2924 1571 2947 l.
1590 2936 1626 2940 —
1644 2923 1702 2954 Seq.
1723 2925 1805 2947 textus
1824 2924 1862 2946 ost
1880 2922 1941 2946 Luc.
1964 2921 1991 2952 4,
2012 2922 2058 2952 ‘2l;
2080 2922 2168 2946 tertius
2186 2923 2225 2946 est
2248 2921 2302 2946 Act.

1356 2969 1401 2999 -lO,
1423 2968 1469 2998 38,
1490 2968 1514 2992 in
1534 2968 1607 2991 cuius
1628 2967 1677 2991 fine
1697 2973 1744 2997 pro
1763 2965 1791 2991 in
1811 2965 1857 2991 illo
1879 2966 1988 2997 Vulgata
2009 2972 2071 2991 cum
2090 2964 2144 2990 illo.

1426 3010 1446 3027 1⁰
1466 3010 1588 3036 Contextu
1600 3011 1716 3041 exigente
1728 3009 1896 3040 (explicantur
1909 3010 1977 3034 enim
1991 3008 2071 3033 verba
2084 3009 2219 3034 testimonii
2233 3014 2304 3039 prae-

1355 3056 1436 3086 missi)
1456 3058 1480 3079 01
1499 3054 1649 3079 auctoritate
1668 3053 1744 3078 codd.
1765 3053 1838 3077 EGL
1851 3053 1871 3077 V
1891 3053 2073 3078 substituimus
2092 3053 2117 3078 et
2139 3051 2236 3077 virtute
2255 3058 2303 3082 pro

1355 3101 1379 3125 ei
1397 3099 1530 3125 virtutem.

1427 3143 1446 3158 1¹
1467 3142 1541 3167 Vcrs.
1561 3143 1601 3166 26.

1427 3186 1449 3202 ¹2
1468 3186 1541 3210 Vcrs.
1562 3186 1603 3210 32.
1622 3199 1657 3203 —
1677 3185 1762 3210 Verba
1791 3186 1898 3216 August.
1920 3184 2047 3210 habentur
2071 3184 2096 3207 ln
2119 3183 2185 3208 loan.
2206 3183 2303 3213 Evang.

1358 3232 1387 3254 tr.
1408 3230 1432 3254 9.
1453 3236 1475 3254 0.
1498 3230 1543 3259 10,
1564 3228 1609 3253 ubi
1634 3231 1716 3253 textus
1742 3229 1873 3260 originalis
1897 3226 2045 3253 Dormienti
2068 3226 2140 3252 Adae
2165 3233 2213 3257 pro
2236 3226 2305 3251 Dor-

1357 3273 1452 3299 miente
1479 3272 1572 3298 Adam.
1601 3272 1683 3297 Codd.
1712 3275 1737 3297 et
1763 3272 1823 3297 edd.
1858 3275 1944 3297 contra
1971 3274 2065 3296 textum
2097 3270 2248 3301 originalem
2276 3271 2306 3295 ut

1356 3317 1491 3351 perfluant
1511 3324 1557 3348 pro
1577 3317 1606 3342 ut
1623 3305 1769 3349 profluunt.
1791 3330 1824 3334 —-
1843 3317 1968 3347 Superius
1987 3322 2034 3346 pro
2048 3313 2180 3340 reviviscit
2194 3313 2252 3338 cdd.
2266 3320 2305 3338 re-

1358 3361 1502 3387 vicissitnr.
