2483 3882
7 239 9 248 .

7 256 9 325 l

7 332 8 341 ,

0 2361 41 2383 ›osi-

0 420 2 435 =
9 413 52 433 lum.

9 569 52 590 iter.

4 1203 53 1225 enta.

638 200 731 231 DIST.
757 200 855 233 XVIII.
881 200 910 231 P.
935 200 968 231 II.
992 200 1074 232 ART.
1100 200 1230 232 UNICUS
1254 199 1406 240 QUAEST.
1431 200 1465 232 V.

156 290 184 322 3.
208 288 252 321 Ad
268 287 347 319 illud
364 287 448 328 quod
465 287 629 325 obiicitur,
646 288 730 329 quod
747 288 938 329 privationes
954 297 1016 320 non

68 343 220 384 recipiunt
242 339 351 382 magis
375 343 405 371 et
428 339 557 377 muzus,-
582 343 683 381 potest
706 340 890 381 responderi
915 340 1016 382 dupli-

67 397 157 430 citer:
181 393 300 436 primo,
325 392 398 434 quia
423 391 502 423 illud
526 394 573 424 est
599 400 708 424 verum
738 392 770 423 in
790 392 890 433 puris
914 393 1015 433 priva-

66 448 218 485 tionibus,
233 454 295 477 non
320 445 350 476 in
374 444 453 476 aliis.
470 444 547 475 Nam
569 444 703 476 claudus
720 444 835 476 dicitur
860 445 959 486 magis
984 448 1014 477 et

66 501 185 538 minus,
203 498 275 540 quia
299 506 360 529 non
386 496 521 529 totaliter
544 497 648 538 privat
666 496 813 528 virtutem
832 496 1014 537 gradiendi,

67 552 206 586 similiter
230 553 260 583 et
284 550 419 582 iniustus
444 549 543 590 magis
566 553 596 581 et
620 549 734 581 minus.
758 567 802 571 —-
826 549 881 581 Vel
910 552 1015 590 posset

1970 201 2029 233 491

1081 288 1159 326 dici,
1184 288 1268 329 quod
1293 288 1316 320 si
1343 297 1404 319 non
1429 288 1549 320 ratione
1573 292 1668 319 cicius
1692 287 1742 319 vel
1777 286 1909 319 liabitas
1933 287 2032 328 magis

1080 344 1110 372 et
1135 341 1239 373 [ninus
1255 340 1424 382 recipiant,
1442 344 1546 373 tamen
1560 340 1569 358 ¹
1588 340 1708 372 ratione
1725 349 1910 372 causarum
1920 351 1931 377 ;
1946 339 2031 372 unde

1080 393 1179 434 magis
1203 396 1250 425 est
1273 393 1437 434 elongatus
1460 402 1478 424 a
1502 393 1587 429 visu,
1604 392 1657 434 qui
1684 392 1787 425 laesus
1811 396 1857 424 est
1882 392 1911 423 in
1934 400 2033 424 nervo

1079 448 1109 477 et
1137 445 1168 476 in
1198 445 1318 487 pupilla
1342 450 1371 477 et
1397 446 1428 477 in
1460 445 1595 478 humore
1627 445 1824 486 crystallino,
1854 454 1948 486 quam
1978 445 2032 488 qui

1079 497 1110 528 in
1134 497 1233 529 altero
1259 498 1371 529 borum
1401 500 1534 529 tantum.
1561 497 1709 530 Similiter
1738 497 1876 539 intellige
1904 497 1935 528 in
1962 506 2035 538 pro-

1079 549 1179 590 posito
1195 549 1216 580 2.

929 706 1112 754 QoAEsrio
1137 714 1171 746 v.

450 839 566 871 Utrum
592 838 842 870 communicans
866 847 940 869 cum
966 838 1249 870 exeommmzz'caco
1273 839 1317 870 sit
1340 840 1655 873 excolizmtmz'ccttus.

150 979 263 1020 Qumto
280 978 443 1019 quaeritur
461 978 499 1009 de
517 976 840 1009 excommunicatione
858 979 1012 1018 quantum

63 1033 99 1066 ad
124 1031 455 1069 communicationem,
480 1034 510 1062 et
534 1029 716 1071 quaeritur,
741 1031 850 1061 utrum
875 1038 1013 1061 commu-

62 1086 166 1118 nicans
190 1093 261 1116 cum
286 1083 559 1116 excommunicato
584 1083 623 1115 sit
647 1082 950 1115 excommunicatus.
978 1082 1011 1114 Et

61 1138 142 1181 quod
166 1137 227 1175 sic,
252 1136 447 1169 ostenditur:

147 1193 174 1223 t.
199 1191 278 1231 Quia
302 1190 372 1222 iura
387 1190 397 1204 ³
422 1189 507 1221 istud
532 1189 650 1221 dicunt.

146 1245 175 1276 2.
192 1243 278 1281 Item,
295 1242 425 1274 ratione
441 1242 583 1274 videtur:
602 1241 676 1283 quia
692 1241 842 1274 accedere
855 1241 894 1273 ad
908 1250 1009 1273 unum

60 1296 272 1340 oppositorum
297 1298 344 1328 est
368 1295 515 1327 recedere
539 1304 557 1326 a
582 1294 721 1336 reliqum
745 1294 800 1326 sed
829 1303 1010 1326 excommu-

59 1350 178 1383 nicatus
201 1352 248 1381 est
271 1352 363 1380 extra
387 1348 640 1380 communionem
654 1347 665 1361 ·¹
692 1347 828 1389 positus:
854 1356 929 1388 ergo
954 1347 1007 1388 qui

60 1403 85 1436 ei
109 1401 318 1435 communicat
341 1410 358 1432 a
380 1400 599 1433 communione
624 1400 751 1432 recedit.

146 1455 174 1488 3.
199 1455 293 1494 Item,
317 1454 602 1487 excommunicatio
634 1453 786 1495 infligitur
814 1454 844 1485 In
875 1463 1006 1495 poenam

59 1507 308 1545 erubescentiae;
333 1507 387 1539 sed
419 1506 507 1539 nulla
535 1509 581 1538 est
616 1506 850 1545 erubescentia,
875 1506 929 1539 ubi
955 1507 1006 1538 alii

60 1561 303 1594 communicant:
329 1569 403 1601 ergo
427 1559 467 1592 ad
493 1559 568 1598 hoc,
593 1559 677 1600 quod
703 1559 855 1591 sententia
884 1559 937 1591 illa
969 1559 1008 1591 sit

58 1614 189 1647 alicuius
212 1613 345 1651 valoris,
363 1621 489 1645 necesse
514 1615 560 1644 est
585 1612 652 1653 ipso
673 1612 743 1644 iure
763 1612 841 1644 alios
857 1621 965 1644 arcere
980 1612 1006 1643 ⁵:

58 1676 130 1709 ergo
159 1667 183 1699 si
212 1675 346 1698 censura
374 1665 584 1698 ecclesiastica
615 1668 662 1697 est
693 1665 724 1696 in
756 1665 1008 1697 excommunica-

58 1721 153 1759 tione,
178 1720 318 1758 videtur,
343 1719 427 1761 quod
452 1718 522 1750 talis
547 1718 628 1750 iuste
644 1721 675 1750 et
692 1718 796 1750 debite
820 1718 859 1749 sit
883 1727 1008 1750 excom-

57 1773 242 1806 munIcatus.

141 1826 170 1858 lt.
195 1826 287 1863 Item,
310 1828 365 1857 aut
382 1824 455 1856 licet
470 1824 704 1856 communicare
721 1823 1005 1862 excommunicate,

56 1882 108 1911 aut
129 1888 203 1910 uon.
229 1878 259 1909 Si
282 1877 350 1915 sic,·
374 1887 449 1918 ergo
474 1877 551 1909 tales
575 1886 635 1908 non
654 1880 728 1909 sunt
745 1876 862 1908 vitandi
875 1889 882 1915 ;
899 1880 930 1908 et
947 1877 1006 1908 boc

56 1935 100 1965 est
123 1931 230 1964 contra
253 1931 333 1963 illud
366 1931 486 1972 primae
518 1930 558 1962 ad
590 1930 767 1962 Corinthios
791 1930 943 1971 quinto⁶z
970 1929 1008 1961 Si

55 1985 125 2028 quis
148 1983 257 2026 frater
281 1987 353 2023 etc.;
378 1987 408 2016 et
432 1987 518 2025 post:
547 1983 629 2015 Cum
661 1982 854 2015 huiusmodi
883 1993 941 2014 ‘nec
965 1983 1007 2015 ci-

56 2037 128 2070 bum
152 2047 290 2069 sumere.
314 2037 343 2068 Si
368 2046 433 2068 uon
458 2036 548 2074 licct;
572 2045 647 2077 ergo
680 2045 735 2078 per
767 2036 906 2078 aliquam
940 2045 1006 2069 sen—

54 2090 176 2122 tentiam
202 2090 252 2122 alii
278 2093 427 2122 arcentur
445 2089 679 2122 communicare
697 2098 770 2122 cum
795 2089 871 2128 isto,
889 2093 919 2121 et
943 2098 1004 2121 non

53 2143 108 2175 nisi
144 2151 199 2184 per
235 2143 419 2175 seutentiam
453 2142 806 2175 excommunicationis:
839 2151 914 2183 ergo
951 2142 1004 2184 qui

54 2196 281 2228 communicant
303 2196 330 2231 ei
358 2196 500 2228 incidunt
524 2196 553 2227 in
579 2195 914 2227 excommunicationis
936 2204 1003 2228 seu-

54 2249 194 2281 tentiam:
220 2258 295 2290 ergo
320 2252 393 2281 sunt
416 2248 691 2281 excommunicati.

138 2302 280 2335 CONTRA:
311 2303 337 2333 1.
362 2302 604 2334 Communicans
621 2311 693 2334 cum
712 2302 830 2334 infideli
848 2303 913 2335 sive
931 2311 1002 2335 cum

53 2354 148 2387 altero
171 2359 334 2396 peccatore
358 2355 423 2387 slve
454 2355 485 2387 in
517 2355 586 2387 cibo
618 2356 683 2387 sive
719 2355 749 2387 in
775 2359 851 2396 potu
876 2364 937 2387 non
962 2355 1005 2387 in-

54 2407 150 2439 currit
173 2407 249 2439 illud
276 2408 406 2446 vitium,
431 2407 489 2439 nisi
515 2407 725 2440 communicet
755 2408 785 2439 in
810 2412 881 2439 actu
908 2408 1004 2440 consi-

54 2459 117 2492 mili
141 2460 205 2493 sive
228 2461 257 2492 in
283 2460 429 2492 crimine:
456 2469 530 2502 ergo
558 2460 626 2501 pari
657 2460 776 2492 ratione
799 2461 907 2492 nullus
936 2470 1004 2502 par-

53 2513 181 2554 ticipans
205 2523 276 2546 cum
302 2513 576 2545 excommunicato
612 2517 659 2545 est
691 2513 1003 2552 excommunicatus,

53 2565 108 2597 nisi
132 2566 297 2608 participet
321 2567 350 2598 in
377 2567 517 2598 crimine.

141 2620 169 2650 Ξ.
194 2619 279 2658 Item,
304 2619 590 2652 excommunicatio
614 2622 669 2650 aut
703 2622 750 2650 est
774 2618 909 2650 morbus
934 2628 1005 2650 con-

1078 976 1245 1018 tagyiostw,
1271 980 1326 1008 aut
1348 986 1423 1009 uon.
1460 977 1489 1009 Si
1524 978 1593 1016 δῖα
1617 988 1691 1020 ergo
1726 989 1788 1021 qua
1824 981 1943 1013 ratione
1971 982 2030 1014 iste

1076 1029 1180 1069 primo
1204 1030 1497 1062 excommunicatus
1522 1030 1619 1063 inficit
1636 1032 1873 1073 participantem
1899 1034 1966 1075 pari
1989 1034 2032 1066 vi-

1076 1081 1136 1120 tio,
1162 1082 1203 1113 ita
1227 1086 1257 1114 et
1281 1082 1363 1115 alius
1386 1083 1502 1122 alium,
1526 1087 1556 1116 et
1581 1084 1624 1116 sic
1648 1085 1811 1126 deinceps:
1830 1095 1904 1127 ergo
1929 1086 1952 1118 si
1970 1087 2030 1119 hoc

1076 1134 1190 1166 falsum
1215 1138 1261 1167 est
1285 1139 1314 1167 et
1338 1140 1447 1168 contra
1472 1137 1542 1168 iura
1553 1137 1573 1176 ⁷,
1598 1146 1659 1169 non
1692 1141 1738 1170 est
1766 1139 1897 1171 morbus
1929 1143 2032 1171 conta-

1076 1187 1198 1228 giosus:
1225 1197 1299 1229 ergo
1331 1198 1393 1220 non
1429 1190 1572 1229 videtur,
1597 1191 1681 1232 quod
1718 1192 1954 1224 communicans
1979 1201 2032 1224 ex-

1075 1241 1306 1273 communicato
1323 1242 1362 1273 sit
1378 1243 1681 1275 excommunicatus.
1699 1243 1738 1275 Si
1754 1248 1789 1275 tu
1817 1244 1927 1282 (licem,
1945 1245 2029 1286 quod

1075 1293 1134 1325 hoc
1158 1294 1230 1326 facit
1255 1294 1435 1332 institutio,
1454 1305 1513 1327 non
1540 1296 1851 1337 contagi03007215rct:
1876 1297 2030 1330 institutio

1074 1346 1133 1379 ista
1165 1347 1204 1379 ab
1233 1347 1358 1380 bomine
1387 1352 1450 1387 est,
1476 1349 1556 1381 sicut
1585 1352 1615 1381 et
1643 1350 1950 1389 excommunicatio,
1974 1352 2030 1383 sed

1074 1400 1181 1432 nullus
1206 1401 1299 1433 debet
1322 1401 1463 1442 infligere
1487 1411 1620 1443 poenam
1649 1403 1707 1434 nisi
1735 1412 1792 1444 pro
1816 1404 1930 1445 culpa:
1955 1413 2030 1445 ergo

1074 1453 1098 1485 si
1124 1463 1183 1485 non
1209 1454 1420 1486 communicat
1444 1455 1474 1486 in
1500 1455 1612 1487 merito
1637 1455 1701 1488 sive
1726 1456 1756 1487 in
1782 1457 1893 1498 culpa,
1918 1466 1974 1490 nec
1999 1458 2030 1489 in

1073 1514 1188 1547 poena:
1215 1515 1289 1547 ergo
1314 1507 1468 1539 institutio
1494 1507 1563 1546 illa,
1589 1517 1669 1549 quae
1694 1508 1766 1541 facit
1801 1510 2026 1542 communicari

1072 1558 1104 1590 iu
1129 1568 1228 1600 poena
1252 1559 1318 1591 sine
1343 1559 1453 1601 culpa,
1478 1564 1525 1592 est
1549 1561 1672 1592 iniusta.

1163 1612 1191 1644 3.
1218 1612 1311 1651 Item,
1336 1612 1421 1645 filius
1446 1613 1683 1646 communicans
1714 1615 1795 1655 patri
1829 1618 1883 1647 aut
1907 1619 1954 1648 est
1978 1626 2032 1647 coc-

1073 1665 1358 1702 eommzmz‘ecttus,
1382 1668 1437 1697 aut
1462 1675 1534 1696 tion.
1561 1665 1590 1697 Si
1615 1666 1684 1704 εἴα
1708 1675 1782 1707 ergo
1807 1667 1900 1699 debet
1928 1668 2028 1700 vitare

1072 1721 1205 1759 patrem.
1230 1718 1289 1750 Sed
1315 1718 1339 1750 si
1375 1722 1497 1759 patrem
1533 1727 1595 1750 non
1631 1723 1733 1759 potest
1757 1720 1856 1752 vitare
1881 1720 1947 1752 sine
1972 1730 2029 1753 suo

1072 1771 1280 1809 detrimento,
1304 1779 1379 1812 ergo
1402 1770 1495 1812 silius
1516 1775 1631 1812 portat
1666 1771 1874 1815 iniquitatem
1897 1774 2027 1815 patris,

1072 1824 1155 1865 quod
1188 1827 1235 1856 est
1271 1827 1379 1856 contra
1415 1824 1464 1856 ius
1489 1824 1631 1856 divinum
1648 1825 1668 1855 Β.
1694 1825 1724 1856 Si
1748 1829 1854 1858 autem
1886 1836 1951 1858 nou
1983 1831 2029 1858 est

1071 1877 1383 1917 excommunicatus,
1408 1886 1482 1919 ergo
1507 1878 1578 1910 licet
1601 1878 1695 1910 alicui
1720 1887 1760 1910 ex
1790 1877 2028 1920 familiaritate

1071 1930 1305 1962 communicare
1340 1939 1414 1963 curn
1443 1928 1726 1964 excommunicato.
1752 1932 1812 1964 Sed
1837 1932 2027 1964 laudabilior

1071 1987 1118 2015 est
1139 1983 1277 2015 Societas
1294 1987 1325 2015 et
1341 1983 1494 2016 ctiizicitz'a
1511 1988 1541 2016 et
1558 1985 1704 2017 caritas.-
1723 1994 1798 2026 ergo
1816 1985 1941 2017 videtur
1958 1986 2028 2026 pari

1070 2035 1206 2075 ratione,
1230 2037 1315 2078 quod
1341 2046 1381 2069 ex
1405 2037 1524 2069 sociali
1553 2047 1667 2069 amore
1701 2038 1748 2070 vel
1782 2038 1888 2080 aliquo
1918 2039 1971 2070 tali
1996 2039 2029 2070 li-

1071 2092 1118 2121 cet
1139 2090 1413 2122 excommunicato
1437 2091 1686 2129 communicare,
1704 2095 1734 2123 et
1750 2091 1791 2123 ita
1816 2100 1876 2123 uon
1902 2091 2028 2123 videtur

1071 2143 1308 2175 communicans
1332 2144 1607 2176 excommunicato
1631 2153 1698 2176 esse
1724 2144 2025 2177 excommunicatus.

1159 2197 1190 2228 lt.
1215 2197 1304 2234 ltem,
1322 2197 1608 2229 excommunicatio
1624 2197 1742 2236 omnis,
1761 2198 1826 2229 sive
1844 2198 1944 2229 maior
1961 2198 2026 2230 sive

1071 2249 1191 2287 minor,
1216 2253 1340 2290 separat
1365 2258 1383 2280 a
1408 2249 1638 2286 Sacramentis;
1664 2250 1718 2281 sed
1748 2250 1856 2282 nullus
1881 2259 2027 2291 separan-

1071 2302 1131 2334 dus
1155 2305 1202 2333 est
1225 2311 1243 2333 a
1268 2302 1477 2334 Sacramentis
1502 2302 1559 2334 nisi
1587 2312 1642 2343 pro
1667 2302 1760 2344 culpa
1787 2302 1924 2334 mortali:
1950 2312 2025 2343 ergo

1070 2356 1172 2387 omnis
1197 2355 1434 2387 communicans
1458 2355 1733 2387 excommunicato
1757 2359 1865 2396 peccat
1889 2355 2026 2386 mortali-

1070 2412 1126 2440 ter.
1152 2409 1210 2440 Sed
1247 2408 1271 2440 si
1304 2408 1363 2439 hoc
1396 2417 1507 2440 verum
1540 2411 1600 2445 est,
1626 2417 1697 2440 cum
1725 2408 1782 2439 ista
1807 2407 1961 2439 medicina
1986 2408 2025 2440 sit

1070 2462 1190 2493 occasio
1216 2454 1388 2493 multorum
1414 2460 1647 2501 periculorum,
1673 2461 1798 2492 videtur
1821 2464 1913 2498 tunc,
1938 2461 2022 2501 quod

1069 2523 1130 2545 non
1156 2514 1194 2545 sit
1218 2513 1390 2551 medimna,
1416 2513 1469 2545 sed
1495 2513 1643 2551 tuorbus;
1668 2516 1698 2544 et
1723 2513 1805 2554 quod
1831 2513 2024 2554 quicumque

1070 2565 1161 2597 infert
1185 2574 1272 2603 eam,
1297 2574 1369 2597 cum
1406 2569 1500 2606 ponat
1536 2565 1652 2596 multos
1689 2565 1718 2596 in
1752 2565 1838 2605 gravi
1865 2566 2022 2607 periculo,

1069 2619 1153 2660 quod
1179 2619 1317 2659 graviter
1342 2622 1458 2659 peccat.

122 2862 130 2878 ¹
151 2863 213 2889 Cod.
225 2864 242 2888 F
252 2864 283 2895 (G
295 2864 425 2896 primitus)
437 2865 529 2895 repetit
544 2863 684 2897 recipiunt.
696 2864 744 2889 Pro
757 2865 847 2897 posset
863 2864 940 2889 codd.
955 2864 972 2888 F
983 2865 1004 2889 G

53 2906 141 2938 potest,
157 2910 181 2932 et
194 2914 241 2938 pro
254 2907 278 2933 si
290 2914 344 2933 non
358 2908 418 2933 edd.
434 2907 483 2933 etsi
493 2914 557 2933 non.
572 2909 697 2939 Superius
712 2915 758 2939 pro
771 2908 897 2933 virtulem
911 2908 967 2933 cod.
983 2909 1003 2932 G

54 2949 155 2977 virtute.
337 2952 347 2968 ἵ
370 2952 433 2977 Vide
453 2953 567 2977 scholion
588 2952 620 2977 ad
644 2953 664 2977 l.
687 2953 765 2978 huius
785 2953 882 2978 articuli
903 2956 1002 2985 quaest.

121 2994 132 3010 3
152 2995 215 3020 Vide
234 2995 261 3021 C.
281 2996 426 3029 Praecipue
445 2996 501 3028 (3.),
515 3003 588 3029 seqq.
608 3000 632 3021 et
652 2996 679 3021 C.
695 2996 772 3022 Sicut
789 2996 910 3029 Apostoli
927 2997 1003 3029 (te),

54 3043 123 3070 seqq.
143 3037 169 3064 C.
189 3040 229 3064 llrl.
251 3047 274 3072 q.
296 3041 319 3065 3.
348 3043 372 3065 et
399 3039 426 3065 C.
455 3040 549 3074 Nuper
568 3047 585 3066 α
604 3039 678 3066 nobis
699 3040 777 3072 (29),
798 3048 886 3073 seqq,
909 3041 942 3066 X.
971 3041 1003 3066 de

54 3080 178 3107 Sententia
198 3090 360 3109 excommun.
382 3084 437 3116 (lib.
459 3085 488 3109 V.
508 3085 544 3109 tit.
566 3085 629 3115 30).

121 3125 131 3141 ⁴
151 3127 183 3151 lta
202 3128 273 3152 multi
293 3128 378 3159 codd„
399 3129 423 3152 in
444 3128 498 3153 aliis
518 3131 543 3153 et
562 3128 622 3153 edd.
642 3127 918 3153 communicationem.

121 3169 132 3185 ⁵
150 3170 175 3194 ln
195 3171 254 3196 edd.
274 3171 378 3197 additur
397 3171 430 3197 ab
449 3171 678 3198 excommunicati
696 3171 891 3198 communione.

120 3213 131 3229 ⁶
151 3215 222 3239 Vers.
246 3216 294 3240 tt:
315 3217 340 3240 Si
360 3217 381 3241 is
409 3217 453 3248 qui
482 3216 558 3241 frater
587 3217 745 3247 nominatur,
775 3219 813 3240 est
837 3216 1000 3242 fornicator...

53 3261 110 3280 cum
130 3258 256 3283 eiusmodi
276 3266 323 3284 nec
343 3259 432 3284 cibum
451 3266 562 3284 sumere.

121 3299 132 3316 ⁷
150 3301 206 3326 lura
225 3303 354 3334 siquidem
376 3303 558 3333 determinant,
575 3304 809 3337 communicantem
829 3310 888 3328 cum
903 3310 1002 3329 excom-

52 3344 181 3370 municato
200 3347 465 3372 excommunicatione
484 3346 584 3372 maiori
603 3354 652 3372 non
673 3348 739 3372 banc
754 3347 930 3373 communiter
943 3348 1003 3379 [nisi

1070 2864 1244 2889 communicet
1267 2864 1291 2888 In
1321 2865 1377 2895 ipso
1406 2862 1529 2896 crimine]
1550 2864 1693 2894 incurrere,
1713 2863 1759 2888 sed
1779 2865 2022 2890 excommunicatio-

1069 2915 1128 2933 nem
1149 2907 1280 2933 minorem
1299 2907 1359 2941 [csr.
1386 2907 1412 2933 C.
1432 2908 1526 2940 Nuper
1545 2914 1560 2932 u
1582 2906 1655 2933 uobis
1676 2907 1742 2939 (29.)
1762 2910 1786 2932 et
1806 2907 1832 2933 C.
1853 2907 1884 2934 Si
1903 2908 2021 2934 concubi-

1068 2959 1119 2977 mzc
1139 2952 1203 2984 (55.)
1224 2956 1247 2977 et
1267 2959 1330 2984 seq,
1352 2952 1383 2976 X.
1404 2952 1435 2976 de
1456 2952 1583 2976 Sententia
1597 2958 1760 2976 excommun.
1776 2952 1828 2983 (lib.
1845 2952 1874 2976 V.
1890 2953 1924 2977 tit.
1939 2951 2021 2985 39.)];

1069 3004 1129 3022 cum
1149 2997 1371 3022 excommunicato
1391 2998 1476 3021 autem
1497 2997 1763 3021 excommunicatione
1783 2996 1884 3022 minori
1901 3004 1951 3022 non
1966 3005 2023 3028 pro-

1069 3040 1157 3065 bibent
1176 3041 1445 3065 communicationem.
1467 3039 1531 3064 Vide
1552 3039 1616 3064 infra
1636 3040 1709 3064 solut.
1731 3041 1808 3065 huius
1828 3040 1918 3065 obiect.
1939 3055 1972 3058 —
1986 3041 2022 3066 In-

1068 3084 1147 3109 ferius
1166 3087 1224 3115 post
1242 3083 1312 3109 sicut
1329 3084 1388 3108 edd.
1409 3084 1528 3108 omittunt
1548 3085 1586 3115 ct,
1610 3090 1657 3115 pro
1678 3090 1730 3115 quo
1750 3083 1807 3109 cod.
1828 3085 1845 3109 P
1864 3085 1909 3109 cst.

1138 3127 1149 3144 8
1168 3129 1257 3153 Ezecb.
1283 3128 1325 3159 18,
1347 3128 1397 3152 20:
1418 3128 1493 3152 Filius
1513 3134 1562 3152 uon
1583 3127 1695 3159 portabit
1708 3129 1868 3160 iniquitatem
1883 3130 1971 3160 patris.
1988 3144 2022 3147 —

1068 3173 1193 3204 Superius
1214 3180 1260 3204 pro
1280 3171 1333 3198 Sed
1351 3172 1375 3197 si
1393 3172 1476 3204 [multi
1496 3172 1572 3197 codd.
1592 3171 1626 3197 Et
1645 3171 1681 3205 si]
1699 3173 1805 3205 patrem
1823 3180 1877 3199 non
1890 3175 1973 3206 potest
1986 3174 2021 3200 vi-

1069 3217 1126 3241 tare
1144 3216 1203 3241 edd.
1224 3215 1277 3241 Sed
1294 3215 1319 3240 si
1335 3217 1412 3248 puter
1430 3222 1485 3241 uon
1502 3217 1587 3248 potest
1605 3215 1694 3242 vitari.
1716 3217 1822 3242 Inferius
1842 3222 1900 3249 post
1919 3218 2020 3244 caritas

1068 3261 1092 3284 in
1113 3260 1170 3285 cod.
1190 3261 1211 3284 K
1231 3259 1345 3285 secunda
1372 3266 1464 3284 manus
1492 3260 1609 3285 addidit:
1638 3267 1706 3293 quae
1732 3260 1763 3294 fit
1788 3260 1857 3287 inter
1876 3263 2019 3288 eoetraneos

1068 3311 1149 3336 quam
1169 3303 1238 3329 inter
1256 3304 1360 3337 patrem
1380 3304 1403 3329 et
1420 3303 1522 3337 filium,
1555 3303 1617 3337 quia
1646 3310 1722 3330 tiemo
1749 3303 1879 3331 laudatur
1908 3305 1938 3331 cle
1959 3305 2020 3332 dile-

1068 3347 1151 3374 ctione
1169 3347 1232 3381 filz'i,
1254 3346 1300 3374 secl
1318 3348 1447 3373 extranei.
