2483 3882
177 1658 289 1679 Conclusio
302 1658 320 1679 l.

175 1868 286 1890 Conclusio
299 1869 318 1889 2.

173 2184 254 2205 Solutio
276 2184 318 2213 pri-

187 2217 221 2231 mo
235 2217 319 2237 opposn

187 2240 264 2258 torum.

187 2605 315 2626 Notandum.

341 256 384 288 40

342 343 440 375 enias
459 341 632 384 praeputii
654 350 734 373 caro
758 339 958 372 circumcisa
981 349 1048 372 non
1070 339 1185 382 faerit,
1207 340 1291 382 peri-

343 395 388 427 bit
417 398 492 433 etc.;
516 398 546 427 et
574 394 706 426 iterum:
730 392 851 435 Infans
885 396 954 424 octo
989 392 1119 425 dierum
1151 393 1291 425 circnm-

341 447 480 479 cicietur.

430 500 459 531 9..
483 499 577 538 Item,
602 498 687 540 quod
712 502 836 540 tempus
852 498 891 530 sit
915 498 953 530 de
974 497 1166 537 substantia,
1190 501 1291 531 osten-

341 552 441 584 ditur:
459 552 533 593 quia
549 551 747 583 circumcisio
763 550 958 592 significabat
973 553 1142 592 utramque
1158 550 1291 582 circum-

341 603 507 642 cisionem,
532 603 649 636 scilicet
671 604 807 645 primam
831 602 862 634 in
886 602 990 635 anima
1013 612 1032 634 a
1055 602 1165 644 culpa,
1187 605 1217 635 et
1241 611 1290 635 se-

340 656 476 690 cundam
514 657 544 688 in
580 664 711 697 corpore
746 665 764 688 a
795 655 952 694 miseria,
977 664 1057 697 quae
1090 649 1290 688 futureserat

339 708 370 740 in
394 713 504 741 octava
528 708 784 741 resurrectionis:
809 717 884 750 ergo
908 711 1038 741 octavus
1069 708 1136 740 dies
1160 711 1227 741 erat
1251 708 1289 740 de

340 761 517 802 integritate
541 760 791 802 significationis,
816 769 891 802 ergo
914 763 945 792 et
968 760 1006 792 de
1031 760 1208 801 integritate
1240 760 1290 791 Sa-

340 813 490 846 cramenti
507 813 527 844 ¹.

429 866 458 898 3.
483 866 576 905 Item,
593 869 796 908 praeceptum
822 866 862 899 de
885 865 1123 899 circumcisione
1140 870 1187 898 est
1202 874 1290 906 prae-

339 922 465 961 ceptum
482 918 743 962 affirmativam,
765 919 849 960 quod
873 918 990 960 obligat
1009 918 1049 950 ad
1070 918 1197 960 aliquod
1215 922 1290 950 tem-

337 981 416 1014 pus,
440 981 502 1004 non
525 972 566 1004 ad
597 980 706 1009 omne,
731 980 806 1013 ergo
837 971 1044 1004 determinato
1084 974 1225 1012 tempore
1259 971 1288 1002 in

337 1028 519 1066 praecepto,
543 1023 678 1065 obligat²
695 1023 734 1056 ad
758 1023 854 1056 illud:
872 1032 947 1064 ergo
971 1031 1041 1055 cum
1067 1022 1098 1054 in
1122 1026 1289 1064 praecepto

338 1076 391 1108 1110
415 1077 454 1109 sit
478 1076 696 1109 determinatio
721 1076 884 1117 temporis,
902 1076 932 1107 in
956 1084 1018 1117 quo
1042 1074 1217 1107 instituitur
1234 1074 1290 1106 cir-

338 1129 504 1168 cumcisio,
533 1133 657 1171 tempus
689 1129 930 1161 determinatum
961 1131 1006 1160 est
1036 1128 1074 1159 de
1105 1127 1288 1159 necessitate

338 1182 593 1215 circumcisionis.

693 1295 931 1319 CONCLUSIO.

337 1394 383 1425 De
408 1392 594 1425 necessitate
618 1391 883 1424 circumcisionis
914 1391 1108 1433 simpliciter
1143 1395 1223 1423 sant
1244 1400 1288 1422 se-

425 1454 489 1476 xtis
524 1444 731 1476 masculinas
767 1448 796 1476 et
829 1444 1013 1476 membrum
1022 1456 1034 1481 ;
1059 1448 1184 1485 tempus
1210 1452 1287 1475 vero

424 1498 609 1530 necessario
634 1497 875 1529 observandam
899 1501 972 1529 erat
1000 1497 1037 1529 ob
1064 1500 1286 1538 praeceptam.

424 1603 621 1635 Responneo:
648 1602 838 1641 Dicendum,
861 1602 946 1643 quod
971 1602 1034 1634 duo
1058 1610 1099 1634 ex
1123 1602 1207 1640 istis,
1233 1602 1288 1633 sci-

337 1654 408 1687 lieet
430 1665 529 1687 sexus
545 1659 575 1687 et
591 1654 786 1693 membrum,
803 1658 876 1687 sunt
896 1655 935 1686 de
951 1655 1135 1687 necessitate
1156 1654 1287 1687 circum-

336 1708 461 1741 cisionis
496 1708 680 1750 simpliciter
689 1720 697 1747 3
732 1708 787 1740 sed
823 1712 949 1749 tempas
972 1717 1036 1739 uno
1062 1707 1154 1739 modo
1178 1711 1224 1740 est
1248 1707 1287 1739 de

335 1761 536 1799 necessitate,
561 1761 622 1793 alio
646 1761 740 1793 modo
764 1770 834 1792 non.
862 1761 912 1792 Est
937 1760 1018 1793 enim
1044 1760 1075 1791 in
1099 1760 1158 1792 hoc
1183 1760 1288 1792 Sacra-

336 1817 440 1846 mento
466 1813 523 1845 tria
548 1813 766 1851 considerare,
791 1813 908 1845 scilicet
932 1812 1133 1856 efficaciam,
1162 1811 1287 1854 siynisi-

335 1866 483 1898 cantiam
508 1869 538 1898 et
562 1865 815 1897 observantiam.
851 1866 1010 1906 Quantum
1040 1865 1079 1897 ad
1104 1865 1285 1908 efficaciam

334 1918 412 1950 nihil
435 1918 508 1951 facit
517 1931 525 1957 3
550 1921 703 1960 quantum
728 1919 768 1950 ad
791 1918 1055 1960 sigynisicantiam
1078 1922 1125 1950 est
1149 1918 1188 1950 de
1217 1927 1286 1950 con—

334 1971 487 2013 gruitate,
519 1971 593 2012 quia
628 1971 812 2012 expressius
847 1971 1017 2012 significat3
1054 1974 1209 2012 quantum
1244 1970 1285 2002 ad

334 2024 577 2057 observantiam
594 2027 641 2056 est
657 2024 695 2056 de
713 2024 912 2063 necessitate,
930 2024 1004 2065 quia
1021 2024 1104 2056 cadit
1121 2024 1181 2055 sub
1197 2032 1286 2065 prae-

333 2080 436 2119 cept03
460 2077 545 2109 unde
568 2080 675 2118 peccat
698 2077 751 2119 qui
776 2077 903 2118 negligit
927 2077 1107 2109 observare.

425 2131 450 2160 1.
475 2129 518 2161 Ad
542 2129 622 2161 illud
647 2138 721 2171 ergo
745 2129 829 2171 quod
853 2129 1000 2161 obiicitur
1016 2129 1133 2170 primo,
1151 2128 1234 2170 quod
1253 2128 1283 2159 in

334 2182 443 2214 morbo
468 2192 528 2214 non
553 2186 599 2215 est
623 2182 792 2222 distinctio,
817 2191 892 2223 ergo
909 2186 984 2220 etc.;
1002 2182 1182 2220 dicendum,
1199 2181 1284 2223 quod

333 2236 529 2268 circumcisio
553 2245 615 2267 non
640 2239 760 2267 tantum
777 2236 837 2267 fuit
853 2236 883 2267 in
901 2236 1099 2273 remedium,
1118 2235 1172 2267 sed
1190 2235 1284 2267 etiam

333 2287 364 2319 in
387 2287 521 2329 signnm
545 2287 784 2326 distinctionis,
809 2292 844 2324 ut
861 2296 937 2329 gens
953 2288 1142 2320 Iudaeorum
1160 2287 1199 2319 ab
1215 2287 1284 2318 aliis

333 2340 582 2379 discerneretur,
606 2349 647 2372 ex
683 2350 746 2382 quo
782 2340 925 2372 Christus
954 2340 1088 2372 debebat
1111 2340 1151 2371 ab
1173 2348 1210 2372 ea
1234 2348 1285 2371 na-

333 2393 415 2432 sci³3
439 2396 469 2425 et
506 2393 580 2435 quia
616 2393 798 2435 propagatio
830 2396 860 2425 et
896 2393 1077 2434 genealogia
1111 2392 1283 2424 attenditur

332 2455 428 2487 penes
452 2455 572 2478 mares:
598 2446 668 2478 ideo
692 2446 754 2478 illis
779 2446 851 2478 data
876 2446 951 2485 fuit,
976 2455 1037 2477 non
1062 2445 1260 2477 mulieribus.

421 2501 450 2531 2.
476 2499 518 2531 Ad
548 2499 627 2531 illud
663 2499 747 2541 quod
783 2498 946 2537 obiicitur,
982 2498 1066 2540 quod
1103 2497 1283 2530 membrum

333 2552 411 2584 illud
436 2562 496 2584 non
521 2552 650 2584 deberet
685 2561 770 2590 esse,
806 2552 880 2593 quia
912 2555 958 2584 est
983 2551 1216 2589 verecundum3
1242 2550 1284 2582 di-

332 2605 481 2644 cendum,
506 2605 590 2646 quod
616 2605 796 2637 membrum
820 2605 898 2637 illud
924 2605 1064 2636 maxime
1080 2603 1284 2636 conveniebat

332 2657 571 2700 significationi
594 2658 841 2690 circumcisionis
865 2661 895 2690 et
919 2657 1092 2700 efficaciae.
1118 2656 1285 2689 Circumci-

1098 253 1382 285 SENTENTIARUM
1406 253 1473 286 LIB.
1498 253 1544 286 IV.

1355 341 1400 374 sio
1424 341 1506 374 enim
1531 341 1603 373 data
1626 340 1685 372 suit
1709 340 1738 371 in
1760 343 1915 380 pactam,
1940 339 2021 372 sicut
2044 340 2158 373 dicitur
2175 341 2302 374 Genesis

1354 393 1475 425 decimo
1499 392 1631 434 septimo
1643 391 1662 430 ⁴,
1687 395 1718 424 et
1741 391 1800 424 hoc
1824 395 1950 433 pactum
1968 395 2015 424 est
2030 392 2199 432 certitudo,
2215 394 2301 434 quod

1354 444 1497 477 Christus
1521 453 1562 477 ex
1586 447 1676 485 gente
1712 443 1765 476 illa
1797 447 1878 476 esset
1903 444 2090 476 nasciturus.
2114 445 2183 477 Fuit
2206 445 2299 477 etiam

1354 497 1427 530 data
1450 498 1481 529 in
1502 497 1683 529 remedium
1700 500 1817 528 contra
1833 496 1996 538 orzyinale
2009 501 2180 538 peccatam
2190 509 2201 535 ,·
2217 498 2301 530 unde

1353 549 1468 582 dicitur
1499 549 1626 581 Genesis
1662 548 1783 581 decimo
1808 549 1957 590 septimo:
1994 549 2179 587 Masculus,
2204 550 2301 582 caius

1354 612 1434 635 caro
1455 601 1627 644 praeputii
1649 601 1851 633 circumcisa
1873 611 1939 633 non
1961 600 2084 642 faerit,
2108 602 2227 643 peribit
2243 605 2301 635 etc.

1353 656 1422 688 Fuit
1445 655 1589 687 similiter
1614 654 1686 686 data
1711 654 1740 685 in
1765 653 1921 685 meritam
1944 653 2161 692 obedientiae;
2187 655 2301 687 meruit

1353 707 1435 739 enim
1460 706 1615 738 Abraham
1639 709 1669 738 et
1693 705 1808 746 posteri
1826 705 1894 737 eius
1911 705 1954 738 sic
1971 706 2101 738 Domino
2118 706 2301 739 obediendo.

1353 760 1421 792 Fuit
1445 760 1538 792 etiam
1567 759 1639 791 data
1670 759 1700 790 in
1732 759 1866 800 siymtm
1900 759 2118 800 repressionis
2153 759 2303 801 concapi-

1352 812 1513 849 scentiae;
1536 812 1621 844 unde
1645 810 1816 852 significat,
1841 810 1917 852 quid
1942 810 1981 842 sit
2004 811 2171 852 agendum,
2196 811 2261 843 sive
2282 821 2300 843 a

1353 874 1415 906 quo
1440 864 1479 897 sit
1502 864 1699 896 cessandum.
1723 882 1766 886 —
1791 864 1825 895 Et
1849 863 1922 905 quia
1946 872 2003 905 per
2031 864 2231 905 praeputium
2257 867 2304 896 est

1350 917 1530 959 ceneratio,
1548 920 1578 949 et
1595 916 1638 949 sic
1662 916 1806 948 convenit
1818 920 1917 958 paeto
1934 916 2159 957 generationis;
2177 919 2223 948 est
2240 916 2303 948 ori-

1350 970 1476 1012 9inalis
1499 970 1636 1011 calpae⁵
1662 968 1859 1011 transfusio,
1884 972 1914 1002 et
1938 969 1981 1001 sic
1998 969 2143 1001 convenit
2159 969 2301 1001 remedio

1353 1022 1640 1060 cirenmcisionis;
1663 1025 1693 1055 et
1718 1023 1747 1054 in
1765 1022 1931 1064 praeputio
1956 1026 2066 1063 regnat
2082 1021 2300 1054 inobedientia

1353 1080 1384 1109 et
1407 1076 1688 1117 concupiscentia,
1714 1076 1753 1107 ab
1776 1075 1926 1117 oppositis
1950 1084 2006 1117 per
2032 1075 2129 1117 ipsius
2151 1074 2301 1116 significa-

1353 1129 1468 1160 tionem
1497 1132 1527 1160 et
1558 1128 1597 1160 ab
1626 1128 1693 1169 ipso
1728 1128 1840 1160 factam
1876 1127 2064 1160 ablationem
2100 1130 2130 1160 et
2163 1131 2303 1160 meretur

1352 1180 1528 1212 ohedientia
1553 1184 1583 1212 et
1605 1180 1799 1221 significatur
1823 1180 2020 1212 continentia.
2039 1180 2108 1212 Ideo
2129 1180 2303 1212 rectissime

1353 1233 1530 1265 conveiiit⁶.
1556 1251 1599 1255 —
1622 1233 1710 1273 Quod
1736 1241 1810 1273 ergo
1834 1233 1926 1271 dicit,
1944 1233 2029 1274 quod
2052 1236 2098 1265 est
2121 1233 2302 1265 membrum

1351 1285 1505 1326 ignobile;
1530 1285 1710 1323 dicendum,
1735 1285 1816 1326 quod
1843 1285 1881 1317 de
1906 1286 1954 1317 sui
1972 1289 2086 1317 natura
2109 1289 2156 1318 est
2179 1285 2301 1325 nobile,

1352 1338 1407 1370 sed
1431 1337 1548 1370 factum
1572 1340 1619 1370 est
1650 1337 1784 1378 ignobile
1816 1341 1945 1379 propter
1970 1337 2112 1379 culpam,
2137 1339 2222 1370 unde
2245 1347 2302 1380 per

1352 1390 1529 1422 remedium
1565 1390 1747 1422 nobilitatur
1758 1402 1766 1429 3
1801 1390 1886 1422 unde
1918 1390 2038 1432 primae
2062 1391 2102 1423 ad
2127 1390 2303 1424 Corinthios

1352 1442 1561 1475 duodecimo⁷
1585 1442 1718 1481 dicitur,
1743 1443 1828 1484 quod
1863 1442 2018 1474 membris
2051 1443 2302 1485 ignobilioribus

1352 1494 1629 1527 abundantiorem
1656 1494 1808 1526 bonorem
1834 1495 2105 1533 ciremnrlamns;
2122 1498 2152 1527 et
2176 1496 2234 1528 hoc
2258 1496 2301 1527 in-

1354 1548 1519 1589 telligitur,
1544 1548 1621 1580 dum
1646 1548 1845 1589 passionibus
1869 1552 1899 1580 et
1923 1548 2087 1581 desideriis
2112 1548 2267 1581 obviatur.

1440 1601 1483 1633 Ad
1516 1601 1594 1633 illud
1626 1601 1709 1642 quod
1742 1601 1906 1642 quaeritur
1940 1601 1978 1633 de
2012 1605 2169 1643 tempore,
2202 1601 2302 1633 dicen-

1352 1654 1446 1692 dum,
1464 1654 1544 1686 sicut
1567 1654 1686 1686 dic-tum
1711 1657 1774 1692 est,
1791 1654 1876 1695 quod
1893 1657 2046 1695 quantum
2063 1654 2103 1686 ad
2121 1653 2302 1697 efficaciam

1351 1706 1429 1738 nihil
1452 1706 1541 1744 facitg
1574 1706 1658 1738 uude
1693 1715 1792 1747 aeque
1828 1706 1907 1738 bene
1942 1707 2074 1739 curabat
2106 1707 2302 1739 circumcisio

1352 1759 1542 1800 proselytos,
1564 1763 1598 1790 ut
1622 1758 1714 1790 etiam
1740 1759 1908 1800 parvulos,
1933 1763 1979 1791 est
2003 1763 2106 1791 tamen
2133 1768 2304 1801 congruen-

1353 1812 1393 1843 tia
1417 1815 1571 1853 quantum
1595 1812 1635 1843 ad
1658 1811 1943 1853 significationem.

1442 1867 1468 1897 1.
1494 1865 1584 1906 Quod
1608 1865 1754 1897 obiicitur
1775 1864 1814 1896 de
1831 1864 2003 1906 baptismo,
2021 1864 2200 1904 dicendum,
2218 1864 2301 1906 quod

1350 1927 1402 1949 res
1438 1917 1685 1950 circumcisionis
1716 1922 1784 1949 erat
1819 1917 2016 1949 circumcisio
2051 1926 2069 1949 a
2100 1917 2199 1958 calpa
2231 1921 2261 1949 et
2284 1927 2302 1949 a

1350 1970 1487 2001 miseria
1502 1970 1522 2001 Β.
1547 1970 1749 2002 Circumcisio
1773 1978 1791 2001 a
1808 1969 1906 2011 calpa
1923 1969 2158 2011 significabatur
2182 1970 2212 2001 iu
2230 1974 2302 2002 actu

1350 2026 1379 2054 et
1404 2022 1551 2061 materia,
1576 2022 1631 2054 sed
1661 2022 1858 2054 circumcisio
1890 2031 1908 2054 a
1939 2022 2077 2054 miseria
2109 2031 2165 2064 per
2196 2026 2302 2054 actum

1349 2079 1380 2108 et
1404 2076 1567 2107 materiam
1591 2084 1652 2107 non
1681 2075 1931 2116 significabatur3
1955 2079 1985 2107 et
2019 2075 2088 2107 ideo
2125 2085 2301 2117 congruum

1348 2129 1407 2160 fuit
1431 2132 1556 2170 tem-pas
1580 2128 1713 2167 addere,
1738 2137 1795 2169 per
1825 2128 1910 2170 quod
1938 2128 2178 2169 significaretur.
2206 2129 2303 2170 Bapti-

1349 2190 1437 2214 smus
1464 2185 1569 2214 autem
1603 2181 1722 2213 ratione
1757 2181 1967 2213 immersionis
1991 2185 2020 2213 et
2044 2181 2226 2214 elevationis
2250 2191 2303 2214 ex-

1348 2243 1456 2276 presse
1481 2233 1634 2275 significat
1658 2237 1792 2265 mortem
1809 2237 1839 2265 et
1856 2234 2135 2272 resurrectionem
2153 2234 2223 2266 ideo
2241 2244 2302 2266 non

1348 2287 1407 2319 fuit
1430 2296 1606 2328 congruum
1637 2287 1763 2319 addere.
1790 2287 1824 2318 Et
1855 2286 1899 2318 sic
1931 2286 1999 2318 (lies
2029 2291 2163 2318 octavas
2192 2291 2239 2319 est
2263 2287 2302 2320 de

1349 2339 1423 2372 bene
1439 2349 1505 2371 esse
1522 2339 1767 2372 circumcisionis
1785 2342 1938 2381 quantum
1957 2339 1997 2371 ad
2013 2339 2277 2381 siyiiisicantiam
2290 2352 2302 2378 ‚-

1348 2395 1395 2425 est
1418 2396 1523 2425 tamen
1548 2393 1586 2425 de
1610 2392 1792 2425 necessitate
1810 2396 1963 2433 quantum
1987 2392 2027 2424 ad
2045 2392 2301 2432 observanticmz,

1348 2445 1422 2486 quia
1457 2445 1540 2477 cadit
1575 2444 1606 2476 in
1640 2448 1806 2486 praecepto
1822 2444 1842 2475 ⁹.
1868 2464 1910 2467 —
1936 2445 1970 2477 Et
1995 2445 2073 2477 ratio
2097 2445 2193 2478 huius
2225 2446 2300 2478 fuit:

1348 2497 1422 2539 quia
1446 2498 1682 2529 Sacramentum
1706 2497 1786 2529 illud
1810 2497 1869 2529 fuit
1892 2498 2040 2539 poenale;
2066 2498 2135 2530 ideo
2164 2499 2302 2540 oportuit

1348 2551 1517 2582 observare
1542 2553 1684 2591 tempus,
1709 2549 1800 2591 quia,
1818 2550 1842 2582 si
1868 2553 1938 2582 ante
1962 2554 2108 2583 octavum
2137 2551 2220 2583 diem
2245 2551 2304 2583 cir-

1349 2603 1599 2641 cumcideretur,
1624 2607 1753 2644 propter
1777 2603 2020 2635 teneritudinem
2045 2606 2150 2644 posset
2177 2604 2300 2645 perire;

1349 2656 1373 2688 si
1391 2656 1476 2688 ultra
1493 2655 1685 2694 differretur,
1701 2659 1783 2688 esset
1800 2655 1977 2697 periculum
1994 2659 2123 2697 propter
2148 2659 2301 2695 mortem,

403 2808 410 2823 ¹
431 2808 506 2839 Hugo
526 2815 540 2833 a
560 2808 583 2832 S.
605 2808 678 2839 Vict.‚
698 2809 714 2833 I.
735 2808 767 2833 de
787 2809 900 2834 Sacram.
921 2816 946 2840 p.
967 2809 1018 2833 XII.
1039 2815 1060 2834 c.
1081 2809 1109 2833 2:
1130 2808 1282 2833 Octonarius

331 2858 394 2877 vero
415 2853 438 2876 111
460 2858 531 2877 sacra
552 2853 683 2883 Scriptura
703 2853 841 2885 aliquando
861 2856 965 2884 tempus
987 2853 1183 2877 resurrectionis
1203 2853 1282 2884 sigui-

332 2896 402 2927 ficat,
424 2895 494 2927 quod
514 2898 571 2926 pust
590 2900 752 2927 praesentem
773 2904 840 2929 quae
859 2900 959 2927 septem
990 2896 1082 2921 diebus
1102 2897 1180 2921 currit
1200 2897 1282 2921 vitam

331 2939 457 2970 §equitum
479 2938 617 2970 aliquando
638 2942 740 2970 tempus
760 2941 870 2971 gratiae,
890 2940 915 2964 in
936 2947 988 2972 quo
1012 2940 1085 2972 quasi
1109 2943 1168 2970 post
1190 2939 1281 2964 sabba-

332 2985 385 3007 tum
409 2983 484 3014 Legis
504 2985 605 3008 aeterna
626 2983 694 3008 bona
715 2984 887 3009 servientibus
906 2984 959 3008 Deo
980 2984 1172 3015 promittuntur.
1193 2983 1281 3008 Merito

330 3027 408 3057 igitur
427 3027 510 3057 prima
530 3027 571 3051 illa
591 3028 769 3058 circumcisio,
790 3034 858 3060 quae
880 3028 1075 3052 Sacramentum
1101 3030 1155 3052 erat
1180 3027 1281 3051 iliarum

331 3070 441 3095 duarum
456 3070 510 3102 (cfr.
525 3078 602 3102 supra
618 3076 678 3102 pag.
694 3071 734 3102 38,
750 3074 809 3097 nota
829 3072 885 3103 12.)7
900 3073 968 3097 iussa
989 3074 1026 3096 est
1045 3071 1099 3096 fieri
1119 3072 1210 3097 octavo
1231 3071 1280 3102 die,

331 3116 358 3138 ut
377 3113 568 3145 ostenderetur,
590 3114 660 3146 quod
680 3114 704 3138 in
725 3116 842 3145 tempore
862 3115 959 3145 gratiae
979 3113 1057 3139 corda
1071 3113 1281 3139 circumcidenda

331 3159 403 3181 erant
422 3164 468 3187 per
487 3157 698 3182 emundationem
718 3158 872 3190 iniquitatis,
892 3161 916 3183 et
935 3159 960 3182 in
982 3160 1098 3189 tempore
1117 3158 1281 3182 resurrectio-

331 3201 369 3225 nis
389 3206 496 3231 corpora
517 3208 563 3231 per
592 3201 781 3232 depositionem
809 3194 989 3233 corruptionis.
1019 3200 1068 3226 Csr.
1089 3202 1130 3225 hic
1150 3201 1183 3226 iit.
1204 3201 1280 3232 Magi-

331 3245 392 3275 stri7
413 3251 434 3269 c.
456 3245 479 3269 9.
494 3258 527 3262 -—
540 3245 588 3269 Pro
607 3244 778 3271 Sacramenti
796 3246 853 3271 cod.
874 3246 895 3270 Y
909 3239 1128 3276 circumcisionis,
1145 3247 1169 3270 ct
1189 3251 1236 3276 pro
1251 3244 1281 3270 cle

329 3287 481 3321 ιήῑεῃνίίαίθ
500 3288 700 3321 significationis
722 3289 780 3314 cod.
800 3290 819 3314 R
840 3289 870 3315 de
893 3288 1046 3315 necessitate
1071 3288 1280 3322 siqnificationis.

402 3332 412 3347 '2
432 3332 465 3357 lta
485 3331 550 3357 bene
570 3332 626 3357 cod.
646 3333 678 3364 Z,
698 3333 722 3357 in
743 3333 797 3357 aliis
817 3332 956 3366 oblz'yabat.

399 3373 410 3390 3
431 3374 480 3399 Cfr.
496 3378 593 3407 quaest.
609 3375 727 3406 praeced.
743 3375 775 3400 ad
790 3383 813 3408 (Ι.
835 3377 858 3401 2.
878 3376 953 3401 incid.
967 3376 1043 3407 Ilugo
1057 3383 1070 3400 a
1084 3376 1108 3400 S.
1124 3376 1197 3407 Vict.,
1213 3375 1228 3400 Ι.
1248 3375 1281 3400 de

1346 2808 1459 2832 Sacram,
1479 2814 1504 2838 p.
1520 2807 1571 2831 xil.
1592 2813 1613 2831 c.
1633 2807 1661 2837 2,
1676 2808 1774 2837 censet,
1790 2807 1839 2830 hoc
1858 2805 1916 2830 ideo
1936 2813 1992 2831 esse
2012 2806 2115 2836 sactum,
2135 2808 2163 2831 ut
2182 2806 2301 2832 videlicet

1345 2851 1531 2882 ostenderetur,
1552 2850 1624 2882 quod
1643 2850 1683 2874 illa
1704 2850 1813 2875 exterior
1832 2850 1994 2875 circumcisio
2014 2850 2150 2875 animabus
2170 2849 2255 2883 [quae
2274 2852 2299 2876 in

1347 2902 1366 2920 s.
1387 2895 1517 2925 Scriptura
1539 2900 1585 2924 per
1604 2893 1774 2918 masculinum
1796 2900 1886 2918 sexum
1908 2893 2099 2926 significantur]
2122 2894 2307 2920 sanctificatio:

1347 2945 1405 2963 nem
1426 2937 1544 2967 contulit,
1564 2937 1610 2962 sed
1630 2937 1698 2961 carni
1713 2935 1773 2969 [per
1787 2936 1941 2961 muliebrem
1956 2944 2047 2962 sexum
2060 2937 2232 2971 significatae]
2247 2945 2297 2964 non

1346 2981 1450 3007 abstulit
1468 2982 1669 3012 corruptionem.
1689 2994 1725 2998 —
1744 2980 1806 3006 Cod.
1827 2981 1843 3005 F
1863 2988 1897 3006 ea:
1917 2988 1948 3006 ea
1967 2981 2051 3007 nasci.

1417 3024 1427 3041 4
1448 3025 1520 3050 Vers.
1542 3025 1582 3049 10.
1602 3028 1626 3049 et
1646 3025 1686 3049 113.
1707 3039 1740 3042 —
1760 3025 1818 3057 Seq.
1840 3028 1921 3050 textus
1941 3029 1978 3050 est
1998 3025 2060 3050 ibid.
2080 3033 2105 3051 r.
2132 3025 2169 3051 14.

1416 3070 1426 3085 ⁵
1446 3068 1508 3093 Cod.
1530 3069 1546 3093 F
1566 3070 1604 3094 est
1623 3068 1703 3094 etiam
1721 3068 1862 3101 origyinalis
1879 3068 1990 3101 pcccati.

1416 3113 1426 3129 6
1446 3112 1495 3137 Cfr.
1519 3112 1636 3144 August.‚
1666 3113 1690 3136 in
1719 3112 1787 3137 toan.
1816 3112 1913 3144 Evang.
1941 3116 1969 3138 tr.
1991 3113 2032 3138 30.
2060 3120 2083 3137 n.
2111 3113 2138 3144 ὃς
2166 3113 2298 3145 Βθ1’11θι·(].,

1346 3157 1427 3181 Serm.
1448 3158 1471 3181 2.
1501 3157 1525 3180 in
1554 3157 1698 3181 circumcis.
1727 3156 1841 3186 Domini,
1872 3164 1896 3181 n.
1921 3158 1939 3182 1.
1969 3164 2037 3189 seq.;
2058 3158 2098 3182 hic
2118 3157 2151 3182 11ῖ,
2172 3158 2297 3189 Magistri,

1346 3207 1367 3226 c.
1388 3201 1411 3232 0,
1431 3203 1456 3225 et
1476 3200 1500 3225 ll.
1521 3201 1589 3225 Sont.
1609 3200 1635 3225 d.
1655 3200 1696 3225 31.
1717 3208 1739 3225 a.
1765 3201 1783 3225 1.
1804 3208 1828 3233 q.
1850 3202 1874 3226 3.

1416 3243 1427 3260 ⁷
1446 3244 1520 3269 Vers.
1541 3244 1581 3268 23.

1416 3287 1427 3303 8
1447 3287 1512 3312 Vide
1531 3294 1610 3319 supra
1630 3295 1689 3319 pag.
1710 3288 1751 3313 38.
1772 3291 1830 3313 nota
1854 3290 1892 3313 12.

1417 3331 1427 3347 ⁴³
1445 3330 1507 3356 Cod.
1528 3332 1545 3356 E
1564 3330 1613 3357 sab
1631 3333 1777 3365 praecepto.
1800 3333 1906 3358 Inferius
1926 3335 1984 3364 post
2002 3332 2026 3358 si
2043 3332 2118 3358 *altra
2132 3332 2188 3358 cod.
2206 3333 2221 3357 F
2235 3339 2297 3364 sup-

1346 3375 1398 3406 plet
1416 3374 1502 3400 illum.

2331 1611 2365 1632 Ad
2379 1614 2460 1638 quaest.

2318 1638 2344 1659 de
2360 1640 2461 1665 tempore.

2314 1875 2347 1896 Ad
2357 1880 2414 1901 argg.
2419 1880 2456 1901 pro

2326 1904 2386 1931 parte
2395 1907 2457 1927 nega-

2328 1931 2376 1948 tiva.

2316 2348 2436 2370 Distinetio.

2316 2454 2386 2475 Ratio.
