2483 3882
704 243 798 274 DlST.
822 241 949 274 xxxix.
974 242 1055 274 ΛΒΤ.
1080 242 1100 274 Ι.
1126 242 1278 283 QUAEST.
1303 243 1348 274 IV.

45 336 89 365 est
113 331 272 363 vinculum
298 334 368 363 ante
390 331 582 372 baptismum
601 331 819 372 imperfectum
837 334 867 362 et
883 340 992 362 sccun-

45 385 120 416 dum
144 383 241 426 quid,
260 386 328 424 post
346 383 536 424 baptismum
555 392 629 415 vero
646 386 693 415 cst
709 383 899 424 perfectum:
918 391 993 424 ergo

43 445 102 469 non
127 436 219 468 dehet
243 445 342 467 unum
367 435 455 467 alteri
482 435 722 467 connumerari:
749 445 823 476 ergo
847 439 904 468 etc.

130 488 273 520 CONTRA:
302 489 328 519 1.
353 488 545 528 Augustinus
569 497 664 529 super
690 488 856 529 Epistulam
885 488 924 520 ad
949 488 994 520 Ti-

0 541 147 574 uta-tun111
179 540 268 581 «Qui
292 544 363 572 ante
395 540 586 581 baptismum
612 540 722 573 hahuit
750 549 846 572 unam
871 543 901 572 et
925 543 994 581 post

0 1982 28 1997 [lS.

0 2299 31 2315 ΓΟ-

43 593 233 635 haptismum
257 592 368 624 habuit
391 592 483 624 aliam
509 601 570 624 ΠοΠ
595 596 642 624 est
659 592 855 634 reputandus
877 592 933 624 nisi
952 592 995 624 bi-

43 654 198 688 gamus».
698 673 713 678 ,⁷

130 699 159 729 Ξ).
185 698 277 736 item,
301 697 360 729 hoc
385 697 511 729 videtur
534 696 664 728 ratione
689 697 784 729 sua2:
809 709 823 725 «
840 697 871 728 ln
898 697 994 738 bapti-

44 753 140 784 smate
164 750 296 782 crimina
319 749 496 788 abolentur,
513 758 574 781 ΠοΠ
592 749 622 781 id
641 749 724 791 quod
748 750 915 781 honestum
932 752 992 788 est,

42 806 149 845 utpote
172 802 343 835 foederatio
368 801 540 844 coniugalis
556 813 586 833 »z
605 810 679 843 ergo
704 802 728 834 si
753 811 813 834 non
839 802 992 840 aboletur,

43 855 147 888 adhuc
179 858 301 893 manet,
333 857 364 887 et
395 855 552 887 iudicatur
584 855 642 887 iste
665 855 762 887 fuisse
786 855 991 896 coniugatus:

43 917 116 949 ergo
141 907 165 940 si
190 907 304 939 iterum
330 907 511 946 contrahat,
535 911 582 939 est
605 907 794 939 iudicandus
819 907 973 948 bigamus.

130 960 158 991 3.
186 960 277 998 item,
302 959 406 1001 virgo,
435 969 516 1001 quae
540 963 691 1001 corrupta
714 960 772 992 fuit
796 968 890 992 carne
921 962 992 991 ante

41 1013 250 1055 baptismum,
268 1021 392 1054 semper
416 1016 486 1054 post
507 1013 665 1045 iudicatur
689 1016 839 1054 corrupta
863 1016 892 1045 et
917 1022 993 1044 nun-

43 1074 136 1108 quam
162 1065 275 1107 poterit
298 1065 378 1097 inter
403 1065 541 1106 virgines
565 1065 760 1104 consecrari,
778 1069 808 1097 et
825 1066 900 1104 hoc,
919 1066 992 1107 quia

41 1118 167 1150 amissio
192 1117 378 1158 virginitatis
402 1118 529 1158 respicit
553 1117 670 1160 aliquid
696 1127 735 1150 ex
760 1121 850 1159 parte
874 1118 991 1155 carnis,

42 1171 124 1213 qnod
144 1179 303 1212 nunquam
322 1175 424 1212 potest
439 1171 620 1212 recuperari
636 1183 642 1202 :
668 1180 743 1212 ergo
767 1180 839 1203 cum
857 1171 992 1213 bigamia

41 1223 188 1266 respiciat
211 1223 395 1256 divisionem
421 1224 542 1263 carnis,
567 1224 672 1265 patet³
696 1228 754 1256 etc.

129 1277 158 1308 lt.
184 1277 277 1315 item,
302 1277 326 1308 si
352 1276 528 1317 baptizatus
552 1276 634 1318 apud
670 1276 844 1308 haereticos
877 1276 990 1308 iterum

41 1329 234 1371 baptizetur,
259 1332 412 1370 quantum
438 1332 483 1361 est
507 1329 538 1360 in
563 1338 611 1367 se,
638 1329 729 1361 iterat
753 1329 945 1370 baptismum
963 1331 993 1360 et

41 1382 220 1424 puniendus
244 1384 291 1413 est
315 1381 504 1422 poenitentia
522 1381 725 1423 rebaptizati:
744 1390 818 1423 ergo
835 1390 906 1413 cum
925 1390 994 1413 con-

41 1435 163 1477 iugium
188 1434 228 1467 sit
252 1443 361 1467 verum
388 1435 472 1476 apud
498 1434 679 1473 infideles⁴¹,
705 1434 757 1476 qui
782 1434 896 1466 iterum
925 1443 993 1466 con-

41 1487 137 1521 trahit
160 1487 253 1519 iterat
278 1487 530 1519 matrimonium:
556 1496 630 1529 ergo
647 1497 707 1520 non
725 1491 826 1529 potest
850 1496 918 1520 esse
934 1488 992 1520 nisi

41 1541 195 1583 bigamus.

394 1655 634 1678 CONCLUSIO.

106 1750 171 1790 Qui
193 1749 360 1782 contrahit
382 1750 636 1782 matrimonium
661 1761 736 1783 cum
761 1761 831 1783 uua
855 1757 930 1783 ante

52 1802 263 1845 baptismum,
277 1812 351 1834 cum
370 1802 440 1835 ulia
452 1807 527 1844 post
544 1803 741 1845 baptismum
760 1808 806 1836 est
823 1804 985 1846 bigamus.

132 1909 333 1941 Ruspounno:
362 1908 553 1948 Dicendum,
578 1909 663 1951 quod
680 1910 761 1942 sicut
777 1918 928 1952 expresse
944 1920 995 1953 ap-

42 1966 148 2004 paret,
174 1962 380 2002 Hieronymus
404 1965 434 1994 et
454 1962 647 2003 Augustinus
664 1962 715 1995 hic
731 1963 860 1995 fuerunt
876 1968 995 1996 contra-

42 2014 88 2047 rie
112 2015 250 2056 opinati,
274 2018 305 2047 et
329 2015 385 2047 nisi
412 2015 483 2056 quis
500 2015 575 2047 velit
592 2015 792 2057 distorquere
810 2016 915 2055 verba,
933 2026 994 2049 non

43 2068 151 2107 video,
176 2068 334 2109 quomodo
356 2068 475 2109 possint
498 2068 608 2100 reduci
633 2069 672 2100 ad
697 2069 906 2101 concordiam.
924 2070 995 2103 Ideo

43 2120 125 2153 enim
150 2121 180 2152 in
206 2121 265 2153 hoc
293 2120 474 2153 hahuerunt
506 2121 667 2162 opiniones
699 2122 888 2161 contrarias,
922 2123 996 2165 quia

42 2174 162 2207 fundati
189 2178 262 2206 sunt
286 2183 381 2215 super
405 2174 540 2206 diversa.

41 2264 44 2267 Δ
132 2227 338 2268 Hieronymus
362 2227 446 2259 enim
471 2227 587 2267 voluit,
611 2228 695 2269 quod
718 2229 819 2260 omnis
843 2229 907 2261 vita
931 2229 996 2261 infi-

44 2279 161 2313 delium
187 2283 269 2312 esset
292 2280 401 2321 culpa,
418 2284 449 2312 et
465 2280 548 2322 quod
566 2281 804 2313 matrimonium
821 2282 995 2314 infidelium

43 2333 82 2366 ad
108 2336 246 2365 veterem
271 2333 430 2365 hominem
448 2334 636 2375 pertineret,
655 2338 685 2366 et
701 2334 775 2376 quia
791 2335 822 2366 in
840 2335 996 2377 baptismo

45 2386 249 2428 exspoliatur
266 2390 357 2418 vetus
380 2385 473 2418 ltomo
498 2396 573 2418 cum
597 2387 727 2419 actibus
743 2388 826 2426 suis,
844 2392 874 2420 ctv
889 2388 997 2420 indui-

44 2430 101 2471 tur
126 2439 274 2471 novus&
299 2439 372 2471 hinc
396 2443 459 2485 est,
484 2440 566 2480 quod
593 2440 691 2479 dixit,
717 2441 801 2482 qnod
827 2441 908 2473 sicut
931 2451 998 2482 pec-

43 2494 113 2532 cata
145 2491 314 2533 praeterita
347 2491 394 2524 isti
428 2500 488 2524 ΠοΠ
515 2492 712 2534 imputantur
736 2502 793 2526 nec
817 2497 997 2535 computan—

46 2547 98 2576 tur
107 2557 114 2582 ;
141 2544 184 2576 sic
208 2544 301 2576 etiam
327 2553 384 2576 nec
409 2544 563 2586 coniugia.

1943 244 2007 276 837

1146 330 1337 371 Augustinus
1362 339 1436 362 vero
1461 331 1581 372 posuit,
1614 331 1697 372 quod
1731 331 1873 372 coniugia
1903 331 2009 363 infide-

1058 382 1150 423 lium,
1169 382 1225 414 etsi
1243 392 1303 414 non
1329 386 1432 414 essent
1449 382 1625 421 meritoria,
1644 392 1703 414 non
1722 386 1825 415 tamen
1842 387 1931 415 erant
1948 383 2011 415 cul-

1057 435 1190 476 pabilia,
1215 435 1311 467 immo
1336 440 1424 467 crant
1442 436 1525 467 licita
1542 439 1572 468 et
1589 436 1678 467 bona.
1699 437 1733 468 Et
1749 436 1808 468 hoc
1825 439 1918 477 patet,
1936 436 2010 478 qnia

1058 488 1209 519 Dominus
1235 489 1406 527 instituit⁶‚
1432 492 1462 521 et
1487 489 1534 520 ius
1564 489 1706 521 naturale
1738 489 1851 528 dictat,
1881 493 1911 521 et
1935 489 2011 522 ulte-

1058 540 1125 572 rius
1150 540 1312 581 Apostolus
1337 541 1518 580 contirmat,
1543 542 1596 583 qui
1632 541 1723 580 dicit,
1745 550 1879 574 uxorem
1904 542 2012 575 infide-

1059 592 1119 623 lem
1145 602 1206 624 non
1230 601 1298 625 esse
1323 593 1562 632 dimittendam3
1586 597 1616 626 et
1641 594 1714 635 quia
1730 594 1813 626 licita
1831 598 1920 634 sunt,
1939 595 2011 627 hinc

1058 649 1114 683 est,
1128 645 1212 686 quod
1230 654 1286 686 per
1305 646 1494 687 baptismum
1512 655 1572 678 non
1591 647 1745 679 dolentur.
1759 665 1802 670 —-
1816 647 1850 679 Et
1862 648 2010 689 quoniam

1058 697 1249 737 Augustinus
1273 698 1386 730 melius
1410 699 1521 731 habuit
1549 699 1788 732 fundamentum
1821 704 1851 732 et
1882 701 2010 740 verius;

1059 749 1131 781 hinc
1154 753 1219 789 est,
1243 751 1327 792 quod
1361 751 1468 784 verius
1491 756 1522 784 et
1546 753 1652 785 sanius
1682 753 1783 791 dixit;
1808 757 1838 785 et
1863 753 1932 786 ideo
1964 763 2010 786 ca-

1058 811 1154 834 nones
1179 803 1322 843 positioni
1348 805 1508 844 Augustini
1535 805 1741 845 concordant,
1766 809 1796 838 et
1820 806 1899 838 illud
1927 816 2011 839 nunc

1058 857 1142 887 tenet
1166 855 1317 894 Ecclesia,
1342 857 1426 897 quod
1452 857 1686 890 matrimonium
1719 863 1789 891 ante
1818 859 2011 901 baptismum

1058 910 1255 939 contractum
1281 917 1351 940 cnm
1377 918 1457 948 una,
1476 913 1505 941 et
1528 913 1598 951 post
1622 910 1812 952 baptismum
1839 920 1911 944 cum
1936 911 2011 951 alia,

1057 960 1130 991 facit
1154 959 1314 1001 bigamum
1326 987 1333 999 ‚
1351 961 1431 993 sicut
1447 971 1597 1003 expresse
1614 963 1729 995 dicitur
1746 964 1942 997 distinctione
1959 965 2013 996 tri-

1058 1012 1177 1053 gesima
1193 1017 1306 1054 quarta
1318 1014 1348 1044 ⁷:
1373 1026 1386 1043 (ι
1404 1015 1432 1045 Si
1451 1015 1521 1056 quis
1540 1015 1667 1047 viduam
1679 1042 1686 1055 ,
1704 1016 1774 1049 licet
1792 1017 1899 1056 laicus,
1914 1017 2012 1050 duxe-

1058 1065 1098 1096 rit
1115 1074 1260 1104 uxorem,
1275 1075 1330 1098 seu
1344 1070 1415 1099 ante
1433 1067 1635 1108 baptismum,
1649 1078 1703 1100 sen
1718 1073 1787 1110 post
1805 1070 2010 1111 baptismum,

1057 1127 1118 1149 non
1145 1118 1330 1150 admittatur
1361 1120 1400 1151 ad
1426 1120 1556 1152 clerum.
1583 1121 1612 1152 in
1638 1121 1823 1162 baptismate
1847 1123 1929 1154 enim
1954 1123 2012 1155 cri-

1056 1170 1141 1202 mina
1165 1171 1385 1210 dimittuntur,
1410 1181 1470 1204 non
1499 1177 1644 1214 acceptae
1676 1175 1787 1206 uxoris
1819 1176 2010 1207 consortium

1056 1223 1220 1255 relaxatur
1236 1236 1266 1255 ».

1149 1277 1176 1308 t.
1202 1278 1231 1308 ⁹2.
1256 1277 1298 1309 Ad
1325 1277 1402 1309 illud
1428 1287 1502 1319 ergo
1526 1279 1610 1320 quod
1635 1279 1737 1320 primo
1758 1280 1904 1312 obiicitur
1921 1285 1951 1313 et
1967 1290 2012 1313 se-

1058 1329 1178 1368 cundo,
1204 1329 1391 1368 dicendum,
1416 1331 1499 1372 quod
1526 1331 1604 1363 illud
1630 1331 1688 1363 iam
1708 1332 1845 1364 solutum
1864 1337 1919 1372 est,
1938 1334 2011 1375 quia

1059 1390 1115 1414 nec
1139 1382 1310 1414 auctoritas
1336 1383 1510 1424 Hieronymi
1537 1383 1587 1416 hic
1612 1384 1706 1416 hahet
1730 1385 1829 1417 robur
1853 1394 1909 1418 nec
1934 1386 2012 1418 ratio

1059 1443 1131 1472 sua;
1156 1435 1240 1467 unde
1264 1435 1421 1477 opinando
1446 1436 1544 1475 dixit,
1571 1446 1629 1468 non
1655 1438 1835 1469 asserendo.

1148 1487 1177 1519 3.
1203 1488 1246 1519 Ad
1271 1488 1348 1519 illud
1374 1489 1458 1530 quod
1484 1489 1629 1520 obiicitur
1654 1490 1692 1521 de
1714 1490 1858 1522 ordinato
1874 1495 1945 1523 ante
1962 1491 2012 1523 ba-

1059 1541 1208 1582 ptismum
1235 1546 1266 1573 et
1290 1545 1376 1583 post,
1408 1542 1595 1581 dicendum,
1625 1543 1708 1584 quod
1734 1553 1794 1574 non
1819 1547 1865 1576 est
1889 1544 2010 1576 simile:

1059 1593 1133 1635 quia
1158 1593 1188 1625 in
1213 1594 1323 1625 ordine
1348 1594 1541 1635 imprimitur
1565 1595 1745 1633 character,
1762 1596 1814 1637 qui
1833 1605 1893 1628 non
1912 1600 2013 1637 potest

1059 1646 1152 1678 alicui
1182 1647 1268 1685 dari,
1293 1647 1351 1679 nisi
1384 1647 1498 1679 habeat
1528 1647 1742 1680 characterem
1775 1649 2011 1690 baptismalem,

1060 1700 1142 1732 sicut
1165 1700 1196 1731 in
1221 1700 1506 1741 praecedentibus⁵3
1531 1700 1698 1742 probatum
1723 1705 1770 1733 est
1787 1705 1817 1733 et
1833 1706 2012 1741 ostensum,

1060 1753 1145 1785 unde
1168 1753 1222 1794 qui
1247 1752 1413 1784 ordinatur
1444 1757 1515 1785 ante
1544 1753 1735 1795 baptismum
1762 1763 1822 1785 non
1857 1758 1904 1786 est
1934 1755 2014 1787 ordi-

1059 1808 1169 1837 natus:
1195 1805 1283 1844 ideo,
1308 1814 1381 1837 cum
1405 1806 1570 1838 ordinatur
1595 1810 1664 1848 post
1689 1807 1898 1848 baptismum,
1915 1807 2012 1840 semel

2023 339 2087 369 Ratio
2099 340 2171 366 Augu-

2039 368 2097 386 sttui.

2027 865 2145 886 Conclusio.

2039 1286 2121 1307 Solutio
2136 1292 2174 1313 op-

2026 1313 2151 1340 positorum.

1060 1860 1183 1889 tantum
1208 1861 1254 1889 est
1279 1858 1452 1890 ordinatus.
1477 1858 1541 1890 Non
1568 1859 1611 1891 sic
1643 1863 1691 1891 est
1722 1859 1760 1892 de
1792 1861 2029 1900 matrimonio,

1061 1910 1134 1952 quia
1158 1910 1240 1943 enim
1259 1910 1301 1942 ibi
1318 1920 1380 1943 non
1398 1911 1591 1952 imprimitur
1616 1912 1797 1952 character,
1823 1913 1892 1945 ideo
1914 1918 2015 1955 potest

1061 1963 1201 1995 contrahi
1236 1967 1308 1996 ante
1339 1964 1549 2005 baptismum,
1582 1968 1612 1997 et
1644 1968 1715 1997 ante
1751 1965 1937 2007 coniugatus
1968 1970 2015 1999 est

1061 2026 1155 2058 quam
1182 2017 1366 2058 baptizatus.

1149 2071 1179 2102 A.
1205 2071 1247 2103 Ad
1272 2070 1351 2102 illud
1375 2071 1460 2112 quod
1485 2071 1649 2110 obiicitur,
1670 2072 1754 2113 quod
1771 2076 1818 2104 est
1833 2073 2015 2104 sectandum

1061 2124 1164 2167 quui,-
1189 2124 1376 2162 dicendum,
1401 2124 1482 2165 quod
1510 2124 1628 2165 duplex
1655 2128 1701 2156 est
1717 2125 1898 2157 secundum
1915 2125 2013 2168 quid.-

1061 2186 1179 2214 unum,
1204 2177 1287 2217 quod
1318 2176 1464 2208 diminuit
1496 2176 1535 2208 ab
1568 2177 1667 2215 essffl,
1700 2177 1786 2209 aliud
1811 2178 1896 2219 quod
1929 2178 2016 2210 dimi-

1062 2230 1130 2261 nuit
1154 2229 1193 2261 ab
1217 2239 1284 2261 esse
1303 2228 1457 2271 perfecto.
1491 2229 1648 2268 Primum,
1682 2230 1763 2271 quod
1799 2230 1945 2262 diminuit
1976 2230 2015 2262 ab

1062 2291 1139 2320 csse,
1164 2291 1226 2313 non
1251 2281 1337 2323 ponit
1362 2282 1390 2312 in
1416 2290 1607 2320 nnmerum,
1632 2291 1704 2313 cnm
1729 2282 1812 2314 enim
1838 2292 1898 2313 non
1924 2283 2016 2324 parti-

1062 2336 1143 2376 cipet
1167 2344 1252 2373 esse,
1277 2344 1338 2366 non
1363 2338 1465 2376 potest
1486 2336 1705 2367 connumerari
1732 2335 1784 2367 alii
1809 2336 1839 2367 in
1865 2336 1918 2367 illo
1937 2345 2012 2367 esse.

1063 2388 1152 2420 Aliud
1184 2397 1260 2420 vero
1284 2392 1406 2429 potest;
1431 2391 1461 2419 et
1486 2388 1545 2419 tale
1569 2391 1616 2420 est
1640 2387 1874 2419 matrimonium
1910 2387 2016 2420 infide-

1062 2441 1158 2480 lium,
1183 2441 1267 2482 quod
1292 2441 1419 2482 quidem
1447 2441 1539 2473 hahet
1564 2441 1715 2472 rationem
1740 2441 1874 2482 coniugii
1896 2445 1926 2472 et
1943 2440 2015 2472 desi-

1062 2493 1230 2532 nitionem,
1264 2493 1334 2526 licet
1366 2503 1425 2525 non
1450 2494 1564 2526 habeat
1589 2494 1618 2524 in
1646 2497 1729 2525 tanta
1753 2493 1958 2534 perfectione,
1984 2494 2013 2525 in

1062 2551 1178 2589 quanta
1204 2547 1298 2579 habet
1323 2547 1557 2579 matrimonium
1584 2546 1725 2578 fidelium
1741 2547 1770 2577 ¹⁰.

117 2716 125 2732 ¹
146 2717 179 2741 lta
200 2717 328 2742 indicatur
346 2720 371 2742 et
389 2718 499 2744 retertur
518 2725 532 2743 a
552 2719 686 2751 Gratiano,
708 2719 735 2745 C.
755 2720 868 2747 Acutius
886 2726 949 2746 vero
963 2719 1000 2745 in-

47 2759 169 2794 telliyzmt
197 2761 258 2794 (2.),
288 2761 314 2787 C.
344 2762 386 2786 28.
415 2769 440 2794 q.
470 2762 494 2787 3.
519 2763 674 2788 Sententiam
695 2763 798 2789 exhibet
817 2764 940 2795 August.,
967 2764 1000 2789 de

47 2804 118 2831 Bono
138 2805 280 2837 coniugali,
301 2812 322 2830 c.
345 2806 384 2830 118.
405 2813 430 2830 n.
451 2807 496 2838 21,
524 2806 555 2831 de
577 2814 627 2839 qua
647 2807 708 2832 vido
728 2807 754 2833 C.
775 2807 886 2834 Acutius
905 2807 1001 2834 iutelli-

46 2849 116 2881 yunt
133 2848 193 2881 (2.),
215 2849 238 2874 (1.
260 2850 301 2874 26.
322 2852 346 2874 et
365 2850 481 2875 Glossam
511 2849 680 2876 ordinariam
708 2852 733 2876 in
759 2852 807 2877 Tit.
830 2853 858 2884 11,
879 2853 903 2877 6.
930 2851 1001 2883 apud

48 2891 168 2917 Strabum
188 2894 213 2917 et
231 2893 371 2924 Lyn-annm.

117 2935 128 2951 2
147 2935 261 2967 Atlegata
281 2937 305 2961 in
326 2940 476 2968 praenotato
505 2937 531 2963 C.
560 2937 673 2964 Acutius
698 2945 760 2964 vero
779 2938 951 2972 inteltiqunt:
975 2939 1000 2962 ln

49 2977 201 3009 baptismate
229 2980 297 3004 euim
327 2981 434 3005 crimina
461 2981 611 3013 abolentur,
640 2990 690 3008 non
720 2982 860 3008 foederatio
889 2982 1001 3013 coniugii

49 3021 206 3048 dissolvitur.
232 3023 281 3049 Cir.
307 3025 383 3049 etiam
410 3025 451 3049 hic
476 3025 510 3050 lit.
536 3026 656 3058 Magistri,
678 3033 699 3051 c.
726 3026 749 3051 5.
770 3040 805 3044 —-
824 3026 871 3051 Pro
896 3032 951 3051 uon
975 3024 1003 3051 id

50 3066 105 3091 cod.
126 3067 147 3091 K
169 3067 187 3097 (l
208 3074 222 3092 a
241 3067 355 3092 secunda
378 3070 467 3100 manu)
481 3075 536 3094 nou
554 3071 658 3101 aulem,
675 3070 747 3095 multi
768 3070 844 3094 codd.
864 3076 918 3095 non
937 3069 1001 3096 ideo.

117 3109 128 3126 3
148 3110 215 3136 Haec
243 3112 306 3137 ratio
336 3113 449 3143 tangitur
477 3112 510 3138 ab
540 3114 648 3145 August,
676 3114 702 3137 in
731 3113 758 3138 C.
778 3112 890 3139 Acutius
910 3112 1002 3139 intelli-

49 3154 117 3186 gunt
134 3153 195 3186 (2.),
216 3155 240 3180 d.
262 3156 305 3191 Q
316 3170 351 3174 ——
365 3157 414 3182 Pro
433 3156 587 3182 consecrari
605 3157 664 3182 cod.
685 3157 703 3181 E
724 3156 881 3189 computari.

119 3197 129 3213 ⁴
148 3197 199 3223 Csr.
219 3206 299 3230 supra
318 3207 342 3231 q.
364 3201 388 3225 2.
408 3203 432 3226 et
452 3201 477 3225 3.
497 3214 533 3218 —
552 3201 587 3225 Do
607 3199 708 3226 ‘maiori
725 3201 786 3225 vide
806 3207 884 3232 supra
905 3201 938 3226 lit.
954 3202 1001 3226 Ma-

49 3242 135 3273 gistri,
155 3242 180 3267 d.
201 3243 243 3268 Vl.
263 3251 284 3268 c.
305 3245 328 3269 2.
349 3247 374 3269 et
393 3244 419 3269 C.
443 3244 494 3275 Qui
519 3243 557 3270 bis
586 3243 744 3277 ignoranter
764 3244 860 3277 (tt7.)‚
880 3252 942 3277 seq„
970 3246 1003 3271 de

50 3283 194 3312 Consecrat.
214 3287 240 3311 d.
260 3287 285 3313 4.

119 3329 130 3345 ⁵
149 3330 293 3362 Respicitur
313 3331 364 3357 Col.
387 3333 417 3363 3,
440 3333 465 3356 9.
486 3339 542 3363 seq.
556 3346 589 3349 —
602 3332 728 3363 Superius
742 3332 799 3357 voci
814 3331 894 3365 culpa
907 3333 965 3358 cod.
985 3333 1002 3356 Ρ

50 3375 188 3404 praemittit
207 3381 275 3400 cum.

1134 2720 1145 2736 ⁶
1166 2720 1231 2745 Vide
1251 2727 1328 2750 snpra
1351 2719 1376 2744 d.
1396 2720 1437 2744 26.
1458 2727 1479 2743 a.
1502 2719 1523 2743 vl.
1544 2726 1570 2751 q.
1593 2719 1615 2743 2.
1637 2733 1669 2736 —-
1689 2719 1816 2744 Sententia
1836 2718 1956 2750 Apostoli
1975 2720 2015 2744 lia-

1066 2764 1140 2789 betur
1161 2764 1176 2788 l.
1197 2763 1253 2789 Cor.
1274 2764 1304 2795 7,
1332 2764 1368 2788 12.
1388 2770 1442 2795 seq.
1463 2762 1513 2788 Csr.
1535 2764 1575 2787 liic
1594 2762 1628 2787 lit.
1649 2763 1777 2794 Magistri,
1797 2770 1818 2788 c.
1838 2763 1862 2787 7.

1135 2807 1145 2823 ⁷
1165 2807 1225 2832 Can.
1251 2808 1293 2838 13,
1314 2806 1358 2831 ubi
1379 2809 1461 2831 textus
1480 2806 1611 2837 originalis
1641 2809 1698 2837 post
1717 2805 1819 2832 clerum
1838 2806 1927 2831 addit:
1953 2806 2016 2840 qula

1065 2851 1154 2877 eodem
1174 2850 1235 2876 vilio
1257 2849 1359 2876 ciclum·
1377 2849 1513 2875 morasus.

1135 2894 1146 2911 8
1166 2895 1225 2919 [list.
1247 2894 1287 2918 24..
1309 2901 1333 2925 p.
1354 2894 1379 2918 lt.
1400 2901 1421 2918 a.
1444 2895 1465 2917 ,L
1488 2901 1511 2925 q.
1533 2894 1556 2918 3.
1577 2893 1608 2917 ad
1632 2894 1654 2918 l.
1673 2907 1709 2911 —
1728 2894 1853 2925 Superius
1873 2893 1962 2925 proin
1976 2901 2016 2920 oi·-

1065 2938 1125 2964 dt'ue
1143 2938 1202 2963 cod.
1224 2945 1251 2963 aa
1272 2937 1301 2963 iu
1320 2936 1494 2963 ordinatione.

1136 2982 1146 2998 ‘³
1168 2983 1231 3007 l'etr.
1252 2982 1372 3013 Hispan,
1395 2981 1522 3006 Summnl.
1546 2984 1575 3005 tr.
1605 2980 1635 3006 [lc
1663 2980 1800 3013 Fallacc'is,
1832 2982 1954 3006 fallaciam
1980 2988 2016 3007 se-

1067 3025 1186 3051 cundum
1214 3024 1278 3057 quid
1302 3024 1338 3050 (er
1361 3024 1515 3057 simpliciter
1535 3025 1664 3056 (Aristot.‚
1686 3025 1700 3049 Ι.
1721 3025 1822 3049 Elencli.
1843 3033 1863 3049 tt.
1886 3024 1920 3056 4.)
1940 3025 2016 3056 expli-

1067 3077 1127 3095 cans
1157 3071 1206 3094 ait:
1236 3070 1335 3094 Dictum
1365 3068 1511 3095 secundum
1531 3068 1595 3101 quid
1614 3069 1758 3100 appellatur
1778 3070 1819 3094 liic
1838 3069 2015 3095 determinatio

1067 3114 1214 3138 diminuens
1233 3113 1266 3138 de
1285 3113 1382 3137 ratione
1406 3113 1446 3137 vel
1468 3112 1500 3137 de
1519 3118 1574 3137 csse
1593 3113 1649 3137 cius
1668 3113 1708 3137 cni
1729 3112 1889 3144 adiungitur,
1909 3116 1937 3138 ut
1956 3120 2015 3138 cum

1067 3157 1125 3182 [lico
1144 3157 1222 3183 homo
1241 3157 1379 3188 mortuus,
1402 3156 1437 3181 ibi
1456 3157 1594 3182 mortuum
1613 3156 1733 3181 diminuit
1745 3157 1777 3182 de
1791 3157 1888 3182 rationo
1901 3156 2015 3184 hominis

1067 3202 1188 3232 (Aristot.‚
1204 3201 1243 3225 tv.
1260 3202 1361 3225 Metcor.
1382 3203 1439 3225 text.
1454 3200 1495 3225 54.
1515 3207 1537 3225 c.
1553 3201 1601 3226 ι12ε
1620 3210 1631 3223 α
1645 3201 1760 3226 Mortuus
1780 3202 1857 3226 homo
1876 3201 2016 3235 aequivoce

1068 3244 1171 3278 [homo]
1186 3252 1209 3275 »3
1230 3245 1299 3269 idem
1325 3243 1385 3269 dicit
1411 3244 1442 3268 do
1468 3245 1571 3269 homine
1597 3245 1679 3276 picto,
1700 3244 1731 3270 de
1751 3245 1908 3270 Praedicam.
1929 3253 1949 3271 c.
1972 3246 2014 3278 =l.).

1067 3288 1116 3313 Ctr.
1139 3291 1198 3313 torn.
1221 3288 1256 3312 lll.
1277 3295 1336 3319 pag.
1357 3287 1421 3319 258,
1443 3291 1499 3313 nota
1521 3289 1544 3313 ²2,

1138 3331 1159 3347 ¹⁰
1181 3332 1246 3357 Vide
1266 3332 1381 3357 scholion
1401 3332 1434 3357 ad
1455 3333 1478 3357 st.
1497 3333 1574 3358 huius
1593 3333 1691 3358 articuli
1712 3337 1809 3365 quaest.

2063 2129 2145 2155 Duplex

2030 2156 2145 2176 secundum

2031 2181 2088 2208 quid.
