2483 3882
726 235 819 267 DIST.
844 235 943 266 XXIII.
967 234 1048 266 ART.
1072 234 1093 265 1.
1117 233 1270 275 QUAEST.
1295 233 1341 266 IV.

54 325 240 361 Sacramenti
260 324 373 356 tradita
390 327 436 356 est
453 332 509 365 per
526 324 697 355 orationem
716 323 960 364 deprecativam
974 322 998 353 ¹:

54 389 126 422 ergo
150 387 209 410 non
233 377 359 409 videtur
376 376 596 408 convenienter
612 376 785 417 assignata,
803 378 857 406 aut
875 384 934 406 non
952 378 999 407 est

52 434 167 470 forma,
191 430 337 472 quoniam
362 429 562 461 Sacramenta
586 437 684 460 novae
707 428 782 469 legis
800 427 998 459 certitudina-

53 486 122 518 liter
144 485 263 525 ponunt
287 490 380 513 suum
407 481 571 512 effectum:
598 489 672 521 ergo
689 489 746 521 per
763 479 934 511 orationem
953 479 999 510 in-

54 536 229 570 dieatt'vam
254 534 368 566 debent
397 533 551 574 exprimi,
577 542 637 564 non
663 541 719 573 per
744 531 997 573 deprecativam.

137 589 166 619 li.
192 587 284 625 item,
320 586 493 618 secundum
527 585 653 617 beatum
687 583 858 616 ΙῖὶοοοῖῖῖΠ2
891 583 998 615 oratio

51 640 127 684 fidei
148 642 195 671 est
219 639 271 670 illa
295 647 375 680 quae
399 641 446 669 est
469 637 664 669 necessaria:
691 637 716 668 si
740 645 814 677 ergo
835 636 935 667 oratio
952 638 999 667 est

51 694 89 726 ad
112 693 228 730 Deum,
253 694 283 723 et
306 691 346 722 ad
370 691 470 722 Deum
494 693 604 721 oratur
630 689 742 721 melius
759 689 877 730 gemitu
894 688 998 720 cordis

52 754 143 788 quam
169 752 242 776 voce
265 743 329 774 oris
342 755 350 780 ;
375 742 517 781 videtur,
542 742 625 783 quod
643 742 682 773 ad
701 741 790 773 istius
807 740 998 773 Sacramenti

52 797 268 841 perfectionem
294 805 354 827 non
380 798 521 836 oporteat
543 795 663 836 aliquid
680 798 828 826 oretenus
851 792 998 834 exprimi.

137 848 305 890 Quaeritur
329 848 443 888 igitur,
468 847 493 878 si
518 847 650 878 formam
677 846 787 884 habet,
812 848 842 877 et
863 854 943 886 quae
961 845 999 876 sit

0 915 40 937 ⁵150.
54 903 167 939 forma,
192 904 222 932 et
246 909 301 941 per
325 908 419 941 quem
444 899 584 931 modum.

405 1065 644 1089 CONCLUSIO.

136 1191 262 1222 Forma
286 1193 449 1221 extremae
472 1188 637 1221 auctionis
661 1188 842 1220 essentialis
866 1191 913 1219 est

346 1242 454 1274 oratio
479 1241 697 1283 deprecativa.

136 1377 332 1408 RESPONDEOz
351 1374 536 1412 Dicendum,
553 1373 638 1415 quod
655 1373 752 1414 aliqui
770 1372 939 1405 voluerunt
957 1372 1001 1403 di-

50 1438 134 1468 cere,
151 1429 234 1471 quod
252 1428 336 1460 istud
353 1428 590 1460 Sacramentum
608 1435 669 1458 non
687 1426 844 1457 habebat³
864 1425 997 1457 formam

49 1482 134 1515 verbi
151 1481 369 1518 essentialem,
389 1480 443 1512 sed
460 1488 541 1521 quae
558 1479 659 1511 solum
677 1483 745 1511 erat
762 1479 800 1510 de
818 1478 892 1510 bene
913 1487 999 1515 essm

49 1538 78 1568 et
103 1535 171 1567 ideo
195 1543 256 1565 non
280 1534 338 1565 suit
361 1541 513 1574 expressa
544 1541 600 1564 nec
625 1532 656 1563 in
681 1531 816 1563 Ecclesia
841 1531 999 1562 invenitur

50 1588 155 1626 unica,
180 1587 235 1619 sed
259 1587 393 1618 diversa.
419 1604 458 1608 —
482 1585 541 1617 Sed
566 1589 670 1616 tamen
695 1584 774 1616 illud
799 1592 860 1615 non
885 1586 932 1615 est
956 1592 1000 1615 se-

50 1649 159 1673 curum
193 1639 297 1671 dicere
333 1647 390 1671 nec
425 1638 600 1670 secundum
637 1641 761 1669 textum
797 1636 998 1677 scripturae,

50 1702 119 1726 cum
142 1692 174 1724 in
198 1692 288 1724 istius
311 1691 502 1723 Sacramenti
525 1690 718 1722 institutione
744 1689 916 1721 maximam
936 1689 998 1720 vim

50 1743 191 1776 videatur
221 1742 351 1774 lacobus
380 1741 411 1773 in
436 1741 575 1773 oratione
599 1740 789 1773 constituere
813 1743 843 1771 et
867 1739 925 1771 sibi
958 1743 1000 1770 to-

49 1799 110 1828 tam
134 1794 302 1827 efficaciam
334 1794 525 1832 attribuere,
555 1802 627 1825 cum
659 1793 753 1825 dicit:
782 1792 897 1824 Oratio
922 1791 1001 1833 fidei

51 1847 211 1885 salvabit,-
234 1856 294 1879 ΠοΠ
320 1847 414 1879 dicit:
440 1847 555 1878 unctio.
584 1846 699 1878 Oratio
723 1848 830 1877 autem
854 1844 932 1886 sidet
956 1845 999 1877 di-

51 1900 128 1933 citur
151 1909 211 1932 non
236 1899 335 1941 ipsius
360 1898 556 1939 inungentis,
581 1898 634 1930 sed
661 1898 760 1940 ipsius
786 1897 949 1936 Ecclesiae,
967 1897 998 1928 in

50 1954 137 1986 cuius
158 1953 221 1985 fide
244 1952 506 1984 administrantur
530 1951 739 1983 Sacramenta.
766 1951 851 1983 Sicut
875 1960 950 1992 ergo
969 1951 998 1982 in

32 2007 115 2047 =aliis
138 2006 345 2038 Sacramentis
362 2014 423 2037 non
441 2004 556 2037 sufficit
573 2004 667 2036 corde
692 2004 839 2042 credere,
864 2004 922 2036 nisi
945 2004 999 2036 fiat

49 2058 196 2100 professio
221 2060 251 2090 in
277 2058 373 2090 verbo
402 2057 550 2089 exteriori
566 2056 596 2095 ⁴3
621 2057 927 2097 sicintelligendum
953 2059 1000 2088 est

49 2112 115 2150 hic,
137 2111 220 2153 quod
246 2120 306 2142 ΠοΠ
331 2110 446 2143 sufficit
470 2110 569 2142 oratio
592 2110 738 2142 mentalis
763 2110 829 2142 sine
854 2109 963 2142 vocali.

135 2164 169 2196 Et
192 2164 261 2196 ideo
285 2163 386 2195 forma
418 2163 506 2195 verbi
535 2166 581 2195 est
614 2163 652 2194 de
684 2162 862 2203 integritate
894 2163 999 2194 Sacra-

0 2228 8 2247 z.
18 2228 38 2248 ει
51 2217 159 2255 menti,
182 2216 299 2254 forma,
323 2216 470 2257 inquam,
495 2215 602 2253 verbi,
627 2215 801 2247 secundum
835 2214 919 2256 quod
952 2217 999 2246 est

1 2253 37 2274 Μ’
51 2269 229 2310 expressiva
252 2269 401 2300 orationis
426 2268 520 2306 fidei3
545 2271 575 2300 et
599 2268 658 2300 hoc
682 2270 812 2309 propter
837 2267 929 2299 talem
956 2268 999 2299 in-

52 2322 237 2354 stitutionem
262 2322 352 2354 istius
377 2321 578 2353 Sacramenti.

137 2375 219 2407 Unde
244 2379 332 2412 nota,
357 2375 442 2415 quod
466 2377 512 2406 est
535 2374 638 2406 forma
662 2374 768 2412 verbi,
794 2382 874 2415 quae
896 2373 999 2414 expri-

51 2427 104 2458 mit
127 2431 236 2459 aetam
261 2431 291 2459 et
315 2427 522 2458 intentionem
535 2426 546 2442 5
558 2438 569 2464 ;
590 2431 621 2458 et
637 2426 708 2458 talis
731 2429 777 2458 est
794 2435 850 2467 per
869 2425 997 2457 modum

2 2479 264 2511 ror-indicativam
296 2484 326 2511 et
354 2488 415 2511 non
440 2483 487 2511 est
510 2479 549 2511 de
574 2479 764 2511 Sacramenti
790 2478 997 2515 necessitate,

52 2532 104 2564 sed
126 2532 350 2574 congyraacaoe
374 2536 404 2564 et
428 2532 505 2564 haec
537 2532 567 2563 in
599 2531 759 2573 aliquibus
789 2531 923 2562 hahetur
950 2531 1000 2562 Ec-

51 2583 165 2623 clesiiS‚
189 2585 243 2617 sed
267 2594 328 2616 non
352 2584 382 2615 in
409 2585 562 2622 Romana,
587 2592 668 2625 quae
693 2583 831 2614 maxime
854 2583 931 2614 vitat
963 2592 999 2614 ea

52 2645 129 2678 quae
151 2642 282 2678 possunt
305 2646 372 2669 esse
397 2637 518 2669 occasio
548 2636 703 2668 deviandi.
738 2636 771 2667 Et
803 2639 849 2667 est
880 2636 998 2673 forma,

53 2698 130 2731 quae
153 2690 301 2731 exprimit
325 2690 507 2722 orationem
521 2701 532 2727 ,·
549 2692 579 2721 et
596 2689 744 2731 quoniam
762 2688 862 2720 oratio
878 2691 925 2720 est
942 2697 998 2729 per

0 2751 38 2772 οε».
52 2742 177 2775 modum
202 2743 465 2784 deprecativam,
490 2742 560 2774 talis
584 2741 685 2773 forma
702 2745 749 2774 est
766 2741 999 2783 deprecativa,-

53 2797 82 2825 et
104 2794 179 2827 haec
203 2800 249 2827 est
272 2796 311 2827 de
335 2795 518 2827 necessitate
544 2794 736 2827 Sacramenti
761 2794 856 2825 huius
888 2797 918 2825 et
948 2794 999 2825 ha-

0 1438 36 1460 Η.

0 1599 33 1617 tur.

0 1864 37 1880 nm.

1012 1877 1022 1891 l

1952 232 2013 263 595

1064 322 1157 353 betur
1182 322 1212 352 in
1237 320 1383 352 omnibus
1410 320 1570 358 Ecclesiis,
1595 319 1743 361 quoniam
1777 319 1853 351 haec
1877 318 2016 359 tangitur

1064 374 1093 406 in
1119 374 1311 406 institutione
1336 373 1431 405 huius
1468 372 1668 405 Sacramenti.
1707 372 1741 403 Et
1772 371 1920 413 quoniam
1953 379 2014 402 non

1063 425 1253 467 exprimitur
1278 425 1411 463 verbum
1437 425 1707 462 determinatam,
1734 424 1788 456 sed
1814 424 1917 455 solum
1941 432 2014 454 ora-

1063 478 1106 509 tio
1129 477 1229 519 βίηφί,-
1254 478 1322 510 ideo
1348 487 1408 509 non
1433 480 1571 519 oportet,
1596 477 1677 519 quod
1705 477 1743 508 sit
1768 475 1966 508 uniformitas
1984 475 2014 506 in
2029 486 2172 507 eoneius103.

1062 530 1180 562 υθνίιο6
1204 531 1369 568 orationis,
1395 530 1449 562 sed
1474 530 1595 568 solum,
1620 530 1704 571 quod
1729 529 1768 561 sit
1792 529 1822 560 in
1847 538 1954 560 sensa.

1152 582 1189 614 st
1218 586 1324 615 autem
1353 592 1509 625 quaeras,
1534 591 1632 624 quare
1664 582 1694 613 in
1728 583 1786 614 isto
1815 582 2014 614 Sacramento
2030 592 2129 621 Quaestio
2148 591 2174 612 do

1062 636 1166 677 potius
1190 639 1236 667 est
1260 636 1359 667 oratio
1384 636 1422 667 de
1446 636 1581 667 essentia
1610 644 1704 676 quam
1730 635 1760 666 in
1784 634 1866 672 ali03
1891 643 2015 675 respon·
2043 620 2132 638 ‘aum'

1063 687 1156 719 detur
1170 713 1177 725 ,
1202 688 1286 729 quod
1312 687 1390 718 ratio
1415 688 1597 729 principalis
1614 691 1661 719 est
1678 687 1849 718 iiistz'tatt'o.
1868 686 1905 718 St
1920 696 2015 729 qaae-

1062 749 1123 771 ras
1148 740 1299 772 rationem
1337 740 1577 778 iiistt'tatiom‘s,·
1601 740 1660 772 dici
1686 743 1804 781 potest,
1829 739 1913 780 quod
1938 740 2015 771 haec

1063 792 1158 824 habet
1182 793 1333 824 rationem
1367 793 1571 833 congruitatis
1600 793 1815 834 multiplicem.
1842 792 1943 823 Prima
1968 794 2015 823 est
2030 801 2092 822 natio
2107 802 2126 822 ι.

1063 853 1104 876 ex
1129 849 1216 886 parte
1240 845 1468 886 suscipientis,
1493 846 1546 886 qui
1572 849 1700 886 propter
1731 844 1943 876 infirmitatem
1969 848 2015 876 est

1064 897 1255 935 destitutus,
1280 897 1349 929 ideo
1373 897 1513 929 oratione
1534 901 1580 929 est
1598 898 1796 929 relevandus.
1814 916 1856 919 »-
1873 897 2016 929 Secunda
2031 907 2092 928 Ratio
2106 907 2127 927 2.

1064 954 1110 982 est
1134 959 1173 981 ex
1199 953 1288 991 parte
1312 950 1403 981 modi
1425 950 1589 987 curandi,
1612 950 1663 991 qui
1682 954 1728 982 est
1744 959 1800 991 per
1817 949 2015 982 devotionem

1063 1006 1094 1034 et
1118 1002 1323 1034 elevationem
1348 1002 1471 1034 animae
1495 1002 1534 1034 ad
1560 1002 1756 1043 spiritualia3
1780 1006 1810 1034 et
1834 1003 1907 1043 quia
1931 1002 2016 1043 quod

1063 1064 1159 1096 super
1194 1055 1299 1086 omnia
1334 1055 1450 1087 excitat
1484 1054 1620 1086 animam
1656 1055 1695 1086 ad
1732 1055 1790 1087 hoc
1822 1059 1869 1087 est
1900 1054 2016 1092 orati03

1063 1108 1134 1140 ideo
1158 1111 1216 1140 etc.
1239 1127 1284 1130 ——
1308 1108 1411 1140 Tertia
1443 1108 1522 1139 ratio
1546 1111 1592 1140 est
1616 1117 1656 1139 ex
1682 1112 1770 1148 parte
1793 1107 1918 1145 uzorbi,
1944 1116 2127 1148 quo-Raima.

1063 1161 1146 1192 niam
1173 1161 1222 1193 hic
1246 1161 1281 1192 fit
1305 1161 1448 1193 remissio
1472 1161 1601 1202 peccati,
1627 1161 1851 1192 interveniente
1885 1161 2018 1192 ministe-

1064 1214 1110 1245 rio
1134 1214 1327 1252 sacerdotis;
1352 1218 1381 1246 et
1405 1214 1552 1255 quoniam
1575 1214 1605 1245 in
1630 1213 1813 1245 remissione
1838 1213 1949 1254 culpae
1974 1222 2018 1245 sa-

1064 1266 1175 1298 cerdos
1198 1276 1260 1298 non
1285 1275 1317 1299 se
1341 1266 1436 1298 habet
1453 1266 1510 1298 nisi
1528 1275 1584 1307 per
1602 1266 1731 1301 modum
1753 1266 1959 1307 deprecantis
1976 1284 2018 1288 -—

1063 1319 1148 1350 unde
1172 1322 1202 1350 et
1228 1318 1257 1350 in
1282 1319 1478 1351 absolutione
1501 1328 1566 1350 saa
1583 1319 1684 1350 utitur
1708 1318 1847 1350 oratione
1872 1318 2017 1360 depreca-

1064 1372 1144 1411 tiva,
1176 1375 1212 1403 ut
1243 1372 1274 1403 in
1306 1372 1590 1413 praecedentibus⁷
1624 1371 1766 1403 habitum
1799 1374 1846 1403 est
1874 1390 1918 1394 —-
1947 1371 2018 1403 hinc

1064 1429 1126 1463 est,
1145 1425 1229 1466 quod
1246 1425 1362 1466 optime
1387 1425 1566 1457 institutum
1583 1424 1656 1461 fuit;
1673 1424 1853 1456 unctionem
1871 1432 1932 1455 non
1949 1423 2017 1455 fieri

1064 1477 1129 1509 sine
1154 1477 1311 1516 oratione,
1336 1478 1427 1509 cuius
1452 1477 1616 1518 expressio
1633 1480 1679 1508 est
1696 1476 1797 1507 forma
1814 1476 2017 1514 Sacramenti,

1064 1534 1099 1561 ut
1123 1530 1292 1562 ostendunt
1316 1530 1463 1562 rationes.
1480 1548 1524 1552 —
1540 1529 1590 1560 His
1608 1529 1699 1567 visis,
1716 1529 1806 1561 facile
1830 1532 1876 1561 est
1894 1537 2020 1570 respon-

1064 1583 1139 1615 dere
1163 1583 1203 1615 ad
1227 1583 1357 1615 obiecta.

1155 1637 1182 1667 sl.
1207 1636 1250 1667 Ad
1275 1635 1354 1667 illud
1381 1635 1462 1667 enim
1488 1635 1573 1676 quod
1598 1634 1760 1672 obiicitur,
1785 1635 1869 1676 quod
1890 1644 1950 1666 non
1968 1635 2020 1666 ha·
2048 1642 2128 1677 sniquo
2143 1648 2179 1669 op-

1064 1688 1115 1719 bet
1150 1691 1255 1719 ortum
1292 1696 1333 1719 ex
1365 1687 1448 1718 sonte
1473 1695 1580 1718 sacrae
1605 1687 1806 1726 Scripturae3
1832 1672 2158 1725 (licendum,p⁰⁵¹‘⁰mm'

1063 1739 1148 1781 quod
1172 1739 1286 1771 falsum
1311 1743 1375 1777 est,
1401 1742 1435 1770 ut
1459 1741 1565 1779 patet;
1583 1738 1679 1769 Immo
1696 1739 1736 1770 al]
1753 1737 1806 1770 illo
1823 1739 1920 1770 verbo
1937 1739 2019 1771 beati

1063 1792 1185 1824 lacobi:
1213 1791 1328 1823 Oratio
1352 1790 1430 1832 fidei
1452 1791 1595 1823 salvabit
1619 1790 1803 1832 infirmam.

1153 1846 1182 1876 Ξ).
1207 1844 1251 1876 Ad
1275 1844 1355 1876 illud
1379 1844 1464 1885 quod
1481 1844 1646 1882 obiicitur,
1663 1844 1748 1885 quod
1767 1853 1826 1876 non
1844 1848 1891 1876 est
1907 1845 2018 1876 eadem

1062 1898 1184 1935 forma;
1210 1897 1397 1934 dicendum,
1422 1897 1506 1938 quod
1532 1897 1707 1929 secundum
1732 1897 1764 1928 id
1788 1898 1872 1939 quod
1898 1901 1945 1929 est
1968 1907 2018 1930 ne·
2033 1906 2162 1927 Notandum.

1064 1950 1235 1982 cessarium
1261 1952 1291 1981 et
1314 1949 1479 1982 essentiale
1503 1950 1722 1988 sacramento,
1747 1950 1879 1982 eandem
1897 1953 2019 1991 oportet

1064 2012 1153 2041 esse;
1177 2003 1232 2035 sed
1256 2002 1358 2034 forma
1391 2003 1479 2035 verbi
1508 2012 1570 2034 non
1605 2006 1652 2034 est
1687 2003 1863 2035 necessaria
1900 2003 2020 2036 ratione

1064 2056 1148 2088 vocis
1173 2055 1357 2094 exterioriS,
1382 2055 1437 2088 sed
1463 2060 1557 2096 prout
1581 2059 1627 2088 est
1651 2056 1837 2097 expressiva
1865 2056 1954 2088 verbi
1979 2056 2021 2087 in-

1064 2108 1220 2141 teriorisss.

1153 2161 1182 2193 3.
1207 2161 1250 2193 Ad
1276 2161 1353 2193 illud
1380 2161 1464 2202 quod
1490 2161 1636 2193 obiicitur
1668 2162 1707 2193 de
1739 2162 1878 2194 oratione
1906 2162 2016 2194 indica-

1065 2214 1142 2252 tiva,
1168 2214 1355 2252 dicendum,
1380 2213 1465 2254 quod
1491 2223 1551 2245 non
1576 2219 1622 2245 est
1647 2214 1748 2246 simile
1773 2215 1811 2246 de
1837 2215 1895 2246 hoc
1912 2215 2017 2246 Sacra·
2033 2222 2161 2243 Notandum.

1063 2270 1168 2299 mento
1192 2273 1223 2299 et
1247 2267 1285 2299 de
1309 2266 1396 2305 aliis,
1420 2276 1478 2307 pro
1504 2275 1540 2298 eo
1565 2267 1649 2308 quod
1667 2267 1745 2299 illud
1770 2267 1864 2299 habet
1881 2267 2016 2309 aliquam

1063 2319 1230 2361 specialem
1255 2319 1446 2356 orationem,
1479 2328 1574 2360 quam
1600 2328 1661 2350 non
1687 2319 1819 2351 habuit⁹
1846 2320 1951 2359 aliud,
1983 2324 2018 2352 ut

1063 2373 1167 2404 visum
1193 2375 1248 2404 est.

1151 2426 1182 2457 li.
1207 2425 1251 2457 Ad
1274 2425 1353 2457 illud
1378 2425 1461 2466 quod
1487 2425 1650 2463 obilcitur,
1675 2425 1759 2466 quod
1778 2425 1890 2457 melius
1908 2429 2017 2457 oratur

1063 2479 1182 2520 gemitu
1206 2478 1331 2516 cordis;
1356 2478 1541 2516 dicendum,
1559 2478 1643 2520 quod
1662 2478 1691 2509 in
1709 2478 1926 2517 Sacramentis,
1944 2479 2018 2520 quia

1063 2535 1137 2563 sunt
1160 2531 1248 2572 signa
1272 2531 1448 2569 exteriora,
1471 2540 1532 2562 Ποῖ]
1550 2534 1670 2562 tantum
1690 2530 1908 2562 consideratur
1933 2531 2017 2572 quod

1063 2587 1109 2615 est
1132 2582 1282 2620 interius,
1308 2583 1362 2614 sed
1387 2583 1479 2614 etiam
1505 2582 1629 2623 signum
1654 2582 1813 2620 exterius,
1831 2582 1950 2614 ratione
1967 2592 2018 2614 cu-

1063 2636 1112 2667 ius
1136 2636 1252 2667 habent
1276 2636 1428 2667 rationem
1454 2635 1665 2671 Sacramenti;
1690 2638 1720 2666 et
1745 2635 1788 2667 sic
1806 2639 1889 2676 patet
1907 2640 2016 2668 totum.

1063 2688 1213 2729 Quamvis
1229 2687 1312 2719 enim
1329 2687 1443 2728 aliquis
1460 2686 1603 2718 crederet
1621 2687 1820 2726 Trinitatem,
1838 2687 1897 2720 nisi
1915 2689 2019 2729 expri-

1063 2744 1202 2772 meretur
1220 2740 1249 2771 in
1267 2739 1470 2780 baptizando,
1487 2748 1546 2770 non
1565 2739 1653 2771 daret
1671 2740 1907 2772 Sacramentum
1921 2741 1951 2771 1⁰.
1968 2741 2016 2772 Sic

1062 2793 1092 2824 in
1118 2793 1276 2834 proposito
1300 2796 1347 2825 est
1371 2792 1619 2834 intelligendum.

120 3045 128 3061 ¹
150 3047 203 3071 Vat.
224 3048 315 3072 omittit
333 3048 414 3073 verba
434 3047 606 3074 indicativam
631 3055 714 3080 usque
741 3048 772 3072 ad
794 3047 996 3081 deprecativam.

54 3088 156 3114 Inferius
175 3094 232 3121 post
251 3091 368 3124 eaprimi
385 3091 461 3116 codd.
481 3092 500 3116 N
520 3099 549 3116 aa
570 3092 669 3116 addunt
686 3091 783 3123 polias.

120 3132 131 3149 ²
149 3133 210 3165 Cap.
232 3135 263 3166 ὅ,
289 3136 325 3160 15.
346 3150 379 3153 —-
399 3136 435 3160 De
455 3137 570 3161 oratione
589 3137 697 3167 eiusque
718 3135 864 3160 definitione
893 3135 938 3160 cfr.
959 3142 998 3159 su-

53 3183 96 3207 pra
111 3184 169 3209 pag.
185 3179 242 3210 368,
258 3183 316 3205 notu
330 3180 353 3204 3.

119 3220 129 3236 ³
148 3221 211 3247 Cod.
233 3224 251 3247 Α
272 3221 373 3248 habeat.

121 3263 131 3280 ⁴
151 3265 214 3290 Vide
233 3273 310 3297 supra
331 3266 357 3291 d.
377 3267 401 3291 3.
422 3274 446 3298 p.
468 3267 482 3291 Ι.
503 3274 524 3291 a.
550 3267 568 3290 1.
589 3274 614 3298 «1.
635 3267 658 3290 2.
674 3280 706 3283 —
720 3266 845 3297 Superius
868 3269 927 3297 post
948 3265 998 3291 sal-

55 3305 123 3333 vabit
140 3309 195 3334 cod.
215 3310 233 3334 E
252 3311 355 3341 supplet
373 3310 520 3343 insti-mum.

122 3351 133 3367 ⁵
151 3351 230 3377 Codd.
250 3353 344 3378 FIKN
365 3361 394 3379 aa
415 3354 445 3385 (A
472 3354 601 3386 primitus)
627 3354 726 3379 addunt
745 3353 830 3385 verbi,
854 3354 930 3379 codd.
950 3354 999 3378 ER

1062 3048 1078 3071 S
1090 3047 1109 3071 T
1123 3048 1184 3072 WZ
1204 3051 1228 3071 et
1247 3047 1287 3071 ed.
1314 3047 1318 3071 Ι
1343 3045 1437 3072 lacobi.
1458 3046 1512 3071 Mox
1534 3049 1591 3077 post
1610 3045 1780 3072 Sacramenti
1793 3048 1816 3071 in
1838 3046 1894 3071 cod.
1911 3047 1931 3071 T
1953 3046 1987 3078 (X
2001 3054 2015 3071 a

1061 3090 1175 3116 secunda
1195 3091 1284 3121 manu)
1304 3089 1407 3114 additur
1427 3089 1514 3115 liuius.

1132 3133 1143 3150 6
1163 3133 1243 3159 Codd.
1265 3134 1304 3158 lli
1323 3132 1421 3165 forma.

1133 3177 1144 3193 ⁷
1163 3177 1223 3202 Dist.
1248 3178 1286 3202 18.
1308 3184 1333 3208 p.
1355 3178 1369 3201 l.
1390 3184 1412 3201 a.
1433 3178 1456 3201 2.
1477 3184 1501 3209 q.
1527 3178 1545 3202 l.

1133 3220 1144 3236 ⁸
1162 3220 1212 3246 Csr.
1232 3227 1311 3252 supra
1331 3220 1355 3245 d.
1376 3221 1400 3245 8.
1421 3228 1445 3251 p.
1466 3221 1491 3245 ll.
1512 3227 1534 3245 a.
1559 3221 1578 3245 1.
1599 3228 1623 3253 [1.
1645 3222 1668 3245 2.

1133 3264 1144 3280 9
1163 3264 1226 3289 Cod.
1247 3265 1264 3288 E
1283 3263 1373 3295 habet,
1396 3264 1455 3289 edd.
1476 3263 1571 3289 hubent
1590 3263 1653 3290 aliu.

1134 3307 1154 3324 ¹⁰
1174 3308 1205 3332 Ut
1223 3311 1355 3333 ostensum
1384 3311 1421 3333 est
1447 3315 1524 3339 supra
1545 3308 1570 3333 d.
1591 3309 1614 3333 3.
1637 3316 1660 3340 p.
1681 3309 1697 3333 1.
1717 3316 1739 3333 a.
1760 3309 1783 3333 2.
1805 3316 1829 3341 q.
1851 3310 1873 3334 2.
1892 3323 1928 3343 ,—
1949 3309 2014 3335 Vide

1065 3353 1179 3378 scholion
1199 3351 1231 3376 ad
1252 3352 1449 3383 praecedentem
1470 3355 1567 3384 quaest.
