2483 3882
311 730 396 755 Quaest.
412 727 442 748 in-

337 755 418 776 cidens.

318 1254 363 1274 Duo
382 1259 440 1280 prae-

326 1280 424 1301 notanda.

322 1364 442 1385 Distinctio.

296 2222 419 2248 Quaesitum
427 2222 445 2242 1.

309 2327 342 2348 Ad
357 2327 440 2354 opposi-

349 2356 399 2374 tum.

298 2644 420 2671 Quaesitum
428 2644 446 2664 ⁵2.

298 2749 450 2771 Fundamenta.

458 264 521 296 898

458 352 598 383 videtur:
618 351 691 392 quia
715 350 831 381 malum
858 358 919 380 non
944 349 1038 381 habet
1061 348 1225 389 exemplar
1247 348 1278 379 111
1298 348 1405 379 Deo¹:

458 414 531 445 ergo
557 405 580 436 si
607 404 685 435 liber
708 403 759 434 ille
785 407 831 434 est
855 402 1019 442 exemplar
1034 427 1041 439 ,
1064 405 1148 442 patet
1172 406 1229 433 etc.

546 457 574 488 3.
600 457 692 493 Item,
711 456 810 487 Lucae
828 454 948 486 decimo
963 453 974 470 ²
991 454 1072 485 dixit
1097 454 1249 486 Dominus
1273 453 1408 494 discipu-

458 509 513 540 lis:
545 508 705 545 Gaudete,
731 507 811 549 quia
834 506 971 537 nomina
994 510 1104 538 vestra
1127 506 1255 547 scripta
1278 506 1406 538 suntin

457 560 575 595 caetis,-
599 560 653 591 sed
679 560 703 590 si
730 559 778 590 liic
813 559 892 590 liber
924 562 1004 590 esset
1028 559 1188 597 omnium,
1214 563 1288 591 tunc
1312 559 1409 591 omni-

457 613 516 644 bus
539 616 621 644 essct
645 611 866 652 gaudenduim
892 611 977 652 quod
1002 620 1072 643 cum
1096 620 1156 643 non
1175 612 1229 643 sit:
1248 616 1333 653 patet
1350 616 1407 644 etc.

546 665 635 695 quta
660 664 718 696 boc
742 663 923 705 quaeritur:
949 664 1107 705 quomodo
1124 668 1226 706 potest
1250 665 1279 696 in
1305 664 1408 696 111011-

457 718 514 749 bro
539 717 690 748 transumi
716 716 845 754 deletio,
874 725 945 748 cum
971 716 1053 748 dicat
1080 716 1282 749 variationem
1301 721 1331 749 et
1349 718 1409 758 pri—

456 771 611 802 vationem
643 773 672 801 et
704 769 955 811 corruptionem,
988 778 1069 811 quae
1098 769 1184 802 nullo
1210 770 1303 802 modo
1335 774 1408 803 sunt

454 823 484 855 in
511 823 594 854 Deo?

811 919 1052 943 CONCLUSIO.

455 998 547 1030 Libri
572 998 655 1030 ritae
672 998 846 1039 scriptura
862 998 986 1030 dicitur
1002 999 1261 1040 praedestinatio
1278 999 1409 1041 satrian—

540 1051 661 1082 dornm
685 1051 796 1093 quoad
824 1051 910 1092 ipsos
943 1056 970 1083 et
999 1051 1150 1093 qratiam
1183 1056 1212 1083 et
1241 1051 1407 1093 9loriam,

542 1113 642 1146 qnam
667 1103 817 1136 habitari
838 1109 925 1135 sunt.

544 1192 742 1224 REsPONnEo:
762 1192 952 1231 Dicendum,
970 1192 1054 1234 quod
1073 1192 1153 1224 sicut
1177 1202 1237 1224 ars
1261 1196 1291 1224 et
1308 1201 1409 1224 exem-

455 1245 532 1287 plar
556 1250 602 1277 est
628 1245 722 1277 totius
746 1245 923 1283 Trinitatis,
948 1249 1052 1277 tamen
1077 1245 1302 1287 appropriatur
1324 1245 1408 1284 Filio,

456 1298 498 1330 sic
517 1298 596 1329 tiber
612 1298 707 1329 vitae.
727 1317 766 1320 —
785 1298 841 1330 Sed
862 1298 1053 1336 notandum,
1078 1298 1162 1339 quod
1188 1302 1407 1330 creaturarum

457 1351 495 1382 ad
521 1351 621 1383 Deum
646 1355 693 1383 est
717 1350 837 1392 duplex
862 1350 1069 1392 comparatio:
1101 1359 1163 1382 una
1188 1351 1218 1382 in
1243 1351 1406 1389 enecando,

455 1408 485 1436 et
509 1404 586 1436 haec
610 1407 657 1435 est
681 1403 821 1435 omnium
840 1407 1058 1435 creaturarum
1071 1429 1078 1442 ,
1096 1404 1169 1445 quia
1186 1412 1295 1436 omnes
1311 1413 1328 1435 a
1345 1404 1408 1436 Deo

454 1457 621 1495 exierunt,
647 1457 708 1488 alia
732 1461 778 1489 est
802 1457 832 1488 in
856 1456 1041 1494 redeundo,
1066 1460 1096 1488 et
1120 1457 1198 1489 haec
1219 1461 1265 1489 est
1289 1460 1408 1489 creatu-

455 1520 565 1542 rarum
582 1511 619 1542 ad
640 1510 865 1542 beatitudinem
883 1510 1121 1548 ordinatarum,
1146 1510 1220 1552 quia
1238 1519 1408 1551 repressus

454 1567 501 1595 est
524 1572 580 1605 per
605 1563 773 1601 virtutem,
798 1566 828 1594 et
852 1563 942 1605 quies
967 1571 1023 1604 per
1047 1562 1284 1595 beatitudinem.

543 1617 701 1657 Quantum
727 1625 801 1658 ergo
825 1616 864 1648 ad
893 1616 1043 1657 primam
1075 1616 1340 1657 comparationem
1367 1615 1409 1647 di-

455 1670 558 1702 11111113
590 1669 684 1702 Filius
722 1678 804 1701 «ars
836 1669 928 1710 plena
956 1669 1098 1701 omnium
1123 1669 1280 1701 rationum
1306 1669 1410 1701 viven-

455 1723 533 1754 tium
551 1735 582 1761 »3
606 1726 636 1754 et
660 1722 818 1763 scriptura
843 1722 932 1753 istius
958 1721 1029 1753 libri
1051 1725 1098 1754 θεῖ
1114 1727 1249 1753 aeterna
1274 1722 1409 1763 disposi-

457 1776 499 1807 tio
517 1775 664 1807 omnium
679 1775 971 1816 producendorum
995 1778 1148 1816 qnantum
1171 1774 1211 1807 ad
1228 1784 1302 1807 suas
1319 1775 1410 1806 ratio-

456 1838 510 1860 nes
534 1832 564 1860 et
589 1828 682 1860 ideas.
709 1828 867 1868 Quantum
885 1828 923 1859 ad
941 1827 1120 1859 secandam
1143 1827 1407 1868 comparationem

1215 262 1500 293 SENTENTIARUM
1525 262 1592 293 LlB.
1617 262 1663 293 IV.

1456 366 1457 371 =
1473 348 1588 380 dicitur
1612 349 1707 380 Filius
1732 349 1811 380 tiber
1835 349 1921 381 vitae
1929 363 1940 387 ;
1961 354 1991 382 et
2008 351 2166 392 scriptura
2183 353 2272 385 istius
2289 353 2359 385 libri
2378 358 2424 386 est
2438 370 2483 392 002„

1470 401 1730 441 praedestinatio
1759 402 1908 434 omnium
1931 402 2173 435 salvandorum
2197 409 2351 445 quantum
2384 406 2424 438 ad

1473 453 1556 494 ipsos
1580 457 1610 486 et
1633 454 1766 495 gratiam
1791 458 1821 486 et
1845 454 1994 496 gloriam,
2019 465 2114 497 quam
2138 456 2275 489 habituri
2300 458 2404 490 sunt&

1561 506 1621 538 Sed
1650 506 1894 546 attendendum,
1927 507 2011 548 quod
2040 508 2210 550 qratiam,
2243 518 2298 550 per
2330 520 2424 552 quam

1472 562 1519 590 est
1542 559 1667 600 regredi
1692 559 1730 591 ad
1758 559 1872 599 Deum,
1897 560 2026 602 quidam
2053 561 2168 593 habent
2190 563 2423 603 temporaliter,
2440 575 2483 597 nisi

1472 612 1601 653 quidam
1619 621 1693 644 vero
1709 612 1864 654 finaliter.
1882 613 1941 654 Qui
1959 613 2077 646 habent
2092 613 2250 655 finaliter,
2269 615 2334 657 ipsi
2352 616 2426 648 scri-

1473 664 1592 696 buntur
1616 668 1647 697 et
1670 674 1781 697 eorum
1803 666 1939 708 qratia,
1964 666 2038 708 quia
2054 667 2113 708 ipsi
2131 667 2264 700 redeunt
2288 677 2343 709 per
2360 678 2428 710 gra-

1473 717 1558 749 tiam.
1583 717 1641 758 Qui
1666 721 1772 750 autem
1799 719 2042 760 temporaliter,
2067 720 2133 761 ipsi
2147 721 2275 762 quidem
2293 721 2323 752 in
2341 730 2427 762 prae-

1473 770 1679 803 destinatione
1704 771 1811 812 scripti
1836 780 1897 803 non
1922 776 2012 811 sunt,
2037 772 2111 813 quia
2132 782 2193 804 non
2212 777 2284 806 sunt
2301 774 2427 815 praede-

1473 823 1594 862 stinati,
1619 824 1673 856 sed
1699 832 1809 855 eorum
1832 824 1949 865 qratia
1974 825 2090 865 scripta
2114 829 2161 857 est
2184 827 2359 859 secundum
2379 836 2426 859 ve—

1473 876 1596 908 ritatem
1629 879 1660 908 et
1682 876 1820 914 merita,
1845 886 1926 918 quae
1951 886 2076 919 semper
2106 879 2426 918 rememorabuntur3

1473 933 1504 960 et
1528 929 1648 961 ratione
1672 928 1758 961 illius
1776 929 1870 962 scribi
1888 929 2055 969 dicuntur,
2072 939 2132 962 non
2150 930 2354 972 simpliciter,
2372 932 2425 965 sed
2441 942 2482 964 eon

1473 981 1575 1013 solum
1601 981 1777 1013 secundum
1799 982 2038 1023 reputationem
2051 982 2079 1020 ⁵,
2097 982 2170 1024 quia
2187 983 2305 1015 iustitia
2322 984 2427 1016 divina

1473 1034 1512 1065 ad
1538 1037 1663 1075 tempus
1688 1034 1805 1066 iudicat
1821 1043 1874 1066 eos
1891 1034 1990 1075 gloria
2007 1035 2135 1077 dignos,
2153 1039 2182 1067 et
2199 1045 2270 1068 cum
2297 1037 2427 1075 cadunt,

1475 1086 1591 1118 iudicat
1615 1086 1778 1127 indiqnos.
1795 1087 1926 1119 —Ideo
1955 1087 2104 1120 dicuntur
2133 1087 2243 1126 deleri,
2268 1098 2329 1120 non
2354 1090 2427 1131 quia.
2442 1099 2474 1130 Api

1474 1139 1563 1180 prius
1580 1139 1641 1171 sint
1657 1139 1765 1180 scripti
1782 1144 1812 1172 et
1829 1140 2029 1181 postmodum
2048 1141 2159 1179 deleti,
2176 1141 2230 1173 sed
2248 1142 2322 1183 quia
2338 1142 2427 1184 prius
2454 1132 2483 1148 ¹¹¹⁰

1474 1192 1649 1224 secundum
1674 1191 1794 1223 merita
1816 1192 1943 1234 scripta
1969 1193 2148 1225 iudicantur
2177 1193 2289 1235 stipiti,
2315 1194 2427 1227 deiude

1474 1244 1612 1287 indiyni.
1637 1263 1680 1267 —
1706 1245 1749 1276 Ex
1775 1245 1823 1277 his
1847 1249 1954 1286 patent
1978 1246 2128 1286 quaesita.

1565 1299 1592 1329 1.
1618 1299 1647 1329 Ξ.
1673 1297 1810 1329 Primum
1837 1301 1938 1339 patet:
1964 1298 2038 1340 quia
2062 1298 2141 1330 liber
2165 1299 2246 1331 vitae
2275 1309 2336 1331 11011
2361 1309 2428 1332 con·
2454 1310 2483 1341 Sui

1474 1351 1551 1383 tinet
1575 1351 1726 1382 rationem
1752 1351 1951 1393 exemplaris
1977 1355 2096 1389 totam,
2119 1351 2171 1383 sed
2191 1355 2312 1384 tantum
2333 1362 2428 1394 prae·
2442 1342 2483 1363 '³⁰⁵¹

1475 1403 1713 1435 destinationis.
1738 1423 1781 1427 —
1805 1404 1984 1436 Secundum
2017 1408 2122 1446 patet:
2151 1404 2224 1445 quia
2250 1405 2341 1444 mali,
2374 1406 2426 1447 qui

1474 1457 1590 1489 habent
1604 1461 1801 1498 praesentem
1820 1457 1988 1494 iustitiam,
2007 1456 2180 1489 secundum
2200 1457 2427 1498 reputationem

1472 1510 1578 1551 scripti
1611 1513 1685 1542 snut
1717 1513 1747 1542 et
1778 1513 1848 1551 post
1880 1519 1939 1541 non
1981 1513 2190 1551 reputantur3
2224 1509 2292 1541 ideo
2329 1510 2427 1542 deleri

1473 1563 1633 1596 dicuntur.

1564 1615 1592 1647 3.
1618 1616 1663 1647 Ex
1689 1615 1737 1648 111ε
1762 1619 1846 1657 patet
1877 1615 2043 1648 ultimum:
2070 1616 2144 1657 quia
2169 1616 2254 1658 quod
2278 1616 2361 1648 Deus
2386 1615 2429 1647 iu-

1474 1667 1556 1700 dicat
1580 1667 1717 1709 aliquem
1742 1667 1831 1708 prius
1855 1667 1994 1709 (liquam
2019 1671 2049 1700 et
2073 1672 2142 1709 post
2165 1668 2359 1710 indiqnum,
2382 1676 2427 1699 so-

1474 1720 1540 1752 lum
1565 1720 1662 1753 dieit⁶
1692 1720 1898 1752 mutationem
1921 1720 1952 1752 111
1977 1720 2121 1759 1101111οθ,
2146 1730 2207 1752 11011
2238 1721 2267 1752 iu
2292 1720 2372 1752 Deo:
2398 1724 2427 1753 et

1474 1773 1515 1805 ita
1540 1773 1651 1805 deletio
1677 1773 1730 1805 illa
1756 1782 1815 1805 non
1834 1773 1909 1805 dicit
1925 1773 2189 1815 permutationem
2206 1773 2237 1805 in
2261 1773 2426 1815 scriptura,

1474 1827 1529 1859 sed
1546 1826 1577 1858 in
1590 1826 1639 1858 his
1653 1835 1734 1868 quae
1747 1835 1803 1867 per
1817 1825 1901 1857 illam
1917 1825 2106 1867 scripturam
2121 1829 2399 1868 repraesentantur
2407 1826 2425 1857 ⁷.

1315 1951 1499 1992 QUAESTIO
1523 1951 1568 1982 111.

1071 2049 1188 2081 Utrum
1213 2049 1293 2082 tiber
1316 2049 1402 2081 vitae
1424 2049 1610 2081 necessario
1634 2049 1813 2090 aperietur.

544 2157 648 2189 Tertio
672 2157 837 2198 quaeritur
861 2157 900 2189 de
924 2156 1085 2197 apertione
1109 2156 1199 2188 istius
1218 2155 1298 2188 libri.
1318 2156 1352 2187 Et
1369 2155 1410 2187 vi-

458 2210 567 2248 detur,
585 2210 667 2251 quod
687 2210 775 2241 nulla
788 2209 827 2242 sit
839 2209 1015 2241 necessitas
1033 2209 1116 2241 hunc
1133 2208 1250 2240 librum
1268 2208 1408 2249 aperire:

548 2264 574 2294 1.
600 2263 678 2303 Quia
702 2261 894 2294 sufficienter
923 2261 1117 2293 videbuntur
1150 2261 1262 2293 merita
1287 2261 1316 2292 in
1342 2269 1410 2292 con-

457 2316 593 2348 scientiis
617 2316 775 2347 omnium:
802 2324 876 2357 ergo
901 2315 926 2347 si
951 2314 1149 2356 superfluum
1172 2317 1218 2346 est
1234 2314 1336 2346 facere
1354 2322 1410 2355 per

456 2369 548 2410 plura
579 2369 663 2410 quod
690 2372 791 2410 potest
816 2367 882 2400 fieri
908 2376 964 2409 per
989 2367 1178 2409 pauciora&
1202 2370 1287 2408 patet
1311 2370 1368 2398 etc.

543 2423 572 2453 2.
598 2422 691 2460 Mem,
715 2430 732 2453 e
760 2421 911 2453 diverso9
940 2420 1133 2453 ostenditur:
1167 2420 1242 2461 quia
1273 2420 1298 2452 si
1332 2419 1410 2451 liber

455 2474 508 2506 ille
532 2474 723 2506 sufficienter
748 2477 980 2514 repraesentat,
1012 2473 1155 2512 videtur,
1187 2472 1272 2514 quod
1304 2481 1412 2514 super-

456 2528 534 2560 fluat
558 2528 642 2560 alios
667 2528 763 2560 libros
787 2527 920 2569 aperIre.

546 2581 638 2618 item,
671 2581 845 2622 quaeritur,
878 2588 1015 2621 quorum
1047 2579 1147 2611 oculis
1178 2579 1348 2620 aperietur.
1377 2578 1412 2610 Et

459 2634 595 2672 videtur,
620 2634 704 2675 quod
729 2634 895 2666 omnium:

550 2688 575 2718 1.
601 2687 680 2727 Quia
703 2696 812 2718 omnes
836 2686 1061 2718 iudicabuntur
1086 2685 1259 2718 secundum
1278 2693 1312 2717 ea
1331 2692 1411 2726 quae

459 2739 574 2780 scripta
599 2744 671 2771 sunt
696 2740 753 2771 ibi:
780 2749 854 2781 ergo
880 2740 903 2771 si
929 2739 1076 2770 omuibus
1100 2737 1193 2770 debet
1218 2736 1411 2769 manifestari

460 2797 490 2824 et
514 2792 665 2824 sententia
689 2796 718 2824 et
743 2792 822 2824 ratio
847 2792 1035 2829 sententiae,
1060 2794 1145 2832 patet
1168 2794 1224 2822 etc.

548 2846 576 2876 2).
602 2845 694 2883 Item,
719 2845 826 2877 Glossa
860 2845 1010 2886 vigesimo
1038 2843 1237 2885 Apocalypsis
1252 2843 1287 2874 ¹⁰:
1314 2842 1412 2874 Atius

462 2897 540 2929 liber
564 2902 700 2939 apertus
724 2902 788 2935 est,
814 2898 905 2935 dicit,
930 2897 1014 2939 quod
1045 2900 1184 2938 «aperte
1213 2895 1310 2928 scient
1338 2895 1410 2927 mali

1477 2159 1566 2193 tunc,
1591 2164 1623 2187 se
1656 2164 1717 2186 non
1742 2164 1809 2187 esse
1842 2154 2142 2196 praedestinatos»;
2176 2157 2205 2186 et
2238 2154 2295 2186 hoc
2327 2153 2425 2186 estin

1474 2208 1634 2249 apertione
1660 2207 1747 2239 libri:
1773 2216 1847 2248 ergo
1872 2211 1928 2239 etc.
2480 2238 2481 2252 }

1563 2261 1622 2292 SED
1646 2269 1785 2293 CONTRA:
1815 2262 1841 2292 1.
1867 2260 1959 2292 Liber
1984 2260 2040 2293 iste
2064 2269 2124 2292 11011
2150 2263 2196 2292 est
2220 2260 2307 2292 aliud
2332 2268 2423 2302 quam
2439 2259 2481 2291 Ad*

1476 2313 1529 2345 Dei
1548 2316 1662 2344 natura
1676 2313 1709 2344 ¹¹:
1729 2321 1803 2354 ergo
1820 2321 1891 2344 cum
1912 2312 1962 2344 Dei
1982 2312 2156 2344 substantia
2181 2312 2282 2344 solum
2300 2321 2318 2343 a
2339 2312 2426 2344 bonis
2479 2302 2483 2350 ᾗ

1476 2367 1514 2398 ε1ῖ
1540 2365 1675 2398 videnda
1700 2365 1729 2397 in
1748 2365 1877 2403 iudicio,
1902 2369 2000 2406 patet,
2025 2365 2109 2406 quod
2128 2374 2187 2396 non
2212 2373 2321 2397 omnes
2346 2364 2425 2397 vide·

1476 2419 1555 2451 bunt
1579 2418 1609 2450 in
1635 2418 1725 2451 istius
1749 2418 1820 2450 libri
1846 2418 2017 2459 apertione.
2478 2460 2479 2464 Ἰ

1565 2473 1593 2503 2.
1612 2471 1705 2510 ltem,
1739 2471 1768 2502 in
1799 2470 1880 2502 libro
1911 2471 1992 2502 vitae
2023 2479 2083 2502 non
2117 2473 2190 2502 sunt
2221 2470 2337 2511 scripta
2368 2469 2425 2501 nisi
2477 2483 2478 2516 3

1476 2525 1570 2556 bona:
1589 2533 1663 2565 ergo
1689 2524 1712 2556 si
1731 2523 1803 2556 mali
1831 2532 1890 2555 non
1909 2523 2023 2555 debent
2047 2523 2155 2555 videre
2172 2523 2229 2555 nisi
2257 2522 2352 2561 mala,
2370 2530 2424 2564 per
2477 2522 2478 2525 ’

1476 2586 1556 2619 quae
1573 2577 1837 2615 condemnentur3
1855 2585 1916 2608 non
1934 2576 2086 2608 videbunt
2103 2576 2133 2608 in
2151 2576 2234 2608 illius
2252 2575 2324 2607 libri
2341 2584 2424 2617 aper·
2475 2608 2477 2615 .

1475 2630 1576 2669 tione,
1599 2633 1629 2661 et
1653 2630 1697 2662 sic
1721 2633 1778 2661 etc.
2475 2624 2477 2633 ⁵

1830 2709 1847 2731 c
1857 2708 1875 2731 o
1884 2709 1906 2731 N
1916 2708 1932 2731 c
1942 2709 1959 2730 L
1969 2709 1988 2731 u
1999 2708 2013 2730 s
2023 2708 2069 2731 10.

1586 2770 1681 2802 Liber
1708 2770 1791 2802 vitae
1815 2770 1849 2802 in
1874 2769 2114 2801 resarreetione
2137 2768 2315 2810 aperietur.

1565 2842 1763 2874 Rnsrormeo:
1782 2840 1954 2872 Dicendum
1966 2865 1973 2878 ,
1991 2839 2089 2881 quod,
2108 2839 2188 2871 sicut
2205 2839 2323 2872 dictum
2342 2838 2423 2876 esim,
2437 2822 2483 2893 Reli*-

1477 2894 1556 2926 liber
1574 2894 1660 2925 vitae
1677 2897 1723 2925 est
1746 2893 1824 2925 liber
1842 2893 2062 2930 redeuntium,
2084 2902 2144 2924 ars
2161 2896 2207 2924 est
2230 2891 2422 2924 exeuntium.

530 3049 535 3063 ¹
561 3049 591 3073 Ut
611 3053 742 3073 1)SI‹·1iSt1n]
763 3052 801 3073 ost
820 3049 837 3073 l.
860 3050 929 3073 Sciit.
952 3048 976 3073 d.
998 3049 1040 3072 36.
1062 3055 1084 3072 a.
1105 3048 1130 3072 3.
1152 3055 1177 3079 q.
1202 3048 1222 3072 1.

529 3093 539 3108 ²
561 3093 631 3118 Vei-s.
654 3094 702 3117 ⁶20:
725 3093 839 3118 Gaudete
859 3098 960 3124 autemy
983 3092 1054 3125 quod
1074 3093 1177 3117 uomina
1198 3096 1245 3117 etc.
1260 3106 1292 3108 —
1307 3091 1413 3116 Inferius

462 3140 519 3167 post
538 3136 710 3169 ffundendum
730 3137 787 3162 cod.
811 3137 829 3161 U
850 3137 921 3161 addit
940 3136 1018 3162 iuoeta
1038 3135 1096 3161 hoc.

529 3181 539 3196 ³
560 3181 675 3211 August„
697 3181 736 3205 Vl.
760 3181 790 3205 dc
812 3181 883 3205 Triu.
903 3188 923 3205 c.
947 3181 986 3205 10.
1008 3187 1031 3205 11.
1057 3181 1092 3204 11.

530 3223 538 3239 ⁴
561 3224 625 3248 Vidi:
646 3228 743 3256 quacst.
765 3225 884 3255 praeced.
905 3231 980 3255 argg.
1007 3225 1025 3248 1.
1047 3227 1069 3248 et
1090 3225 1113 3248 2.
1135 3230 1181 3254 pro
1203 3226 1274 3254 parte
1296 3224 1317 3247 11.

530 3267 540 3283 ⁵
560 3267 610 3292 Csr.
632 3268 647 3293 1.
668 3269 735 3292 Sciit.
754 3268 778 3293 d.
802 3268 833 3293 40
862 3276 883 3293 a.
905 3270 928 3292 Ω.
950 3275 975 3300 (1.
998 3269 1021 3292 2.
1042 3268 1074 3292 nd
1095 3268 1118 3292 r1.
1140 3272 1163 3292 ct
1184 3268 1208 3292 2.
1231 3281 1264 3284 —
1289 3267 1414 3298 Superius

462 3317 509 3340 pro
529 3317 632 3342 semper
651 3311 904 3337 remrmorabuntur
923 3312 998 3337 codd.
1015 3318 1152 3343 perperam
1172 3317 1276 3343 semper
1294 3316 1414 3336 remune-

461 3353 613 3385 rabuntur,
636 3356 695 3379 cdd.
714 3363 854 3388 ‘utinquam
874 3355 1128 3381 remunerabuntttr.
1150 3355 1238 3380 Nostra
1265 3355 1338 3380 lectio
1358 3361 1414 3379 con-

463 3397 578 3423 firmatur
598 3399 627 3422 iis
647 3406 712 3430 quae
733 3399 794 3423 infra
816 3407 837 3424 a.
860 3400 882 3424 3.
903 3407 927 3431 (1.
953 3401 971 3424 i.
992 3400 1016 3424 iu
1037 3406 1107 3430 corp.
1129 3399 1263 3424 habentur.

1547 3045 1557 3061 ⁶
1577 3045 1639 3070 Edd.
1661 3044 1758 3070 dicitur
1777 3045 1892 3077 propter.

1548 3089 1558 3104 ⁷
1580 3089 1644 3114 Vide
1664 3089 1778 3113 scholion
1799 3088 1831 3113 nd
1852 3088 2050 3119 praecedentem
2071 3090 2169 3119 quaest.
2469 3107 2470 3110 ,

1547 3133 1557 3149 8
1577 3132 1626 3158 Cfr.
1649 3138 1708 3157 tom.
1730 3133 1764 3157 111.
1786 3139 1845 3163 pag.
1866 3131 1927 3163 277,
1950 3135 2008 3156 nota
2034 3132 2052 3156 1.
2072 3145 2106 3149 -
2127 3131 2161 3155 De
2181 3131 2311 3162 opertione
2331 3125 2422 3155 consci-
2469 3124 2471 3139 ³

1478 3177 1613 3203 mattarum
1632 3178 1717 3208 agitur
1736 3180 1782 3201 art.
1802 3183 1855 3208 seq.

1549 3221 1560 3237 9
1579 3220 1640 3246 Cod.
1663 3221 1680 3245 E
1699 3227 1712 3245 e
1726 3226 1862 3246 converso.

1551 3265 1571 3280 ¹0
1592 3265 1663 3290 Vcrs.
1686 3266 1726 3289 12.
1748 3278 1783 3282 -
1802 3264 1918 3289 Glossam
1939 3264 1998 3288 vide
2018 3270 2096 3294 supra
2117 3270 2177 3294 pag.
2200 3262 2263 3292 896,
2283 3263 2339 3286 nota
2359 3259 2383 3283 7.

1551 3308 1641 3334 ¹1Csr.
1674 3315 1752 3340 supra
1786 3316 1811 3340 (1.
1844 3308 1862 3332 1.
1893 3311 1917 3333 et
1946 3314 1994 3338 pro
2024 3314 2077 3338 seq.
2105 3313 2208 3338 propos.
2235 3305 2297 3330 intra
2329 3304 2363 3340 d.-
2381 3301 2419 3326 48.
2466 3314 2468 3334 1

1480 3361 1501 3378 a.
1527 3354 1545 3377 1.
1568 3361 1591 3385 (1Δ
1613 3354 1635 3377 2.
2466 3347 2468 3362 ¹

1552 3397 1572 3413 ¹2
1593 3398 1696 3429 Quacst.
1719 3397 1837 3428 praecoci.
