2483 3882
52 876 128 903 Opinio
145 875 163 896 l.

20 1347 130 1369 Conclusio
143 1347 163 1367 1.

19 1557 127 1579 Conclusio
140 1557 159 1577 2.

17 1714 160 1736 corollarium.

31 2345 109 2366 solutio
123 2351 159 2371 op-

16 2372 138 2398 positorum.

784 249 877 281 DlST.
902 249 921 279 I.
948 248 976 279 Ρ.
1002 248 1021 279 l.
1045 248 1126 279 ΛΒΤ.
1155 247 1284 279 UNlCUS
1312 247 1463 288 QUAEST.
1488 247 1533 278 ΙΙΙ.
2098 248 2136 279 ’17

179 339 295 372 fluente
320 339 348 370 in
375 339 474 380 ipsam
498 338 634 370 animam
650 337 674 368 ¹:
701 346 760 369 non
785 345 859 378 ergo
884 335 1125 373 transfunditur,

179 392 335 425 mediante
358 391 420 423 alio
445 399 528 422 vase.

532 504 772 528 CONCLUSIO.

178 602 397 635 Sacramenta
421 601 585 633 continent
604 600 771 643 qratiam,
795 599 876 642 quio.
899 607 972 630 eam
1003 596 1128 639 signifi-

265 659 342 687 cant
364 660 392 686 et
408 664 473 686 non
498 653 702 695 indispositis
718 652 909 695 conferunt,
934 660 1000 683 non
1018 654 1127 682 tamen

266 707 328 744 ita,
353 707 441 749 quod
462 716 501 738 ea
524 706 731 738 essentialiter
754 705 798 737 sit
821 705 857 737 in
881 703 971 746 ipsis.

267 813 464 844 Rrsronnno:
487 810 724 852 Intelligendum
742 813 789 842 est
812 809 852 842 ad
868 809 927 841 hoc
952 807 1126 841 secundum

178 865 349 907 quosdam,
373 864 455 906 quod
482 864 550 906 ipsa
573 864 773 896 Sacramenta
796 865 869 895 sunt
893 870 967 893 vasa
991 860 1126 902 gratiae,

178 927 250 951 cum
275 918 335 950 sint
359 917 390 949 in
413 917 525 949 ultima
549 916 766 958 dispositione,
790 923 871 957 quae
888 918 934 947 est
958 913 1127 946 sanctifica-

177 971 220 1003 tio
242 979 299 1012 per
323 970 474 1008 verbum,
503 973 533 1001 et
565 969 777 1002 mediantibus
801 968 863 1000 illis
894 966 1127 1000 transfunditur

178 1024 209 1055 in
232 1024 332 1065 ipsam
365 1023 501 1054 animam
518 1023 538 1061 ²,
566 1026 597 1054 et
621 1022 651 1053 in
676 1022 776 1063 ipsam
808 1021 943 1053 animam
969 1019 1124 1051 transfusa

178 1077 277 1109 abluit
301 1076 366 1108 sive
389 1075 478 1116 ungit
502 1075 651 1113 interius,
676 1075 757 1107 sicut
780 1074 812 1106 in
836 1073 924 1115 signo
948 1072 1063 1105 visibili
1089 1072 1127 1104 si-

178 1128 344 1170 gnificatur
367 1127 518 1160 exterius.
538 1128 571 1159 Et
587 1136 644 1168 pro
668 1129 753 1158 tanto
778 1126 903 1164 dicunt,
920 1125 1004 1167 quod
1022 1125 1126 1157 Sacra-

178 1185 282 1213 menta
318 1189 415 1212 novae
446 1180 523 1221 legis
555 1184 628 1212 sunt
660 1188 754 1212 causa
779 1178 897 1220 gratiae
926 1181 956 1210 et
987 1177 1126 1210 efficiunt

178 1234 261 1276 quod
287 1233 433 1275 figurant.

269 1286 328 1318 Sed
353 1289 477 1323 tamen,
502 1286 583 1317 sicut
606 1288 767 1317 ostensum
792 1287 838 1316 est
862 1293 918 1325 per
948 1283 1056 1325 plures
1081 1292 1126 1314 ra-

179 1339 294 1377 tiones,
319 1347 380 1369 non
404 1341 451 1370 est
474 1337 579 1379 aliquo
596 1337 689 1369 modo
713 1337 899 1375 dicendum,
916 1336 1000 1378 quod
1025 1336 1126 1377 gratia

177 1391 373 1424 contineatur
404 1389 617 1422 essentialiter
650 1390 680 1421 in
712 1390 787 1431 ipsis
813 1389 1037 1427 Sacramentis,
1062 1392 1126 1420 tan-

177 1452 270 1485 quam
295 1452 377 1484 aqua
401 1443 430 1474 in
455 1451 546 1481 vase,
573 1442 620 1474 vel
646 1442 799 1474 medicina
822 1442 852 1473 in
870 1441 1004 1482 pyxide3
1030 1441 1125 1472 immo

176 1496 235 1527 hoc
258 1495 431 1536 intelligere
448 1498 494 1527 est
511 1503 689 1527 erroneum.
712 1494 771 1526 Sed
788 1493 937 1526 dicuntur
962 1493 1125 1524 continere

172 1548 342 1590 qratiam,
367 1547 441 1589 quia
465 1547 563 1588 ipsam
597 1546 771 1588 significant
785 1546 806 1584 ³,
831 1549 861 1578 et
892 1545 965 1586 quia
989 1553 1124 1586 semper,

175 1600 233 1632 nisi
258 1600 298 1631 ibi
325 1600 364 1631 sit
388 1599 528 1631 desectus
552 1607 591 1631 ex
616 1602 704 1640 parte
733 1597 948 1639 suscipientis,
965 1598 1124 1629 confertur

174 1653 205 1685 in
231 1653 306 1695 ipsis
330 1653 446 1694 gratia,
476 1652 518 1684 ita
546 1651 757 1692 intelligendo,
781 1650 866 1691 quod
898 1650 998 1691 gratia
1022 1650 1061 1681 sit
1093 1649 1123 1681 in

174 1706 308 1743 (tuimet,
333 1715 394 1738 non
411 1706 442 1737 in
467 1705 563 1747 signis
580 1704 767 1736 visibilibus.
784 1722 827 1726 -
844 1703 901 1734 Pro
926 1706 1011 1735 tanto
1029 1702 1122 1734 etiam

174 1759 323 1791 dicuntur
346 1767 430 1790 oasa
443 1757 585 1800 gratiae.
604 1756 734 1788 Possunt
758 1756 850 1788 etiam
869 1755 930 1788 dici
954 1765 1038 1787 vasa.
1062 1755 1123 1787 alia

173 1811 312 1843 ratione:
346 1811 434 1852 quia,
458 1810 539 1842 sicut
570 1809 655 1850 quod
680 1812 727 1841 est
755 1808 786 1840 in
812 1817 885 1841 vase
917 1817 979 1840 non
1007 1811 1054 1840 est
1086 1808 1123 1840 cle

174 1863 243 1905 ipso
267 1872 323 1895 nec
347 1872 386 1894 eac
409 1862 491 1904 ipso,
509 1862 563 1894 sed
589 1865 692 1894 tamen
710 1871 785 1893 cum
802 1861 873 1903 ipso
897 1861 1062 1898 hauritum
1080 1861 1123 1893 sic

173 1916 273 1957 gratia
296 1924 357 1947 non
381 1918 427 1953 est
450 1924 473 1946 a
490 1914 718 1947 Sctcrctmcntis
742 1922 799 1946 nec
816 1914 854 1945 cle
879 1913 1122 1951 Sacrawszeiztis,

173 1967 227 2000 sed
255 1967 356 1999 oritur
380 1976 399 1998 a
422 1966 504 1999 fonte
535 1970 662 1998 aeterno
693 1969 724 1998 et
755 1966 794 1998 ab
827 1965 880 1998 illo
912 1966 1060 1997 hauritur
1084 1965 1124 1997 ab

173 2021 239 2062 ipsa
263 2020 366 2052 anima
390 2020 424 2051 in
450 2019 532 2061 ipsis·
550 2019 810 2051 Sacramentis&
836 2019 870 2050 Et
886 2019 967 2051 sicut
991 2018 1062 2059 quis
1078 2027 1125 2050 re-

172 2072 272 2105 currit
295 2072 335 2104 ad
361 2081 429 2111 vas,
454 2081 526 2104 cum
543 2072 677 2113 requirit
701 2071 874 2113 liquorem,
899 2071 943 2103 sic
960 2071 1122 2112 quaerenti

171 2125 326 2167 liquorem
350 2125 468 2166 gratiae
485 2128 515 2156 et
534 2134 596 2156 non
620 2124 746 2157 habenti
765 2125 994 2156 recurrendum
1021 2128 1068 2156 est
1083 2124 1123 2156 ad

172 2178 239 2220 ipsa
262 2178 471 2210 Sacramenta.
498 2178 531 2209 Et
556 2178 597 2209 ita
622 2180 707 2219 patet
731 2177 893 2218 responsio
917 2177 956 2209 ad
983 2177 1036 2209 illa
1060 2177 1124 2209 duo

172 2231 270 2263 verba
294 2230 438 2271 Hugonis.

264 2284 291 2314 l.
316 2283 359 2314 Ad
386 2282 463 2314 illud
488 2283 572 2324 quod
596 2282 758 2321 obiicitur,
782 2283 866 2324 quod
885 2283 959 2315 latet
980 2283 1123 2315 remissio

173 2339 373 2377 peccatorum
398 2335 428 2366 in
454 2335 626 2376 baptismo,
651 2335 835 2372 dicendum,
853 2335 937 2376 quod
962 2335 1021 2367 hoc
1039 2335 1124 2367 intel-

173 2387 280 2429 ligitur
304 2387 343 2419 de
360 2387 486 2419 latentia
510 2387 622 2428 signati
639 2387 669 2419 in
694 2387 799 2428 signo,
817 2387 901 2429 quod
926 2387 1053 2428 quidem
1071 2388 1124 2419 ba-

172 2440 225 2472 bet
241 2439 424 2471 ulteriorem
448 2440 599 2471 rationem
618 2449 712 2481 quam
731 2440 883 2472 rationem
909 2440 1122 2481 significandi,

173 2500 233 2523 ΠοΠ
258 2494 362 2523 tamen
387 2491 592 2523 essentialiter
624 2492 800 2524 continendi
826 2492 857 2523 in
890 2501 936 2530 se,
961 2492 1016 2524 sed
1049 2492 1123 2533 quia

174 2544 277 2585 ipsum
302 2543 386 2585 quod
411 2543 577 2584 significat,
602 2543 777 2575 continetur
802 2545 833 2575 in
857 2545 961 2575 anima
976 2544 996 2575 ⁵.

261 2596 291 2627 [ι.
316 2596 359 2627 Ad
392 2595 470 2627 illud
506 2596 589 2637 quod
622 2596 767 2627 obiicitur
792 2596 830 2628 de
855 2596 1055 2628 Sacramento
1082 2596 1123 2627 al-

1191 334 1280 373 taris,
1305 334 1491 372 dicendum,
1517 334 1601 376 quod
1625 334 1708 366 Deus
1733 338 1838 376 posset
1862 335 2005 368 similiter
2024 336 2139 372 facere.

1191 386 1216 418 si
1241 386 1352 424 vellet;
1376 387 1430 419 sed
1456 390 1558 418 tamen
1583 387 1703 418 nonita
1728 387 1872 428 congruit
1897 388 1961 426 liic,
1986 389 2066 421 sicut
2083 389 2139 427 ibi,

1190 438 1264 479 quia
1281 438 1311 470 in
1329 438 1381 470 illo
1398 439 1598 471 Sacramento
1622 442 1669 470 est
1685 440 1992 472 transsubstantiatio
2006 441 2027 472 ⁴³.
2054 442 2138 474 Unde
2155 445 2284 467 Notandum.

1191 490 1269 522 illud
1287 491 1370 532 quod
1388 491 1581 532 significatur
1605 491 1663 530 ibi,
1682 500 1755 524 vere
1779 496 1825 524 est
1842 493 2026 532 substantia,
2043 503 2137 535 quam

1190 543 1335 584 congruit
1359 552 1426 575 esse
1450 552 1507 584 per
1531 552 1577 582 se,
1603 545 1747 585 congruit
1770 545 1864 577 etiam
1890 545 1950 577 illis
1975 547 2138 587 speciebus

1191 595 1288 627 velari
1312 596 1351 627 ad
1377 600 1515 627 nostram
1549 596 1734 635 utilitatem3
1758 598 1814 629 sed
1847 599 1980 639 gratiam
2004 609 2065 631 non
2097 600 2141 632 sic

1190 648 1335 689 congruit
1359 657 1427 680 esse
1459 657 1514 690 per
1538 658 1585 687 se,
1610 658 1682 682 cum
1708 659 1769 682 non
1794 651 1833 682 sit
1865 651 2058 690 substantia,
2083 661 2139 685 nec

1191 700 1342 732 contineri
1367 700 1397 731 in
1423 700 1484 732 illis
1508 701 1717 734 Sacramentis
1741 704 1976 744 corporalibus,
2006 713 2077 737 cum
2103 705 2142 737 de

1191 752 1239 784 sui
1265 755 1378 784 natura
1395 753 1433 784 sit
1451 756 1572 792 creata,
1594 757 1628 786 ut
1645 755 1684 786 sit
1701 755 1732 786 in
1750 755 1849 787 multo
1865 756 2009 788 nobiliori
2022 758 2041 788 ⁷.
2064 758 2143 799 Quia

1190 814 1265 846 ergo
1289 806 1426 847 potentia
1450 815 1510 837 non
1536 807 1666 848 derogat
1689 808 1858 848 sapientiae
1884 813 1913 841 et
1937 810 2142 850 ordinationi,

1190 857 1278 897 ideo,
1303 858 1449 899 quamvis
1472 859 1556 891 Deus
1581 859 1678 900 possit
1702 860 1821 899 facere,
1846 871 1907 893 ΠοΠ
1932 866 2035 895 tamen
2053 864 2142 902 facit3

1190 919 1247 943 nec
1264 914 1311 943 est
1327 911 1428 943 simile
1439 937 1446 949 ,
1463 911 1544 943 sicut
1562 915 1771 945 monstratum
1788 918 1844 945 est.
1862 933 1905 936 ——
1921 914 1959 946 Si
1973 924 2050 957 erqo
2067 915 2143 948 obii-

1190 963 1280 1001 cias,
1306 963 1390 1005 quod
1415 972 1474 995 non
1500 964 1605 996 differt
1629 973 1647 996 a
1671 965 1880 998 Sacramentis
1908 967 2024 999 veteris
2049 968 2142 1009 legis,

1190 1016 1263 1058 quia
1288 1016 1329 1048 ibi
1354 1019 1421 1048 erat
1445 1019 1593 1058 tanquam
1618 1017 1649 1048 in
1674 1018 1783 1059 sign03
1805 1019 1992 1058 dicendum,
2010 1021 2093 1062 quod
2112 1020 2144 1052 il-

1190 1069 1243 1101 lud
1270 1069 1394 1110 signum
1420 1069 1515 1101 habet
1538 1069 1676 1111 aliquam
1701 1070 1855 1102 rationem
1877 1072 2045 1111 causandi,
2063 1073 2144 1105 sicut

1189 1122 1321 1163 posteaS
1346 1121 1480 1163 patebit,
1510 1131 1571 1154 non
1602 1125 1707 1156 tamen
1740 1123 1835 1155 habet
1866 1124 2019 1156 rationem
2052 1126 2145 1158 conti-

1190 1175 1282 1207 nendi
1307 1175 1537 1207 materialiter.

1278 1229 1307 1260 5.
1333 1228 1374 1260 Ad
1400 1228 1478 1260 illud
1503 1229 1587 1270 quod
1612 1229 1777 1268 obiicitur,
1802 1231 1885 1271 quod
1912 1231 2019 1263 divina
2042 1240 2145 1263 esseu-

1189 1280 1231 1312 tia
1255 1284 1302 1313 est
1327 1281 1358 1312 in
1383 1281 1523 1322 qualibet
1547 1285 1709 1320 creatura,
1727 1291 1801 1324 ergo
1818 1283 1919 1324 gratia
1936 1287 2036 1325 potest
2053 1293 2141 1322 esse;

1189 1333 1369 1372 dicendum,
1386 1334 1471 1375 quod
1495 1343 1556 1366 non
1574 1337 1620 1367 est
1635 1335 1741 1366 simile
1757 1344 1813 1367 nec
1831 1335 1920 1367 locus
1937 1346 1958 1368 α
1975 1336 2101 1368 minori
2113 1336 2143 1374 9;

1188 1390 1218 1418 et
1234 1386 1314 1418 ratio
1331 1390 1395 1425 est,
1417 1387 1491 1428 quia
1507 1397 1573 1418 csse
1589 1396 1646 1428 per
1663 1388 1795 1428 gratiam
1813 1388 2038 1421 inhabitantem
2057 1398 2144 1431 prae-

1189 1439 1337 1480 supponit
1361 1448 1427 1471 esse
1451 1448 1507 1480 per
1531 1440 1697 1472 essentiam
1723 1443 1753 1472 et
1777 1440 1864 1472 addit
1888 1441 1928 1473 ad
1946 1441 2024 1473 illud
2043 1441 2143 1473 multo

1189 1491 1340 1523 maiorem
1373 1491 1567 1523 nobilitatem
1592 1501 1609 1523 a
1634 1495 1721 1533 parte
1745 1493 1813 1525 eius
1838 1493 1922 1534 quod
1948 1494 2077 1534 recipit3
2112 1496 2143 1526 et

1189 1543 1259 1575 ideo
1283 1547 1331 1575 est
1354 1553 1550 1586 consequens
1575 1545 1605 1575 in
1630 1544 1683 1576 illo
1715 1550 1912 1586 argumento.
1945 1546 2025 1578 Bene
2057 1546 2140 1578 enim

1189 1596 1408 1635 concluderet,
1433 1597 1457 1628 si
1483 1606 1549 1628 esse
1573 1606 1629 1638 per
1653 1597 1785 1638 gratiam
1810 1607 1872 1630 non
1906 1599 2080 1631 includeret
2112 1599 2142 1631 in

1189 1658 1312 1681 sessesse
1337 1658 1392 1690 per
1416 1649 1584 1681 essentiam
1598 1662 1605 1688 3
1631 1650 1684 1682 sed
1710 1650 1860 1688 includit,
1885 1651 1965 1682 sicut
1987 1651 2061 1682 bene
2077 1661 2143 1683 esse

1189 1701 1323 1734 includit
1346 1711 1422 1733 csse.

1279 1755 1307 1786 6.
1333 1755 1377 1787 Ad
1403 1755 1481 1786 illud
1506 1755 1590 1796 quod
1615 1755 1781 1794 obiicitur,
1797 1756 1881 1797 quod
1899 1757 1998 1796 gratia
2015 1766 2076 1788 non
2094 1757 2145 1789 de-

1188 1807 1337 1839 terminat
1362 1806 1420 1839 sibi
1445 1807 1641 1846 subiectum,
1666 1808 1740 1849 quia
1764 1817 1826 1839 non
1843 1808 1938 1840 habet
1954 1809 1985 1839 in
2003 1808 2055 1840 illo
2073 1818 2142 1841 cau-

1188 1869 1277 1898 sam,
1302 1859 1489 1899 dicendum,
1515 1860 1599 1901 quod
1624 1861 1679 1892 etsi
1706 1870 1767 1892 non
1792 1861 1887 1893 habet
1910 1871 2069 1899 causam,
2092 1861 2144 1893 ha-

1188 1913 1242 1945 bet
1265 1916 1370 1945 tamen
1402 1913 1625 1951 occasionem,
1650 1914 1724 1955 qnia
1748 1914 1853 1946 anima
1877 1917 1981 1946 creata
2012 1918 2075 1951 est,
2108 1918 2143 1946 ut

1188 1966 1288 2007 gratia
1312 1965 1511 2007 perficiatur,
1536 1969 1567 1997 et
1590 1966 1630 1997 ad
1654 1966 1713 1998 hoc
1741 1970 1787 1998 est
1811 1966 1925 1998 habilis
1955 1967 1994 1998 de
2017 1966 2065 1998 sui
2093 1976 2144 1998 na-

1188 2023 1282 2056 tura;
1306 2028 1368 2050 non
1393 2019 1437 2050 sic
1460 2018 1540 2050 aliae
1564 2022 1729 2051 creaturae
1753 2019 1959 2051 irrationales.

1278 2073 1306 2102 7.
1331 2071 1374 2103 Ad
1400 2071 1478 2103 illud
1503 2071 1589 2113 quod
1609 2071 1774 2110 obiicitur,
1792 2072 1876 2113 quod
1894 2071 1923 2103 in
1942 2072 2143 2104 Sacramento

1187 2123 1296 2155 altaris
1323 2127 1449 2155 manent
1473 2124 1647 2155 accidentia
1671 2124 1737 2156 sine
1762 2124 1921 2163 subiecto,
1947 2133 2021 2165 ergo
2038 2124 2145 2156 simili-

1188 2180 1235 2208 ter
1253 2176 1284 2207 in
1301 2176 1370 2208 aliis
1387 2176 1596 2208 Sacramentis
1621 2177 1742 2218 gratia3
1767 2177 1954 2215 dicendum,
1979 2177 2063 2218 quod
2081 2186 2142 2209 non

1188 2232 1235 2262 est
1258 2229 1379 2261 simile:
1405 2229 1479 2270 qnia
1503 2229 1544 2261 ibi
1568 2233 1695 2261 manent
1710 2229 1884 2262 accidentia
1901 2233 1930 2262 et
1948 2233 2075 2271 propter
2092 2239 2143 2261 no-

1188 2282 1243 2314 stri
1269 2290 1380 2314 sensus
1405 2281 1618 2313 infirmitatem
1636 2285 1666 2314 et
1684 2285 1811 2323 propter
1834 2282 1906 2314 fidei
1933 2282 2097 2314 utilitatem
2112 2282 2143 2313 ¹⁰.

1187 2335 1247 2367 Sed
1273 2335 1298 2367 si
1322 2335 1422 2376 gratia
1447 2335 1499 2367 illa
1523 2339 1604 2367 esset
1633 2335 1663 2366 in
1692 2336 1918 2374 Sacramentis,
1942 2336 2030 2367 nulla
2062 2339 2143 2367 esset

1187 2388 1307 2420 utilitas
1331 2391 1460 2429 propter
1486 2388 1561 2426 hoc,
1579 2388 1653 2430 quia
1670 2388 1753 2420 Deus
1770 2397 1895 2429 semper
1912 2391 1958 2420 est
1974 2397 2142 2429 praesens,

1187 2444 1222 2472 ut
1245 2441 1299 2473 det
1322 2441 1454 2481 gratiam
1480 2441 1573 2481 digne
1596 2441 1778 2479 accedenti,
1804 2441 1899 2472 immo
1924 2445 2005 2473 esset
2030 2441 2071 2472 ibi
2093 2441 2145 2473 de-

1186 2492 1358 2531 ordinatio,
1384 2497 1414 2524 et
1438 2493 1646 2533 derogaretur
1664 2493 1726 2524 iam
1743 2493 1801 2534 ipsi
1819 2493 1937 2533 gratiae
1953 2505 1960 2531 3
1977 2492 2061 2534 quod
2080 2501 2142 2524 non

1186 2545 1280 2577 debet
1304 2545 1370 2576 fieri
1397 2545 1503 2576 divino
1528 2545 1700 2583 miraculo,
1716 2545 1790 2586 quia
1808 2545 1874 2586 ipsa
1891 2545 1991 2586 gratia
2007 2549 2079 2576 nata
2096 2548 2143 2577 est

1186 2596 1339 2637 perficere
1364 2597 1500 2628 animam
1526 2601 1556 2628 et
1580 2597 1611 2628 in
1635 2606 1672 2628 ea
1696 2605 1774 2629 esse.

246 2754 254 2770 1
274 2755 365 2780 Psalm.
385 2755 432 2784 83,
457 2755 498 2779 12:
519 2755 631 2779 Gratiam
651 2757 676 2779 et
695 2755 803 2786 gloriam
829 2754 900 2780 dabit
921 2755 1054 2780 Dominus.
1075 2755 1125 2780 Csr.

174 2802 235 2823 tom.
257 2799 292 2823 lll.
312 2805 373 2829 pag.
394 2799 457 2828 888,
479 2800 535 2823 nota
557 2798 580 2822 3.
593 2812 629 2816 —
643 2798 748 2823 inferius
761 2805 808 2830 pro
827 2798 880 2824 alio
895 2806 956 2825 estse
976 2799 1050 2824 codd.
1072 2800 1089 2824 Β
1105 2800 1125 2824 H

174 2841 266 2875 aliquo
287 2848 355 2867 vase.

244 2885 255 2901 2
274 2885 330 2910 Vat.
350 2886 453 2916 supplet
471 2885 567 2918 pratia.
588 2886 643 2911 Mox
663 2890 720 2917 post
738 2888 762 2912 et
781 2886 808 2912 iit
830 2886 916 2919 ipsum
939 2887 1026 2918 plures
1049 2888 1125 2913 codd.

176 2936 225 2953 Ποῖ]
246 2932 364 2959 repetunt
383 2928 515 2960 animam,
538 2929 614 2954 codd.
634 2931 653 2954 Α
665 2930 723 2954 Eaa
742 2930 765 2962 <Ι
788 2931 920 2962 primitus,
942 2932 963 2955 K
978 2938 991 2955 a
1011 2931 1124 2956 secunda

175 2973 264 3004 manu)
284 2979 343 2997 cum
363 2973 403 2997 ed.
424 2973 433 2997 ·1
459 2974 482 2998 et
501 2972 529 2998 in
547 2972 606 3005 ipsa
625 2973 725 2999 anima.

245 3015 256 3031 ³
275 3015 336 3041 Cod.
357 3016 374 3040 Z
399 3015 550 3049 siqnificam
575 3018 598 3042 et
622 3016 738 3050 efficiunt
761 3018 784 3042 et
803 3017 853 3043 hoc
870 3024 981 3050 semper.
1008 3018 1124 3043 Subinde

175 3060 250 3085 codd.
270 3061 288 3084 F
299 3061 318 3084 G
330 3060 349 3084 ll
362 3060 378 3084 L
388 3061 406 3084 Z
417 3068 447 3085 aa
459 3060 494 3085 bb
514 3062 633 3086 omittunt
646 3060 688 3086 ibi.
709 3061 844 3094 Aliquanto
857 3063 963 3087 inferius
983 3069 1031 3094 pro
1050 3064 1123 3088 tanto

175 3103 253 3129 eliam
272 3103 347 3128 codd.
368 3104 416 3128 Fll
428 3105 434 3128 l
448 3104 469 3129 V
489 3105 562 3129 tanto
582 3111 654 3137 erqo.

247 3146 256 3162 ⁴
277 3147 342 3178 llug‘.
362 3154 375 3171 a
397 3148 420 3171 S
442 3148 515 3178 Vict„
536 3148 551 3172 Ι.
572 3148 604 3172 de
618 3148 731 3173 Sacram.
752 3156 777 3179 p.
792 3149 834 3173 lx.
854 3156 875 3174 c.
898 3149 924 3173 t:
941 3149 965 3173 Si
985 3156 1048 3181 ergo
1062 3157 1123 3174 vasa

174 3194 232 3215 sunt
251 3191 390 3222 spiritualis
409 3192 506 3222 gratiae
526 3192 703 3224 Sacramenta,
730 3199 780 3217 non
805 3200 835 3217 ex
861 3200 908 3217 suo
934 3196 1036 3225 sanant,
1063 3194 1123 3225 quia

174 3241 235 3259 vasa
261 3238 397 3266 aegrotum
423 3242 473 3260 non
499 3238 602 3266 curant,
629 3236 674 3260 sed
701 3236 835 3261 medicina.
858 3237 912 3262 Non
933 3244 995 3268 ergo
1022 3237 1054 3262 ad
1075 3239 1123 3262 lioc

174 3279 285 3304 instituta
304 3283 363 3304 sunt
383 3280 561 3310 Sacramenta,
588 3282 615 3304 ut
634 3286 669 3305 θα]
687 3279 723 3305 eis
748 3284 816 3306 esset
841 3281 911 3313 quod
937 3280 964 3306 iit
983 3281 1019 3307 eis
1038 3286 1121 3313 csset;

173 3323 218 3347 sed
244 3326 272 3348 ut
297 3324 415 3354 peritiam
440 3331 514 3349 suani
542 3324 657 3349 medicus
677 3325 835 3356 ostenderet,
855 3326 879 3350 in
906 3326 948 3350 illo
976 3326 1121 3351 remedium

174 3368 351 3398 praeparavit,
366 3374 378 3392 a
393 3375 445 3399 quo
465 3368 603 3399 languidus
623 3369 786 3394 occasionem
806 3369 890 3394 morbi
910 3371 1015 3402 accepit.
1031 3385 1063 3388 —
1078 3372 1121 3396 Su-

313 3419 340 3445 S.
361 3420 460 3445 Bonan.
482 3435 515 3437 —
539 3421 613 3445 Tom.
635 3421 676 3446 lV.

1191 2756 1278 2787 pei-ius
1298 2756 1433 2786 posuimus
1453 2756 1602 2780 auctoritate
1628 2754 1704 2780 codd.
1724 2755 1820 2779 AEGl
1840 2759 1865 2780 et
1883 2755 1924 2780 ed.
1946 2756 1955 2780 l
1984 2755 2030 2781 sed
2054 2757 2141 2781 lamen

1190 2807 1251 2826 cum
1270 2799 1345 2833 ipso‚-
1364 2799 1440 2824 codd.
1455 2799 1471 2823 F
1482 2800 1503 2824 Κ
1516 2799 1532 2823 1.
1544 2799 1565 2823 V
1578 2800 1610 2824 W
1624 2798 1669 2824 sed
1682 2800 1770 2824 tamen
1789 2798 1854 2832 ipso,
1877 2799 1917 2823 alii
1937 2799 1983 2825 sed
2002 2801 2089 2825 limien
2109 2799 2141 2825 ab

1190 2842 1255 2876 ipso,
1274 2843 1332 2868 eod.
1346 2843 1367 2867 H
1381 2842 1426 2868 secl
1439 2842 1469 2868 de
1483 2842 1545 2875 ipso.
1561 2842 1675 2867 Subinde
1689 2849 1736 2873 pro
1750 2849 1766 2867 a
1779 2841 1850 2874 fonte
1865 2842 1940 2868 codd.
1955 2843 1974 2867 G
1986 2843 2005 2867 ll
2020 2842 2050 2868 de
2062 2842 2140 2875 sonte.

1260 2887 1271 2903 5
1291 2887 1355 2912 Vide
1375 2888 1438 2912 inl'ra
1460 2887 1483 2912 d.
1504 2887 1527 2911 3.
1550 2894 1573 2918 p.
1595 2887 1620 2911 ll.
1640 2894 1662 2911 a.
1685 2887 1708 2911 rl.
1728 2894 1753 2918 q.
1774 2888 1797 2911 2.

1259 2931 1269 2948 6
1289 2932 1389 2963 Quaere
1409 2932 1473 2956 infru
1493 2931 1517 2956 d.
1543 2931 1579 2956 ll.
1600 2938 1624 2962 p.
1646 2931 1661 2956 l.
1682 2938 1706 2963 q.
1733 2932 1751 2955 l.
1772 2938 1845 2963 seqq.

1259 2976 1270 2992 ⁷
1289 2975 1370 3001 Codd.
1396 2975 1467 2999 (ΗΥ
1494 2974 1531 3006 (li
1559 2982 1572 2999 a
1597 2975 1711 3000 secunda
1737 2978 1831 3006 manu)
1858 2975 1980 3006 supplent
2006 2974 2136 3007 subiecto,

1189 3019 1246 3044 cod.
1267 3019 1285 3043 Z
1306 3018 1370 3045 Ioco.

1259 3062 1270 3079 8
1289 3063 1391 3094 Quaest.
1412 3069 1465 3094 seq.
1485 3076 1520 3080 —
1540 3063 1665 3093 Superius
1690 3069 1738 3093 pro
1767 3069 1820 3087 non
1846 3061 1935 3095 differt
1958 3062 2015 3087 cod.
2043 3063 2060 3087 F
2085 3070 2137 3088 non

1188 3106 1316 3140 differret.

1257 3150 1268 3166 ⁹
1288 3150 1323 3175 De
1342 3157 1394 3182 quo
1414 3149 1473 3174 ride
1494 3153 1554 3175 tom.
1575 3150 1590 3174 l.
1611 3157 1670 3181 pag.
1686 3151 1750 3181 835,
1772 3153 1829 3175 nota
1850 3150 1880 3180 5,
1900 3150 1971 3175 etde
1991 3150 2087 3175 fallacia
2103 3157 2141 3176 sc-

1187 3194 1306 3220 onmium
1324 3200 1485 3227 consequens
1505 3194 1549 3218 cfr.
1575 3193 1671 3218 ibidem
1698 3201 1757 3225 pag.
1778 3195 1837 3225 (391,
1858 3198 1915 3220 nota
1935 3195 1958 3219 ὅ.
1975 3209 2007 3212 Α
2021 3195 2137 3220 ‘Inferius

1187 3246 1234 3270 pro
1254 3238 1290 3264 ad
1308 3238 1387 3269 illud,
1410 3238 1480 3270 quod
1500 3238 1619 3263 exhibent
1639 3238 1715 3263 codd.
1732 3239 1793 3269 FH,
1808 3238 1899 3264 alliud
1918 3238 2009 3270 illum,
2026 3239 2084 3263 edd.
2104 3238 2141 3264 (td

1184 3282 1241 3308 illa.
1261 3282 1376 3307 Subinde
1403 3289 1449 3313 pro
1470 3281 1540 3314 qnod
1564 3281 1655 3314 recipit
1680 3282 1756 3307 codd.
1786 3283 1821 3307 FI
1847 3282 1894 3315 qui
1912 3282 2004 3315 recipit
2032 3283 2099 3313 (conl.
2122 3282 2138 3306 F

1185 3326 1311 3359 recepit).

1256 3370 1276 3386 ¹0
1297 3371 1361 3395 Vide
1382 3371 1444 3395 infra
1465 3370 1491 3395 d.
1515 3371 1551 3395 12.
1573 3378 1597 3402 p.
1619 3371 1633 3395 l.
1654 3378 1676 3395 a.
1702 3372 1720 3395 l.
1741 3378 1765 3402 q.
1787 3372 1810 3395 2.
