2483 3882
315 759 444 781 Notandum.

319 1420 351 1441 Ad
366 1420 449 1447 opposi—

360 1449 411 1467 tum.

316 2633 469 2654 Fundamenta.

462 241 525 273 564

458 329 498 361 ad
522 327 790 364 hiuniliationem3
814 325 1000 363 dicendum,
1024 323 1109 365 quod
1131 332 1191 355 non
1209 323 1408 354 omnimodo

459 384 505 413 est
527 380 567 412 ad
592 379 859 416 humiliationem,
885 377 938 409 sed
965 377 1041 418 per¹
1059 376 1307 414 accusationem,
1328 384 1409 417 quae

458 432 628 464 veritatem
653 431 745 463 debet
769 430 886 462 habere
910 428 1100 471 principium
1125 428 1174 460 vel
1200 428 1345 461 comitem
1369 428 1408 460 ad

460 489 535 523 noc,
560 484 645 525 quod
677 487 762 515 recta
793 482 840 515 sit.
874 483 909 514 Et
939 491 1001 513 non
1032 481 1186 523 sequitur,
1211 480 1321 522 quodsi
1354 480 1410 512 ltu-

459 537 585 569 mz'lz'tas
609 545 670 568 non
702 535 797 567 habet
825 543 991 567 excessum
1025 534 1055 566 in
1088 533 1301 575 reputatione,
1326 534 1409 575 quod

457 589 581 621 veritas
605 598 666 620 non
690 588 804 620 habeat
828 596 993 620 excessum
1020 587 1050 618 in
1075 586 1241 619 locutione.

547 642 578 673 [ι.
602 641 645 673 Ad
670 640 750 672 illud
773 640 858 682 quod
882 639 1047 681 quaeritur
1071 639 1110 671 de
1140 642 1268 680 peccato
1297 639 1411 678 dubio,

461 694 647 732 dicendum,
672 693 774 734 quod,
798 693 880 725 sicut
907 692 982 724 dicit
1005 691 1197 733 Augustinus
1228 691 1259 723 in
1291 691 1412 723 decimo

459 746 568 788 quinto
593 746 631 778 de
656 745 845 784 Trinitate‘2,
869 754 930 776 non
955 744 1058 777 solum
1082 747 1129 776 est
1153 744 1351 776 mendacium
1370 744 1413 776 di-

461 808 532 831 cere
556 799 689 831 scienter
712 797 859 840 falsum,
892 798 947 830 sed
971 797 1064 829 etiam
1089 806 1231 829 asserere
1255 796 1412 834 dubium,

461 852 535 893 quia
558 851 665 893 lingua
687 860 706 883 a
729 850 824 883 corde
841 849 1011 882 discordat.
1033 849 1164 890 Quando
1181 858 1255 890 ergo
1272 849 1412 888 dubitat,

461 908 569 937 utrum
594 904 634 936 sit
658 903 808 943 mortale3
839 903 1026 942 dicendum,
1059 903 1143 944 quod
1168 903 1248 934 sicut
1272 902 1412 939 dubitat,

1219 235 1503 268 SENTENTIARUM
1526 235 1593 267 LlB.
1618 235 1666 267 lV.

1474 323 1516 354 ita
1540 322 1714 354 dubitando
1738 321 1831 354 debet
1855 321 2014 359 confiteri3
2046 324 2149 353 tamen
2182 321 2274 353 debet
2307 323 2421 355 conteri
2467 324 2469 329 ’

1474 379 1504 407 et
1528 384 1659 416 poenam
1685 374 1858 413 sustinere,
1889 383 1926 406 ac
1950 374 1973 405 si
2003 378 2085 406 esset
2115 373 2265 411 mortale,
2297 379 2326 406 et
2350 378 2421 408 tuno

1474 436 1562 460 mens
1586 430 1804 465 assecuratur,
1829 430 1860 459 et
1884 427 1914 458 in
1931 426 2019 458 nullo
2036 426 2158 458 veritati
2180 426 2420 467 praeiudicatur.

1475 481 1509 512 Et
1534 481 1577 512 sic
1601 483 1685 521 patet
1709 479 1870 521 responsio
1894 479 1934 511 ad
1959 478 2088 511 obiecta.
2115 498 2117 500 -

1563 533 1606 564 Ad
1632 532 1710 564 illud
1734 537 1856 570 tamen,
1881 531 1965 573 quod
1990 531 2100 563 ultimo
2125 531 2270 563 obiicitur
2296 531 2335 563 ad
2357 540 2422 573 par·
2435 545 2463 565 mi

1476 589 1537 618 tem
1562 585 1754 626 oppositam,
1779 584 1862 626 quod
1888 584 1960 616 facit
1984 583 2142 616 medicum
2166 593 2274 616 errare
2290 587 2364 622 etc.;
2382 584 2423 617 di-

1475 638 1628 675 cendum,
1653 636 1738 678 quod
1762 636 1876 668 falsum
1899 640 1964 675 est,
1982 636 2056 678 quia
2073 637 2254 678 aggravatio
2266 637 2423 678 poeniten-
2437 648 2464 670 uo

1476 690 1540 722 tz‘cte
1563 698 1624 721 non
1652 692 1803 729 aggravat
1835 692 1998 725 naturam,
2031 689 2085 721 sed
2116 688 2259 727 alleviat3
2291 698 2352 720 non
2383 689 2424 722 sic

1476 746 1522 774 est
1546 742 1577 773 in
1602 740 1765 782 temporali
1791 746 1821 773 et
1845 741 1999 783 corporali
2024 741 2196 779 medicina;
2221 744 2311 773 nocet
2326 741 2424 781 enim,

1477 796 1502 827 si
1527 804 1588 827 non
1612 795 1694 826 adsit
1719 794 1820 826 morbi
1845 794 1985 826 materia.
2010 794 2069 826 Sed
2094 794 2159 826 isla
2180 798 2227 826 est
2243 794 2339 833 ratio,
2355 794 2425 836 quia

1477 848 1584 889 lingua
1608 847 1767 879 discordat
1791 856 1809 878 a
1833 847 2039 885 conscientia;
2071 851 2101 879 et
2130 846 2231 878 illud³
2261 847 2426 888 praecipue

1478 900 1616 941 exigitur
1640 900 1671 931 in
1696 899 1750 931 illa
1775 899 1967 931 confessione
1991 903 2074 931 recte
2099 902 2130 931 et
2153 898 2295 931 ordinate
2319 899 2406 931 sacta.

1319 1025 1504 1067 QUAES'HO
1530 1025 1573 1056 ΙΙΙ.

964 1139 1080 1170 Utrmn
1107 1137 1142 1169 in
1166 1135 1367 1179 consessione
1392 1136 1487 1168 liceat·
1510 1135 1620 1167 atiena
1640 1140 1778 1176 peccata
1802 1133 1937 1176 referre.

552 1251 655 1283 Tertio
684 1250 864 1292 quaeritur,
897 1253 1005 1281 utrum
1039 1249 1068 1280 in
1102 1247 1293 1280 confessione
1325 1248 1415 1280 liccat

464 1304 565 1336 aliena
589 1307 715 1344 peccata
740 1303 866 1334 referre.
894 1302 928 1333 Et
951 1301 1034 1343 quod
1061 1301 1120 1339 sic,
1146 1301 1279 1333 videtur.

556 1358 581 1388 ’1.
607 1356 812 1388 Ν6116ῃὶῐὲὶθ4;
840 1356 906 1397 Eyo
930 1359 959 1386 et
982 1354 1099 1386 (toruus
1128 1353 1240 1395 patris
1264 1353 1328 1384 mei
1348 1362 1416 1394 pec-

465 1408 634 1446 cavimus,
660 1412 689 1440 et
713 1407 857 1439 similiter
881 1407 911 1438 in
936 1407 1075 1438 oratione
1106 1406 1257 1438 Danielis:
1291 1415 1366 1446 ergo
1391 1405 1414 1437 si

465 1465 548 1494 recte
572 1460 819 1499 confitebantur,
843 1460 986 1499 videtur,
1019 1459 1103 1501 quod
1128 1467 1184 1491 nos
1209 1458 1352 1491 similiter
1376 1458 1418 1490 fa-

465 1523 535 1547 cere
560 1514 757 1546 deberemus.

553 1569 581 1599 Ξ).
607 1567 699 1605 item,
723 1576 763 1598 ex
789 1566 917 1598 caritate
942 1568 1043 1606 potest
1067 1569 1097 1597 et
1129 1565 1223 1597 debet
1255 1564 1325 1606 quis
1350 1573 1418 1605 pro·

464 1620 542 1652 ximi
566 1624 694 1662 peccata
722 1619 836 1661 deflere
868 1623 898 1651 et
930 1628 968 1650 ex
995 1619 1123 1650 caritate
1148 1627 1207 1649 non
1234 1617 1334 1650 solum
1361 1626 1418 1658 pro

466 1673 548 1712 suis,
573 1681 684 1705 verum
709 1673 801 1704 etiam
828 1681 884 1713 pro
908 1672 1018 1703 alienis
1041 1671 1176 1712 peccatis
1200 1674 1301 1712 potest
1325 1669 1420 1701 scitis-

465 1725 594 1768 facere:
619 1734 693 1766 ergo
718 1724 785 1766 pari
811 1724 931 1756 ratione
957 1727 1057 1765 potest
1081 1723 1182 1755 aliena
1207 1727 1334 1764 peccata
1351 1731 1420 1754 con-

468 1779 576 1811 fessori
602 1776 738 1820 referre.

556 1831 585 1863 3.
610 1832 703 1870 Item,
728 1834 890 1872 peccatum
915 1829 1053 1861 alienum
1070 1829 1252 1870 frequenter
1270 1831 1421 1869 aggravat

467 1893 579 1922 suum‚
605 1884 685 1916 sicut
709 1883 733 1915 si
758 1886 847 1925 pater
871 1881 1028 1923 cognoscit
1051 1881 1166 1920 filiam,
1192 1881 1241 1913 vel
1263 1880 1286 1913 si
1307 1880 1421 1912 mulier

468 1938 590 1979 cognita
613 1941 661 1969 est
683 1945 702 1967 a
726 1939 814 1977 patre
838 1934 1011 1977 spirituali,
1037 1933 1120 1975 quod
1138 1933 1236 1972 absit,
1256 1933 1304 1965 vel
1321 1942 1339 1964 a
1355 1942 1422 1974 per-

469 1998 545 2021 sona
566 1988 749 2021 excellentis
774 1987 950 2028 religionis:
984 1995 1058 2027 ergo
1091 1986 1114 2018 si
1141 1986 1234 2018 debet
1257 1989 1422 2027 peccatum

470 2051 563 2074 suum
587 2041 679 2083 plene
703 2040 881 2082 explicare,
906 2039 1050 2078 videtur,
1082 2039 1165 2080 quod
1199 2038 1290 2071 liceat
1321 2038 1423 2070 aliena

470 2099 597 2136 peccata
621 2094 748 2126 referre.

558 2147 589 2178 lt.
614 2146 707 2184 item,
731 2145 883 2178 consessio
908 2155 967 2177 non
994 2144 1097 2177 solum
1122 2148 1168 2177 est
1192 2145 1222 2176 in
1246 2143 1422 2177 remedium

470 2200 587 2242 peccati
612 2199 791 2241 praeteriti,
817 2198 870 2230 sed
896 2198 987 2230 etiam
1014 2198 1044 2229 in
1062 2197 1227 2230 consilium
1246 2197 1362 2229 vitandi
1380 2197 1425 2229 fu-

471 2253 552 2291 turi3
577 2252 631 2284 sed
648 2252 830 2293 frequenter
848 2250 986 2282 alienum
1004 2255 1167 2292 peccatum
1186 2254 1323 2291 praestat
1341 2258 1426 2282 scan-

471 2305 579 2337 dalum
605 2308 634 2337 et
659 2304 801 2342 ruinam,
826 2307 934 2344 utpote
959 2312 1030 2335 cum
1068 2302 1255 2334 luxuriosus
1287 2302 1425 2344 aliquam

472 2358 611 2390 infestat:
637 2366 711 2398 ergo
736 2357 760 2389 si
786 2356 879 2388 debet
904 2355 1064 2397 poenitens
1089 2355 1242 2387 sacerdoti
1267 2363 1426 2396 exponere

472 2414 672 2452 peccatorum
698 2409 892 2448 occasiones,
918 2413 952 2441 ut
976 2408 1150 2441 secundum
1176 2408 1244 2440 eius
1261 2407 1425 2440 consilium

473 2468 503 2495 et
527 2463 720 2495 adiutorium
745 2463 931 2504 peccatum5
956 2462 1066 2499 evitet3
1091 2461 1234 2499 videtur,
1259 2460 1343 2502 quod
1361 2469 1428 2502 pos-

474 2516 512 2548 sit
536 2519 566 2548 et
590 2515 702 2547 debeat
726 2515 827 2547 aliena
850 2518 977 2556 peccata
1003 2515 1032 2546 in
1057 2514 1249 2546 confessione
1272 2513 1400 2545 referre.

564 2568 708 2600 CONTRA:
739 2569 764 2599 si.
791 2567 971 2600 Psalmusss:
997 2567 1093 2604 Εἰπέ,
1121 2565 1294 2607 confitebor
1316 2566 1429 2597 adoer-

476 2631 551 2653 sum
568 2630 617 2652 me
637 2620 820 2652 triacontas
842 2630 932 2652 meas
949 2619 1109 2657 Domita),-
1127 2619 1250 2651 Glossa:
1274 2619 1429 2650 «Peccata

478 2682 563 2712 mea,
581 2682 641 2705 non
666 2673 794 2705 aliena»
810 2685 816 2704 z
835 2682 910 2714 crgo
934 2673 1035 2704 aliena
1060 2672 1236 2704 confitenda
1260 2681 1319 2703 non
1345 2674 1426 2703 sunt.

1569 1248 1598 1277 2).
1623 1246 1717 1285 item,
1750 1246 1896 1277 Chauaan
1931 1245 1990 1277 suit
2025 1246 2228 1285 maledictus,
2264 1246 2337 1287 quia
2372 1255 2430 1279 non

1480 1299 1604 1340 operuit
1628 1298 1768 1330 verenda
1792 1298 1907 1339 patris,
1941 1298 2067 1330 Genesis
2083 1299 2218 1330 'nono⁷:
2251 1308 2325 1339 orgo
2354 1302 2431 1331 tene-

1481 1352 1574 1383 batur
1598 1352 1651 1384 illa
1676 1351 1815 1392 operire:
1843 1351 1911 1393 pari
1930 1351 2049 1383 ratione
2066 1355 2096 1383 et
2113 1351 2279 1393 proximus
2296 1352 2431 1384 verenda

1482 1405 1637 1446 proximi,
1663 1404 1733 1436 licet
1758 1413 1816 1435 non
1843 1404 1885 1435 ita
1909 1404 2031 1436 stricte:
2057 1413 2131 1446 ergo
2155 1404 2208 1446 qui
2231 1404 2349 1436 revelat
2365 1404 2432 1436 alie-

1482 1466 1553 1489 nam
1578 1457 1703 1498 culpam
1729 1460 1836 1498 peccat
1860 1457 2008 1497 graviter.

1571 1510 1600 1541 3.
1625 1510 1718 1547 ltem,
1751 1511 1775 1541 si
1800 1509 1872 1542 licet
1904 1514 2029 1551 peccata
2061 1510 2197 1551 proximi
2232 1510 2349 1542 referre
2380 1511 2432 1542 uni

1482 1562 1655 1600 sacerdoti3
1679 1571 1751 1593 cuin
1777 1562 1866 1594 liceat
1891 1562 2032 1593 confiteri
2059 1562 2160 1601 mille,
2184 1563 2264 1594 sicut
2288 1571 2328 1594 ex
2350 1571 2434 1604 prae-
2481 1563 2483 1570 ⁴

2469 580 2483 675 eree
2479 549 2483 571 .-

1483 1615 1688 1647 cedentibus³
1713 1615 1856 1647 habitum
1889 1618 1952 1653 est,
1978 1624 2052 1656 ergo
2085 1615 2192 1647 liceret
2220 1619 2346 1657 peccata
2368 1625 2434 1657 pro·
2482 1631 2483 1658 ς

1484 1669 1562 1700 ximi
1588 1668 1672 1700 mille
1697 1668 1856 1706 revelare,
1881 1671 1910 1700 et
1935 1668 1977 1700 ita
2002 1668 2182 1709 proximum
2209 1668 2369 1700 insamare.

1573 1722 1602 1753 li.
1626 1722 1720 1759 Item,
1745 1724 1800 1752 aut
1824 1721 1882 1752 suit
1906 1720 2072 1762 particeps
2101 1720 2186 1752 illius
2217 1721 2352 1761 peccati,
2383 1725 2435 1753 aut
2482 1710 2483 1715 ¹

1484 1784 1558 1806 uon.
1584 1775 1612 1805 Si
1637 1783 1719 1805 uon:
1746 1783 1821 1815 ergo
1846 1782 1907 1805 non
1934 1774 2032 1814 tangit
2057 1777 2218 1814 peccatum
2237 1782 2346 1811 suum,
2364 1782 2435 1815 ergo

1486 1837 1546 1859 non
1571 1827 1665 1859 debet
1689 1826 1769 1858 illud
1793 1826 1944 1858 confiteri.
1969 1826 1997 1857 Si
2023 1826 2081 1858 fuit
2111 1826 2297 1867 pctrtz'ccpae
2328 1826 2383 1858 sed
2406 1827 2434 1858 in

1485 1880 1572 1912 nullo
1596 1880 1665 1911 soro
1689 1882 1791 1920 potest
1815 1879 1885 1921 quis
1916 1879 2013 1910 alium
2046 1888 2196 1911 accusare
2228 1879 2257 1910 in
2290 1879 2434 1917 crimine,

1486 1933 1516 1964 in
1542 1942 1604 1974 quo
1627 1932 1809 1974 participat:
1835 1940 1910 1973 ergo
1934 1931 2016 1963 male
2040 1931 2128 1970 facit,
2146 1932 2169 1963 si
2188 1931 2285 1963 alium
2303 1936 2434 1964 accusat.

1842 2028 2081 2052 CONCLUSIO.

1489 2109 1608 2141 Aliena
1636 2112 1774 2150 peccata
1804 2117 1871 2139 non
1902 2112 1981 2139 sum
2014 2108 2153 2140 dicenda
2184 2118 2240 2140 ‘nce
2272 2108 2437 2140 audienda

1578 2161 1612 2192 z'u
1645 2160 1865 2203 confessione,
1901 2160 1970 2192 m‘sz·
2005 2165 2166 2203 qttcttenus
2197 2161 2341 2202 propria
2374 2169 2437 2192 uon

1574 2213 1702 2254 possim
1727 2213 1824 2245 aliter
1848 2212 2016 2244 accusari.

1579 2301 1777 2333 Ruspoifflizo:
1804 2301 1995 2339 Dicendum²
2020 2301 2104 2342 quod
2129 2300 2230 2332 aliena
2246 2304 2372 2342 peccata
2387 2303 2438 2332 aut
2450 2308 2481 2330 Dis

1491 2358 1564 2387 sunt
1588 2354 1834 2396 impertuwnm'a.
1858 2354 1898 2386 ad
1921 2354 2040 2396 peccati
2064 2354 2161 2386 nostri
2194 2354 2438 2393 accusationem,

1491 2408 1546 2440 sed
1571 2416 1611 2439 ox
1636 2407 1771 2449 quadam
1797 2407 2000 2439 associatione
2018 2407 2113 2439 refert
2129 2416 2165 2439 ea
2181 2410 2210 2439 et
2227 2406 2266 2438 ad
2284 2406 2438 2448 quandam

1491 2460 1726 2493 excusationem
1752 2460 1804 2492 ille
1825 2460 1878 2501 qui
1896 2460 2072 2498 confitetur,
2097 2459 2170 2501 quia
2197 2472 2212 2487 <‹
2229 2457 2373 2491 solatium
2396 2461 2440 2491 est

1493 2514 1615 2546 miseris
1632 2513 1731 2545 socios
1748 2513 1865 2545 habere
1890 2522 2062 2554 poenarum
2076 2513 2126 2551 0»3
2151 2516 2180 2544 et
2197 2513 2240 2544 sic
2257 2512 2438 2551 dicendum,
2452 2521 2482 2542 em

1492 2565 1577 2606 quod
1602 2565 1683 2597 male
1706 2565 1778 2596 facit
1803 2566 1855 2606 qui
1881 2565 1924 2597 sic
1949 2565 2125 2603 confitetur,
2150 2557 2232 2596 sicut
2256 2564 2346 2596 multi
2373 2563 2439 2596 sim-

1493 2618 1589 2659 plices
1617 2618 1785 2659 aliquando
1817 2621 1965 2649 accusant
1996 2626 2104 2649 omnes
2137 2617 2254 2649 vicinos
2286 2625 2378 2655 suos,
2407 2618 2440 2648 ut

1493 2671 1550 2712 ipsi
1577 2671 1681 2703 minus
1705 2670 1946 2709 confundantur.
1972 2674 2006 2701 ut
2029 2670 2053 2702 si
2080 2670 2199 2702 dicant:
2218 2678 2329 2702 sumus
2354 2669 2440 2700 latro-

551 2849 557 2865 1
579 2849 635 2873 Yat.
652 2851 770 2882 propter.

551 2893 561 2910 2
580 2893 670 2925 Colligi
686 2897 769 2924 potest
782 2901 812 2918 ex
828 2900 849 2918 c.
871 2894 875 2917 l
889 2894 907 2917 1Δ
923 2901 946 2917 u.
962 2894 1002 2918 20.
1018 2893 1117 2918 Clarius
1131 2893 1240 2918 habetur
1258 2895 1281 2917 iu
1303 2893 1430 2918 Euchirid.

480 2946 500 2963 c.
523 2939 562 2964 slS.
584 2946 607 2963 n.
629 2939 652 2963 6.
672 2941 697 2963 ct
716 2938 747 2962 dc
767 2937 912 2969 Mendacio,
935 2944 956 2962 c.
978 2938 1001 2962 3.
1023 2944 1046 2961 n.
1068 2938 1091 2962 3.
1112 2944 1166 2969 seq.
1187 2937 1243 2969 (cfr.
1258 2938 1294 2962 lll.
1314 2938 1381 2962 Sent.
1397 2937 1430 2962 lit.

480 2983 604 3014 Magistri,
625 2982 649 3007 d.
671 2981 808 3006 xxxviii.
836 2988 857 3005 c.
878 2982 901 3005 3.
925 2988 989 3013 seq.y
1010 2984 1034 3005 et
1053 2980 1195 3005 Comment.
1218 2988 1242 3012 q.
1265 2981 1307 3012 1.).
1321 2995 1355 2998 —
1369 2981 1431 3004 lusc-

481 3028 534 3052 rius
554 3030 612 3058 post
630 3027 724 3051 utrum
743 3025 776 3051 sit
795 3024 910 3050 mortale
930 3025 987 3050 cod.
1007 3024 1043 3049 bb
1063 3025 1166 3055 supplet
1179 3025 1228 3049 aut
1239 3031 1301 3049 non.
1316 3024 1431 3049 Subinde

482 3078 528 3101 pro
549 3069 650 3096 conteri
669 3070 725 3094 Yat.
747 3076 805 3094 cuin
827 3076 876 3093 nou
899 3069 988 3099 paucis
1008 3068 1084 3093 codd.
1105 3075 1244 3099 perperam
1264 3067 1390 3101 confiteri.

551 3113 562 3130 3
581 3114 689 3145 Scibcct,
706 3113 776 3145 quod
791 3114 878 3144 lingua
891 3120 946 3138 ozon
960 3112 1089 3137 discordet
1108 3119 1122 3136 a
1142 3113 1303 3137 conscientia.
1317 3125 1353 3129 —
1367 3111 1432 3135 Vide

482 3157 594 3182 scholion
616 3157 648 3182 ad
669 3157 866 3188 praecedentem
886 3159 984 3188 quaest.

553 3200 563 3216 ⁴³
583 3202 642 3226 Sive
670 3202 694 3225 ll.
716 3201 811 3226 lisdrue
836 3201 856 3233 t,
878 3202 901 3225 (5.
923 3215 956 3218 —-
975 3200 1038 3225 Dan.
1060 3201 1088 3231 3,
1110 3200 1158 3231 ⁴29,
1182 3199 1225 3224 ubi
1249 3200 1351 3224 Azarius
1373 3205 1433 3223 cou-

484 3244 580 3268 titetur:
602 3245 769 3269 Peccavimus
788 3245 856 3269 cnim
876 3248 900 3269 et
920 3245 1006 3276 iniquo
1026 3245 1127 3275 egimus
1147 3243 1296 3268 recedentes
1315 3250 1328 3267 a
1349 3247 1371 3267 te
1386 3245 1432 3267 etc.

484 3287 546 3311 ibid.
567 3288 596 3318 Ε),
617 3287 640 3312 5.
661 3288 747 3312 Daniel
769 3289 815 3312 ait:
838 3288 1019 3318 Peccavimus,
1040 3288 1198 3319 iniquitatem
1217 3287 1325 3311 fecimus
1344 3289 1391 3311 etc.

554 3330 564 3345 5
584 3330 637 3355 Nou
658 3332 732 3361 pauci
753 3332 829 3356 codd.
849 3333 1137 3364 omittuntpeculiavit,-
1151 3332 1266 3362 suppleri
1286 3332 1361 3356 etiam
1377 3337 1433 3362 pos-

485 3376 522 3397 set
541 3372 616 3405 illas,
640 3374 692 3398 scil.
711 3375 858 3399 occasiones
879 3375 936 3405 (cfr.
951 3383 1029 3406 supra
1051 3375 1074 3400 d.
1097 3375 1136 3400 is,
1158 3382 1182 3406 p.
1204 3376 1231 3400 11.
1253 3382 1275 3400 a.
1297 3375 1320 3399 ¹1.
1340 3382 1365 3407 q.
1388 3375 1430 3407 =1.).

1565 2849 1576 2864 ⁰
1596 2849 1686 2873 Psalm.
1707 2848 1753 2879 31,
1775 2847 1805 2879 5,
1828 2847 1871 2872 ubi
1902 2847 2011 2878 Vulgata
2040 2846 2127 2879 (etiam
2156 2847 2213 2871 cod.
2237 2847 2265 2878 F)
2289 2844 2440 2871 iniustitiam

1495 2899 1591 2918 meant.
1606 2892 1722 2917 Glossam
1737 2892 1838 2916 exbibet
1851 2891 1920 2916 card.
1936 2892 2010 2922 Ilugo
2025 2899 2037 2915 a
2053 2892 2076 2915 S.
2091 2890 2182 2916 Clmro.
2193 2905 2227 2908 —
2238 2890 2321 2915 Rufio.
2335 2889 2438 2922 Aquilei.

1496 2937 1527 2967 (†
1548 2936 1624 2967 .1,10);
1645 2935 1711 2966 Quid
1732 2939 1769 2959 cst
1787 2934 1916 2960 arleersus
1936 2936 1982 2960 se?
2003 2935 2132 2959 Accusans
2158 2938 2182 2959 ct
2201 2935 2336 2965 increpans
2355 2935 2441 2958 semet—

1496 2981 1582 3011 ipsum
1603 2983 1627 3004 ct
1646 2987 1696 3004 uon
1716 2979 1803 3004 alium.
1824 2980 1874 3004 Csr.
1905 2980 1982 3004 etiam
2008 2980 2124 3010 August„
2154 2979 2267 3003 Euarrat.
2289 2979 2312 3003 2.
2332 2979 2357 3002 in
2377 2977 2441 3001 hunc

1497 3025 1534 3048 ΡΒ.
1556 3031 1578 3048 u.
1604 3025 1640 3048 lG.

1565 3067 1576 3083 ⁷
1596 3068 1668 3092 Vei-s.
1689 3068 1729 3092 22.
1750 3074 1821 3099 seqq.

1569 3110 1579 3126 ⁸
1598 3111 1658 3136 Uist.
1680 3111 1720 3135 Π.
1741 3118 1766 3141 p.
1789 3111 1823 3135 lll.
1845 3118 1866 3135 a.
1892 3112 1910 3135 l.
1932 3118 1956 3142 q.
1980 3111 2002 3135 2.
2023 3110 2074 3135 Cl'r.
2096 3111 2161 3135 iufra
2182 3109 2243 3134 dub.
2264 3109 2288 3133 4.

1567 3154 1577 3170 s*
1597 3155 1745 3179 Secundum
1767 3155 1883 3179 Glossam
1905 3153 2073 3180 ordt'nurz'awt
2093 3154 2170 3186 (quae
2189 3156 2227 3178 est
2244 3160 2275 3178 ex
2294 3151 2403 3182 Hieron.)
2417 3150 2440 3174 in

1498 3199 1553 3223 lsai.
1579 3199 1620 3229 tt,
1642 3200 1665 3223 Ε).
1686 3199 1757 3230 apud
1777 3198 1897 3223 sii-album
1918 3202 1942 3224 et
1961 3199 2100 3229 Lyraiium.
2121 3197 2171 3235 Cir.
2192 3198 2255 3222 infra
2276 3196 2300 3221 d.
2321 3195 2361 3220 50.
2382 3201 2405 3226 p.
2424 3193 2439 3217 l.

1498 3250 1519 3267 a.
1544 3244 1563 3267 1.
1584 3250 1608 3275 q.
1631 3244 1654 3267 3.
1674 3243 1790 3267 tundam.
1813 3243 1835 3267 l.
1855 3244 1958 3273 Seneca,
1981 3242 2013 3267 dc
2033 3242 2159 3267 Consolat.
2174 3241 2205 3266 ad
2226 3238 2439 3270 llla1=ciam,c.1l2.

1498 3287 1543 3311 ait:
1558 3287 1673 3311 illalcvoli
1693 3288 1774 3311 solatii
1794 3294 1875 3318 genus
1894 3289 1932 3311 est
1950 3286 2024 3311 turbu
2045 3287 2207 3311 miserorum.
2222 3299 2256 3302 fi
2268 3285 2324 3309 Mox
2342 3281 2440 3315 plurimi

1498 3330 1573 3355 codd.
1595 3331 1661 3354 mule
1686 3331 1805 3356 omittunt
1829 3331 1853 3355 et
1877 3330 1915 3356 sic
1940 3329 2087 3362 dicendzmz,
2110 3329 2166 3355 cod.
2186 3330 2204 3353 L
2225 3330 2301 3360 legit:
2320 3327 2356 3354 sic
2374 3325 2440 3353 male
2473 3345 2475 3347 -

1496 3373 1575 3407 fucit,
1598 3374 1638 3399 cd.
1660 3375 1669 3399 l
1694 3376 1718 3399 et
1735 3374 1805 3400 attale
1823 3373 1895 3407 facit.
