2483 3882
0 1295 33 1318 tri-

706 244 799 276 DlST.
824 241 1039 276 XLVIL‘ART.
1065 241 1085 272 1.
1111 239 1264 282 QUAEST.
1288 239 1332 270 ΙΙΙ.

42 337 143 380 Angeli
169 345 230 368 non
254 334 487 368 communicant
517 333 547 365 in
582 333 719 365 humana
747 334 880 363 natura:
913 339 988 371 ergo

41 400 97 424 nec
121 390 151 422 in
176 387 339 421 iudiciaria
362 389 523 429 potestate.

130 443 159 474 Ξ.
183 441 276 479 Item,
308 442 477 471 exsecutor
501 437 671 470 sententiae
695 445 756 468 non
780 435 897 468 dicitur
921 442 989 467 esse

43 495 157 533 iudex,
181 493 236 526 sed
265 492 428 529 minister;
460 491 513 523 sed
547 490 651 531 Angeli
685 489 870 522 sententiam
903 495 990 520 exse-

43 551 196 591 quentur,
220 546 294 587 quia
318 544 443 576 mittent
466 543 502 575 in
525 542 695 574 caminum
721 541 827 582 ionis,
845 539 989 572 Matthaei

43 600 163 634 decimo
186 598 278 631 tertio
292 597 323 629 ¹:
348 605 423 638 ergo
446 600 503 628 etc.

131 652 160 684 3.
185 652 278 690 item,
306 654 443 692 potestas
468 648 632 681 iudiciaria
655 648 728 680 data
751 650 799 679 est
821 644 991 688 Apostolis,

43 705 115 748 quia
143 703 269 737 iudicati
300 706 390 741 sunt,
414 705 445 734 et
468 701 617 738 Domino,
641 703 672 732 et
695 699 783 741 quia,
801 698 865 730 vita
880 705 990 729 eorum

43 761 221 799 comparata
236 755 336 794 malis,
353 755 437 797 ipsos
453 753 623 786 ostendunt
640 751 791 793 reprobos
802 750 830 788 ²3
847 749 900 782 sed
921 758 993 781 neu-

44 815 126 844 trum
152 813 198 842 est
223 810 252 841 in
279 807 419 850 Angelis:
444 816 519 848 ergo
544 809 601 838 etc.

396 920 637 946 CONCLUSIO.

155 1020 342 1055 [ticlieiaria
363 1022 507 1062 potestas
530 1027 596 1049 non
619 1021 665 1049 est
689 1016 725 1048 in
749 1014 883 1057 Anyelis

265 1073 333 1105 nisi
354 1071 484 1104 ratione
508 1068 767 1112 approbationis.

134 1170 332 1214 R'ssspcmnm:
351 1177 541 1215 Dicendum,
560 1176 642 1218 qnod
655 1201 662 1214 ,
680 1174 760 1206 sicut
777 1173 894 1205 dictum
913 1176 960 1204 est
974 1172 995 1210 ³,

46 1234 208 1268 iudiciaria
232 1237 369 1275 potestas
393 1229 507 1272 triplici
525 1238 565 1262 ex
583 1237 678 1261 causa
695 1227 810 1259 dicitur
832 1234 900 1258 esse
917 1234 997 1257 com-

48 1288 203 1321 municata
228 1285 396 1327 Apostolis‚
428 1283 546 1316 scilicet
577 1281 697 1313 ratione
722 1277 996 1320 comparationis,

0 1337 4 1344 ’
47 1338 296 1383 approbationis
313 1336 484 1370 sententiae
501 1339 531 1367 et
549 1333 752 1366 honorabilis
769 1330 994 1364 consessionis.

0 1998 43 2060 tr

47 1395 172 1426 Ratione
197 1389 458 1432 comparationis
486 1387 637 1420 iudicium
663 1386 722 1418 erit
748 1385 909 1417 hominum
935 1393 998 1415 ma-

47 1447 148 1479 lorum
174 1449 204 1477 et
229 1445 382 1476 honorum
398 1443 430 1480 4;
455 1439 720 1483 approbationi&
745 1447 807 1470 non
833 1437 995 1469 hominum

1939 234 2003 267 973

1052 329 1207 361 honorum
1232 330 1372 364 tantum,
1397 326 1451 358 sed
1475 325 1638 357 hominum
1665 327 1694 356 et
1718 323 1928 365 Angelorunn
1954 321 2006 354 bo-

1055 380 1217 414 norabilis
1233 378 1459 416 consessionis,
1478 378 1689 420 perfectorum
1708 379 1840 409 tantum.
1858 375 1945 408 Unde
1961 375 2005 407 di-

1054 434 1206 472 cendum,
1224 433 1308 474 quod
1334 432 1461 474 proprie
1489 430 1663 472 loquendo,
1688 428 1852 462 iudiciaria
1868 430 2005 470 potestas
2020 439 2139 461 Conclusio.

1055 496 1114 519 non
1140 486 1199 518 erit
1231 486 1261 517 in
1294 485 1436 526 Angelis;
1462 484 1486 517 si
1518 487 1623 516 autem
1648 482 1772 515 dicatur
1796 482 1825 513 in
1850 481 1895 514 eis
1919 489 2009 520 esse,

1055 538 1292 580 intelligendum
1318 542 1364 570 est
1389 537 1508 569 ratione
1531 534 1790 578 approbationis.

1149 593 1175 622 1.
1193 592 1222 623 02.
1240 590 1445 623 Auctoritates
1462 592 1567 622 autem
1586 588 1667 625 illae,
1684 596 1764 629 quae
1786 586 1904 625 dicunt,
1921 585 2006 627 quod
2035 597 2115 627 Solutio
2129 602 2166 623 op-

1057 644 1208 676 Dominus
1232 643 1336 676 veniet
1360 652 1432 675 cum
1457 641 1580 683 Angelis
1597 650 1657 672 non
1675 643 1748 672 sunt
1773 638 2006 680 intelligendae,
2021 625 2144 650 ”⁰⁵¹²0‘um'

1056 697 1141 738 quod
1165 697 1269 729 veniat
1300 704 1372 728 cum
1405 694 1528 736 Angelis
1558 692 1804 730 iudicantibus,
1833 691 1888 724 sed
1913 690 2007 722 inini-

1056 749 1241 781 strantibus
1255 748 1276 780 ⁵.
1501 770 1503 772 -

1147 802 1175 834 3.
1201 802 1244 834 Ad
1269 801 1347 833 illud
1372 809 1447 833 vero
1479 800 1563 842 quod
1595 799 1758 837 obiicitur,
1791 797 1874 839 quod
1908 796 2007 837 magis

1058 854 1192 887 debetur
1216 853 1357 895 Angelis,
1380 852 1455 894 quia
1479 855 1553 885 sunt
1577 851 1643 884 sine
1660 853 1804 892 peccat03
1829 848 2008 887 dicendum,

1058 907 1142 949 quod
1167 907 1244 939 haec
1269 914 1329 937 non
1347 909 1394 938 est
1410 905 1489 937 ratio
1510 903 1712 945 comparandi
1738 901 1934 935 iudiciariam
1959 909 2010 942 po-

1059 963 1219 999 testatem,
1252 959 1306 991 sed
1340 958 1439 1000 magis
1472 958 1538 999 ipsa
1561 956 1729 999 perfectio,
1752 955 1824 997 quia
1841 955 1851 969 ‘¹
1876 954 2010 996 persece-

1060 1018 1134 1045 rnnt
1158 1012 1286 1044 consilia
1310 1015 1340 1043 et
1369 1014 1442 1043 sunt
1474 1010 1649 1043 conformes
1681 1008 1803 1040 Christo
1835 1007 1864 1039 in
1896 1009 2010 1038 natura

1059 1065 1205 1107 perfecta.

1148 1118 1177 1150 lt.
1203 1118 1246 1149 Ad
1271 1117 1350 1149 illud
1382 1115 1465 1158 quod
1498 1115 1645 1147 obiicitur
1669 1113 1798 1151 ultimo,
1823 1112 2010 1149 dicendum,

1060 1171 1143 1213 quod
1175 1174 1274 1212 potest
1298 1169 1443 1208 concedi,
1475 1168 1557 1210 quod
1591 1167 1691 1208 angeli
1727 1166 1799 1198 mali
1833 1165 2011 1197 iudicentur

1061 1223 1293 1265 comparatione
1318 1223 1490 1259 honorum,
1513 1220 1567 1252 sed
1585 1229 1644 1251 non
1663 1219 1757 1251 dehet
1773 1217 1909 1255 concedi,
1927 1216 2011 1258 quod

1061 1277 1213 1309 homines.
1239 1295 1280 1298 —-
1305 1275 1360 1307 Vel
1385 1274 1570 1312 dicendum.
1589 1273 1672 1315 quod
1699 1272 1782 1304 illam
1809 1270 2100 1312 coniparatio-Anm,

1061 1338 1132 1362 nem
1155 1329 1247 1361 faciet
1271 1326 1508 1369 supererogatio
1523 1326 1554 1364 7;
1579 1330 1610 1357 et
1634 1325 1686 1357 illa
1711 1325 1824 1356 iterum
1854 1331 2012 1364 compara-

1062 1383 1103 1414 tio
1127 1382 1180 1414 fiet
1204 1382 1253 1414 his
1284 1381 1337 1423 qui
1370 1383 1496 1422 possent
1521 1379 1577 1411 sihi
1604 1378 1701 1410 videri
1726 1378 1796 1409 honi
1830 1385 1911 1415 esse,
1929 1375 2014 1417 quod

1061 1444 1122 1467 non
1146 1438 1193 1467 est
1217 1434 1248 1466 in
1273 1433 1363 1466 malis
1386 1432 1504 1474 angelis
1519 1432 1540 1463 ³.

905 1573 1088 1616 Qniesrto
1114 1572 1158 1604 111.

552 1676 669 1708 Utrum
695 1667 804 1707 oini‘tcs
829 1672 1082 1709 tuctz'cabmzcm·,
1108 1675 1173 1702 tani
1202 1669 1277 1702 boni
1299 1678 1401 1711 quain
1426 1667 1516 1699 niati.

136 1793 239 1826 Tertio
264 1795 415 1834 quantum
434 1789 473 1821 ad
492 1787 675 1821 indicandos
698 1784 872 1827 quaeritur,
889 1787 997 1815 utrum

49 1856 156 1880 omnes
181 1844 416 1882 iudicabuntuu
441 1845 503 1874 tam
530 1840 600 1872 honi
626 1847 721 1880 qnam
746 1837 830 1869 mali.
857 1836 891 1868 Et
914 1834 998 1877 quod

49 1910 158 1933 omnes
183 1898 339 1935 homines,
364 1896 500 1928 videtur.
919 1927 921 1930 ι

141 1955 167 1985 1.
185 1951 346 1984 Secundae
362 1949 402 1981 ad
419 1946 595 1980 Corinthios
613 1945 721 1987 quinto
735 1943 763 1975 ⁹:
781 1939 898 1975 Omnes
914 1944 1001 1973 asta-

52 2007 158 2040 bimus
175 2008 250 2037 ante
268 2000 416 2035 tribunat
441 1998 583 2036 Christi,
601 2002 637 2030 ut
662 1996 802 2038 recipiat
826 1993 1003 2036 unnsquis-

51 2069 110 2104 que
133 2063 191 2091 etc.

140 2113 170 2144 Ξ).
195 2111 288 2148 ltem,
313 2107 408 2140 isaiae
437 2104 680 2148 quadragesimo
712 2103 821 2144 quinto
836 2101 881 2132 ¹⁰:
908 2101 1004 2142 Eyrc·

51 2165 161 2197 dietim*
186 2163 223 2195 cte
247 2171 302 2194 ore
326 2170 394 2192 meo
419 2158 566 2191 iustitiae
588 2155 725 2189 verbum
738 2167 748 2192 ;
772 2158 802 2186 ct·
825 2152 908 2185 milii
930 2161 1003 2184 cur-

50 2217 184 2250 vabitur
217 2224 309 2247 omne
339 2223 447 2256 yenit:
480 2220 555 2252 ergo
587 2209 610 2242 si
645 2209 703 2241 hoc
736 2211 783 2240 est
811 2207 841 2238 in
867 2205 1003 2243 iudicio,

51 2273 135 2313 patet
159 2273 216 2302 etc.

141 2323 170 2355 3.
195 2322 286 2360 item,
311 2319 430 2358 Sancti,
455 2317 508 2360 qui
534 2315 627 2349 modo
652 2318 725 2348 sunt
742 2314 772 2346 in
796 2312 1004 2350 heatitudine,

53 2377 83 2409 in
101 2377 151 2409 die
169 2374 274 2407 iudicii
301 2372 537 2409 iudicabuntur,
554 2373 584 2402 et
602 2368 673 2401 [nali
685 2394 692 2407 ,
710 2367 762 2410 qui
781 2367 810 2399 in
830 2366 950 2398 inferno
965 2364 1003 2395 ¹¹:

53 2438 127 2471 ergo
150 2432 181 2461 et
204 2435 322 2460 omnes.

79 2521 82 2528 ι
141 2482 171 2513 [ι.
189 2481 281 2519 ltem,
299 2479 359 2510 alia
376 2477 505 2510 ratione
521 2476 660 2508 videtur:
679 2473 752 2516 qnia
776 2472 928 2504 iudicium
955 2470 1006 2502 fiet

54 2535 92 2567 ad
119 2532 399 2566 manifestationem
424 2529 548 2562 divinae
573 2527 728 2560 iustitiae:
755 2535 829 2566 ergo
846 2525 870 2557 si
888 2523 1007 2556 iustitia

55 2587 107 2620 Dei
140 2587 182 2619 ibi
217 2585 375 2628 potissime
409 2582 644 2619 manifestatur7
677 2588 751 2621 ergo
781 2582 934 2620 quantum
967 2576 1005 2608 ad

1064 1782 1168 1813 omnia
1194 1780 1304 1812 merita
1329 1783 1359 1811 et
1382 1786 1491 1810 omnes
1516 1781 1681 1810 merentes.
1707 1776 1765 1808 Sed
1788 1784 1849 1807 non
1872 1777 1919 1807 est
1935 1783 2018 1807 crea-

1064 1837 1136 1866 tura
1160 1832 1339 1870 rationalis,
1364 1839 1445 1873 quae
1470 1839 1530 1862 non
1556 1829 1594 1862 sit
1618 1829 1711 1870 digna
1736 1829 1831 1867 hono,
1849 1827 1899 1860 vel
1916 1826 2016 1858 malo:

1064 1895 1139 1927 ergo
1162 1893 1270 1917 omnes
1295 1883 1409 1916 debent
1432 1882 1575 1915 iudicari.

1154 1938 1302 1970 CONTRA:
1331 1938 1357 1968 1.
1384 1936 1532 1974 Videtur,
1557 1934 1640 1976 quod
1657 1933 1770 1965 nullus
1788 1933 1890 1965 bonus
1906 1932 2018 1965 debeat
2032 1941 2073 1962 Pro
2088 1943 2146 1970 parte

1066 1991 1198 2024 iudicari
1210 2016 1217 2030 ‚
1235 1989 1309 2032 quia
1332 1988 1455 2021 loannis
1479 1987 1570 2020 tertio
1586 1986 1609 2001 ¹²
1628 1986 1763 2019 dicitur:
1784 1985 1849 2026 Qui
1864 1985 1967 2017 credit
1983 1984 2018 2016 in
2041 1969 2146 1993 '³⁰³³m'2‘

1066 2054 1140 2077 eunt
1164 2054 1231 2076 non
1255 2043 1453 2079 indicatnr,·
1477 2044 1507 2073 et
1524 2049 1638 2073 rursus
1655 2040 1780 2081 quinto:
1799 2040 1835 2071 In
1854 2038 2018 2070 indiciam

1067 2108 1131 2130 non
1156 2097 1259 2129 veniet
1281 2101 1339 2128 etc.

1158 2152 1187 2182 Ξ.
1212 2150 1305 2187 item,
1338 2148 1446 2181 saltem
1479 2147 1621 2185 videtur,
1646 2146 1729 2188 quod
1756 2154 1817 2177 non
1842 2144 2020 2176 iudicentur

1070 2203 1145 2236 boni
1164 2201 1321 2244 perfecti,
1347 2201 1420 2243 quia
1444 2200 1611 2233 iudicantis
1636 2208 1696 2231 non
1722 2202 1769 2230 est
1786 2197 1947 2235 indicari,
1966 2197 2019 2229 sed

1069 2256 1244 2293 ittcticare;
1269 2259 1299 2287 et
1323 2254 1380 2286 viri
1408 2253 1534 2295 perfecti
1562 2253 1590 2284 in
1617 2252 1667 2284 (lie
1692 2251 1796 2283 iudicii
1823 2254 1913 2282 erunt
1944 2249 2022 2281 indi-

1070 2318 1121 2342 ces
1137 2308 1181 2340 ¹³:
1207 2317 1281 2349 ergo
1306 2312 1363 2339 etc.

1160 2361 1188 2393 3.
1213 2361 1307 2398 Item,
1332 2360 1415 2401 quod
1448 2358 1561 2390 nntius
1586 2356 1744 2398 infidelis,
1771 2355 1915 2387 videtur:
1949 2353 2022 2396 qnia

1071 2415 1192 2447 loannis
1218 2414 1308 2446 tertio
1324 2412 1365 2443 ¹⁴:
1386 2411 1451 2452 Qui
1465 2421 1529 2443 non
1555 2409 1658 2442 credit
1682 2409 1750 2440 iam
1775 2407 1943 2439 'indicatus
1960 2411 2023 2439 est:

1071 2468 1125 2501 sed
1151 2467 1202 2509 qui
1229 2466 1386 2498 indicatus
1410 2467 1473 2502 est,
1504 2464 1617 2495 iterum
1652 2471 1711 2493 non
1745 2461 1837 2493 dehet
1869 2459 2021 2492 iudicari:

1071 2530 1145 2561 ergo
1169 2525 1226 2552 etc.

1161 2574 1190 2605 4.
1216 2573 1307 2609 ltem,
1333 2571 1468 2609 videtur2
1493 2569 1577 2611 qnod
1602 2567 1714 2599 nullus
1734 2566 1924 2608 parvulas:
1950 2566 2024 2607 quia

129 2769 135 2784 1
158 2769 229 2793 Vers.
251 2767 292 2792 42.
313 2770 337 2791 ct
356 2766 400 2791 50:
423 2766 451 2790 Et
469 2765 568 2789 mittent
586 2770 631 2788 eos
651 2763 675 2787 in
696 2765 742 2787 cte.

126 2813 136 2829 ²
157 2812 207 2838 Csr.
222 2815 320 2844 quaest.
335 2809 454 2842 praeced.
470 2823 503 2827 ——
517 2808 643 2839 Superius
656 2814 703 2838 pro
717 2807 741 2832 et
754 2804 866 2831 Domino
881 2806 904 2829 in
920 2803 977 2829 cod.
991 2803 1009 2827 E

58 2857 170 2883 secunda
191 2863 282 2881 manus
302 2855 369 2880 bene
393 2853 523 2879 substituit
542 2859 603 2878 cum
623 2850 752 2881 Domino,
772 2849 832 2875 edd.
852 2856 868 2874 a
887 2846 1009 2873 Domino.

127 2901 137 2917 ³
158 2901 260 2932 Quaest.
282 2898 401 2931 praeced.

128 2944 138 2961 ⁴
159 2944 223 2969 Edd.
247 2945 452 2974 prosequuntur:
473 2942 585 2966 tantum.
612 2938 719 2965 Ratione
742 2934 941 2970 approbationis
961 2933 1011 2960 erit

62 2988 193 3015 honorum
213 2986 352 3013 hominnm
371 2987 395 3011 et
415 2984 588 3019 Angelorum.
608 2982 717 3009 Ratione
737 2979 901 3007 honorabilis
921 2981 967 3003 otc.

128 3035 139 3051 ⁵
160 3034 224 3059 Vide
244 3034 285 3058 liic
306 3033 338 3057 lit.
361 3032 483 3062 Magistri,
505 3037 525 3055 c.
547 3029 570 3053 4.

132 3078 142 3095 ⁶
160 3077 222 3103 Cod.
244 3077 259 3101 Ρ
280 3076 383 3108 supplet
402 3074 454 3101 viri
472 3072 631 3107 crongyelici‚
652 3070 748 3097 scilicet
768 3068 903 3102 Apostoli,·
924 3068 1011 3099 plures

62 3122 137 3147 codd.
157 3122 245 3153 legunt
264 3120 328 3153 qaia
346 3117 496 3152 perfecerit,
526 3117 583 3142 cod.
605 3116 623 3140 M
647 3121 714 3148 qaae
735 3111 884 3147 perfecerit.
912 3112 935 3135 ln
962 3110 1011 3135 fine

63 3166 135 3191 solut.
162 3172 211 3196 pro
236 3163 365 3196 perfecta,
395 3162 466 3194 qnod
492 3160 567 3186 codd.
593 3159 669 3184 GPZ
695 3158 827 3186 omittunt,
848 3155 924 3180 codd.
945 3154 964 3178 T
976 3153 1012 3178 bh

62 3208 182 3242 perfecto.
204 3208 266 3234 Edd.
287 3209 310 3232 in
332 3208 379 3232 hac
398 3207 473 3231 solut.
494 3209 551 3236 post
566 3203 612 3229 sed
629 3201 716 3235 magis
743 3202 948 3232 prosequuntur:
962 3197 1013 3223 ista

64 3253 101 3279 est
119 3252 197 3284 ratio,
219 3251 317 3278 scilicet
343 3257 451 3277 serrare
476 3249 533 3282 ipsa
560 3246 671 3273 consilia
682 3255 692 3277 ;
712 3246 735 3270 et
758 3244 821 3277 quia
845 3242 1014 3276 perfecerunt

65 3296 174 3323 consilia
192 3297 217 3322 et
234 3295 345 3328 ficerunt
365 3293 515 3323 conformes
535 3290 638 3317 Christo
658 3289 686 3314 in
704 3295 769 3314 vera
787 3285 952 3320 perfectione.

133 3340 144 3357 ⁷
163 3340 213 3366 Csr.
233 3344 332 3373 quaest.
358 3337 492 3370 praeced,
513 3335 558 3360 ubi
583 3335 675 3359 dicitur
692 3331 817 3365 perfectio
841 3335 1014 3364 sztpcreroqa-

66 3383 151 3410 tionis.
172 3384 263 3409 Forma
283 3383 357 3408 verbi
377 3382 488 3407 occurrit
508 3380 570 3405 Luc.
591 3379 628 3409 10,
644 3377 685 3402 35,

1145 2755 1155 2771 S
1177 2755 1240 2779 Vide
1262 2754 1376 2779 scholion
1397 2752 1428 2777 nd
1449 2751 1646 2783 praecedentem
1667 2753 1765 2782 quaest.

1144 2800 1154 2815 ‘³
1176 2800 1247 2824 Vers.
1274 2799 1318 2823 10:
1339 2797 1434 2822 Omnes
1458 2796 1526 2820 enim
1547 2802 1593 2819 nos
1613 2794 1768 2819 manifestari
1788 2796 1889 2824 oportet
1908 2794 1965 2817 ante
1986 2792 2025 2816 tri-

1074 2844 1152 2870 lJnnnl
1173 2843 1278 2873 Christi,
1299 2844 1326 2866 ut
1350 2842 1443 2866 roserat
1462 2839 1641 2871 unnsquisque
1662 2837 1764 2869 propriu
1792 2837 1923 2868 corporis,
1950 2838 2026 2867 prout

1075 2889 1166 2920 gessit,
1186 2888 1240 2911 >ive
1261 2886 1372 2916 honum,
1394 2885 1448 2909 sive
1474 2883 1580 2908 malum.
1602 2883 1675 2907 Rom.
1701 2881 1745 2912 lli,
1768 2881 1813 2905 rlO:
1840 2879 1934 2904 Omnes
1951 2880 2025 2907 ,enini

1074 2931 1200 2957 stabimus
1219 2934 1276 2955 ante
1296 2928 1405 2954 tribunal
1426 2927 1524 2953 Christi.

1146 2975 1167 2991 ¹0
1187 2975 1259 2999 Vers.
1280 2974 1321 2998 23,
1341 2980 1394 3004 seq.
1410 2972 1518 3003 Vulgata
1539 2974 1596 3002 post
1617 2969 1725 2995 verbum
1745 2969 1922 3000 prosequitur:
1937 2968 2025 2993 elnon

1075 3020 1236 3050 revertetur,
1259 3017 1322 3051 quia
1340 3015 1407 3042 milet
1424 3018 1472 3040 otc.

1149 3063 1167 3079 11
1189 3064 1272 3087 Manu.
1294 3061 1339 3093 257
1362 3062 1402 3085 32.
1422 3067 1495 3091 seqq.

1149 3106 1170 3122 ¹2
1189 3107 1261 3130 Vct-s.
1287 3106 1323 3129 ts.
1342 3118 1377 3122 —
1397 3105 1454 3135 seq.
1475 3104 1547 3128 locus
1566 3106 1604 3127 est
1624 3102 1685 3126 inid.
1706 3101 1730 3132 5,
1754 3101 1799 3125 24:
1821 3100 1883 3131 Quin
1909 3101 1952 3132 qui
1973 3106 2028 3123 ver-

1078 3152 1139 3177 bum
1161 3158 1248 3176 menni
1269 3150 1339 3175 audit
1358 3152 1382 3173 et
1402 3147 1482 3173 credit
1510 3148 1531 3171 ei
1552 3148 1595 3179 qui
1617 3147 1684 3171 misit
1713 3152 1769 3175 me,
1793 3144 1868 3169 habet
1888 3145 1966 3168 xitam
1987 3150 2029 3168 fle-

1078 3201 1176 3221 ternam
1197 3198 1220 3219 ct
1240 3195 1263 3218 in
1285 3193 1408 3218 iudicium
1429 3199 1478 3216 non
1500 3192 1582 3222 venit,
1603 3190 1648 3216 sed
1669 3190 1766 3215 transiit
1780 3196 1792 3213 a
1808 3192 1889 3213 morte
1904 3189 1927 3212 in
1947 3189 2028 3213 vitam

1078 3239 1216 3272 (permulti
1237 3237 1312 3263 codd.
1334 3236 1459 3267 venient).

1150 3283 1171 3299 13
1190 3283 1255 3307 Vide
1276 3289 1354 3313 supra
1374 3288 1399 3313 q.
1424 3281 1443 3305 1.
1463 3284 1488 3305 et
1508 3280 1531 3304 Ξ.

1151 3327 1170 3343 ¹⁴
1191 3327 1264 3351 Voss.
1289 3326 1332 3350 18:
1352 3325 1399 3356 Qui
1420 3328 1505 3349 nutem
1527 3330 1576 3348 non
1597 3322 1677 3348 credit
1697 3326 1742 3347 etc.
