2483 3882
652 261 746 293 DIST.
771 261 867 294 XLIV.
893 261 921 292 Ρ.
947 261 978 292 ll.
1003 260 1084 293 ART.
1109 261 1154 293 ΙΙΙ.
1179 261 1330 303 QUAEST.
1355 262 1387 294 ΙΙ.

42 353 87 383 est
109 356 220 381 sensus
244 347 405 380 divisionis
429 348 567 389 partium
592 358 662 381 cum
689 349 718 380 vi
728 361 759 388 »3
776 349 830 381 sed
855 349 985 391 spiritus

40 404 201 443 separatus
217 402 303 432 caret
319 399 478 441 partibus,
495 404 580 433 caret
597 401 758 440 divisione,
776 404 860 434 caret
877 410 984 434 sensu:

41 463 113 495 ergo
136 456 221 486 caret
245 452 361 485 dolore.

126 506 218 544 Item,
237 505 295 537 hoc
320 505 495 538 ostenditur
520 515 538 537 a
562 509 651 547 parte
667 507 816 539 aetionis.

127 559 155 589 7.
185 557 283 590 Omne
319 557 451 598 puniens
486 557 582 590 laedit
595 558 613 597 ¹,
636 567 728 591 omne
759 559 842 601 quod
874 559 986 598 laedit,

40 610 164 648 adimit3
188 609 243 642 sed
267 618 285 641 a
306 609 419 651 spiritu
450 609 639 651 incorporali
665 610 741 642 nihil
767 615 867 653 potest
890 611 987 644 adimi

41 672 96 706 per
119 671 250 704 corpus:
276 670 350 704 ergo
375 671 434 694 non
459 665 561 704 potest
586 662 683 701 laedi,
701 672 776 705 ergo
801 673 856 696 nec
874 664 984 707 affligi:

40 724 113 757 ergo
129 715 168 747 ab
185 714 254 757 igne
278 724 339 746 non
364 714 491 756 patitur.

391 828 629 852 CONCLUSIO.

40 925 130 969 Iynis
154 924 281 967 inferni
302 924 423 967 affligit
447 925 544 957 etiarn
569 925 721 967 spiritus,
743 935 795 958 eos
818 926 987 969 alligando

126 981 156 1010 et
173 977 410 1020 perceptionem
429 978 654 1016 immutando,
679 983 882 1021 repugnante
912 989 987 1012 eum

126 1029 265 1062 horrore
287 1030 461 1062 voluntate.

128 1136 324 1168 Responnao:
350 1136 393 1168 Ad
418 1136 653 1178 praedictorum
683 1136 916 1178 intelligentiam
942 1141 988 1170 est

0 1189 229 1227 sanotandum,
254 1189 337 1230 quod
364 1188 446 1221 circa
471 1188 661 1230 praedictam
699 1190 912 1231 quaestionem
938 1191 989 1223 tri-

42 1241 114 1284 plex
138 1241 196 1273 suit
220 1241 279 1273 via.

126 1294 225 1336 Aliqui
252 1294 334 1326 enim
361 1294 620 1336 pbilosophorum
647 1299 842 1337 negaverunt
867 1296 990 1338 simpli-

1 1348 139 1386 sa.eiter,
164 1348 310 1389 spiritum
343 1348 561 1389 incorporeum
595 1357 686 1389 posse
718 1349 868 1387 cruciari,
895 1354 990 1382 atten-

41 1401 147 1434 dentes
170 1400 209 1432 ad
235 1400 303 1433 eius
328 1400 672 1442 incorruptibilitatem,
689 1411 747 1443 pro
763 1410 799 1434 eo
823 1402 906 1444 quod
925 1411 990 1435 sen-

42 1457 166 1492 serunt,
198 1461 290 1485 omne
326 1453 586 1494 incorruptibite‘2
621 1463 689 1486 esse
721 1454 922 1495 impassibile.
947 1474 989 1478 ——

0 1524 25 1540 π,
41 1506 98 1539 Sed
122 1506 179 1538 iste
203 1509 249 1538 est
273 1515 363 1538 error
387 1506 580 1538 manifestus.
606 1506 634 1538 Si
660 1507 743 1539 enim
768 1507 858 1539 dolor
889 1517 990 1540 neces·

43 1559 122 1592 sario
146 1563 314 1600 generatur
343 1567 383 1591 ex
409 1568 523 1591 amore
554 1568 629 1591 eum
650 1559 839 1601 priuatione
863 1560 988 1598 amati,

44 1612 123 1644 sicut
146 1611 260 1653 aliquis
284 1611 368 1643 dolet
392 1611 431 1643 de
457 1616 556 1644 morte
573 1613 688 1654 patris,
705 1616 736 1645 et
759 1621 800 1645 ex
825 1613 898 1645 odio
915 1623 989 1645 cuin

39 1664 229 1706 praesentia
259 1664 311 1696 rei
343 1664 558 1705 displicentis,
583 1665 664 1697 sicut
696 1665 810 1707 aliquis
843 1666 927 1697 dolet
951 1666 989 1698 de

43 1716 230 1749 exaltatione
254 1717 388 1755 inimici3
413 1726 485 1749 cum
510 1717 588 1749 nihil
612 1718 778 1759 prohibeat
802 1718 832 1749 iu
863 1727 990 1750 sensum

43 1770 235 1812 spiritualem
261 1770 373 1802 cadere
396 1779 545 1802 cunerem
568 1774 598 1802 et
622 1771 699 1803 alias
731 1771 810 1803 duas
846 1771 991 1803 conditio-

43 1832 113 1861 nes,
137 1823 212 1855 niliil
240 1823 385 1864 prohibet
402 1823 515 1855 cadere
539 1823 692 1855 dolorem.
718 1843 761 1847 -—
784 1824 941 1866 Amplius,
966 1825 990 1856 si

50 1876 231 1908 «contraria
256 1879 327 1908 nata
344 1879 417 1908 sunt
441 1876 508 1908 fieri
535 1877 618 1909 circa
635 1877 785 1915 idem2»,
808 1881 838 1910 et
862 1878 991 1919 spiritus

44 1928 246 1970 incorporeus
270 1932 371 1970 potest
392 1929 559 1971 9audere;
583 1939 682 1971 quare
699 1929 791 1962 etiam
810 1933 839 1962 et
856 1939 916 1962 non
941 1931 992 1962 (lo-

45 1980 123 2019 tere,
149 1990 220 2014 cum
246 1982 432 2014 naturaliter
456 1982 486 2013 in
506 1985 608 2014 mente
633 1982 701 2014 eius
726 1981 845 2024 possint
860 1981 992 2014 affectio-

43 2042 97 2066 nes
118 2039 254 2076 quatuor
279 2034 452 2066 alternari?

130 2087 165 2119 Et
199 2087 269 2119 ideo
305 2087 440 2119 aliorum
475 2087 736 2129 philosophorum
766 2087 991 2120 modernorum

0 2152 32 2174 mr-
43 2140 153 2182 positio
176 2141 252 2179 fuit,
277 2141 362 2182 quod
398 2141 573 2173 substantia
605 2140 778 2182 spiritualis
813 2140 919 2173 dolere
943 2150 993 2182 po-

45 2196 102 2226 test
124 2198 155 2226 et
178 2194 258 2235 pati,
283 2203 344 2226 non
369 2203 426 2236 pei·
450 2194 610 2226 actionem
635 2194 784 2233 alieuius,
810 2194 862 2226 sed
890 2194 993 2235 potius

47 2255 99 2288 per
120 2246 351 2288 privationem.
377 2247 553 2279 Posuerunt
576 2247 658 2279 enim
685 2250 715 2279 et
750 2247 992 2286 intellexerunt,

45 2299 125 2341 quod
158 2299 262 2331 anima
294 2300 453 2332 desiderat
484 2308 646 2332 summum
684 2299 823 2338 Bonum,
847 2309 909 2341 quo
944 2308 994 2341 po-

44 2355 101 2385 test
124 2353 241 2394 privari
266 2356 396 2395 propter
421 2353 502 2385 mala
528 2353 639 2385 merita
656 2352 685 2384 in
705 2353 764 2385 hac
782 2353 861 2391 vita,
878 2356 908 2384 et
925 2352 994 2385 ideo

45 2413 83 2437 ex
106 2405 174 2438 eius
199 2405 336 2438 carentia
360 2409 530 2447 generatur
563 2405 593 2437 in
626 2414 663 2438 ea
686 2406 826 2438 maxima
851 2405 994 2443 tristitia3

44 2461 73 2489 et
88 2457 167 2490 hanc
192 2467 323 2500 poenam
349 2458 500 2490 dixerunt
524 2467 593 2491 esse
624 2463 694 2500 post
722 2459 802 2490 hanc
828 2459 941 2497 vitani,
965 2463 996 2490 et

46 2518 104 2542 non
128 2511 239 2550 aliam,
264 2512 345 2544 sicut
368 2521 429 2544 non
454 2515 501 2544 est
536 2512 623 2544 aliud
655 2512 806 2553 gaudium
833 2511 995 2553 spiritibus

0 2563 102 2596 ,annisi
133 2564 163 2596 in
196 2564 457 2606 contemplatione
488 2564 603 2597 summi
629 2564 713 2596 Boni.
738 2583 781 2586 ——
807 2565 840 2596 Et
865 2565 922 2596 ista
946 2573 996 2605 po-

1935 263 1997 296 933

1049 349 1119 381 sitio
1143 349 1201 381 fuit
1225 349 1405 391 Algazelis⁴,
1422 359 1503 392 quae
1527 350 1598 383 licet
1624 351 1743 384 veritati
1766 352 1865 393 magis
1889 361 1999 394 appro-

1050 401 1265 443 pinquaverit,
1289 411 1384 444 quam
1409 403 1582 445 praedicta,
1599 403 1803 437 nibilominus
1828 408 1930 437 tamen
1950 405 2000 437 de-

1051 453 1123 487 ficit.
1147 454 1176 486 Si
1201 455 1283 487 enim
1319 455 1481 498 originali
1510 460 1653 498 peccato,
1678 457 1731 489 ubi
1764 461 1811 490 est
1835 466 1915 499 pura
1939 458 1999 499 pri-

1050 508 1132 540 vatio
1163 508 1316 547 iustitiae‚
1347 508 1482 541 debetur
1506 519 1613 551 poena
1649 510 1767 542 damni
1796 514 1827 543 et
1861 511 2000 543 carentia

1051 559 1253 593 beatitudinis
1276 564 1439 600 aeternae3
1456 561 1585 594 actuali
1599 565 1742 604 peccato,
1767 563 1851 604 quod
1869 563 1997 605 quidem

1050 621 1110 644 non
1136 616 1257 645 tantum
1281 613 1421 646 consistit
1450 614 1478 646 in
1513 614 1706 656 privatione,
1730 615 1826 647 immo
1849 615 1943 648 etiam
1968 616 1998 648 in

1050 664 1234 697 deordinata
1257 665 1479 705 delectatione,
1504 675 1564 698 non
1589 670 1710 699 tantum
1743 667 1876 700 debetur
1904 671 2000 700 aeter-

1051 725 1108 749 nae
1134 717 1345 750 beatitudinis
1368 718 1537 757 earentz'a,
1562 719 1658 751 immo
1689 720 1782 752 etiam
1810 729 1917 762 poena
1940 720 1998 753 ali-

1050 779 1117 812 qua
1134 769 1304 812 afflietiua.
1322 790 1365 795 -—-
1383 772 1417 804 Et
1433 772 1503 804 ideo
1527 772 1601 805 dicit
1618 772 1696 805 fides
1713 772 1899 813 christiana,
1915 773 2000 815 quod
2015 784 2133 806 conclusio.

1051 822 1180 863 spiritus
1204 824 1338 865 separati
1364 824 1545 857 cruciantur
1570 834 1629 857 non
1648 828 1769 858 tantum
1794 834 1850 867 per
1877 826 2002 858 summi·

1051 875 1138 906 Boni
1166 875 1367 915 absentiam,
1399 877 1453 909 sed
1479 877 1571 910 etiam
1596 886 1651 919 per
1675 877 1828 920 afflictivi
1848 888 1999 920 praesen-

1052 927 1141 959 tiam.
1167 928 1210 960 Ad
1235 928 1319 970 quod
1344 929 1536 962 credendum
1567 929 1681 963 sufficit
1712 930 1883 963 auctoritas
1917 931 2001 963 Veri-

1051 981 1139 1019 tatis,
1164 980 1307 1013 Matthaei
1334 981 1484 1023 vigesimo
1508 983 1655 1024 quintof':
1692 984 1738 1015 Ite
1770 983 1937 1016 maledieti
1966 984 2002 1016 in

1052 1032 1159 1075 iynem
1183 1038 1354 1067 aeternum
1378 1039 1435 1068 etc.

1140 1086 1200 1119 Sed
1224 1087 1428 1129 intelligentia
1452 1088 1551 1130 magis
1574 1089 1717 1131 requirit,
1742 1090 1899 1131 quomodo
1916 1090 2000 1122 istud
2016 1099 2161 1121 Modushuius

1053 1139 1149 1180 possit
1172 1140 1292 1172 ratione
1323 1141 1517 1183 persuaderi.
1545 1142 1579 1174 Et
1610 1142 1680 1174 ideo
1704 1142 1800 1175 huius
1823 1142 1866 1175 rei
1892 1127 2160 1180 intelli-offlssu‘if'm'

1053 1191 1186 1232 gentiam
1212 1193 1341 1234 quidam
1367 1193 1466 1226 conati
1492 1197 1565 1226 sunt
1589 1194 1665 1227 dare
1689 1195 1867 1236 aspiciendo
1891 1195 1929 1227 ad
1955 1204 2001 1227 or-

1053 1244 1158 1276 dinem
1182 1245 1306 1278 divinae
1330 1245 1481 1285 iustitiae,
1499 1247 1580 1279 sicut
1604 1247 1633 1278 in
1651 1247 1859 1289 opponendo⁶
1883 1251 2000 1280 tactum

1052 1300 1108 1328 est.
1133 1296 1209 1328 Cum
1235 1297 1317 1329 enim
1343 1298 1464 1340 duplex
1488 1299 1528 1331 sit
1550 1299 1644 1338 ordo,
1670 1300 1787 1332 scilicet
1810 1304 1955 1332 naturae
1971 1304 2002 1332 et

1053 1349 1185 1381 diuinae
1208 1350 1373 1389 iustitiae,
1399 1352 1521 1393 primus
1546 1352 1762 1392 conditionz'S,
1779 1353 1939 1386 secundus
1955 1363 2002 1385 re-

1054 1401 1242 1434 tributionis
1251 1414 1262 1440 ,·
1286 1407 1316 1434 et
1339 1403 1443 1435 anima
1468 1405 1642 1436 secundum
1672 1409 1817 1437 naturam
1850 1405 1889 1437 sit
1913 1414 2002 1447 supe-

1053 1455 1117 1486 rior
1153 1455 1239 1496 igne,
1272 1456 1384 1488 merito
1416 1460 1519 1488 tamen
1557 1457 1673 1498 peccati
1705 1457 1839 1490 efficitur
1874 1459 2002 1490 inferior

1053 1516 1201 1549 corpore:
1238 1508 1308 1540 ideo
1347 1509 1452 1541 divina
1488 1510 1605 1541 iustitia
1637 1514 1667 1542 et
1702 1510 1837 1542 animam
1878 1512 2002 1544 subiicit

1053 1560 1115 1601 igni
1150 1561 1260 1593 merito
1292 1561 1407 1602 peccati
1444 1565 1474 1594 et
1513 1562 1617 1604 ignem
1650 1564 1833 1605 superponit
1864 1564 2001 1603 animae,

1053 1613 1194 1645 faciendo
1224 1613 1326 1655 ipsum
1357 1614 1601 1647 instrumentum
1635 1615 1758 1647 divinae
1791 1616 1935 1649 iustitiae.
1960 1635 2003 1640 —

1055 1666 1089 1698 Et
1105 1675 1162 1708 per
1187 1666 1244 1699 boc
1269 1667 1378 1699 volunt
1394 1667 1499 1699 omnia
1515 1668 1635 1700 obiecta
1652 1668 1791 1707 solvere,
1809 1669 1882 1710 quia
1898 1670 2003 1702 omnia

1055 1723 1225 1751 sumuntur
1249 1720 1422 1752 secundum
1456 1720 1597 1752 ordinem
1629 1725 1792 1759 naturae,
1823 1721 2002 1762 aspiciendo

1054 1772 1093 1803 ad
1119 1771 1240 1804 animae
1265 1772 1446 1813 dignitatern
1471 1776 1502 1805 et
1527 1773 1605 1814 ignis
1633 1773 1809 1806 naturalem
1834 1774 2001 1814 virtutem:

1056 1825 1131 1857 haec
1155 1828 1259 1857 autem
1295 1825 1374 1857 actio
1411 1826 1558 1867 competit
1592 1826 1654 1867 igni
1680 1835 1736 1868 per
1760 1826 1916 1858 virtatem
1938 1827 2004 1859 sibi

1055 1877 1186 1915 datam,
1211 1886 1266 1919 per
1290 1886 1383 1919 quam
1417 1881 1463 1910 est
1494 1878 1618 1910 divinae
1650 1878 1785 1911 iustitiae
1816 1879 2004 1912 instrumen—

1056 1934 1141 1970 tum,
1165 1934 1195 1962 et
1218 1931 1322 1972 passio
1346 1931 1494 1972 competit
1517 1931 1640 1963 animae
1662 1936 1792 1974 propter
1814 1933 1931 1974 peccati
1954 1933 2004 1966 de-

1056 1984 1215 2016 meritum.
1238 2002 1283 2007 —
1305 1983 1364 2015 Sed
1399 1983 1457 2016 ista
1488 1984 1599 2026 positio
1631 1984 1736 2016 adhuc
1770 1993 1831 2016 non
1856 1985 2003 2018 satisfacit
2019 1995 2067 2018 non
2080 1996 2162 2027 satisfa-

1056 2036 1237 2069 intellectui.
1270 2036 1334 2068 Non
1367 2036 1450 2068 enim
1483 2036 1666 2078 quaerimus
1699 2037 1765 2076 hic,
1790 2038 1866 2079 quid
1899 2038 2005 2071 divina
2073 2025 2108 2044 ω’

1057 2089 1173 2121 iustitia
1193 2089 1313 2131 possit,
1339 2090 1394 2122 sed
1419 2089 1554 2131 qualiter
1578 2090 1637 2122 hoc
1654 2091 1738 2132 quod
1756 2091 1845 2130 facit,
1861 2095 2006 2123 naturae

1056 2151 1234 2174 consonum
1259 2142 1329 2174 sit⁷.
1354 2161 1397 2165 —-
1421 2142 1595 2184 Amplius,
1620 2143 1645 2175 si
1671 2143 1749 2184 ignis
1773 2143 1836 2185 agit
1867 2152 1922 2185 per
1947 2144 2006 2176 vir-

1057 2199 1154 2227 tutem
1173 2195 1230 2227 sibi
1249 2195 1352 2227 datam
1364 2221 1371 2233 ‚
1388 2204 1487 2236 quare
1506 2195 1603 2237 magis
1617 2196 1786 2237 deputatur
1804 2196 1876 2228 huic
1893 2197 2006 2229 actioni

1057 2257 1151 2289 quam
1177 2251 1282 2280 terra?
1308 2248 1341 2280 Et
1377 2249 1519 2287 videtur,
1544 2248 1627 2290 quod
1664 2253 1748 2281 terra
1781 2250 1897 2291 magis,
1932 2250 2007 2292 quia

1059 2304 1218 2341 peccator,
1237 2309 1307 2332 cum
1327 2301 1365 2332 sit
1384 2300 1527 2339 infimus,
1545 2301 1636 2333 debet
1654 2301 1765 2334 subiici
1783 2301 1908 2334 infimae
1924 2311 2008 2334 crea—

1059 2356 1164 2390 turae;
1193 2357 1276 2385 terra
1300 2356 1406 2385 autem
1430 2357 1477 2385 est
1501 2353 1644 2385 infimum
1677 2354 1817 2386 omnium
1843 2355 2008 2387 elemento—

1058 2415 1129 2437 rum
1155 2409 1185 2437 et
1209 2406 1296 2438 faex:
1322 2415 1397 2447 ergo
1422 2406 1446 2438 si
1472 2404 1608 2447 qualitas
1641 2407 1719 2448 ignis
1745 2407 1897 2440 naturalis
1930 2408 2006 2440 nihil

1059 2458 1131 2491 facit
1160 2458 1199 2490 ad
1232 2458 1388 2499 agendum
1420 2458 1448 2490 in
1482 2459 1635 2497 animam,
1660 2459 1715 2491 sed
1747 2460 1848 2492 solum
1885 2460 2008 2492 virtus8

1060 2510 1279 2552 superaddita3
1304 2511 1328 2543 si
1355 2514 1456 2543 terrae
1480 2511 1627 2549 daretur,
1651 2521 1750 2554 aeque
1778 2512 1857 2545 bene
1884 2517 2007 2554 ageret,

1060 2568 1090 2595 et
1114 2563 1191 2595 ordo
1215 2563 1338 2595 divinae
1365 2563 1498 2595 iustitiae
1523 2564 1564 2596 ibi
1589 2564 1706 2596 clarius
1728 2569 1903 2606 appareret.

116 2739 124 2756 ¹
145 2741 170 2765 ln
196 2740 261 2766 libro
286 2741 318 2766 de
344 2741 411 2767 Vera
432 2745 456 2766 et
482 2742 543 2767 salsa
563 2742 719 2767 Poeniteutia
746 2741 824 2773 (inter
850 2748 928 2773 opera
948 2743 996 2766 Au-

50 2783 139 2816 gust),
160 2791 180 2809 c.
203 2785 242 2809 19.
264 2792 287 2810 n.
309 2785 349 2810 35.
370 2785 477 2811 dicitur:
504 2787 586 2811 Poena
607 2787 675 2811 enim
703 2787 807 2817 proprie
832 2786 924 2811 (licitur
949 2786 996 2810 lae·

50 2828 99 2860 sio,
119 2835 184 2861 quae
198 2830 272 2861 punit
291 2833 317 2855 et
329 2829 443 2855 vindicat
455 2829 526 2862 quod
541 2831 652 2862 quisque
672 2831 808 2855 commisit.
823 2830 872 2855 Csr.
888 2830 912 2854 lt.
928 2831 995 2854 Seut.

50 2871 74 2896 d.
94 2871 133 2897 41.
153 2880 175 2898 a.
196 2874 218 2898 2.
239 2881 264 2905 q.
285 2874 308 2898 3.
328 2875 352 2898 in
373 2881 444 2905 corp.

117 2915 128 2931 ²
145 2916 262 2942 Nonnulli
289 2917 364 2942 codd.
386 2917 569 2951 incorporale,
594 2919 649 2943 Vat.
676 2917 875 2951 incorruptibile
894 2917 935 2943 vel
960 2917 996 2942 in-

50 2959 193 2993 corporale.
214 2961 319 2986 interius
339 2968 386 2993 pro
405 2961 554 2987 necessario
574 2962 632 2987 cod.
654 2962 672 2986 L
692 2961 836 2995 manifeste.

119 3003 129 3020 ³
147 3005 295 3030 Secundum
322 3006 423 3031 Aristot.
450 3013 527 3037 supra
555 3013 614 3037 pag.
646 3007 688 3037 19,
715 3010 774 3031 nota
800 3005 823 3030 5.
849 3005 996 3036 allegatum.

51 3046 86 3072 De
104 3052 210 3080 quatuor
229 3050 406 3076 affectionibus
426 3050 583 3082 (gaudium.
604 3050 692 3081 dolor,
713 3058 772 3081 spes
792 3054 816 3075 et
836 3050 923 3082 timor)
937 3049 997 3074 vido

52 3094 110 3116 tom.
130 3092 164 3116 ΙΙΙ.
184 3100 243 3124 pag.
264 3093 330 3126 555,
351 3099 410 3120 nota
434 3095 458 3119 7.
478 3097 502 3120 et
523 3102 582 3126 pag.
603 3094 668 3126 556,
691 3098 749 3119 nota
769 3094 793 3125 5,
814 3101 860 3119 nec
881 3101 929 3118 non
950 3095 998 3118 Au·

52 3137 125 3167 gust.‚
144 3136 212 3162 XXt.
235 3136 267 3162 de
286 3136 340 3162 Civ.
361 3137 417 3168 Dei,
439 3145 459 3163 c.
481 3138 504 3162 3.
526 3145 548 3162 n.
570 3138 594 3162 2.
617 3151 650 3154 —
670 3138 725 3162 Mox
746 3144 793 3168 pro
812 3136 994 3169 incorporeus,

53 3179 119 3211 quod
134 3180 257 3211 praebent
275 3181 350 3207 codd.
372 3182 389 3206 F
399 3182 418 3206 G
430 3181 450 3206 O
461 3182 482 3213 Q
495 3182 515 3207 U
526 3189 569 3213 aa,
584 3182 624 3207 alii
638 3181 714 3207 codd.
729 3185 753 3206 et
767 3181 824 3206 edd.
845 3187 997 3213 corporeus.

121 3222 131 3239 ⁴
148 3224 266 3250 Richard.
287 3232 300 3250 a
321 3225 397 3256 Med,
427 3226 467 3250 bic
491 3233 513 3250 a.
534 3226 559 3250 2.
581 3233 605 3257 q.
626 3226 653 3256 9,
681 3225 746 3249 banc
769 3225 916 3255 opinionem
937 3224 998 3249 refe-

53 3272 110 3292 rens
129 3269 174 3293 ait:
195 3269 266 3294 Unde
291 3270 406 3301 Algazel⁷
428 3270 458 3294 V.
485 3269 550 3294 libro
570 3270 753 3300 Physicorum,
774 3276 795 3294 e.
823 3269 853 3299 5,
881 3269 941 3293 dicit
966 3269 999 3294 do

53 3310 148 3343 anima,
169 3318 235 3343 quae
254 3313 278 3337 in
298 3320 407 3344 corpore
427 3314 473 3338 tuit
492 3314 599 3339 amatrix
625 3313 798 3344 corporalium
819 3313 996 3344 voluptatum,

54 3353 122 3384 quod
141 3354 180 3379 illa
207 3355 339 3387 dispositio
366 3360 472 3388 propter
492 3363 568 3382 usum
594 3357 750 3388 imprimitur
770 3357 794 3380 in
819 3363 847 3380 oa
873 3360 897 3381 ct
916 3356 999 3380 inbae-

53 3399 91 3421 ret
114 3399 279 3425 veliementer
304 3400 462 3425 desiderium
487 3401 542 3426 eius
568 3400 599 3425 ad
626 3400 708 3431 illam;
735 3402 822 3431 postea
848 3406 926 3431 vero,
953 3406 1000 3430 per

1061 2746 1170 2767 mortem
1185 2742 1354 2766 instrumento
1373 2742 1408 2765 rei
1423 2740 1581 2766 desideratae
1602 2742 1708 2772 amisso,
1723 2745 1838 2767 remanet
1851 2742 2009 2768 desiderium

1060 2786 1115 2810 eius
1134 2788 1159 2809 et
1183 2791 1270 2815 amor;
1290 2788 1315 2809 et
1339 2785 1379 2809 liic
1404 2788 1442 2810 est
1465 2786 1594 2809 cruciatus
1618 2785 1760 2810 ineffabilis.
1787 2785 1835 2811 Csr.
1861 2788 2006 2814 Axviconna.

1060 2830 1168 2860 Metapb.
1197 2832 1226 2853 tr.
1252 2829 1277 2853 9.
1304 2835 1325 2853 c.
1352 2829 1381 2858 7,
1408 2828 1451 2853 ubi
1478 2828 1569 2853 docet:
1596 2830 1703 2854 Animae
1727 2836 1790 2854 vero
1815 2830 1897 2855 maiae
1922 2831 2011 2856 vident

1060 2875 1135 2899 etiam
1157 2880 1281 2904 poenam,
1307 2880 1385 2905 quani
1406 2873 1611 2904 imaginavorant
1636 2874 1660 2898 in
1687 2874 1735 2898 boc
1761 2874 1874 2905 mundo,
1901 2877 1925 2899 et
1950 2875 2011 2900 affli-

1060 2920 1156 2947 guntur
1180 2924 1222 2947 ca;
1249 2916 1329 2940 forma
1350 2917 1417 2941 enim
1444 2917 1581 2947 imaginata
1607 2924 1656 2941 non
1682 2920 1720 2942 est
1747 2917 1855 2943 debilior
1880 2919 2008 2950 sensibili,

1060 2960 1104 2985 sesi
1126 2963 1163 2985 ost
1183 2961 1264 2985 maiffl·
1288 2960 1457 2991 impressione
1478 2964 1502 2985 et
1531 2960 1658 2992 claritate,
1678 2961 1745 2986 sicut
1769 2961 1889 2986 videmus
1917 2963 1941 2987 in
1971 2970 2011 2988 so-

1061 3004 1126 3028 mnis
1146 3006 1194 3029 etc.

1131 3047 1141 3063 ⁵
1163 3048 1233 3072 Vcrs.
1255 3047 1295 3072 41.
1318 3061 1350 3064 —-
1370 3048 1474 3072 Interius
1495 3055 1541 3078 pro
1561 3047 1672 3081 requirit
1692 3048 1749 3074 cod.
1769 3050 1789 3073 A
1809 3049 1963 3082 requiritur.

1131 3092 1142 3107 ὅ
1162 3092 1261 3116 Scilicet
1281 3091 1395 3116 tundam.
1416 3092 1439 3116 3.
1461 3105 1493 3109 —-
1515 3092 1649 3124 Aliquanto
1669 3094 1774 3118 interius
1794 3100 1840 3124 pro
1860 3093 1954 3119 merito
1974 3095 2012 3119 tu-

1062 3142 1121 3161 men
1141 3135 1200 3160 edd.
1221 3142 1279 3160 curn
1300 3136 1397 3167 aliquot
1416 3136 1492 3161 codd.
1514 3136 1607 3161 merito
1627 3143 1733 3162 causae.

1134 3179 1143 3195 ⁷
1163 3179 1250 3203 Simile
1270 3179 1379 3204 liabetur
1405 3179 1475 3210 apud
1494 3180 1617 3211 August..
1639 3180 1664 3205 ll.
1691 3175 1723 3205 de
1742 3182 1803 3206 Gon.
1829 3181 1861 3206 ad
1882 3181 1915 3207 lit.
1943 3189 1963 3207 c.
1990 3183 2009 3207 l.

1063 3231 1086 3248 n.
1108 3224 1131 3248 ⁶2.
1152 3238 1185 3241 —
1206 3224 1311 3249 interius
1330 3231 1377 3255 pro
1398 3225 1472 3250 terra
1491 3224 1551 3249 edd.
1574 3224 1612 3249 bis
1633 3225 1757 3254 (secundo
1773 3226 1828 3250 loco
1848 3227 1923 3251 etiam
1939 3227 2011 3252 multi

1063 3267 1149 3299 codd.)
1170 3268 1272 3298 terrae,
1295 3274 1362 3299 quae
1379 3267 1461 3299 lectio,
1481 3271 1507 3293 ut
1533 3268 1565 3293 sit
1584 3275 1712 3300 congrua,
1733 3270 1852 3301 requirit,
1874 3270 1945 3302 quod
1965 3277 2012 3302 pro

1063 3310 1161 3337 (lettorii
1179 3318 1238 3335 cuni
1259 3310 1315 3335 cod.
1338 3311 1354 3335 F
1374 3311 1542 3336 substituatur
1560 3311 1636 3338 actio.

1135 3353 1145 3370 ⁸
1164 3355 1197 3379 lta
1217 3354 1273 3379 cod.
1293 3362 1331 3385 aa,
1352 3356 1376 3379 in
1396 3355 1450 3380 aliis
1470 3359 1494 3380 ct
1507 3355 1566 3381 edd.
1581 3356 1648 3381 male
1661 3355 1772 3382 videtur.
1788 3357 1840 3382 Mox
1856 3364 1902 3389 pro
1918 3356 2011 3383 volum

1064 3398 1141 3424 codd.
1163 3399 1213 3423 LY
1235 3399 1411 3424 tentaverunt.
