2483 3882
460 226 523 257 816
1218 225 1502 258 SENTENTIARUM
1528 226 1595 258 LlB.
1618 226 1666 259 IV.

460 312 541 344 sicut
565 312 801 344 matrimonium
831 314 1024 343 contractum
1049 320 1106 352 per
1129 311 1226 343 verba
1250 312 1409 344 exteriora

461 365 526 396 sine
551 373 703 396 consensu
727 364 809 395 omni
835 367 881 395 est
906 363 1140 395 matrimonium
1166 364 1268 396 solum
1301 373 1408 396 secun-

1475 313 1589 354 triplex
1614 316 1661 345 est
1684 314 1876 354 differentia,
1901 315 2018 349 scilicet
2041 317 2072 349 in
2097 317 2235 357 obiecto,
2260 320 2365 353 medio
2389 326 2419 355 et
2433 330 2483 376 tnit

1471 365 1544 406 sine.
1569 366 1600 398 ln
1625 365 1861 409 obiecto,·quia
1886 371 1994 400 votum
2018 368 2053 401 fit
2078 370 2156 409 Deo,
2186 371 2240 403 sed
2265 361 2483 430 1ῖ1]“ε]Π]οΠ·ξ1εὲΞ1

312 580 345 601 Ad
363 582 443 606 quaest.

351 606 415 627 incid.

305 1547 340 1569 Ad
354 1547 436 1575 opposi-

344 1576 395 1595 tum.

458 417 532 448 dum
558 416 845 456 interpretatiOnem
863 415 920 446 fori
938 415 1121 453 iudicialis,
1143 424 1204 447 non
1229 417 1404 449 secundum

457 468 626 500 veritatem
634 480 646 505 ;
669 468 712 499 sic
737 468 775 499 de
799 471 871 499 voto
895 467 1073 499 dicendum.

545 519 587 551 Ad
612 519 689 551 illud
715 519 798 560 quod
830 519 942 551 ultimo
973 520 1137 560 quaeritur
1167 520 1205 552 de
1229 521 1406 554 differentia

458 572 521 604 voti
545 572 584 603 ad
610 571 822 603 iuramentum
847 571 1086 613 obligatorium,
1110 572 1297 612 dicendum,
1321 574 1406 615 quod

1472 421 1539 449 tum
1564 418 1700 457 nomint:
1724 419 1755 450 in
1780 420 1903 458 medio,
1925 421 1999 462 quia
2016 421 2139 454 iuratur
2156 432 2212 464 per
2228 424 2346 464 Deum,
2364 427 2418 459 sed

1472 473 1604 502 vovetur
1636 480 1692 512 per
1722 473 1983 513 promissionem3
2006 474 2038 506 in
2061 474 2143 516 fine,
2169 476 2242 517 quia
2266 477 2420 511 iuramen-

1472 526 1538 553 tum
1564 527 1610 554 est
1633 524 1672 555 ad
1698 524 1900 556 astruendam
1926 526 2107 566 veritatem,
2125 531 2231 560 votum
2250 533 2355 562 autem
2379 531 2418 563 ad

1472 575 1649 616 augendam
1673 576 1865 610 honestatem
1892 581 1922 610 et
1945 578 2126 611 bonitatem.

1291 688 1584 731 SCHOLION.

527 787 543 812 l.
566 787 590 811 ln
611 787 742 812 solvendis
762 787 843 813 tribus
863 789 939 813 liuius
953 789 1050 814 articuli
1064 789 1257 821 quaestionibus
1271 791 1295 815 S.
1311 791 1404 816 Tliom.

455 831 549 862 aliique
569 831 686 856 doctores
706 832 870 857 conveniunt.

525 875 561 899 De
586 875 604 900 1.
625 876 788 907 quaestione:
808 876 833 900 S.
854 876 956 908 Tuom„
976 877 1017 901 liic
1030 884 1055 909 q.
1080 878 1098 901 l.
1113 884 1134 902 a.
1162 878 1180 902 1.
1201 879 1360 910 quaestiunc.
1380 879 1403 910 1;

455 918 479 942 S.
500 918 525 942 ll.
545 918 570 943 ll.
591 926 615 951 q.
636 919 677 943 88.
697 926 719 943 a.
745 919 765 944 1.
787 933 820 936 -
839 919 865 944 B.
886 919 991 952 Albert.y
1013 921 1054 945 hic
1074 928 1096 945 a.
1125 921 1143 945 1.
1164 935 1197 938 —
1217 921 1280 946 Petr.
1302 929 1315 946 a
1337 922 1404 954 Tar„

455 963 496 987 hic
515 970 537 987 a.
559 963 578 987 1.
598 970 622 995 q.
648 963 666 987 1.
680 978 713 981 —
728 963 847 988 Ricliard.
867 971 881 988 a
901 964 974 996 Med,
994 965 1034 989 liic
1053 971 1077 990 a.
1094 966 1116 989 2.
1138 972 1162 997 q.
1182 966 1200 991 1.
1216 966 1239 990 3.
1254 980 1287 986 ψ
1301 966 1337 991 De
1357 967 1406 992 liae

454 1008 478 1031 et
499 1007 513 1031 2
534 1013 605 1039 seqq.
626 1014 669 1039 qq.
691 1007 814 1039 Duraud.‚
837 1008 877 1033 liic
897 1015 921 1040 q.
948 1009 971 1040 l;
992 1008 1096 1039 Dionys.
1116 1008 1210 1042 Carth„
1233 1010 1274 1035 liic
1293 1017 1317 1042 q.
1339 1011 1363 1035 rl.

1544 793 1570 817 ll.
1593 793 1628 818 De
1654 794 1677 818 2.
1699 795 1866 826 quaestione:
1887 797 1911 821 S.
1933 796 2034 828 Tuom„
2054 797 2116 823 Iocis
2139 800 2188 825 citt.
2215 803 2374 833 quaestiunc.
2398 804 2420 828 2.

1470 839 1495 861 et
1513 843 1535 861 a.
1557 838 1580 861 Ξ.
1601 851 1635 854 -
1654 837 1682 863 B.
1704 838 1806 870 Albert„
1827 840 1868 864 liic
1887 847 1909 864 a.
1931 841 1954 865 2.
1974 855 2008 859 —
2028 842 2092 867 Petr.
2107 850 2120 867 a
2141 843 2214 876 Tau,
2235 845 2283 870 loc.
2305 847 2345 872 cit.
2359 853 2381 872 a.
2397 848 2419 872 2.

1473 894 1504 897 —
1523 880 1642 905 Ricliard.
1663 888 1676 905 a
1697 881 1769 913 Med,
1791 883 1831 907 nie
1851 890 1872 908 a.
1894 884 1917 908 3.
1938 891 1962 916 q.
1988 885 2036 910 1-3.

1541 924 1576 948 lll.
1597 924 1633 949 De
1653 925 1676 949 3.
1701 927 1864 957 quaestione:
1885 928 1908 952 S.
1936 928 2037 961 Tliom.5
2058 930 2120 955 loeis
2139 931 2189 956 citt.
2215 934 2374 964 quaestiunc.
2395 934 2418 959 3.

1470 970 1494 992 et
1513 974 1535 992 a.
1556 969 1579 992 S.
1593 983 1627 986 —
1647 969 1673 992 Β.
1694 969 1800 1002 Allicit,
1824 971 1864 996 liic
1884 978 1906 996 a.
1928 972 1950 996 3.
1972 987 2005 990 —
2026 973 2088 999 Petr.
2109 981 2123 999 a
2144 975 2212 1007 Tar.y
2233 976 2280 1001 loc.
2297 978 2337 1002 cit.
2351 985 2373 1002 a.
2395 979 2417 1003 3.

1471 1025 1504 1029 —-
1524 1012 1643 1037 Rictiard.
1663 1020 1676 1037 a
1697 1013 1771 1045 Med„
1791 1015 1832 1040 liic
1851 1022 1875 1040 a.
1898 1015 1922 1041 4.
1945 1023 1969 1048 q.
1995 1017 2043 1042 l-3.

1322 1125 1504 1166 QUAESTIO
1529 1127 1561 1158 ΙΙ.

1013 1220 1059 1252 De
1083 1230 1145 1263 quo
1169 1221 1236 1253 sue
1260 1222 1352 1254 eirca
1376 1232 1478 1265 quam
1501 1225 1678 1257 maceriam
1699 1226 1744 1258 sit
1766 1232 1885 1260 votum.

542 1330 684 1362 Secundo
709 1330 892 1371 quaeritur,
917 1331 955 1363 de
980 1341 1042 1373 quo
1066 1331 1106 1363 sit
1129 1335 1256 1372 votum,
1273 1333 1338 1365 sive
1364 1334 1403 1366 de

453 1383 601 1421 materia,
620 1383 702 1415 circa
727 1392 821 1425 quam
845 1387 892 1416 est
916 1387 1043 1423 votum;
1061 1387 1090 1417 et
1107 1385 1242 1424 videtur,
1260 1386 1345 1427 quod
1363 1387 1402 1419 sit

453 1435 534 1468 circa
558 1435 672 1467 omnia.

542 1489 569 1520 l.
589 1489 622 1520 Et
645 1488 748 1530 primo
773 1488 909 1527 videtur.
927 1489 1011 1530 quod
1036 1489 1075 1521 de
1100 1490 1191 1522 omni
1214 1490 1310 1523 bono.-
1328 1491 1402 1533 quia

451 1549 542 1573 omne
566 1540 683 1572 bonum
720 1544 821 1582 potest
857 1541 950 1573 bomo
983 1543 1167 1584 promittere
1191 1546 1222 1575 et
1246 1544 1401 1585 spondere

448 1593 512 1625 Deo
536 1597 566 1626 et
590 1594 619 1625 in
646 1593 698 1625 tali
724 1594 889 1635 sponsione
913 1594 1088 1636 obligaturg
1106 1595 1238 1628 sednon
1256 1600 1303 1629 est
1319 1597 1401 1629 alia¹

449 1654 543 1687 quam
571 1649 694 1678 votum:
721 1655 795 1687 ergo
831 1651 887 1679 etc.
914 1647 1000 1679 Unde
1024 1651 1054 1679 et
1090 1648 1120 1679 in
1152 1648 1309 1690 baptismo
1332 1658 1401 1691 pro-

449 1698 543 1730 mittit
578 1698 662 1740 quod
694 1702 740 1731 est
778 1699 989 1739 necessitatis,
1025 1700 1142 1733 scilicet
1178 1701 1401 1734 abrenuntiare

449 1754 584 1783 satanae.

537 1805 566 1836 ⁶2.
591 1804 684 1842 Item,
714 1804 798 1845 quod
830 1805 869 1836 sit
901 1805 940 1837 de
971 1805 1098 1837 minori
1130 1805 1229 1845 bono,
1253 1807 1396 1839 videtur:

450 1856 523 1898 quia
548 1856 667 1888 licitum
703 1860 750 1889 est
785 1857 863 1889 illud
888 1857 986 1889 velle:
1013 1867 1087 1899 ergo
1118 1858 1202 1891 licite
1234 1863 1336 1901 potest
1368 1869 1400 1893 se

449 1909 544 1941 homo
567 1909 607 1941 ad
630 1909 709 1941 illud
734 1909 891 1951 obligare,
916 1919 990 1952 ergo
1015 1911 1097 1943 licite
1118 1921 1251 1951 vovereg
1269 1916 1299 1945 et
1316 1913 1400 1946 istud

450 1960 574 1993 videtur
595 1970 656 2002 per
678 1961 785 1993 Simile
808 1962 839 1993 in
863 1963 1079 2002 matrimonio,
1105 1964 1136 1996 in
1160 1973 1222 2006 quo
1239 1965 1310 2007 quis
1326 1966 1401 1998 obli-

449 2019 500 2055 gat
524 2022 557 2046 se
581 2014 621 2046 ad
646 2017 762 2046 statum
786 2015 1029 2056 imperfectionis
1044 2015 1064 2047 2.

538 2065 567 2098 3.
592 2067 684 2105 Item,
709 2067 793 2109 quod
811 2067 850 2099 sit
867 2067 906 2100 de
924 2066 1141 2110 indifferenti,
1158 2069 1301 2102 videtur:
1325 2071 1400 2113 quia

452 2119 541 2151 cibus
564 2122 594 2151 et
618 2123 728 2161 potus,
752 2123 905 2161 quantum
942 2124 988 2153 est
1023 2121 1062 2154 de
1098 2131 1148 2161 se,
1174 2123 1283 2156 dicunt
1310 2128 1399 2157 actus

450 2171 681 2212 indifferentes,
705 2173 779 2214 quia
803 2174 963 2206 naturales
988 2178 1078 2212 sunt;
1103 2175 1158 2208 sed
1184 2176 1267 2209 circa
1292 2177 1398 2209 cibum

448 2228 478 2257 et
501 2228 611 2266 potum
636 2225 785 2267 contingit
809 2235 876 2258 esse
900 2230 1028 2265 votum,
1044 2230 1152 2268 utpote
1175 2232 1284 2261 votum
1308 2230 1400 2262 absti-

447 2277 586 2309 nentiae:
612 2287 686 2320 ergo
710 2282 740 2310 et
764 2279 847 2311 circa
871 2279 1089 2312 indifferentia.

536 2331 565 2363 li.
590 2331 684 2370 Item,
700 2332 836 2371 videtur,
854 2333 939 2374 quod
964 2333 1002 2365 de
1024 2333 1123 2366 malis
1145 2335 1243 2376 possit
1265 2344 1333 2368 esse
1349 2345 1399 2368 ’vo-

447 2387 527 2417 tum:
543 2384 616 2426 quia
629 2384 771 2417 occidere
784 2385 979 2418 innocentem
993 2389 1040 2419 est
1053 2387 1187 2426 malum3
1201 2388 1256 2420 sed
1269 2388 1376 2431 Iephte
1387 2390 1397 2405 ³

446 2439 574 2478 propter
599 2439 706 2468 votum
731 2437 843 2469 occidit
867 2437 963 2469 filiam
989 2447 1077 2471 suam
1104 2439 1257 2481 virginem
1283 2445 1313 2473 et
1334 2441 1398 2474 lau-

447 2488 540 2520 datur
564 2488 602 2521 de
626 2491 707 2521 voto.
733 2490 818 2522 Unde
842 2490 1048 2532 Hieronymus
1072 2491 1161 2531 dicit,
1186 2493 1269 2534 quod
1301 2494 1397 2527 «ideo

445 2541 572 2582 ponitur
596 2541 626 2572 in
652 2541 792 2583 catalogo
816 2543 1044 2584 Sanctorum»,
1069 2545 1142 2587 quia
1165 2546 1255 2578 «Deo
1280 2547 1398 2589 placuit

446 2593 570 2626 animus
595 2594 782 2626 voventis»:
808 2604 883 2637 ergo
907 2599 964 2629 etc.

536 2647 563 2677 5.
589 2646 679 2686 ltem,
703 2647 890 2680 conscientia
925 2657 984 2680 non
1022 2650 1121 2691 magis
1157 2650 1273 2693 obligat
1301 2662 1396 2694 quam

447 2701 573 2737 votum3
598 2699 653 2732 sed
678 2701 865 2733 conscientia
882 2710 1014 2734 erronea
1030 2703 1122 2744 ligat,
1139 2704 1213 2746 quia
1230 2705 1317 2748 quod
1332 2715 1397 2738 nou

446 2754 493 2783 est
515 2761 553 2783 θα]
576 2751 639 2792 side
663 2757 708 2784 est
737 2754 938 2795 peccatum&
966 2755 997 2787 id
1021 2759 1068 2788 est
1099 2760 1207 2789 contra
1243 2758 1398 2791 conscien-

1467 1335 1560 1367 tiam:
1578 1345 1653 1378 ergo
1677 1341 1707 1369 et
1731 1342 1837 1370 votum
1857 1348 2045 1381 erroneum3
2063 1344 2117 1376 sed
2136 1349 2209 1378 tunc
2226 1351 2311 1380 errat
2327 1348 2420 1382 bomo

1466 1387 1498 1419 in
1523 1391 1611 1427 voto,
1635 1390 1762 1430 quando
1787 1395 1879 1424 vovet
1903 1393 2025 1426 malum
2057 1405 2114 1437 pro
2139 1397 2237 1430 bono:
2263 1408 2337 1441 ergo
2361 1405 2418 1435 etc.

1555 1441 1699 1473 CONTRA:
1728 1444 1754 1474 t.
1780 1444 1869 1484 Quod
1894 1454 1955 1477 ΠοΠ
1981 1448 2019 1479 sit
2044 1448 2082 1481 de
2120 1449 2199 1482 bono
2230 1455 2483 1496 praeeepztssunffl

1468 1493 1606 1525 videtur:
1625 1496 1699 1536 quia
1712 1504 1808 1538 super
1825 1497 1904 1530 illud
1920 1498 1944 1530 5:
1970 1500 2079 1533 Vovece
2096 1506 2125 1534 et
2140 1504 2280 1543 reddite,
2298 1506 2417 1541 Glossa:

1473 1546 1620 1579 «Vovere
1645 1551 1690 1580 est
1715 1549 1902 1590 voluntatis,
1927 1552 1981 1584 sed
2018 1554 2152 1588 reddere
2175 1558 2367 1593 necessitatis
2380 1572 2417 1593 »z

1467 1607 1541 1640 ergo
1565 1603 1612 1632 est
1637 1600 1675 1633 de
1700 1601 1749 1633 bis
1773 1602 1890 1642 solum,
1907 1604 1947 1637 ad
1972 1615 2052 1647 quae
2076 1607 2170 1641 homo
2195 1619 2255 1642 Ποῖ]
2280 1611 2417 1653 aliunde,

1467 1651 1521 1683 sed
1548 1652 1723 1686 voluntarie
1748 1654 1923 1697 obligatum
1948 1658 2003 1690 sed
2030 1659 2101 1692 talia
2118 1666 2192 1694 sunt
2216 1672 2418 1707 supereroga-

1468 1703 1571 1736 tionis:
1597 1714 1672 1747 ergo
1696 1710 1753 1738 etc.

1555 1759 1584 1789 Ξ.
1610 1759 1704 1798 Item.
1728 1761 1813 1802 quod
1845 1771 1906 1794 non
1931 1763 1970 1795 sit
2001 1764 2040 1797 de
2063 1766 2190 1799 minori
2212 1767 2310 1808 bono,
2337 1770 2417 1803 vide-

1467 1813 1519 1842 tur
1542 1820 1599 1852 per
1634 1812 1846 1846 definitionem
1872 1815 1975 1848 voti⁶z
2005 1818 2147 1851 «Votum
2180 1824 2225 1853 est
2257 1824 2415 1865 conceptio

1465 1863 1604 1896 melioris
1629 1866 1779 1907 propositi
1806 1876 1877 1899 cum
1903 1868 2128 1904 deliberatione
2152 1872 2277 1907 firmata
2289 1886 2323 1907 »z
2342 1885 2416 1918 ergo

1465 1925 1526 1947 non
1548 1917 1684 1956 videtur,
1701 1919 1785 1960 quod
1810 1919 1849 1951 sit
1873 1921 1912 1953 de
1936 1925 2020 1954 statu
2044 1923 2286 1966 imperfectionis
2311 1932 2341 1960 et
2363 1930 2416 1961 mi-

1464 1969 1531 2000 nori
1558 1970 1648 2002 bono.
1674 1971 1709 2003 Et
1733 1972 1802 2004 ideo
1826 1973 1970 2013 videtur,
1995 1977 2077 2017 quod
2104 1981 2211 2011 votum
2230 1979 2323 2013 debet
2346 1990 2413 2015 esse

1464 2021 1503 2053 ad
1528 2022 1757 2063 promotionem
1783 2025 1893 2058 salut1s
1910 2031 2051 2067 nostrae,
2069 2038 2130 2061 non
2148 2031 2179 2062 in
2196 2031 2415 2074 dispendium3

1464 2074 1519 2106 sed
1543 2075 1682 2116 obligare
1706 2077 1745 2108 ad
1770 2080 1887 2110 statum
1913 2079 2017 2112 minus
2042 2081 2158 2114 bonum
2176 2085 2269 2117 estin
2295 2086 2417 2128 dispen-

1464 2125 1552 2158 dium
1578 2127 1705 2167 sabitis,
1730 2129 1803 2170 quia
1828 2131 2003 2164 secundum
2028 2132 2261 2168 Bernardum7:
2293 2138 2415 2171 «Nemo

1464 2178 1583 2217 bonus,
1607 2179 1659 2221 qui
1686 2189 1747 2212 non
1772 2181 1840 2214 vult
1865 2192 1934 2215 esse
1958 2184 2111 2217 melior»:
2137 2196 2212 2229 ergo
2236 2193 2293 2222 etc.

1553 2231 1582 2263 3.
1606 2233 1699 2272 Item,
1724 2234 1809 2275 quod
1833 2244 1895 2267 non
1920 2236 1960 2268 sit
1984 2237 2022 2270 de
2047 2238 2264 2282 indifferenti,
2282 2244 2415 2276 ostendi-

1463 2286 1515 2315 tur
1540 2293 1596 2326 per
1621 2285 1851 2327 definitionem;
1876 2289 2015 2322 dicitur8
2038 2292 2138 2332 enim,
2164 2295 2248 2336 quod
2279 2300 2414 2329 «votum

1463 2336 1502 2368 de
1526 2336 1575 2369 bis
1600 2347 1680 2379 quae
1712 2339 1775 2372 Deo
1810 2341 1985 2382 pertinent,
2009 2343 2076 2376 fieri
2103 2345 2195 2379 debet
2209 2360 2239 2386 ”;
2264 2349 2318 2381 sed
2342 2349 2414 2382 talia.

1463 2399 1524 2422 non
1549 2395 1622 2423 sunt
1646 2391 1870 2426 indifferentia:
1897 2404 1971 2437 ergo
1995 2400 2052 2429 etc.

1551 2444 1581 2476 [t.
1606 2445 1698 2484 Item,
1722 2446 1806 2487 quod
1839 2457 1900 2480 non
1937 2449 1975 2481 de
2011 2450 2128 2489 malis,
2162 2452 2305 2486 videtur:
2338 2455 2410 2497 quia

1463 2496 1537 2529 dicit
1562 2497 1698 2531 Isidorus
1713 2498 1740 2530 9;
1765 2499 1824 2531 «ΙΠ
1850 2501 1940 2534 malis
1964 2504 2126 2544 promissis
2144 2506 2286 2539 rescinde
2302 2507 2414 2548 fidem,

1463 2549 1492 2581 in
1518 2550 1602 2592 turpi
1628 2555 1699 2583 voto
1731 2556 1819 2584 muta
1852 2553 2014 2587 decretum
2028 2568 2058 2595 »;
2084 2557 2138 2590 sed
2168 2562 2276 2592 votum
2301 2570 2413 2594 verum

1462 2606 1508 2635 est
1532 2603 1729 2637 immutabile
1762 2607 1906 2638 voventi:
1932 2616 2006 2649 ergo
2032 2612 2139 2642 votum
2175 2614 2267 2653 turpe
2296 2613 2345 2645 vel
2373 2614 2411 2646 de

1462 2655 1547 2697 turpi
1572 2665 1632 2688 non
1658 2660 1704 2689 est
1727 2660 1835 2690 votum
1860 2667 1982 2692 verum.

1551 2709 1580 2740 5.
1605 2709 1698 2748 Item,
1723 2713 1831 2743 votum
1865 2720 1976 2744 verum
2008 2713 2125 2756 obligat
2148 2716 2187 2748 ad
2212 2716 2261 2756 id,
2286 2717 2325 2750 de
2348 2728 2411 2761 quo

1462 2763 1525 2800 estg
1550 2761 1605 2793 sed
1629 2762 1738 2795 nullus
1761 2763 1893 2805 obligari
1919 2769 2021 2806 potest
2045 2767 2084 2800 ad
2109 2769 2245 2801 malum:
2264 2779 2338 2812 ergo
2355 2775 2410 2804 etc.

517 2919 524 2935 ¹
546 2918 608 2945 Cod.
628 2927 657 2945 aa
676 2921 780 2952 supplet
799 2921 954 2949 huiusmodi
972 2923 1104 2957 obliycttz'o.

516 2962 526 2978 ‘2
545 2963 589 2988 Ed.
611 2964 619 2988 fl
645 2971 705 2989 cum
725 2965 811 2990 mulus
831 2965 906 2992 codd.
926 2974 1065 2999 perperam
1081 2969 1261 3002 perfectionis.

515 3006 526 3022 ³
546 3006 598 3031 lud.
620 3007 629 3031 .1
639 3007 664 3039 4,
685 3007 726 3032 30.
746 3015 818 3040 seqq.
834 3023 867 3027 —
881 3010 1009 3036 Sententia
1028 3012 1132 3038 Hieron.
1150 3013 1259 3040 habetur
1278 3016 1303 3040 in
1317 3016 1395 3047 Epist.

448 3050 456 3073 t
469 3050 505 3074 ts.
526 3049 598 3078 (alias
618 3049 669 3082 34.)
690 3057 714 3074 u.
735 3050 764 3075 5:
784 3052 870 3083 leplite
890 3053 981 3079 obtulit
999 3056 1129 3087 virginem
1149 3056 1241 3089 filiam,
1256 3061 1280 3083 et
1299 3058 1395 3084 idcirco

446 3093 470 3117 in
490 3095 682 3120 enumeratione
701 3093 854 3121 Sanctorum
874 3097 906 3122 ab
926 3098 1049 3129 Apostolo
1069 3098 1160 3133 [Hebr.
1182 3101 1223 3133 tt,
1246 3101 1302 3135 32]
1322 3104 1396 3134 poni-

447 3139 493 3161 tur.
514 3136 564 3162 Csr.
593 3139 671 3169 Epist.
703 3140 743 3165 60.
772 3140 844 3171 (alias
873 3141 907 3173 3.)
936 3149 960 3166 n.
982 3143 1006 3167 8.
1028 3143 1053 3167 ln
1083 3143 1111 3169 ll.
1142 3143 1285 3170 Comment.
1315 3153 1395 3177 super

448 3180 535 3205 lerem.
555 3181 584 3213 7,
604 3182 644 3207 31.
669 3184 715 3208 ait:
742 3184 839 3216 Quodsi
860 3185 945 3216 leplite
964 3186 1056 3212 obtulit
1076 3187 1152 3213 filiam
1171 3195 1244 3213 suam
1265 3190 1393 3221 virginem

446 3222 512 3255 Deo,
533 3231 582 3249 non
602 3227 757 3252 sacrificium
783 3228 880 3260 placet,
901 3229 946 3254 sed
966 3231 1068 3256 animus
1087 3231 1224 3258 offerentis.
1244 3246 1279 3252 ·—
1298 3233 1323 3258 lu
1344 3233 1394 3259 fine

447 3272 500 3296 arg.
521 3267 596 3292 codd.
617 3271 735 3295 omittunt
753 3271 816 3296 Deo.

518 3308 527 3325 ⁴
546 3310 618 3335 Rom.
645 3312 686 3344 tt,
709 3314 749 3339 ⁶213.

516 3352 527 3368 ⁵
546 3354 637 3379 Psalm.
661 3356 708 3387 75,
740 3358 776 3382 12.
799 3373 832 3376 —
852 3360 967 3385 Glossam
998 3362 1053 3392 (cfr.
1082 3364 1199 3396 August„
1229 3365 1307 3397 Epist.
1337 3366 1393 3391 127.

1459 2930 1522 2955 alias
1542 2929 1582 2955 45.
1604 2938 1627 2955 n.
1649 2931 1684 2963 8.)
1704 2932 1806 2957 exhibet
1834 2933 1899 2959 Petr.
1925 2934 2065 2960 Lombard.
2086 2937 2111 2960 in
2137 2937 2205 2962 hune
2224 2938 2286 2963 loc.:
2307 2939 2410 2965 Vovere

1460 2974 1528 2998 euim
1549 2975 1690 3000 consulitur
1709 2976 1848 3008 voluntati,
1868 2977 1914 3002 sed
1934 2980 1993 3009 post
2020 2979 2072 3004 voti
2098 2981 2297 3011 promissionem
2323 2989 2407 3008 neces-

1460 3018 1527 3042 sario
1552 3018 1662 3044 redditio
1687 3020 1805 3051 exigitur.
1833 3022 1923 3053 Haym.
1953 3030 2032 3055 super
2062 3024 2131 3049 hunc
2157 3024 2203 3050 loc.
2229 3026 2281 3051 ait:
2307 3026 2409 3052 Vovere

1460 3062 1595 3086 consilium
1615 3065 1664 3093 est,
1685 3063 1785 3089 solvere
1805 3067 1891 3090 autem
1911 3068 1969 3091 vota
1990 3071 2166 3099 praeceptum.

1528 3105 1539 3122 ⁶
1558 3105 1607 3131 Ctr.
1629 3112 1727 3139 quaest.
1748 3109 1868 3140 praeced.
1888 3123 1923 3129 -—-
1942 3110 2004 3136 Edd.
2019 3112 2043 3136 in
2064 3112 2112 3137 hac
2126 3112 2271 3139 definitione
2288 3121 2334 3145 pro
2348 3120 2408 3140 cum

1459 3149 1580 3175 exhibent
1598 3150 1690 3176 (citimi.

1529 3193 1540 3210 ⁷
1559 3194 1636 3226 Epist.
1657 3196 1697 3220 91.
1719 3203 1742 3220 Π.
1763 3197 1792 3221 3:
1813 3197 1915 3222 Minime
1935 3205 1982 3229 pro
2002 3201 2072 3224 certo
2091 3202 2129 3225 est
2147 3199 2232 3225 bonus
2255 3202 2299 3233 qui
2319 3201 2409 3227 melior

1458 3243 1515 3262 esse
1535 3244 1584 3262 non
1606 3239 1668 3264 vult.
1689 3253 1722 3257 —
1741 3240 1866 3271 Superius
1887 3248 1933 3272 pro
1953 3241 1987 3267 El
2005 3241 2061 3268 ideo
2082 3243 2157 3268 codd.
2177 3243 2213 3269 Et
2229 3243 2307 3270 illud.

1528 3280 1539 3297 ⁸
1559 3281 1623 3307 Vide
1643 3286 1741 3315 quaest.
1762 3284 1881 3314 praeced.
1902 3285 2017 3311 fundam.
2040 3287 2062 3311 -Ι,

1528 3324 1539 3340 ⁹
1558 3325 1625 3351 Libr.
1646 3326 1671 3351 ll.
1692 3327 1832 3360 Synonym.
1853 3335 1877 3353 n.
1898 3328 1938 3354 58.
1959 3328 2009 3355 Ct'r.
2023 3336 2102 3362 supra
2122 3337 2183 3362 pag.
2205 3331 2269 3364 697,
2290 3334 2349 3358 nota
2369 3332 2392 3357 5.
