2483 3882
253 504 311 527 Adit.
319 506 399 532 quaest.

268 1132 301 1154 Ad
317 1131 399 1159 opposi-

309 1160 359 1179 tum.

415 250 498 281 '1010

411 336 547 378 quodam
572 334 666 367 modo
689 332 879 366 conveniunt
903 332 933 363 in
962 334 1053 369 actu;
1077 330 1245 370 utriusque
1275 329 1359 361 enim

411 392 458 420 est
481 387 633 420 continue
656 391 769 418 tenere.

498 440 542 472 Ad
567 439 646 471 illud
666 438 749 480 quod
768 437 878 469 ultimo
902 435 1048 468 obiicitur
1065 434 1104 467 de
1128 434 1236 473 laude,
1261 434 1362 466 dicen-

411 493 505 530 dum,
530 491 613 533 quod
637 494 693 522 aut
717 488 900 530 intelligitur
932 488 971 520 de
996 487 1089 519 laude
1112 486 1238 524 vocali,
1264 489 1295 518 et
1318 486 1362 518 sic

1171 242 1455 275 SENTENTIARUM
1480 242 1547 273 LIB.
1571 243 1617 274 lv.

1425 338 1487 361 non
1511 332 1557 361 est
1581 333 1669 361 actus
1687 329 1868 371 principalis
1891 338 1949 362 nec
1965 330 2058 363 debet
2073 339 2141 363 esse
2165 331 2243 369 dos;
2266 334 2321 363 aut
2337 330 2376 363 de

1425 380 1519 413 laude
1543 380 1696 419 mentali,
1721 385 1752 413 et
1775 381 1818 413 ita
1837 382 2076 423 comprehendit
2100 385 2188 417 aetus
2211 383 2307 415 trium
2326 392 2376 424 po-

1427 433 1596 466 tentiarum
1621 433 1822 473 interiorum;
1846 437 1877 466 et
1901 433 1971 467 ideo
1995 443 2055 466 non
2080 438 2127 467 est
2155 435 2377 477 distinguenda

1426 486 1466 518 ab
1489 485 1571 524 aliis,
1597 486 1693 518 immo
1717 486 1832 519 dicitur
1856 489 1920 519 tota
1944 495 2065 519 merces
2080 487 2100 519 ¹.

1269 636 1452 678 00015110
1476 636 1524 669 vt.

725 737 768 769 De
791 735 955 778 differenti
974 734 1232 777 participatione
1258 733 1485 771 beatitudinis,
1509 737 1625 765 utrum
1648 733 1771 765 scilieet
1794 743 1904 765 omnes
1927 732 2069 766 habeant

1175 791 1344 835 aequalem
1369 790 1612 823 beatitudinem.

499 912 595 944 Sexto
611 910 790 952 quaeritur,
807 909 846 941 de
863 908 1017 941 differenti
1038 907 1275 950 participatione
1296 907 1365 939 bea-

415 964 573 1002 titudinis;
589 967 620 996 et
636 962 818 1004 quaeritur,
836 965 944 993 utrum
969 969 1078 993 omnes
1095 960 1231 992 habeant
1254 967 1365 1000 aequa-

414 1018 474 1050 lem
498 1016 734 1049 beatitudinem.
762 1014 796 1046 Et
819 1014 903 1056 quod
928 1013 986 1052 sic,
1007 1013 1148 1045 videtur:

504 1071 529 1101 l.
556 1069 602 1101 Ex
636 1071 725 1100 textu
757 1066 901 1099 Matthaei
934 1064 1131 1107 vigesimo2;
1164 1064 1206 1096 ibi
1231 1064 1366 1102 dicitur,

414 1123 499 1165 quod
522 1130 631 1154 omnes
648 1124 844 1162 acceperunt
865 1118 1014 1161 singynlos
1031 1117 1202 1155 denarios,
1227 1121 1258 1149 et
1281 1116 1366 1158 quod

413 1175 565 1208 Dominus
582 1178 703 1206 tantum
721 1172 807 1205 dedit
824 1171 1008 1209 novissimo,
1025 1174 1177 1212 quantum
1202 1169 1314 1212 primo.
1333 1170 1367 1201 Et

414 1230 522 1261 Glossa
556 1226 631 1260 dicit
666 1226 786 1268 primae
818 1225 858 1257 ad
893 1224 1070 1256 Corinthios
1105 1223 1227 1256 decimo
1258 1223 1367 1264 quinto

415 1290 511 1323 super
534 1280 633 1312 illud:
660 1278 758 1311 Stella
775 1276 884 1320 differt
899 1287 921 1309 a
943 1276 1055 1309 stella:
1083 1275 1252 1308 «Eundem
1277 1275 1368 1308 dena-

417 1335 499 1367 rium
524 1331 749 1365 Paterfamilias
773 1331 859 1363 dedit
883 1330 1044 1369 omnibus,
1069 1329 1121 1371 qui
1150 1328 1269 1371 operati
1294 1333 1368 1361 sunt

417 1387 447 1418 in
464 1386 569 1423 vinea3
590 1393 653 1426 quo
669 1384 779 1425 utique
800 1382 920 1424 aliquid
937 1381 1141 1423 significatur,
1159 1381 1243 1422 quod
1261 1388 1369 1412 omnes

416 1432 625 1472 communiter
649 1437 811 1469 habebunt
827 1448 862 1474 ”3
887 1435 939 1467 sed
966 1434 1044 1466 illud
1069 1443 1129 1465 non
1154 1437 1201 1465 est
1225 1433 1283 1465 nisi
1301 1433 1370 1465 bea-

417 1492 534 1524 titudo:
560 1500 634 1532 ergo
658 1493 716 1522 etc.

506 1546 534 1576 Ξ).
561 1544 653 1582 item,
679 1542 870 1584 Augustinus
884 1541 911 1572 ³:
940 1553 954 1569 «
969 1541 999 1572 ln
1017 1540 1135 1582 dispari
1154 1539 1294 1572 claritate
1311 1539 1370 1571 erit

417 1608 472 1641 par
489 1597 640 1640 gaudium
655 1609 669 1624 »
685 1608 691 1633 3
710 1595 763 1627 sed
782 1594 943 1627 beatitudo
960 1596 1006 1625 est
1023 1592 1174 1634 gaudium
1197 1600 1253 1633 per
1269 1600 1371 1624 essen-

417 1652 507 1683 tiam:
533 1659 608 1691 ergo
632 1653 689 1681 etc.

506 1703 535 1735 3.
559 1703 652 1739 item,
677 1700 806 1732 ratione
830 1699 971 1731 videtur:
1007 1698 1080 1739 quia
1112 1697 1273 1729 beatitudo
1302 1706 1371 1729 con-

417 1757 497 1789 sistit
520 1756 551 1787 in
575 1756 655 1793 Deo,
680 1753 732 1795 qui
758 1757 805 1785 est
828 1752 944 1784 bonum
979 1759 1141 1783 summum
1174 1750 1203 1781 in
1229 1749 1315 1782 fine¹²
1341 1753 1371 1781 et

417 1809 543 1842 omnino
568 1806 769 1844 invariabile,
794 1815 853 1837 non
880 1805 1034 1846 recipiens
1067 1804 1166 1845 inagis
1194 1808 1224 1835 et
1248 1803 1369 1835 minus:

418 1872 492 1904 ergo
505 1870 560 1894 nec
572 1859 733 1893 beatitudo
749 1859 858 1899 recipit
873 1858 971 1898 inagis
984 1862 1014 1890 et
1029 1857 1142 1888 minus.
1155 1875 1199 1879 ——
1213 1855 1370 1894 Sidicas,

418 1915 502 1957 quod
528 1912 668 1946 consistit
691 1912 720 1944 in
747 1911 800 1944 Dei
828 1910 1080 1952 participatione,
1106 1918 1186 1951 quae
1217 1909 1317 1950 magis
1341 1913 1372 1940 et

420 1969 524 2000 minus
548 1966 674 2007 recipit3
699 1969 834 1996 contra:
860 1962 1080 2004 unusquisque
1104 1966 1225 1993 tantum
1250 1961 1372 2002 partici-

419 2020 505 2062 pabit
529 2019 629 2051 Deum
656 2019 683 2049 in
709 2016 827 2058 gloria,
851 2016 936 2057 quod
963 2024 1022 2047 non
1055 2014 1138 2046 volet
1169 2022 1226 2045 nec
1258 2013 1372 2054 poterit

418 2073 490 2114 plus
513 2071 717 2113 participare:
743 2077 817 2110 ergo
842 2068 1061 2109 unusquisque
1086 2066 1115 2098 in
1149 2075 1291 2103 summm
1317 2065 1370 2097 sed

419 2125 503 2167 quod
527 2132 687 2156 summum
713 2126 760 2154 est
791 2125 837 2153 est
870 2121 898 2152 111
932 2121 1082 2158 termino,
1107 2123 1137 2152 et
1161 2119 1245 2161 quod
1270 2121 1317 2150 est
1342 2117 1371 2149 in

419 2177 553 2210 termino
578 2185 638 2208 non
665 2174 775 2216 recipit
798 2174 897 2215 magis
921 2177 951 2205 et
976 2172 1121 2205 ininus⁵z
1147 2180 1222 2212 ergo
1246 2176 1303 2203 etc.

508 2230 537 2260 [1.
563 2229 655 2266 item,
681 2231 801 2259 tantuin
826 2225 934 2266 diliget
957 2224 1177 2265 unusquisque
1195 2223 1288 2255 homo
1305 2231 1373 2264 pro-

420 2283 561 2320 ximum,
587 2281 667 2313 sicut
692 2289 725 2312 se
751 2280 870 2321 ipsum:
896 2287 971 2318 ergo
1003 2280 1124 2308 tantuin
1157 2275 1306 2317 gaudebit
1330 2275 1374 2306 Li-

420 2344 479 2367 nus
504 2335 542 2367 de
567 2333 666 2375 gloria
702 2332 781 2365 Petri
817 2336 848 2363 et
884 2335 1006 2363 tantuin
1042 2329 1125 2362 volet
1160 2337 1228 2361 eam
1266 2328 1372 2366 Petro,

420 2391 571 2430 quantum
598 2387 674 2423 sibi;
699 2390 729 2418 et
753 2385 777 2417 si
805 2385 880 2423 hoc,
906 2388 1027 2415 tantum
1053 2382 1201 2424 gaudebit
1219 2382 1257 2414 de
1274 2381 1374 2423 gloria

422 2440 519 2478 Petri,
544 2443 697 2481 quantum
723 2438 747 2470 si
773 2446 842 2469 eam
865 2436 1012 2473 haberet;
1031 2435 1084 2467 sed
1103 2435 1127 2467 si
1146 2434 1293 2472 haberet,
1310 2437 1374 2465 tan-

423 2497 486 2525 tuin
513 2492 683 2534 gauderet,
708 2494 860 2532 quantuni
887 2490 996 2521 Petrus
1020 2487 1177 2530 gaudetsst
1201 2496 1275 2528 ergo
1300 2490 1357 2519 etc.

2477 794 2480 813 1

2477 817 2480 865 1

2477 867 2480 888 l

1517 905 1661 938 CONTRA:
1690 907 1716 937 1.
1742 905 1862 938 loannis
1887 905 2008 938 decimo
2032 906 2187 948 quarto⁷:
2219 907 2259 938 In
2286 907 2475 940 domorunaeiami

1430 958 1548 990 Patris
1571 958 1636 990 inei
1662 958 1849 990 mansiones
1884 958 2006 991 multae
2039 963 2137 997 sum,-
2171 960 2380 1001 Augustinus:

1436 1011 1579 1043 «Multae
1604 1011 1781 1043 mansiones
1805 1011 1834 1043 in
1861 1020 1924 1043 una
1947 1011 2011 1043 vita
2035 1015 2146 1051 erunt,
2170 1012 2244 1054 quia
2276 1012 2381 1046 variae

1430 1063 1645 1105 praemiorum
1671 1063 1879 1105 dignitates».

1520 1117 1549 1147 ἓ.
1565 1115 1659 1153 Item,
1677 1115 1855 1157 Apostolus,
1876 1116 1997 1157 primae
2012 1116 2052 1148 ad
2070 1116 2245 1149 Corinthios
2262 1117 2383 1150 decimo

1431 1168 1540 1210 quinto
1555 1168 1581 1199 ⁵:
1608 1167 1707 1200 Stella
1731 1166 1840 1210 differt
1863 1177 1885 1200 a
1908 1168 2001 1200 stella
2027 1169 2062 1201 in
2079 1169 2248 1202 claritate:
2266 1170 2291 1202 si
2309 1179 2383 1212 ergo

1432 1221 1558 1253 claritas
1582 1221 1765 1262 cognitionis
1786 1225 1915 1262 generat
1931 1221 2082 1263 gaudium
2100 1226 2130 1254 et
2147 1223 2383 1255 delectationem

1432 1277 1463 1306 et
1486 1273 1634 1306 differens
1656 1277 1720 1312 est,
1744 1282 1819 1315 ergo
1843 1273 1991 1306 differens
2015 1274 2075 1306 erit
2099 1275 2261 1316 gaudium.

1522 1326 1551 1358 3.
1577 1326 1669 1364 ltem,
1692 1325 1823 1358 ratione
1854 1326 1995 1358 videtur:
2026 1327 2100 1369 quia
2132 1327 2307 1369 praemium
2340 1337 2386 1360 re·
2430 1314 2439 1318 Η

1433 1379 1566 1421 spondet
1582 1379 1709 1416 merim,
1727 1379 1781 1410 sed
1800 1382 1937 1417 constat,
1953 1379 2075 1420 aliquos
2092 1388 2160 1412 esse
2177 1380 2304 1413 maioris
2325 1389 2386 1413 me-

1434 1431 1500 1463 riti:
1526 1440 1602 1472 ergo
1626 1435 1656 1463 et
1680 1431 1810 1472 praemii
1825 1431 1847 1462 ⁹.

1522 1485 1551 1516 Δ.
1578 1484 1669 1523 item,
1688 1485 1878 1525 Augustinus
1893 1484 1934 1515 ¹⁰:
1959 1485 2015 1516 «Si
2033 1489 2136 1517 essent
2151 1485 2308 1528 aequalia,
2325 1495 2387 1518 non

1433 1540 1538 1570 essent
1561 1537 1665 1568 omnia
1678 1548 1714 1568 »z
1739 1537 1817 1569 ordo
1838 1546 1913 1578 ergo
1929 1537 2001 1570 facit
2017 1538 2057 1570 ad
2074 1538 2314 1579 perfectionem;
2332 1539 2386 1572 sed

1434 1598 1568 1631 superna
1595 1589 1704 1621 civitas
1728 1593 1774 1622 est
1798 1589 2039 1631 perfectissima:
2065 1599 2139 1632 ergo
2163 1595 2220 1623 etc.

1790 1703 2030 1727 CONCLUSIO.

1436 1801 1529 1833 Sient
1562 1800 1736 1838 beatitudo,
1761 1801 1809 1832 sic
1838 1800 2042 1842 praemium,
2066 1805 2213 1833 sumtum
2244 1806 2280 1833 ut
2311 1801 2389 1833 obie-

1524 1858 1631 1891 ctam,
1656 1853 1789 1885 omnino
1820 1863 1925 1885 unum
1957 1857 2020 1891 est,
2044 1857 2191 1886 sainttmn
2223 1863 2298 1885 vero
2321 1853 2388 1896 for-

1524 1907 1674 1943 maliter,
1699 1910 1745 1938 est
1780 1915 1884 1938 unani
1919 1906 2045 1938 unitate
2080 1905 2327 1949 conformitatis
2362 1912 2389 1939 et

1525 1958 1755 1996 connexionis,
1780 1956 1933 2000 differens
1960 1967 2033 1990 vero
2058 1958 2240 2001 quantitate
2268 1958 2391 2001 yaadii

1525 2016 1553 2043 et
1576 2010 1864 2042 remunerationis.

1527 2118 1724 2149 Rnsrounno:
1758 2117 1949 2155 Dicendum,
1975 2117 2059 2158 quod
2092 2117 2257 2149 diversitas
2288 2121 2317 2149 et
2347 2117 2482 2149 di-Conclui

1437 2171 1560 2203 stinctie
1584 2174 1631 2202 est
1656 2171 1685 2201 in
1706 2169 1870 2211 praemiis
1894 2169 2068 2202 secundum
2094 2169 2195 2201 mains
2219 2173 2249 2202 et
2266 2170 2388 2208 minus,

1437 2223 1518 2255 sicut
1542 2223 1600 2254 fuit
1624 2223 1654 2254 in
1678 2222 1815 2253 meriti-s.

1528 2275 1568 2306 Ad
1596 2274 1830 2315 intelligentiam
1856 2277 1961 2306 auten]
1986 2274 2180 2306 obiectorum
2198 2274 2389 2313 notandum,

1438 2327 1521 2369 quod
1547 2327 1627 2359 sicut
1653 2326 1827 2364 beatitudo,
1853 2330 1887 2358 ut
1917 2326 2035 2358 dictum
2069 2330 2115 2358 est
2147 2326 2293 2368 supra¹¹,
2319 2326 2390 2359 dici-

1437 2385 1490 2412 tur
1515 2380 1698 2421 dupliciter:
1725 2380 1773 2412 vel
1799 2380 1914 2412 satians
1938 2378 2076 2422 effective
2100 2379 2181 2412 sicut
2213 2379 2389 2418 obiectam,

1437 2434 1486 2466 vel
1512 2433 1628 2465 satians
1653 2431 1868 2474 infor-malive
1892 2433 1972 2464 sicut
1993 2432 2171 2474 perfectio;
2194 2433 2236 2465 sic
2253 2437 2283 2465 et
2296 2443 2390 2474 prae-

1438 2486 1542 2517 n'zianz
1567 2486 1632 2517 sive
1657 2485 1784 2517 donum.
1810 2485 1886 2517 Nam
1911 2485 1935 2517 51
1962 2485 2085 2517 dicatur
2109 2486 2190 2518 sicut
2213 2485 2389 2523 obiectam,
2404 2494 2483 2517 Coactus

493 2674 500 2689 ¹
522 2674 571 2699 Ct'r.
592 2680 669 2704 supra
692 2679 751 2703 pag.
778 2672 856 2702 loos),
882 2673 939 2695 nota
961 2670 984 2695 li.
1004 2684 1038 2688 —
1058 2670 1183 2701 Superius
1203 2672 1260 2701 post
1276 2667 1374 2702 princi-

421 2717 490 2750 pall's
511 2717 567 2742 cod.
589 2724 617 2740 aa
638 2716 709 2741 addit
728 2714 792 2748 quia
811 2716 886 2740 actus
907 2713 1035 2747 corporis.
1055 2727 1090 2732 -—
1110 2713 1175 2738 Vide
1201 2713 1315 2738 scholion
1342 2713 1373 2737 :ici

423 2762 619 2792 praecedentem
640 2765 738 2792 quaest.

493 2805 503 2820 ἵ
525 2805 595 2830 Vcrs.
617 2806 639 2828 9.
662 2811 734 2835 seqq.
748 2817 783 2821 —
803 2804 860 2835 ch.
883 2803 954 2827 locus
973 2805 1011 2827 est
1031 2802 1045 2826 1.
1068 2801 1124 2826 Cor.
1145 2801 1186 2833 15,
1203 2801 1290 2826 41.—
1305 2801 1376 2826 Glos-

424 2856 479 2874 511111
494 2850 619 2880 integi-ani
634 2848 736 2873 exhibet
751 2848 814 2872 l'elr.
830 2846 968 2872 Lonibnrd.
985 2846 1018 2877 (in
1035 2847 1103 2871 hunc
1122 2846 1189 2877 loc),
1204 2848 1228 2870 et
1241 2848 1326 2870 sumta
1340 2847 1378 2870 est

423 2901 454 2918 ex
474 2895 590 2924 August,
610 2894 633 2917 in
656 2893 722 2918 ioan.
744 2892 840 2923 Evang.
861 2894 890 2916 tr.
911 2891 952 2915 (57.
975 2898 998 2915 11.
1019 2892 1041 2915 2.
1063 2890 1113 2915 Csr.
1129 2890 1160 2914 ‹le
1180 2890 1270 2914 Sancta
1294 2889 1377 2920 Virgi-

425 2938 516 2967 nitate,
539 2944 559 2961 C.
581 2938 622 2961 ²26.
644 2944 667 2960 11.
689 2936 730 2960 26.
754 2935 820 2960 vide
840 2936 880 2959 1110
900 2935 932 2959 111.
955 2935 1080 2965 Magistri,
1101 2941 1122 2959 c.
1149 2934 1167 2958 1.

494 2980 505 2996 3
526 2981 612 3005 Potius
634 2981 759 3011 l’rospcr,
781 2980 835 3004 Lib.
856 2979 1039 3004 sententiarum
1060 2985 1089 3003 cx
1109 2978 1262 3009 Augustino,
1280 2984 1303 3001 n.
1318 2977 1377 3001 36²2.

426 3024 497 3055 (alias
517 3024 595 3054 360),
611 3023 653 3048 nbi
674 3023 732 3048 edd.
755 3027 859 3048 nostrae
879 3022 1012 3053 Augustini
1033 3027 1075 3053 (ex
1095 3022 1162 3046 loan.
1179 3021 1277 3051 Evang.
1291 3023 1320 3044 tr.
1336 3020 1378 3044 67.

427 3075 450 3092 n.
467 3069 500 3099 2.)
522 3069 557 3092 sie
578 3067 689 3092 liabent:
709 3067 759 3091 Sed
781 3068 808 3091 ut
828 3066 898 3091 Dens
919 3064 1009 3091 onmia.
1029 3064 1056 3090 iit
1069 3063 1192 3090 omnibus
1212 3065 1259 3089 erit
1273 3063 1302 3097 [l.
1318 3063 1376 3089 Cor.

432 3111 474 3142 157
498 3110 561 3144 28]
583 3111 624 3136 liet
644 3112 719 3136 01111111
741 3111 763 3135 111
786 3111 882 3141 dispari
903 3110 1015 3135 claritate
1033 3116 1081 3142 pet·
1101 3109 1240 3140 gaudium,
1262 3112 1288 3133 ut
1308 3107 1379 3140 quod

429 3155 523 3180 liabent
541 3155 635 3186 singuli
656 3161 794 3179 commune
814 3155 845 3178 sit
865 3154 994 3179 omnibus.
1009 3153 1058 3178 Ctr.
1074 3154 1114 3178 liic
1129 3154 1161 3178 lit.
1178 3153 1299 3184 Magistri,
1316 3159 1337 3177 c.
1353 3152 1376 3183 3,

428 3199 472 3223 ubi
493 3206 551 3223 cuni
571 3199 613 3223 cd.
641 3199 758 3230 prosperi
780 3199 911 3229 (Venetus
937 3197 1011 3229 1744>
1033 3199 1149 3229 ponitur:
1172 3204 1225 3230 par
1245 3196 1378 3228 gaudium.

430 3255 464 3260 —
478 3242 538 3266 Fide
558 3242 632 3267 codd.
654 3243 671 3266 Β
683 3242 701 3265 Γ,
713 3243 731 3266 G
744 3242 761 3266 L
773 3242 790 3266 N
803 3244 822 3273 Q
835 3243 850 3266 S
862 3242 882 3266 Y
903 3249 932 3266 aa
954 3243 1002 3266 hoc
1022 3248 1076 3272 urg.
1096 3241 1285 3272 supplevimus.

500 3285 509 3301 ⁴¹
530 3287 585 3310 Vnt.
606 3285 754 3319 infinitam,
777 3285 822 3310 sed
852 3286 896 3310 cfr.
923 3288 983 3310 10111.
1005 3286 1022 3310 l.
1054 3292 1113 3316 pag.
1135 3285 1200 3315 806,
1223 3287 1282 3309 nola
1303 3284 1326 3308 6.
1347 3296 1380 3301 -

431 3329 534 3353 Plurimi
554 3329 629 3354 codd.
650 3330 769 3354 omittunt
789 3330 893 3354 interius
912 3336 975 3361 erqo
996 3335 1068 3354 nec...
1089 3329 1112 3353 et
1131 3327 1228 3353 inlitus.

501 3372 512 3387 5
531 3372 679 3396 Secundum
709 3372 816 3397 niodum
848 3373 969 3404 loquendi
999 3372 1103 3397 Gilberti
1131 3372 1275 3403 porretani3
1296 3372 1342 3397 csr.
1364 3371 1379 3395 Ι.

1440 2669 1508 2693 Seni.
1530 2668 1554 2693 (1.
1580 2668 1616 2693 17.
1638 2675 1662 2699 p.
1683 2668 1708 2692 11.
1730 2674 1755 2699 q.
1777 2668 1800 2692 l.
1832 2667 1966 2697 scholion3
1987 2670 2049 2692 tom.
2072 2666 2098 2691 11,
2129 2673 2188 2698 pag.
2211 2667 2237 2691 il
2251 2667 2268 2698 1,
2290 2670 2348 2692 nota
2368 2667 2391 2691 9.

1439 2715 1464 2737 ot
1483 2719 1542 2743 pag.
1563 2712 1626 2742 787,
1647 2715 1704 2736 notu
1726 2712 1748 2735 6.

1511 2756 1522 2772 ⁶
1542 2757 1594 2781 Hoc
1613 2763 1668 2787 arg.
1689 2759 1727 2780 est
1747 2755 1891 2780 secundum
1917 2755 2040 2787 Anselm.,
2067 2755 2181 2786 Proslog.
2208 2762 2229 2780 c.
2250 2755 2296 2786 25,
2321 2755 2392 2787 quod

1441 2801 1517 2826 etiam
1537 2802 1626 2825 auctor
1646 2799 1701 2824 libri
1729 2800 1761 2823 de
1790 2799 1884 2830 Spiritu
1912 2802 1936 2823 et
1964 2799 2049 2823 anima
2079 2799 2154 2829 (inter
2173 2805 2250 2829 opera
2272 2798 2391 2831 August.)

1442 2851 1463 2869 c.
1484 2843 1525 2868 64.
1546 2844 1630 2868 refert.
1651 2842 1700 2868 Ctr.
1721 2844 1838 2873 August.⁷
1858 2843 1882 2867 in
1904 2842 1971 2867 loan.
1992 2843 2088 2874 Evang.
2110 2846 2138 2867 tr.
2160 2842 2200 2866 67.
2222 2850 2244 2866 n.
2260 2843 2288 2874 2,
2309 2848 2332 2867 et
2352 2843 2392 2867 hic

1442 2887 1475 2912 lit.
1497 2887 1622 2918 Magistri,
1643 2893 1664 2911 c.
1685 2887 1709 2911 3.

1511 2930 1521 2946 7
1543 2931 1614 2955 Vers.
1635 2931 1658 2954 2.
1679 2943 1713 2947 —-
1732 2930 1855 2961 August.,
1877 2931 1901 2954 in
1932 2931 2000 2955 hunc
2029 2930 2076 2954 loc.
2103 2929 2143 2960 (tr.
2166 2929 2206 2953 67.
2228 2936 2251 2954 n.
2273 2930 2324 2959 24:
2343 2928 2393 2953 Sed

1442 2974 1542 3000 multae
1561 2973 1713 2999 mansiones
1733 2974 1849 2999 diversas
1875 2975 2027 2999 meritorum
2054 2974 2077 2998 in
2099 2980 2149 2998 una
2169 2974 2220 2997 vita
2241 2976 2341 2998 aeterna
2363 2973 2393 2997 si-

1444 3020 1565 3050 gnificant
1585 3019 1729 3049 dignitates.

1513 3062 1524 3079 8
1545 3063 1616 3087 Vers.
1638 3062 1678 3087 41.
1692 3076 1727 3081 -—
1741 3063 1862 3093 Anselm.‚
1879 3062 1991 3093 Proslog.
2007 3069 2027 3087 c.
2044 3062 2090 3086 26:
2105 3061 2197 3094 Utique
2217 3064 2313 3086 tantuin
2334 3068 2394 3092 gau-

1445 3107 1542 3132 debunt
1562 3105 1671 3139 [sseati],
1687 3109 1811 3138 quantuni
1831 3105 1971 3137 amabuntg
1993 3107 2091 3130 tanturn
2112 3104 2248 3136 amabunt,
2269 3108 2392 3136 quantum

1444 3154 1609 3182 cognoscent.

1513 3195 1524 3210 ⁰
1544 3195 1610 3219 Vide
1629 3196 1751 3225 August,
1772 3194 1849 3218 xxti.
1871 3194 1902 3218 de
1923 3192 1976 3219 Civ.
1998 3193 2058 3223 Dei,
2078 3199 2100 3217 c.
2123 3193 2163 3217 30.
2185 3199 2208 3217 n.
2230 3193 2253 3217 2.

1516 3238 1537 3255 ¹0
1555 3239 1624 3264 Libr.
1644 3239 1676 3264 83
1698 3239 1745 3271 Qq.
1766 3246 1792 3270 q.
1824 3238 1863 3262 41.
1893 3237 1944 3263 Csr.
1972 3244 2051 3269 supra
2077 3244 2137 3268 pag.
2160 3237 2218 3268 961,
2240 3238 2297 3261 nota
2318 3236 2340 3260 S.
2361 3249 2394 3253 -—

1445 3283 1551 3307 inferius
1570 3289 1616 3313 pro
1635 3280 1681 3307 sed
1699 3281 1771 3306 multi
1786 3281 1861 3306 codd.
1881 3286 1943 3314 erqo
1955 3301 1962 3312 ‚
1979 3280 2036 3305 cod.
2056 3281 2078 3305 K
2100 3280 2117 3311 (1
2137 3286 2151 3305 a
2171 3279 2284 3305 secunda
2305 3278 2391 3311 manu)

1444 3333 1507 3359 erqo
1527 3325 1557 3351 si.

1516 3370 1535 3385 1¹
1557 3371 1660 3401 Quaest.
1687 3370 1705 3393 l.

2066 3413 2081 3424 ’ἱ
