2483 3882
329 641 361 662 Ad
376 641 458 667 opposi-

310 2430 409 2456 Quaestio
425 2431 455 2451 iu-

324 2457 404 2477 cidens.

477 230 539 260 7022

476 317 606 349 ner-andi
631 320 677 348 est
701 316 835 357 potentia
860 315 949 347 nobis
973 315 1060 347 data:
1087 323 1161 356 ergo
1193 323 1362 355 possumus
1386 323 1422 346 ea

476 369 554 401 bene
578 369 633 400 uti.
658 369 716 400 Sed
742 368 816 399 bene
839 367 890 398 uti
919 367 986 398 sive
1018 366 1133 398 melius
1165 376 1226 398 non
1251 370 1297 399 est
1333 366 1423 398 aliter

476 431 568 463 quani
594 422 632 453 ad
658 421 705 458 id,
731 421 769 452 ad
795 420 877 461 quod
911 423 957 451 est
988 423 1018 451 et
1053 419 1227 451 secuudum
1263 419 1347 460 quod
1383 419 1423 451 ad

476 474 551 505 illud
577 477 641 510 est;
667 473 724 504 hoc
759 476 863 503 autem
900 475 963 510 est,
996 481 1067 503 cum
1100 471 1257 512 cognoscit
1289 480 1423 503 uxorem

474 530 602 568 propter
626 525 766 566 prolem:
792 533 866 566 ergo
890 527 947 556 etc.

562 579 704 610 CONTqu
737 579 763 608 1.
797 577 905 609 Omnis
941 577 1104 609 delectatio
1137 576 1343 609 immoderata
1378 580 1425 608 est

474 635 653 672 peccatum,
678 630 768 671 quia,
793 630 847 661 ubi
871 633 918 661 est
942 629 1082 661 defectus
1107 629 1209 667 modi,
1234 632 1281 661 est
1305 628 1422 660 malum

476 684 625 724 culpae¹3
651 683 705 715 sed
737 683 767 714 in
803 683 886 714 coitu
922 685 968 714 est
1000 681 1164 713 delectatio
1199 681 1424 719 immoderata,

473 736 565 768 etiam
591 736 716 777 quando
741 736 801 767 coit
825 735 896 776 quis
928 743 1023 767 causa
1059 734 1156 775 prolis
1193 733 1422 775 procreandae:

472 798 546 829 ergo
570 792 616 820 est
641 788 681 819 ibi
708 792 880 829 peccatum.

561 843 589 872 ᾖ.
615 841 703 878 ltem,
729 840 830 872 omnis
862 839 1043 878 delectatio,
1068 840 1096 871 in
1134 848 1196 880 qua
1231 838 1424 880 pervertitur

472 898 577 926 rectus
601 893 696 934 ordo,
721 896 768 925 est
793 896 973 934 peccatum,
999 892 1053 924 sed
1090 892 1120 923 in
1153 892 1234 923 coitu
1268 890 1423 932 coniugali

472 951 518 978 est
542 946 720 984 delectatio,
754 946 782 977 in
814 955 877 987 qua
911 946 1016 977 anima
1050 944 1239 976 absorbetur
1267 953 1285 975 a
1313 952 1423 981 carne,

472 1000 564 1032 etiam
590 1008 662 1031 cum
687 999 747 1031 coit
771 1003 900 1040 propter
924 999 999 1030 hoc:
1025 1006 1100 1039 ergo
1124 1002 1181 1029 etc.

561 1052 589 1083 3.
607 1052 699 1090 Item,
718 1051 819 1083 omnis
836 1055 938 1089 actus,
958 1051 987 1082 in
1005 1060 1067 1092 quo
1085 1049 1312 1082 rationabiliter
1330 1050 1424 1081 homo

471 1106 645 1144 erubescit,
670 1109 716 1137 est
742 1108 914 1146 peccatum,
941 1103 989 1135 vel
1015 1103 1193 1135 foeditatem
1220 1102 1424 1134 babet—ut

471 1167 607 1200 purgare
634 1161 791 1195 ventrem;
818 1161 955 1189 attamen
981 1166 1040 1188 non
1067 1156 1109 1188 ita
1133 1155 1360 1188 rationabiliter
1385 1155 1423 1188 de

472 1212 529 1243 lioc
554 1210 711 1243 erubescit
735 1210 823 1251 quis,
840 1210 913 1250 quia
931 1219 991 1241 non
1016 1208 1109 1241 debet
1126 1209 1219 1240 homo
1236 1208 1424 1240 erubescere

471 1265 510 1296 de
531 1273 656 1305 poena,
680 1263 735 1295 sed
760 1263 799 1295 de
824 1262 922 1303 culpa
947 1281 989 1285 ——
1013 1261 1067 1293 sed
1094 1261 1123 1293 in
1159 1262 1243 1293 coitu
1267 1260 1422 1301 coniugali

471 1317 590 1349 ratione
619 1316 668 1354 vel
705 1324 813 1347 amore
850 1314 947 1356 prolis
983 1314 1141 1346 erubescit
1165 1317 1195 1346 et
1219 1313 1306 1346 nullo
1330 1313 1423 1345 modo

470 1379 575 1402 eoram
600 1369 669 1401 aliis
693 1369 824 1401 faceret:
851 1377 926 1408 ergo
950 1371 997 1399 est
1021 1371 1195 1409 peceatum.

558 1424 588 1454 li.
615 1423 704 1461 ltem,
730 1422 830 1453 omnis
856 1425 959 1458 actus,
985 1421 1014 1452 in
1040 1429 1102 1461 quo
1120 1422 1229 1460 regnat
1246 1419 1359 1457 libido,
1377 1422 1424 1451 est

470 1480 650 1519 peccatum,
669 1475 723 1508 sed
750 1475 779 1506 in
805 1478 876 1506 actu
894 1473 1048 1514 coniugali
1066 1482 1124 1514 pro
1141 1472 1319 1514 generanda
1336 1471 1423 1513 prole

469 1535 579 1571 regnat
604 1529 716 1567 libido,
742 1528 815 1570 quia
840 1527 914 1559 dicit
949 1526 1140 1567 Augustinus
1156 1525 1184 1563 ²,
1209 1525 1291 1566 quod
1328 1533 1424 1566 «pec-

470 1588 574 1615 catum
600 1591 659 1613 non
684 1580 867 1613 transmittit
894 1580 933 1611 ad
964 1582 1105 1620 posteros
1137 1578 1338 1620 propagatio,
1367 1578 1421 1609 sed

471 1636 607 1668 libido›):
635 1644 709 1676 ergo
734 1638 790 1666 etc.

561 1690 589 1720 3.
615 1689 707 1726 Item,
732 1687 833 1719 omnis
858 1690 963 1724 actus,
988 1685 1040 1727 qui
1067 1688 1114 1717 est
1142 1684 1319 1716 necessario
1343 1683 1424 1715 ordi-

470 1746 562 1773 natus
586 1742 624 1773 ad
650 1741 793 1782 culpam,
811 1743 858 1771 est
875 1744 1055 1779 peccatum,
1074 1738 1127 1769 sed
1147 1738 1205 1769 hoo
1221 1740 1268 1769 est
1293 1737 1321 1768 in
1339 1737 1423 1768 coitu

470 1796 589 1827 ratione
614 1794 726 1835 prolis,
752 1793 825 1834 quia
849 1792 1005 1824 contrahit
1023 1795 1184 1833 peccatum
1209 1789 1329 1831 proles:
1348 1798 1423 1830 ergo

472 1848 500 1879 in
526 1852 599 1879 actu
623 1846 777 1887 coniugali
804 1854 927 1886 semper
952 1847 999 1876 est
1023 1847 1195 1884 peccatum.

560 1901 588 1931 6.
613 1900 706 1937 Item,
732 1898 924 1939 ubicumque
957 1900 1003 1929 est
1038 1900 1126 1928 actus
1159 1895 1349 1936 coniugalis,
1375 1903 1424 1926 ne-

470 1962 555 1985 cesse
591 1956 651 1990 est,
677 1951 866 1992 praecedere
903 1954 1006 1981 motus
1042 1949 1073 1981 in
1105 1958 1216 1987 carne3
1242 1948 1296 1980 sed
1330 1947 1422 1989 primi

470 2010 573 2037 motus
598 2009 671 2037 sunt
703 2008 845 2045 peccata,
871 2003 979 2035 saltem
1017 2001 1165 2034 venialia:
1193 2010 1267 2042 ergo
1299 2009 1423 2041 semper

470 2058 569 2090 coitus
594 2061 723 2099 propter
750 2057 870 2098 prolem
895 2060 942 2088 est
965 2058 1128 2096 peccatum
1155 2053 1284 2086 veniale.

558 2112 587 2141 7.
613 2111 705 2148 ltem,
723 2110 747 2142 si
773 2108 1009 2140 matrimonium
1046 2110 1178 2139 excusat
1213 2106 1329 2138 coitum
1355 2115 1423 2147 pro-

468 2167 538 2204 pter
574 2162 671 2203 prolis
707 2163 844 2200 bonurn,
869 2165 923 2193 aut
959 2163 1091 2193 excusat
1126 2169 1144 2191 a
1167 2162 1312 2201 peccato,
1337 2158 1421 2199 quod

469 2220 531 2253 est,
556 2220 611 2247 aut
634 2225 652 2247 a
676 2219 816 2257 peccato,
850 2214 934 2256 quod
970 2224 1035 2245 non
1067 2217 1121 2244 esc.
1147 2212 1211 2243 Non
1236 2221 1253 2243 a
1278 2214 1420 2252 peccate,

469 2269 553 2310 quod
574 2278 636 2300 non
663 2273 708 2299 est
732 2277 788 2300 nec
812 2268 900 2299 fuit³.
920 2267 948 2298 Si
967 2277 984 2298 a
1002 2270 1142 2308 peccato,
1159 2265 1242 2307 quod
1269 2269 1329 2295 est:
1347 2272 1421 2304 ergo

469 2321 587 2362 aliquid
613 2325 659 2353 est
684 2321 724 2352 ibi
749 2324 922 2362 peccatum.

558 2374 649 2406 quta
675 2374 731 2405 boc
756 2373 937 2414 quaeritur,
964 2381 1020 2413 pro
1053 2375 1169 2413 quanto
1205 2371 1329 2403 dicatur
1360 2379 1422 2401 ma-

471 2427 652 2459 trimonium
683 2435 844 2457 excusare
868 2425 1003 2462 coitum,
1027 2433 1098 2456 cum
1124 2424 1225 2456 omnis
1249 2423 1420 2460 ordinatio,

470 2489 549 2521 quae
574 2489 646 2512 cum
671 2488 773 2511 uxore
797 2479 950 2517 babetur,
975 2478 1072 2519 possit
1096 2477 1188 2509 etiam
1215 2476 1324 2508 baberi
1349 2484 1421 2507 cum

470 2533 530 2564 alia
555 2533 701 2571 muliere,
726 2536 756 2564 et
780 2532 822 2563 ita
847 2531 885 2564 sit
903 2531 999 2563 libido
1023 2535 1053 2563 et
1081 2530 1225 2571 pruritus
1241 2533 1271 2561 et
1288 2528 1422 2560 carnalis

469 2590 558 2617 actus
576 2585 605 2616 in
623 2585 837 2625 cognoscendo
862 2593 1010 2623 uxorem,
1029 2583 1109 2616 sieut
1128 2583 1221 2616 etiam
1246 2582 1339 2614 aliam
1358 2590 1424 2613 mu-

470 2639 595 2676 lierem,
622 2638 670 2670 vel
696 2647 783 2679 pene.

1232 228 1515 260 SENTENTIARUM
1540 229 1607 259 [ΑΒ.
1633 229 1679 260 IV.

1843 326 2083 350 CONCLUSIO.

1489 422 1592 452 Aecus
1623 421 1771 463 coniugii
1800 427 1980 454 excusatur
2009 432 2069 464 per
2102 423 2375 463 Sacramentum,
2410 431 2437 458 et

1578 474 1708 516 qzoz‘ctem
1743 474 1784 506 ab
1820 475 1911 506 omni
1945 474 2061 516 culpa,
2097 476 2229 518 quando
2264 476 2303 517 fit
2332 478 2436 518 prolis

1575 528 1784 568 generandae
1805 527 1930 569 qratia.

1578 633 1777 665 Rsssrounsso:
1802 633 1993 671 Dicendum,
2019 633 2103 674 quod
2128 633 2211 665 eirca
2228 634 2286 666 hoc
2309 634 2436 675 quidam
2449 647 2483 668 En

1491 689 1679 717 erraverunt
1703 685 1854 723 dicentes,
1880 686 1963 726 quod
1997 686 2027 717 in
2052 689 2123 718 actu
2156 686 2353 727 generativae
2377 696 2436 720 non

1490 741 1537 770 est
1561 738 1651 779 culpa
1678 737 1734 769 nisi
1761 746 1817 778 per
1841 746 2025 775 excessum,
2051 737 2131 770 sicut
2162 738 2192 769 in
2224 742 2296 770 actu
2320 739 2438 771 nutriti-

1490 799 1557 822 vae.
1573 809 1617 813 ——
1634 790 1687 821 Alii
1713 794 1901 822 erraverunt
1925 790 2077 828 dicentes,
2102 799 2226 832 semper
2243 799 2311 823 esse
2335 800 2483 832 pecca-Eri

1491 847 1556 875 tum
1582 846 1612 874 et
1645 842 1731 875 nullo
1764 843 1856 874 modo
1888 843 2055 880 excusari,
2088 843 2183 875 immo
2216 847 2345 885 propter
2373 853 2438 885 pec—

1490 900 1593 928 catum
1627 896 1864 928 matrimonium
1896 895 2014 934 vitiari,
2042 905 2103 928 non
2136 896 2247 928 vitium
2272 897 2437 937 excusari3

1489 948 1608 980 malum
1633 948 1715 980 enim
1733 948 1873 980 iunctum
1901 948 1981 980 bono
2006 948 2108 989 ipsum
2127 948 2228 987 vitiat,
2252 957 2312 980 non
2331 958 2347 980 θ
2372 956 2450 981 οοῐι-“

1489 1010 1581 1033 verso
1604 1001 1722 1032 bonum
1748 1000 1866 1032 malum
1892 1005 2033 1033 excusat.
2059 1020 2102 1023 ——
2127 1001 2162 1033 Et
2193 1001 2286 1042 primi
2311 1001 2436 1042 quidem
2449 1012 2483 1035 nte

1489 1064 1549 1086 non
1575 1054 1800 1086 intellexerunt
1815 1053 1987 1091 morbum,
2012 1054 2170 1095 quomodo
2187 1053 2303 1086 scilicet
2327 1053 2437 1086 infecta
2461 1045 2482 1066 ¹¹¹

1489 1111 1536 1139 est
1559 1107 1606 1138 vis
1631 1106 1820 1148 generativa.
1846 1106 1979 1138 Secundi
2004 1115 2080 1138 vero
2103 1115 2164 1137 non
2197 1106 2436 1145 intellexerunt,

1489 1160 1725 1191 Sacramentum
1740 1167 1807 1190 esse
1823 1158 2005 1190 ‘remedium
2022 1162 2052 1190 et
2068 1158 2341 1195 medicamentum,
2356 1158 2436 1200 quod

1489 1222 1550 1244 non
1568 1212 1696 1244 vitiatur
1713 1221 1730 1243 a
1745 1211 1864 1249 morbo⁷
1882 1211 1934 1243 sed
1954 1215 2081 1243 econtra
2098 1211 2244 1243 morbum
2263 1211 2350 1243 sedat
2363 1211 2384 1242 ⁴.
2396 1230 2438 1235 —

1491 1265 1524 1296 Et
1549 1264 1618 1296 ideo
1643 1265 1696 1305 qui
1721 1267 1804 1295 recte
1828 1263 1975 1301 credunt,
2001 1263 2142 1295 videntes
2165 1262 2317 1294 morbum
2341 1267 2371 1295 et
2393 1273 2483 1297 re-om

1489 1317 1652 1354 medinm,
1678 1317 1800 1353 dicunt,
1825 1320 1928 1348 actum
1962 1315 2097 1357 coniugii
2123 1324 2178 1357 per
2203 1315 2435 1347 Sacramentum

1488 1370 1633 1403 excusari
1660 1373 1808 1411 tanquam
1837 1368 1988 1401 morbum
2013 1377 2068 1410 per
2096 1369 2288 1400 remedium.

1578 1423 1606 1454 Si
1632 1423 1702 1464 quis
1719 1426 1824 1455 auten]
1843 1422 1918 1454 velit
1941 1422 2104 1453 rationem
2122 1421 2230 1453 morbi
2252 1425 2283 1453 et
2305 1421 2437 1454 remedii

1489 1476 1618 1514 intueri,
1648 1478 1749 1516 potest
1777 1478 1883 1516 patere
1913 1474 1966 1506 sic.
2000 1474 2152 1505 Primum
2179 1474 2306 1515 quidem
2339 1474 2483 1508 omnisizaii

1488 1532 1591 1566 actus,
1623 1528 1654 1559 in
1679 1537 1742 1569 quo
1766 1530 1876 1568 regnat
1899 1527 2042 1568 pruritus
2072 1527 2209 1559 libidinis
2237 1527 2329 1565 ade0,
2354 1527 2432 1568 quod

1489 1581 1676 1613 absorbetur
1701 1580 1794 1618 ratio,
1826 1583 1856 1611 et
1880 1580 1975 1611 bomo
1999 1578 2134 1611 efficitur
2168 1583 2250 1610 totus
2274 1588 2360 1617 care,
2392 1584 2435 1612 est

1488 1639 1576 1666 actus
1601 1633 1804 1665 deordinatus
1829 1636 1858 1664 et
1882 1636 1985 1670 actus,
2003 1632 2033 1663 in
2055 1641 2135 1673 quo,
2153 1635 2305 1673 quantum
2330 1635 2375 1663 est
2399 1632 2434 1664 de

1488 1696 1535 1725 se,
1560 1687 1753 1728 pervertitur
1778 1694 1910 1727 regnum
1943 1685 2065 1717 animae
2090 1688 2120 1717 et
2144 1684 2298 1716 ordinatio
2314 1684 2334 1723 ⁵,
2359 1693 2434 1726 quae

1488 1744 1534 1772 est
1564 1740 1593 1771 in
1620 1739 1741 1771 viribus
1773 1739 1912 1776 annuae,
1938 1738 2111 1770 secundum
2146 1746 2240 1779 quam
2274 1738 2434 1770 ordinatio-

1488 1802 1558 1825 nem
1584 1792 1755 1824 attenditur
1781 1791 1898 1824 iustitia
1922 1791 2095 1832 quaedam,
2127 1799 2208 1831 quae
2232 1800 2291 1822 non
2317 1794 2433 1822 tantum

1488 1850 1534 1878 est
1559 1845 1587 1877 in
1613 1845 1808 1877 ordinatione
1840 1845 1886 1876 ad
1909 1844 2070 1882 alterum,
2095 1844 2148 1876 sed
2183 1844 2211 1875 in
2245 1844 2434 1875 ordinatione

1488 1898 1603 1930 virium
1629 1897 1751 1929 animae
1768 1897 1814 1929 ad
1836 1906 1877 1929 se.
1896 1897 1955 1929 Sed
1980 1897 2039 1929 boc
2056 1900 2102 1929 est
2128 1897 2157 1928 in
2174 1899 2242 1928 actu
2270 1895 2434 1937 coniugali,

1488 1951 1568 1983 sicut
1592 1951 1809 1992 experimento
1834 1953 1932 1991 patet,
1957 1953 1987 1981 et
2011 1950 2111 1982 Sancti
2143 1950 2268 1987 dicunt,
2301 1949 2434 1981 maxime

1487 2003 1679 2045 Augustinus
1704 2007 1733 2035 et
1758 2002 1925 2043 Origenes,
1950 2005 1980 2034 et
2012 2002 2042 2033 in
2068 2002 2175 2034 Glossa
2208 2001 2355 2043 tangitur,
2378 2001 2435 2043 pri-

1488 2065 1556 2088 mae
1581 2056 1620 2087 ad
1645 2055 1821 2087 Corinthios
1845 2059 1935 2087 sexto
1950 2055 1977 2085 ὓ;
2006 2054 2070 2095 Qui
2092 2053 2284 2096 fornicabar
2313 2054 2347 2085 τη
2371 2063 2433 2085 002·-

1484 2118 1549 2150 pus
1583 2117 1681 2139 sunm
1716 2111 1853 2148 peccam
1889 2107 2016 2139 Glossa:
2057 2119 2071 2135 «
2093 2107 2144 2139 Hic
2179 2107 2306 2148 proprie
2342 2106 2433 2138 servit

1486 2161 1590 2193 anima
1614 2161 1736 2202 corpori
1762 2161 1793 2192 in
1820 2164 1957 2199 tantum,
1982 2164 2017 2191 ut
2041 2160 2108 2201 ipso
2137 2163 2294 2191 momento
2326 2163 2355 2192 et
2385 2168 2433 2191 ex-

1488 2214 1661 2256 perimento
1687 2213 1782 2245 buius
1806 2213 1914 2255 flagitii
1940 2213 2016 2245 nihil
2042 2213 2177 2254 cogitare
2202 2213 2320 2244 homini
2349 2212 2432 2245 liceat

1487 2271 1542 2300 aut
1571 2267 1748 2305 intendere,
1780 2267 1854 2307 quia
1878 2270 2014 2299 mentem
2048 2266 2202 2307 captivam
2235 2265 2341 2298 subdit
2371 2265 2432 2307 ipsa

1487 2321 1664 2353 submersio
1681 2324 1711 2352 et
1727 2319 1897 2352 absorbitio
1923 2319 2101 2351 libidinis».
2117 2338 2158 2342 —
2172 2319 2202 2351 In
2221 2319 2315 2351 liuius
2331 2322 2429 2351 autem
2469 2354 2475 2362 ‚

1487 2373 1732 2405 deordinationis
1760 2373 1927 2404 arbitrium
1953 2372 2127 2414 plurimum
2157 2372 2229 2404 facit
2258 2371 2483 2403 erubescen-niu⁴⁴

1488 2426 1534 2458 ιία
1558 2430 1706 2465 naturae,
1731 2435 1812 2467 quae
1838 2425 1974 2457 mendax
1999 2434 2066 2457 esse
2098 2434 2159 2456 non
2188 2428 2305 2466 potest,
2329 2407 2474 2456 erube-hm

1487 2480 1544 2512 scit
1576 2483 1680 2511 autem
1714 2483 1833 2511 motum
1868 2479 1995 2511 illorum
2020 2478 2236 2510 membrorum
2268 2481 2298 2510 et
2332 2480 2430 2509 actum
2480 2484 2482 2502 1¹

1487 2535 1572 2564 tanto
1596 2532 1686 2573 plus,
1710 2535 1827 2573 quanto
1856 2534 1903 2563 est
1935 2531 2048 2563 melius
2076 2531 2229 2562 ordinata.
2256 2530 2290 2562 Et
2317 2529 2359 2562 sic
2385 2537 2430 2570 pa·

1487 2588 1548 2624 tet,
1573 2585 1655 2626 quod
1681 2589 1769 2617 actus
1794 2584 1846 2616 ille
1871 2584 1909 2616 de
1934 2593 1966 2616 se
1992 2587 2038 2616 θεῖ
2061 2583 2249 2621 morbidus,
2274 2583 2346 2624 quia
2369 2582 2430 2614 sine

1488 2641 1573 2669 tanta
1598 2637 1833 2669 decri-libatione
1859 2637 1999 2669 exerceri
2025 2645 2086 2668 non
2104 2639 2218 2678 potest,
2241 2636 2319 2668 sicut
2344 2636 2372 2666 in
2388 2642 2430 2666 ea-
2477 2667 2479 2687 1

543 2960 548 2975 ¹
572 2961 693 2991 August„
722 2959 752 2984 de
778 2959 869 2983 Natura
898 2959 956 2983 boni
984 2963 1029 2983 etc.
1057 2966 1077 2983 c.
1106 2958 1127 2983 »5.
1155 2960 1200 2989 att,
1228 2960 1297 2990 quod
1324 2960 1420 2983 malum

475 3014 484 3025 «
502 3004 561 3027 ninil
587 3003 655 3027 aliud
682 3006 718 3027 ea
744 3009 823 3034 (iiiam
848 3003 979 3033 corruptio
1005 3003 1044 3026 vel
1072 3002 1157 3033 modi⁷
1186 3003 1225 3026 rel
1252 3003 1359 3033 sperici,
1382 3003 1420 3027 xel

472 3048 567 3072 ordinis
589 3047 710 3071 naturalis
726 3057 747 3071 ».

540 3090 550 3106 2
572 3092 655 3115 Potius
675 3091 835 3122 Fulgentius,
864 3090 896 3115 de
916 3090 976 3114 Fido
1001 3091 1033 3114 ad
1054 3090 1156 3114 l'ctrum
1182 3091 1256 3119 (inter
1276 3097 1354 3120 opera
1375 3090 1422 3114 Au-

472 3135 564 3165 gust),
592 3143 612 3158 ‹·.
634 3136 656 3158 2.
679 3142 702 3159 n,
727 3135 768 3165 167
798 3135 840 3159 ubi
868 3138 948 3159 textus
974 3134 1105 3164 originalis
1131 3133 1156 3158 in
1174 3133 1305 3166 parvulos
1331 3140 1377 3164 pro
1395 3132 1420 3157 in

471 3178 802 3209 posteros.‹11'1·.11.501›1.
833 3178 856 3202 d.
879 3179 918 3202 531,
949 3185 970 3202 a.
992 3179 1014 3202 2.
1045 3186 1068 3209 η.
1099 3178 1121 3201 2.
1152 3192 1183 3195 -
1213 3178 1237 3202 ln
1267 3176 1365 3202 maiori
1392 3184 1421 3201 ex

472 3221 547 3245 codd.
567 3221 636 3245 lLY
656 3221 836 3246 substituimus
855 3223 931 3247 aulus
952 3228 1000 3252 pro
1019 3221 1111 3247 collus.

542 3265 553 3280 ³
573 3267 619 3290 Pro
638 3273 684 3291 nm:
703 3266 755 3298 fuit
774 3266 830 3290 cod.
858 3267 875 3290 lx'
904 3267 922 3293 (l
943 3274 954 3289 a
982 3266 1094 3291 soc-undu
1121 3268 1209 3297 manu)
1237 3265 1285 3291 lior)
1310 3265 1422 3298 planum

473 3309 516 3332 esl-
538 3309 643 3333 lull-rius
667 3316 713 3339 pro
734 3311 756 3334 el
776 3309 811 3334 ilu
832 3310 865 3334 sil
886 3309 962 3334 libido
984 3310 1054 3334 multi
1076 3310 1150 3335 codd.
1171 3312 1194 3334 ct
1215 3310 1274 3334 cdd.
1294 3310 1318 3334 ef
1336 3308 1373 3334 ita
1393 3308 1422 3341 fil

475 3350 560 3375 libido.

1556 2957 1566 2974 ⁴
1587 2958 1636 2983 cfr.
1657 2965 1734 2989 supra
1755 2965 1777 2983 u.
1803 2959 1821 2982 t.
1843 2965 1867 2990 (χ.
1887 2959 1904 2982 l.
1920 2957 1951 2982 ad
1967 2957 2018 2982 -2-t.
2034 2972 2067 2975 —-
2081 2956 2142 2982 Cori.
2158 2957 2174 2981 F
2188 2957 2280 2987 sanat,
2296 2954 2368 2980 codd.
2383 2952 2426 2978 ΒΤ

1485 3002 1570 3036 fngml.

1557 3047 1567 3063 ⁵
1587 3047 1650 3071 Edd.
1672 3046 1841 3072 iiioivlinalio.
1863 3047 1909 3071 l’ro
1930 3053 2042 3079 reynnm
2063 3045 2139 3070 codd.
2160 3053 2188 3069 aa
2200 3044 2236 3070 bl)
2256 3043 2378 3077 remmon.

1556 3091 1567 3107 6
1587 3091 1659 3116 Vers.
1683 3092 1722 3116 48.
1752 3105 1783 3108 —
1804 3091 1906 3121 Glossa,
1933 3097 2011 3121 quam
2038 3089 2140 3114 exbibet
2166 3090 2229 3114 Potr.
2254 3085 2386 3113 Lombard.
2405 3085 2426 3109 in

1487 3136 1555 3159 hunc
1575 3135 1622 3159 lor.
1643 3135 1677 3162 (in
1705 3135 1805 3166 Lyiano
1831 3135 1876 3159 cfr.
1899 3134 1986 3159 (nossa
2014 3132 2193 3159 interlinearis
2218 3135 2242 3157 et
2267 3128 2423 3160 ordinaria),

1486 3182 1570 3203 sumtu
1590 3182 1626 3203 est
1647 3186 1676 3204 ox
1698 3181 1822 3209 August,
1843 3179 1924 3203 Sorm.
1948 3178 2005 3202 tssss.
2026 3177 2097 3209 (alias
2118 3177 2260 3207 Fragment.
2281 3176 2317 3206 3.)
2330 3174 2360 3199 de
2374 3179 2427 3197 ver-

1486 3222 1526 3248 bis
1546 3223 1660 3253 Apostoli
1681 3223 1695 3246 l⁴
1716 3222 1773 3247 Cor.
1793 3223 1824 3253 (5,
1850 3222 1887 3246 ts.
1908 3229 1933 3246 n.
1955 3223 1978 3246 ⁶2.
1998 3235 2033 3239 —
2052 3221 2101 3246 Cfr.
2122 3220 2239 3251 Origen„
2260 3218 2349 3244 Homil.
2368 3216 2425 3241 §.in
2469 3224 2471 3254 s

1487 3267 1561 3291 Num.
1582 3274 1605 3291 n⁴
1627 3268 1651 3290 53.
1672 3266 1737 3291 Vide
1757 3267 1820 3291 intra
1842 3266 1875 3290 lit.
1896 3266 2022 3296 Magistri,
2045 3265 2068 3289 d.
2091 3265 2193 3289 xxxu.
2208 3270 2228 3288 c.
2244 3264 2268 3287 3.
2283 3264 2307 3286 iu
2328 3262 2425 3286 fino.—
2469 3293 2470 3296 Ἰ

1487 3310 1592 3334 luterius
1612 3316 1659 3341 pro
1680 3309 1824 3335 minu-ium
1843 3308 1870 3339 (i.
1888 3316 1908 3333 c.
1930 3309 2115 3335 testimonium,
2138 3307 2281 3332 secundum
2300 3301 2424 3329 Forcelliui

1488 3354 1606 3385 texis-on)
1626 3354 1685 3378 odd.
1705 3354 1903 3386 arsynnmzlmn.
