2483 3882
288 1218 373 1244 Triplex
390 1224 432 1239 mo-

297 1244 336 1265 dus
359 1245 430 1265 coniu-

302 1271 380 1297 gieidii.

287 2054 397 2076 Conclusio
409 2055 428 2075 1.

450 227 513 258 810

537 314 566 345 3.
591 314 675 351 Item,
701 322 791 345 omne
816 316 977 354 peccatum
1003 316 1103 354 potest
1128 312 1225 345 deleri
1250 321 1306 353 per
1330 322 1400 354 poe-

449 366 625 398 nitentiam:
650 365 674 396 si
699 374 773 405 ergo
798 374 897 405 poena
922 365 979 396 ista
1004 368 1050 396 est
1071 365 1191 396 ratione
1208 364 1344 405 peccati,
1369 368 1400 396 et

448 418 524 450 haec
548 426 647 459 poena
671 420 771 457 potest
795 425 862 448 esse
887 417 1007 448 occasio
1032 417 1167 458 peccati,
1193 417 1331 449 maxime
1354 417 1399 448 iu-

449 473 535 510 veni,
561 472 614 513 qui
639 471 733 502 habet
757 471 949 503 incentivum
974 470 1128 502 libidinis:
1155 479 1229 512 ergo
1253 470 1398 510 videtur,

448 524 533 565 quod
557 533 618 555 non
642 523 740 564 possit
763 523 927 564 impediri,
952 523 1063 555 saltem
1094 523 1284 564 poenitentia
1307 523 1397 556 facta.

535 577 563 607 Li.
590 576 682 614 item,
708 575 806 616 magis
831 579 985 617 repugnat
1001 575 1083 607 bono
1098 575 1289 607 matrimonii
1311 576 1399 608 adul-

447 628 561 660 terium
586 637 680 669 quam
706 627 930 666 homicidium3
955 628 1010 660 sed
1034 627 1228 660 adulterium
1253 627 1398 670 simplici-

448 685 495 713 ter
518 690 578 712 nou
604 680 776 722 impedit1:
802 689 876 721 ergo
901 689 958 713 nec
982 681 1206 713 uxoricidium.

798 795 1037 818 CONCLUSIO.

448 890 713 932 Coniuyicictium
746 891 879 932 impertit
914 891 1183 930 matrimonium,
1209 896 1237 924 ct
1267 892 1397 934 quidem

532 944 744 975 coniunctum
768 953 843 975 cum
879 944 1059 982 adulterio,
1083 945 1133 976 vet
1161 954 1236 977 cum
1256 945 1398 986 promis-

532 996 622 1028 sione
654 996 864 1028 imttrimonii
894 997 1023 1029 dirimit
1047 1002 1194 1039 respectu
1218 998 1396 1039 complici&

533 1049 620 1081 sicut
642 1054 670 1081 et
694 1049 897 1082 adulterium
922 1060 997 1082 cum
1022 1051 1134 1083 eadem
1154 1051 1383 1092 promissione.

532 1155 730 1188 Ruspoxuno:
755 1155 947 1194 Dicendum,
973 1156 1055 1197 quod
1093 1156 1235 1188 occidere
1260 1165 1395 1188 uxorem

447 1211 548 1249 potest
571 1208 641 1249 quis
665 1208 846 1249 tripliciter:
865 1212 919 1240 aut
935 1208 1155 1249 persequendo
1172 1208 1324 1249 culpam,
1342 1212 1397 1241 aut

443 1260 661 1302 persequendo
696 1264 873 1298 naturam,
898 1264 953 1292 aut
984 1260 1204 1302 persequendo
1228 1261 1397 1293 matrimo-

445 1313 548 1345 nium.
573 1313 793 1354 persequendo
817 1312 969 1354 culpam,
986 1317 1021 1345 ut
1045 1322 1118 1345 cum
1135 1313 1166 1345 in
1182 1313 1396 1346 fornicationis

443 1367 574 1399 crimine
609 1365 818 1407 deprehendit
849 1370 879 1398 et
914 1366 992 1398 adeo
1028 1366 1216 1406 detestatur,
1249 1367 1333 1408 quod
1365 1366 1396 1398 iu

443 1419 595 1451 ultionem
619 1419 758 1451 criminis
783 1421 918 1451 mortem
943 1418 1063 1460 infligit.
1095 1419 1316 1461 persequendo
1340 1429 1397 1451 na-

444 1475 573 1509 turam,
604 1475 639 1503 ut
674 1472 699 1504 si
735 1471 850 1503 mulier
885 1475 1014 1513 propter
1046 1471 1204 1504 defectum
1239 1471 1395 1513 aliquem,

445 1533 539 1566 quem
575 1524 668 1556 habet
703 1524 734 1556 iu
758 1533 808 1563 se,
834 1533 896 1556 non
920 1524 1016 1556 hahet
1051 1524 1184 1566 gratiam
1208 1524 1286 1563 viri3
1311 1525 1396 1557 unde

443 1578 491 1609 vir
515 1586 583 1609 eam
608 1585 737 1609 exosam
763 1577 857 1609 habet
881 1580 912 1609 et
936 1585 1063 1618 gravem
1097 1581 1127 1609 et
1151 1581 1280 1619 propter
1303 1577 1395 1610 istam

445 1629 681 1662 detestationem
706 1633 736 1661 et
766 1629 829 1661 odii
865 1629 1089 1668 intensionem,
1114 1629 1222 1661 furore
1246 1638 1394 1669 accenso,

444 1682 543 1723 ipsam
556 1682 691 1724 perimit.
706 1682 925 1723 Persequendo
938 1682 1203 1721 matrimonium,
1217 1686 1253 1715 ut
1269 1683 1395 1724 quando

444 1736 629 1768 moechatur
654 1744 725 1768 cum
751 1735 873 1777 aliqua,
898 1745 992 1777 quam
1019 1735 1086 1767 vult
1122 1736 1239 1768 ducere
1263 1736 1293 1768 iu
1319 1745 1396 1768 uxo-

446 1796 512 1819 rem
537 1792 567 1819 et
589 1796 650 1819 nou
668 1791 786 1829 potest,
804 1787 862 1819 nisi
880 1796 981 1819 uxore
998 1792 1140 1827 mortua3
1158 1792 1188 1820 et
1205 1788 1275 1820 ideo
1294 1788 1394 1830 ipsam

444 1839 599 1872 interficit.
623 1840 763 1871 Primum
789 1843 835 1872 est
870 1849 966 1881 grave
997 1844 1160 1881 peccatum
1189 1845 1319 1882 propter
1343 1850 1395 1873 ex-

443 1901 584 1930 cessum3
609 1892 783 1925 secundum
816 1896 863 1924 est
898 1893 1026 1934 gravius
1050 1897 1080 1925 et
1105 1893 1233 1925 tertium
1258 1896 1304 1926 est
1328 1903 1395 1935 gra-

443 1945 618 1977 vissimum.

531 1997 563 2028 In
580 1997 719 2038 quolibet
736 1997 850 2029 horum
867 1997 1054 2039 prohibetur
1070 2007 1088 2029 a
1106 1997 1304 2030 matrimonio
1326 2007 1394 2030 con-

444 2049 616 2088 trahendo,
640 2049 695 2081 sed
720 2050 819 2091 magis
843 2050 874 2081 in
899 2050 1037 2082 secundo
1065 2054 1095 2082 et
1120 2050 1259 2083 maxime
1282 2051 1313 2082 in
1335 2053 1394 2082 ter-

443 2103 503 2141 tio;
527 2106 557 2135 et
581 2102 611 2134 iu
635 2102 775 2144 quolibet
809 2103 924 2135 horum
961 2112 1091 2135 casuum
1129 2103 1329 2145 dispensatur
1354 2104 1393 2135 ab

1209 226 1492 259 SENTENTIARUM
1516 227 1583 258 [ΑΒ.
1608 228 1655 259 lv.

1435 318 1437 321 ’
1465 313 1612 353 Ecclesia,
1637 318 1667 346 et
1691 316 1829 348 maxime
1855 317 1886 348 iu
1911 317 2095 355 iuvenibus,
2120 319 2175 350 sed
2200 319 2230 350 in
2255 319 2357 360 primo
2374 320 2412 352 de

1463 365 1563 404 facili,
1581 366 1610 397 in
1636 368 1774 399 secundo
1799 368 1971 407 difficilius,
1990 369 2021 401 in
2045 370 2136 401 tertio
2160 371 2296 411 quodam
2320 372 2413 404 modo

1464 417 1523 456 sic,
1548 421 1579 450 et
1602 419 1739 460 quodam
1765 420 1857 452 modo
1882 430 1952 453 non.
1972 422 2123 463 Respectu
2140 423 2223 454 enim
2241 422 2331 455 iltius
2343 433 2416 465 pcr—
2447 426 2457 429 “
2477 419 2478 433 ’

1462 480 1580 508 sonae,
1605 480 1677 503 cum
1703 481 1765 513 qua
1789 473 2015 506 moechabatur
2039 478 2070 506 et
2093 478 2222 516 propter
2246 484 2341 516 quam
2363 476 2414 508 ha-

1463 523 1598 555 bendam
1623 524 1652 556 iu
1679 525 1878 557 matrimonio
1910 526 2024 558 occidit
2048 527 2226 568 coniugem,
2248 537 2410 569 nunquam
2425 533 2483 564 couc‘,

1463 584 1535 607 cum
1560 585 1596 608 eo
1620 576 1865 618 dispensabitur,
1882 578 1995 615 immo,
2013 578 2038 611 si
2063 579 2188 611 iunctus
2212 579 2323 618 fuerit,
2345 580 2415 612 sim-

1464 628 1585 669 pliciter
1608 634 1791 670 separatur,
1816 630 1870 663 sed
1896 634 2043 672 respectu
2066 631 2199 663 aliarum
2219 635 2347 673 propter
2365 641 2414 673 pe-

1463 681 1599 713 riculum
1636 682 1837 723 dispensatur
1850 683 1870 713 ².
1904 683 1990 715 Unde
2025 684 2170 724 quamvis
2202 684 2321 716 crimen
2353 694 2415 717 non

1462 733 1554 765 faciat
1578 734 1710 765 omnino
1735 734 1933 775 illegitimum
1952 738 2097 776 respectu
2115 736 2262 767 omnium
2286 739 2414 778 propter

1462 786 1639 827 periculum
1665 786 1895 826 fornicationis,
1912 787 1985 820 facit
2008 791 2112 820 tamen
2135 788 2329 830 simpliciter
2352 788 2416 821 ille-

1463 839 1606 880 gitimum
1640 843 1786 880 respectu
1818 839 1952 872 alicuius
1984 849 2136 881 personae
2160 841 2413 880 determinatae,

2479 581 2481 596 l

2479 598 2480 606 l

1462 892 1580 924 scilicet
1604 892 1810 924 homicidium
1834 893 1977 925 iunctum
2002 902 2073 925 cum
2099 893 2271 932 adulterio,
2296 894 2344 926 vel
2360 894 2411 926 ad-
2425 883 2483 924 eone¹

1462 943 1613 975 ulterium
1650 953 1722 976 cum
1758 944 1832 977 fidei
1868 945 2010 983 datione,
2035 945 2085 977 vel
2118 945 2201 977 datio
2236 945 2308 978 fidei
2341 955 2414 978 cum

1462 996 1672 1028 ux01·icitti0³.
1697 1014 1741 1018 -—
1766 997 1800 1028 Et
1824 997 1867 1029 sic
1892 997 2126 1030 concedendum
2159 1001 2219 1036 est,
2243 998 2328 1039 quod
2354 998 2413 1030 tale

1462 1048 1581 1080 crimen
1606 1049 1736 1090 impedit
1773 1050 2009 1082 matrimonium
2045 1050 2150 1092 aliquo
2174 1051 2267 1083 modo
2294 1051 2412 1090 taliter,

1462 1101 1535 1142 quia
1567 1101 1719 1143 impertit,
1746 1102 1800 1134 sed
1832 1111 1893 1134 non
1929 1102 2080 1139 (tirimit;
2107 1102 2168 1135 alio
2194 1103 2303 1142 modo,
2327 1104 2412 1145 quod

1461 1154 1554 1185 etiam
1581 1154 1729 1192 dirimit,
1755 1154 1836 1187 sicut
1859 1158 1978 1187 tactum
2003 1159 2058 1187 est.

1553 1208 1579 1238 t.
1604 1207 1648 1239 Ad
1674 1207 1751 1239 illud
1776 1216 1851 1249 ergo
1875 1208 1960 1249 quod
1977 1207 2132 1246 obiicitur,
2150 1208 2235 1249 quod
2258 1209 2311 1250 qui
2336 1208 2413 1241 occi·
2439 1217 2482 1238 5011:

1462 1260 1506 1292 dit
1530 1268 1665 1291 uxorem
1682 1259 1834 1298 alienam;
1852 1260 2038 1299 dicendum,
2055 1260 2140 1302 quod
2157 1270 2216 1292 uon
2234 1264 2281 1293 est
2297 1261 2413 1300 simile3

1461 1313 1535 1354 quia
1559 1313 1641 1344 euim
1667 1312 1796 1345 offendit
1812 1313 2048 1345 matrimonium
2073 1313 2103 1345 in
2121 1322 2171 1352 se,
2190 1322 2262 1346 cum
2279 1322 2415 1346 uxorem

1461 1365 1622 1407 propriam
1647 1366 1833 1403 interficit⁴;
1858 1366 1929 1398 ideo
1964 1367 1996 1398 in
2028 1375 2061 1399 se
2086 1366 2179 1399 debet
2203 1367 2328 1408 puniri3
2353 1376 2414 1399 non

1461 1418 1522 1457 sic,
1549 1427 1619 1450 cum
1646 1418 1793 1451 interficit
1816 1419 1961 1451 alienam.

1551 1472 1579 1503 Ξ).
1605 1471 1648 1503 Ad
1673 1471 1753 1503 illud
1778 1472 1862 1513 quod
1887 1472 2033 1504 obiicitur
2058 1472 2097 1504 de
2121 1471 2204 1510 zelo,
2230 1471 2415 1510 dicendum,

1461 1524 1545 1565 quod
1571 1524 1656 1556 zelus
1682 1533 1743 1555 uon
1768 1528 1900 1556 excusat
1923 1533 1942 1556 a
1967 1528 2048 1562 toto,
2073 1524 2129 1556 sed
2153 1534 2171 1555 a
2196 1527 2305 1561 tant0‚·
2329 1524 2413 1556 uude

1460 1577 1583 1609 facilius
1607 1585 1680 1608 cum
1705 1586 1741 1608 eo
1767 1577 1978 1618 dispensatur.

1550 1629 1578 1661 3.
1604 1629 1647 1661 Ad
1681 1629 1759 1662 illud
1796 1630 1881 1671 quod
1917 1629 2080 1667 obiicitur,
2105 1629 2189 1670 quod
2222 1632 2323 1670 potest
2357 1637 2413 1670 per

1461 1682 1683 1723 poeniteutiam
1707 1682 1823 1721 deleri,
1850 1682 2036 1720 dicendum,
2054 1682 2139 1723 quod
2165 1681 2334 1714 enormitas
2352 1690 2413 1713 uon

1460 1735 1502 1767 ita
1526 1735 1586 1768 cito
1611 1735 1752 1775 deletur,
1786 1736 1882 1768 immo
1907 1735 1936 1767 in
1970 1744 2103 1777 poenam
2139 1738 2244 1767 manet
2276 1734 2412 1772 diutius,

1460 1788 1541 1820 sicut
1565 1791 1649 1829 patet
1673 1788 1703 1820 in
1728 1788 1970 1830 irregularitate.

1548 1843 1578 1874 lt.
1603 1842 1647 1874 Ad
1683 1841 1762 1874 illud
1794 1842 1879 1883 quod
1914 1841 2076 1880 obiicitur,
2111 1841 2195 1883 quod
2219 1840 2411 1872 adulterium

1460 1894 1559 1935 magis
1584 1897 1757 1936 repugnat;
1782 1893 1971 1932 dicendum,
1996 1893 2080 1935 quod
2113 1893 2225 1925 falsum
2251 1896 2315 1931 est,
2338 1892 2412 1934 quia

1460 1946 1676 1978 uxoricidium
1712 1949 1758 1978 est
1798 1949 1905 1978 contra
1940 1945 2164 1977 substantiam
2203 1944 2411 1982 matrimonii,

1460 1999 1534 2040 quia
1557 1998 1684 2040 perimit
1708 1998 1903 2037 subiectum,
1928 1998 1983 2030 sed
2015 1997 2209 2030 adulterium
2234 2001 2280 2030 est
2305 2001 2413 2030 contra

1460 2050 1579 2082 bonum
1602 2051 1694 2092 fidei,
1719 2051 1785 2083 siue
1810 2059 1872 2092 quo
1901 2050 2138 2082 matrimonium
2171 2059 2239 2082 esse
2268 2049 2412 2092 potest⁵;

1459 2107 1489 2136 et
1513 2104 1583 2136 ideo
1606 2113 1668 2135 non
1692 2107 1739 2135 est
1763 2103 1874 2135 simile.

1095 2240 1205 2273 DUBIA
1231 2240 1336 2273 CIRCA
1361 2241 1548 2273 LITTERAM
1573 2241 1755 2273 MAGtsTRI.

854 2379 930 2411 Duss.
959 2379 978 2410 Ι.

528 2484 560 2516 [Π
585 2488 673 2526 parte
697 2484 756 2517 ista
781 2488 854 2517 sunt
882 2485 1092 2517 dubitationes
1124 2485 1208 2517 circa
1239 2485 1393 2523 litteram,

440 2540 470 2568 et
497 2536 600 2578 primo
617 2536 781 2572 dubitatur
806 2537 844 2569 de
866 2537 924 2570 boc
941 2537 1025 2579 quod
1050 2537 1140 2569 dicit:
1173 2537 1313 2569 Uxorem
1338 2537 1395 2569 du-

440 2598 511 2620 cere
541 2589 703 2630 virqinem
737 2589 883 2621 Ecclesia
915 2591 1067 2622 Romana
1096 2590 1264 2631 permittit.
1290 2590 1394 2631 Quare

439 2642 541 2683 ponit,
567 2642 652 2684 quod
675 2642 828 2684 permittit
852 2643 969 2675 ducere
993 2642 1180 2685 viryinem‘t
1204 2642 1280 2674 Cum
1310 2642 1393 2675 enim

440 2694 528 2725 nullo
545 2698 616 2726 voto
634 2695 695 2727 sint
711 2695 844 2734 astricti,
868 2695 911 2727 ita
927 2698 1099 2737 potuerunt
1116 2695 1232 2728 ducere
1249 2695 1393 2734 viduam,

441 2747 522 2778 sicut
546 2746 708 2788 virginem.

530 2799 726 2832 Rusponnuo:
763 2800 955 2839 Dicendum,
987 2801 1071 2842 quod
1108 2800 1213 2833 clerici
1242 2801 1393 2833 ducentes

440 2860 559 2884 uxores
584 2852 663 2884 infra
685 2853 821 2885 minores
845 2853 972 2885 ordines
996 2857 1128 2895 possunt
1149 2862 1268 2886 uxores
1292 2853 1393 2895 dupli-

1461 2379 1537 2412 citer
1562 2379 1695 2412 ducere:
1717 2383 1772 2411 aut
1788 2389 1864 2411 cum
1887 2389 1942 2421 spe
1966 2379 2119 2412 redeundi
2136 2379 2176 2411 ad
2203 2378 2410 2410 ministerium

1460 2435 1490 2464 et
1514 2431 1651 2464 officium
1685 2432 1866 2471 clericatus,
1898 2436 1953 2464 aut
1986 2432 2057 2464 sine
2079 2441 2143 2473 spe.
2175 2431 2204 2463 Si
2230 2441 2306 2463 cum
2336 2441 2411 2473 spe;

1459 2488 1534 2517 tuuc
1559 2485 1763 2526 permittitur,
1794 2485 1878 2526 quod
1903 2485 2020 2517 ducant
2051 2484 2216 2527 oiryines,
2242 2488 2273 2516 et
2303 2485 2348 2516 sic
2371 2484 2411 2516 lo-

1460 2537 1569 2579 quitur
1593 2538 1652 2570 Leo
1677 2537 1759 2579 Papa
1773 2537 1794 2569 ὃ.
1819 2538 1847 2569 Si
1872 2537 1942 2569 sine
1965 2547 2040 2579 epm
2064 2541 2137 2569 tunc
2162 2541 2294 2579 possunt
2315 2545 2410 2579 quam

1461 2589 1571 2622 volunt
1595 2590 1730 2629 ducere;
1753 2590 1808 2622 sed
1833 2590 1858 2622 si
1884 2590 2000 2622 ducant
2016 2589 2169 2627 viduam,
2195 2589 2332 2631 amplius
2349 2598 2410 2621 non

1459 2646 1591 2684 possunt
1614 2643 1654 2675 ad
1678 2643 1834 2682 officium,
1852 2643 1934 2685 quod
1958 2643 2156 2681 dimiserant,
2173 2643 2292 2681 redire;
2309 2641 2359 2674 vel
2384 2642 2407 2674 si

1458 2696 1660 2737 permittatur
1688 2695 1809 2728 reditus
1841 2695 1880 2727 ad
1905 2695 2032 2727 ordines
2064 2695 2217 2733 minores,
2250 2695 2409 2727 inhibetur

1457 2749 1612 2790 promotio
1643 2749 1683 2780 ad
1717 2749 1859 2781 maiores.
1894 2749 1927 2780 Et
1963 2749 2034 2781 ideo
2066 2748 2159 2780 dicit:
2190 2748 2407 2790 permittitur,

1457 2801 1586 2843 supple:
1612 2801 1637 2833 si
1663 2801 1772 2833 volunt
1795 2801 1835 2833 ad
1860 2801 2044 2834 clericatum
2068 2801 2173 2842 aliquo
2198 2804 2338 2843 tempore
2363 2809 2408 2833 re-

1457 2853 1524 2885 dire
1548 2853 1615 2885 sine
1639 2853 1863 2894 impedimento
1875 2854 1895 2884 ⁷.

511 3010 518 3026 1
540 3010 604 3036 Cod.
626 3012 647 3036 Κ
669 3012 771 3043 supplet
790 3011 1002 3037 matrimonium.

512 3054 522 3070 2
542 3055 566 3079 lu
592 3054 619 3080 C.
638 3054 822 3088 Interfectores
849 3056 909 3089 (5.),
938 3056 964 3081 C.
986 3057 1027 3081 33.
1053 3064 1079 3088 (1.
1107 3057 1130 3081 2.
1156 3056 1266 3082 dicitur:
1293 3057 1394 3088 Quibus

442 3096 500 3130 [qui
519 3099 643 3130 coniuges
662 3099 795 3132 occidunt]
815 3100 917 3131 penitus
937 3101 1087 3131 coniugium
1107 3100 1260 3132 denegatur,
1279 3102 1394 3132 exceptis

442 3142 663 3175 adolescentibus,
687 3143 718 3168 de
744 3143 840 3176 quibus
865 3147 903 3169 est
928 3144 956 3169 B.
978 3144 1069 3169 Leonis
1094 3151 1178 3176 papae
1200 3144 1283 3169 XXV.
1303 3145 1393 3176 regula

443 3186 608 3211 decretalium
633 3187 689 3219 [cfr.
709 3187 771 3213 ibid.
792 3188 818 3213 C.
838 3189 870 3213 In
896 3187 1073 3214 cidotescentta
1100 3188 1163 3220 (lli.)
1189 3192 1213 3214 et
1238 3188 1265 3214 C.
1285 3188 1396 3222 Antiqui

441 3228 530 3261 (19.)]‚
553 3231 633 3256 immo
652 3231 811 3263 indulgentia
831 3232 1003 3258 observanda.
1046 3236 1048 3239 ’

510 3273 521 3289 ³
540 3273 591 3299 Ctr.
612 3274 639 3300 C.
658 3275 829 3308 Propositum
850 3276 912 3309 (t),
928 3280 953 3302 et
971 3276 999 3302 C.
1014 3276 1103 3310 Super
1122 3276 1170 3303 hoc
1190 3277 1238 3310 (3.)
1258 3284 1288 3303 ac
1307 3276 1333 3303 C.
1352 3276 1391 3303 Si-

441 3316 574 3349 yizisicasti
592 3318 652 3349 (6.),
667 3325 729 3351 seq„
744 3319 776 3344 X.
791 3319 823 3344 de
837 3320 870 3344 Eo
885 3321 929 3352 qui
949 3320 1021 3346 duxit
1039 3321 1064 3345 in
1085 3321 1197 3346 matrim.
1214 3325 1260 3346 etc.
1275 3320 1335 3353 (lib.
1350 3321 1390 3346 IV.

442 3360 478 3383 tit.
497 3359 541 3391 7.).
557 3361 708 3386 —Inferius
726 3364 783 3387 voci
804 3362 893 3389 taliter
911 3363 968 3389 cod.
989 3371 1019 3389 aa
1038 3365 1176 3396 praemittit
1195 3366 1227 3390 et.

1528 3011 1538 3028 ⁴
1559 3012 1625 3037 Vide
1649 3020 1728 3044 supra
1754 3020 1814 3044 pag.
1840 3012 1906 3044 782,
1934 3016 1992 3038 nota
2018 3013 2042 3037 2.
2057 3013 2191 3038 —Plures
2216 3012 2292 3037 codd.
2318 3013 2359 3037 hic
2383 3014 2407 3037 et

1528 3099 1539 3116 ⁵
1558 3100 1607 3125 cfr.
1628 3108 1708 3132 supra
1727 3100 1752 3125 d.
1773 3101 1815 3125 31.
1837 3107 1861 3126 a.
1884 3101 1907 3125 il.
1927 3107 1952 3132 q.
1973 3100 1997 3125 3.
2014 3100 2086 3124 ——lu
2106 3099 2155 3125 tine
2175 3099 2231 3125 Vat.
2252 3099 2323 3125 addit
2346 3097 2406 3124 hino

1424 3011 1427 3194 Λ
1459 3057 1537 3088 paulo
1556 3058 1662 3082 interius
1681 3056 1818 3090 interfecit.

1418 3197 1426 3391 l

1458 3145 1481 3169 et
1500 3143 1569 3170 inde.
1583 3158 1619 3162 —
1632 3144 1698 3170 Vide
1716 3145 1831 3170 scholion
1852 3144 1885 3169 ad
1906 3145 1928 3168 4,
1948 3145 2026 3169 huius
2045 3144 2143 3169 articuli
2163 3147 2262 3176 quaest.

1528 3187 1538 3203 6
1558 3188 1583 3213 lu
1608 3188 1696 3214 verbis
1722 3189 1798 3214 huius
1823 3188 1908 3220 dubii;
1930 3188 1975 3213 cfr.
2001 3189 2042 3213 hic
2068 3188 2101 3212 lit.
2127 3188 2253 3220 Magistri,
2276 3194 2297 3212 c.
2324 3187 2346 3211 11.
2374 3199 2405 3203 —

1457 3232 1535 3257 Paulo
1554 3235 1612 3258 ante
1632 3239 1680 3264 pro
1699 3231 1816 3265 virgines
1835 3232 1923 3263 plures
1942 3231 2017 3257 codd.
2037 3230 2176 3264 viraincm.

1527 3276 1537 3292 ⁷
1556 3277 1655 3302 Scilicet
1674 3276 1812 3308 bigamiae.
1826 3276 1892 3302 Vide
1905 3283 1985 3308 supra
1999 3276 2025 3301 d.
2041 3275 2082 3301 25.
2096 3283 2118 3300 a.
2133 3276 2156 3300 2.
2171 3283 2196 3308 q.
2211 3276 2234 3300 3.
2249 3275 2363 3300 fundam.
2378 3275 2401 3299 3.

1457 3335 1490 3338 —
1509 3320 1578 3345 ldem
1599 3320 1661 3346 dub.
1681 3321 1785 3346 solvunt
1803 3321 1830 3345 B.
1849 3320 1960 3351 Albert.,
1983 3321 2024 3345 hic
2042 3327 2064 3345 a.
2086 3320 2115 3351 93
2135 3320 2159 3344 S.
2181 3319 2287 3351 Thom.,
2306 3319 2370 3344 Petr.
2389 3325 2403 3343 a

1456 3365 1514 3389 Tar.
1535 3367 1559 3389 et
1578 3364 1697 3390 Richard.
1717 3371 1732 3390 a
1752 3364 1832 3397 Med„
1854 3365 1895 3390 hic
1915 3364 1981 3389 circa
2000 3364 2034 3388 lit.

2427 1244 2483 1270 positt
