2483 3882
12 1084 32 1104 le
46 1081 145 1108 tempori-

11 1110 48 1130 bus
56 1110 104 1135 post
113 1109 143 1128 la-

11 1141 70 1162 psum
95 1135 142 1155 sun-

11 1162 114 1183 dameuta.

17 2138 28 2153 e
33 2134 105 2154 natura
111 2133 141 2153 in-

13 2159 82 2180 *tituta
95 2159 141 2180 fun-

12 2185 135 2207 damentum.

16 2509 26 2524 c
43 2504 138 2531 tempori-

14 2536 46 2551 Jus
57 2533 101 2557 post
111 2531 140 2551 la-

13 2557 139 2584 asumadop·

14 2584 104 2608 Jositnm.

886 253 977 284 DIST.
1002 253 1034 284 11.
1059 253 1140 284 ART.
1167 253 1186 284 Ι.
1212 253 1366 294 ΟΠΑΕΞΤ.
1393 254 1411 285 l.
2088 258 2129 289 49

164 341 262 383 magis
287 341 416 373 institui.
444 341 482 373 Si
504 340 616 379 dicas,
641 341 726 383 quod
750 349 828 373 usus
852 340 1041 372 matrimonii
1068 340 1112 372 illi
1144 339 1147 391 Ι

165 394 296 435 tempori
320 393 533 435 congruebat,
557 393 632 435 quia
654 396 722 425 erat
756 402 817 425 non
845 393 875 424 in
907 392 1088 424 remedium
1103 418 1112 430 ,

163 446 217 479 sed
242 446 273 477 in
301 445 468 488 officium,
494 446 549 478 sed
573 446 633 478 alia
657 446 799 478 instituta
822 448 895 478 sunt
919 445 950 477 in
985 445 1114 477 medici-

160 508 259 537 nam,
276 502 306 530 et
324 499 393 531 ideo
411 508 471 530 non
488 502 559 531 ante
577 499 719 540 lapsum;
744 502 875 530 contra:
894 498 977 530 Deus
1001 498 1113 536 simul,

162 560 234 584 cum
252 551 391 583 condidit
411 551 581 593 Angelum,
599 551 737 584 condidit
753 560 883 592 poenam
902 550 967 582 sive
993 550 1112 591 ignem,

162 607 197 636 ut
221 604 280 643 ibi,
305 605 330 641 si
355 608 516 646 peccaret,
540 604 722 646 puniretur,
745 604 819 646 quia
850 604 918 636 eius
950 606 1111 645 peccatum

162 660 208 689 est
232 657 506 690 irremediabile¹z
533 666 607 698 ergo
625 657 692 698 pari
718 657 853 695 ratione,
878 665 949 689 cum
975 656 1113 689 condidit

162 709 338 749 hominem,
364 710 454 742 cuius
478 713 546 742 erat
569 719 699 751 peccare
723 709 986 748 remediabiliter,
1004 709 1113 741 debuit

162 762 325 795 instituere
350 762 548 794 medicinam.

251 816 279 846 Ξ.
298 815 390 852 ltem,
408 815 552 856 Magister
570 815 644 847 dicit
661 815 858 847 distinctione
874 814 1073 856 praecedenti
1087 814 1111 853 2,

159 866 244 908 quod
269 866 542 899 Sacramentorum
568 875 646 899 usus
672 870 718 899 est
748 879 762 896 «
779 867 819 899 ad
844 866 1111 904 humiliationem,

159 919 414 951 exercitationem
447 922 478 951 et
502 919 767 958 eruditionem»,
792 928 872 961 quae
903 928 963 951 non
989 922 1110 951 tantum

159 971 348 1004 conveniunt
372 980 480 1012 aegro,
506 972 560 1004 sed
585 972 678 1004 etiam
704 981 795 1004 sano:
821 981 896 1013 ergo
920 975 977 1005 etc.

250 1026 275 1056 l.
304 1024 395 1060 Item,
422 1025 506 1066 quod
534 1028 658 1067 tempus
683 1025 762 1067 lcyz's
793 1029 938 1057 naturae
966 1029 1040 1067 post
1067 1025 1111 1057 la-

157 1086 255 1118 psam
280 1077 374 1109 fuerit
409 1078 614 1116 conveniens,
648 1078 788 1110 videtur:
815 1078 889 1120 quia
914 1078 986 1110 boni
1011 1081 1040 1110 et
1065 1087 1109 1110 sa-

157 1129 268 1171 pientis
294 1130 405 1162 medici
431 1133 478 1162 est
502 1131 688 1163 medicinam
715 1140 816 1173 usque
841 1131 880 1163 ad
905 1131 1109 1172 indigentiam

158 1182 302 1221 differre,
334 1186 364 1215 et
393 1192 464 1215 cum
498 1183 586 1215 adest
611 1183 796 1225 indigentia,
822 1184 921 1225 ipsam
946 1184 1059 1215 offerre
1078 1183 1108 1214 ³:

158 1243 232 1276 ergo
256 1235 279 1267 si
314 1239 438 1276 tempus
472 1235 548 1276 legis
571 1240 704 1268 naturae
736 1236 794 1268 fuit
827 1236 904 1274 tale⁷
938 1240 1012 1268 tunc
1044 1236 1110 1268 sine

157 1287 304 1320 dilatione
328 1291 358 1319 et
393 1283 613 1329 anticipatione
648 1288 757 1321 debuit
792 1289 992 1321 Sacramenta
1028 1289 1110 1321 insti-

157 1343 259 1373 tuere.

245 1394 274 1424 ⁶2.
299 1393 392 1431 ltem,
416 1393 500 1435 quod
519 1396 643 1435 tempus
668 1393 746 1435 lcyz's
762 1393 905 1435 scriptae
929 1393 1025 1426 fuerit
1050 1403 1111 1425 ma-

156 1445 202 1486 gis
238 1445 404 1484 idoneum,
428 1445 568 1478 videtur:
606 1446 680 1488 quia
715 1447 915 1479 Sacramenta
946 1456 1008 1478 uon
1040 1447 1110 1478 ideo

157 1501 230 1530 sunt
254 1502 437 1540 praecepta,
473 1499 546 1540 quia
582 1499 680 1537 bona,
708 1499 763 1531 sed
800 1499 869 1531 ideo
905 1499 1003 1538 bona,
1036 1499 1110 1541 quia

154 1555 321 1593 praecepta
352 1555 382 1583 et
406 1551 565 1589 instituta;
599 1552 654 1583 sed
680 1551 753 1583 talia
776 1555 943 1593 praecepta
968 1552 1108 1584 maxime

154 1603 345 1635 conveniunt
363 1603 422 1645 legi
438 1604 594 1645 scriptae,
612 1613 673 1635 non
692 1603 870 1645 Evanyclz'o
884 1604 931 1636 vel
951 1608 1108 1642 naturae,

155 1656 241 1697 quo*
268 1659 341 1688 sunt
366 1656 450 1697 leges
485 1656 636 1688 morales:
670 1665 744 1697 ergo
779 1660 809 1688 et
833 1657 1107 1689 sacramentorum

156 1708 320 1741 institutio.

243 1761 271 1793 3.
290 1762 348 1794 Sed
366 1763 451 1804 quod
469 1765 594 1804 tempus
610 1762 689 1804 leyz's
705 1762 911 1805 cvanyelz'cae
927 1763 1022 1795 fuerit
1039 1773 1110 1795 con-

156 1814 299 1853 veniens,
331 1815 478 1847 videtur:
503 1815 577 1857 quia
607 1827 622 1845 «
642 1815 843 1847 Sacramenta.
875 1819 948 1848 sunt
979 1816 1109 1848 medici-

154 1866 241 1899 nac⁵
259 1879 297 1904 »;
321 1867 375 1899 sed
400 1867 479 1900 illud
513 1871 637 1909 tempus
662 1868 801 1900 maxime
834 1868 962 1901 illorum
987 1869 1109 1902 institu-

152 1919 227 1951 tioni
253 1920 416 1959 convenit,
441 1920 471 1952 in
497 1929 560 1961 quo
584 1920 711 1953 advenit
734 1921 896 1959 medicus;
920 1925 950 1953 et
968 1921 1108 1960 iterum,

155 1976 228 2004 sunt
250 1984 265 2001 «
277 1982 361 2004 rnara
375 1973 532 2014 gyrarz'ae5
545 1985 580 2004 »:
598 1982 673 2015 ergo
690 1973 734 2005 illi
753 1974 887 2016 tempori
913 1979 1104 2016 congruunt

151 2025 235 2067 quod
260 2029 307 2057 est
330 2029 455 2067 tempus
479 2026 609 2067 gratiae.

239 2077 389 2109 CONTRA:
431 2078 521 2119 Quod
556 2088 617 2110 non
654 2079 857 2120 congruerint
890 2080 1023 2121 tempori
1048 2090 1104 2112 na-

152 2132 247 2160 turae
282 2129 467 2169 z'sttz'tatac,
496 2130 688 2162 ostenditur:
722 2131 796 2172 quia
828 2131 879 2173 qui
917 2135 1023 2173 sperat
1057 2141 1103 2164 re-

150 2190 280 2223 surgere
311 2182 433 2215 facilius
466 2183 593 2215 dimittit
617 2192 649 2215 se
681 2183 811 2222 cadere,
839 2193 914 2225 ergo
946 2184 971 2216 si
1001 2185 1103 2226 primo

151 2235 268 2266 homini
292 2239 395 2268 essent
419 2236 558 2268 remedia
574 2239 683 2278 parata
694 2237 714 2276 ⁷,
739 2237 812 2269 data
836 2241 917 2270 esset
937 2238 964 2270 ei
982 2238 1104 2270 occasio

150 2288 312 2328 peccandi:
346 2297 420 2329 ergo
444 2288 469 2320 si
501 2289 701 2321 Sacramenta
734 2289 849 2322 debent
880 2298 949 2322 esse
981 2290 1031 2322 via
1063 2291 1100 2323 ad

149 2341 399 2382 resurgendum,
428 2350 490 2373 non
521 2342 561 2374 ad
593 2342 789 2381 cadendum,
827 2352 888 2375 non
925 2343 1105 2376 debuerunt

149 2396 225 2426 tunc
250 2394 379 2426 institui.

239 2448 265 2478 1.
292 2447 384 2486 Item,
409 2448 491 2489 quod
518 2457 575 2481 nec
600 2449 733 2490 tempori
765 2449 843 2491 lepis
874 2453 1033 2489 naturae,
1058 2451 1100 2482 vi-

149 2499 254 2532 detur:
280 2500 353 2541 quia
386 2504 526 2542 tempore
552 2501 604 2533 illo
637 2501 737 2533 solum
764 2502 907 2534 cucurrit
939 2503 988 2535 ius
1012 2506 1100 2535 natu-

148 2552 230 2590 rale;
255 2553 309 2585 sed
334 2562 370 2585 ea
395 2562 475 2595 quae
499 2554 595 2586 dictat
624 2554 673 2586 ius
697 2555 854 2593 naturale,
888 2559 962 2587 sunt
994 2556 1033 2588 de
1065 2565 1098 2589 se

148 2604 245 2644 bona,
270 2609 343 2638 sunt
359 2606 452 2638 etiam
471 2606 657 2637 immobilia:
676 2615 751 2647 ergo
768 2607 793 2638 si
818 2607 1020 2639 Sacramenta
1037 2617 1099 2639 non

149 2662 221 2689 sunt
249 2658 333 2697 talia,
359 2667 420 2690 non
445 2658 635 2690 conveniunt
659 2658 704 2690 illi
728 2660 872 2701 tempori.

1267 343 1296 373 2.
1321 341 1412 379 Item,
1438 342 1522 383 quod
1549 351 1604 374 nec
1634 343 1766 384 tempori
1792 343 1870 385 leqz's
1901 344 2064 386 scriptae,
2089 345 2132 377 vi-

1178 393 1286 432 detur3
1310 394 1384 435 quia
1408 394 1460 426 lex
1486 395 1601 436 scripta
1625 395 1698 427 data
1714 399 1761 427 est
1786 396 1815 427 in
1840 405 1919 429 onus
1944 401 1974 429 et
1997 397 2037 429 ad
2062 407 2132 430 con-

1178 445 1366 477 vincendum
1385 446 1424 478 de
1443 446 1643 488 impotentia,
1661 450 1695 479 ut
1712 447 1786 480 dicit
1805 448 1890 490 Hngo
1904 448 1928 480 ⁸:
1948 458 2022 491 ergo
2040 450 2064 482 si
2083 450 2132 482 Sa-

1177 501 1337 529 cramenta
1361 502 1434 530 sunt
1452 498 1624 531 medicinae
1641 504 1824 541 reparantes
1841 500 2007 540 virtutem,
2033 502 2133 534 nulla-

1177 553 1269 582 tenus
1293 551 1484 583 conveniunt
1510 552 1569 593 legi
1594 552 1738 593 scriptae.

1266 603 1295 635 3.
1320 604 1414 642 ltem,
1438 605 1522 645 quod
1547 614 1607 637 non
1634 605 1697 648 lcyi
1727 606 1950 648 eoanqelz'eae,
1983 608 2130 640 videtur:

1177 655 1251 696 quia
1276 656 1352 688 baec
1377 656 1428 688 lex
1464 661 1510 689 est
1534 657 1727 691 eliminativa
1761 658 1937 700 figurarum
1974 664 2005 692 et
2033 660 2132 701 signo-

1178 717 1264 747 rum,
1290 709 1363 750 quia
1387 713 1495 751 aperte
1520 711 1681 751 praedicat
1704 712 1907 744 veritatem⁰z
1932 721 2007 754 ergo
2036 713 2060 745 si
2083 714 2133 745 Sa-

1177 766 1337 793 cramenta
1361 766 1435 794 sunt
1459 762 1618 804 figuralia,
1643 764 1824 797 nullatenus
1849 765 1907 806 legi
1933 766 2131 807 evangelicae

1176 814 1377 846 conveniunt.

1265 867 1295 898 [ι.
1320 867 1412 906 Item,
1435 867 1486 900 lex
1512 869 1669 910 Evangelii
1687 873 1733 902 est
1751 870 1802 902 lex
1828 870 1995 909 libertatis,
2013 871 2053 903 ad
2077 871 2131 903 Ga-

1176 919 1255 952 latas
1280 920 1390 961 quinto
1405 920 1444 952 ¹⁰:
1470 922 1529 953 Vos
1546 925 1656 953 autem
1673 921 1801 964 fratres
1824 922 1859 954 z'n
1884 923 2063 956 libertatem
2080 934 2131 956 vo-

1127 998 1130 1000 .
1176 972 1245 1004 caci
1267 972 1361 1004 estis.-
1387 982 1462 1015 ergo
1497 974 1537 1006 ad
1562 975 1666 1007 minus
1702 984 1763 1007 non
1798 976 1978 1009 debuerunt
2009 977 2129 1009 institui

1175 1026 1376 1058 Sacramenta
1400 1027 1460 1058 sub
1484 1031 1666 1069 praecepto,
1691 1028 1746 1060 sed
1771 1028 1874 1061 solum
1899 1029 1959 1061 sub
1990 1029 2127 1061 consilio.

1178 1078 1211 1110 Et
1236 1078 1294 1110 boc
1311 1078 1437 1111 videtur
1461 1079 1566 1112 dicere
1584 1080 1670 1122 Hugo
1694 1081 1733 1113 de
1750 1081 1972 1114 sacramentis:
1997 1082 2127 1114 «Primo

1176 1131 1327 1172 parvulos
1358 1132 1487 1164 consilio
1511 1133 1658 1172 nutrivit,
1690 1134 1829 1165 secundo
1853 1138 2017 1176 provectos
2042 1144 2130 1176 prae-

1176 1187 1265 1225 cepto
1293 1184 1438 1223 tentavit,
1464 1185 1556 1217 tertio
1588 1186 1743 1227 perfectos
1768 1187 1797 1218 in
1830 1187 1975 1219 libertate
2000 1188 2130 1229 spiritus

1176 1236 1340 1269 ambulare
1376 1237 1519 1278 permisit
1540 1251 1570 1269 n.
1608 1239 1665 1271 Sed
1703 1239 1762 1271 boc
1798 1249 1859 1271 non
1891 1238 1993 1282 potest
2028 1244 2129 1279 stare,

1175 1289 1249 1330 quia
1284 1289 1406 1322 Ioannis
1442 1291 1571 1322 tertio¹¹
1599 1291 1734 1323 dicitur:
1773 1292 1848 1324 Nisi
1882 1292 1955 1335 qais
1991 1297 2128 1325 ‘renatas

1174 1340 1280 1382 faerit
1305 1345 1362 1375 etc.

1532 1457 1771 1482 CONCLUSIO.

1182 1552 1343 1593 Tempora
1368 1553 1446 1595 Zcqic
1469 1558 1632 1593 natztrac,
1658 1555 1737 1597 lepis
1753 1556 1897 1597 scriptae
1914 1561 1942 1588 ct
1959 1557 2132 1600 Euanyelz'z'

1263 1606 1459 1638 conveniunt
1493 1607 1695 1639 inclinationi
1729 1608 2047 1648 Sacramentoram,
2085 1614 2129 1642 ta·

1263 1666 1336 1689 men
1360 1659 1540 1691 secandam
1562 1660 1672 1702 mayz's
1696 1664 1725 1692 ct
1747 1661 1869 1693 motus.

1262 1763 1462 1796 Ruspounuo:
1480 1764 1673 1805 Dicendum,
1699 1766 1783 1808 quod
1801 1767 1905 1799 omnia
1930 1768 2130 1801 Sacramenta

1174 1814 1317 1847 instituta
1341 1820 1415 1848 sunt
1439 1817 1469 1849 in
1494 1818 1677 1850 remediat-n
1702 1819 1880 1860 specialiter
1897 1823 1928 1852 et
1952 1821 2130 1863 principali-

1174 1871 1239 1907 ter,
1265 1864 1398 1910 excepto
1420 1870 1633 1909 matrimonio,
1658 1871 1744 1913 quod
1760 1872 1863 1913 primo
1888 1872 2068 1906 institutum
2085 1878 2132 1908 est

1174 1921 1205 1952 in
1230 1920 1396 1964 officinam
1419 1925 1449 1954 et
1474 1923 1547 1964 quia
1568 1926 1694 1966 tempus
1711 1925 1850 1957 remedii
1873 1925 1987 1967 incepit
2003 1936 2020 1958 a
2039 1927 2130 1969 lapsu
2147 1929 2266 1951 0000111550·

1174 1976 1204 2006 et
1229 1974 1358 2015 profecit
1382 1976 1413 2007 in
1438 1976 1517 2017 Lege
1541 1980 1571 2009 et
1587 1981 1841 2010 consummatum
1866 1982 1913 2011 est
1939 1979 1970 2011 in
1996 1980 2133 2023 Evange-

1174 2026 1237 2066 lio,
1264 2027 1332 2060 ideo
1364 2027 1423 2060 ista
1447 2029 1507 2060 tria
1534 2032 1675 2070 tempora
1711 2031 1901 2063 conveniunt
1926 2032 2131 2074 institutioni,

1175 2083 1279 2112 tamen
1305 2081 1480 2113 secundum
1507 2082 1606 2123 magis
1631 2086 1661 2114 et
1686 2083 1799 2116 minus.

1267 2134 1293 2164 1.
1316 2133 1358 2165 Ad
1378 2134 1456 2166 illud
1473 2143 1548 2176 ergo
1577 2136 1661 2177 quod
1689 2136 1846 2175 obiicitur,
1864 2138 1948 2179 quod
1966 2140 2130 2172 conveniat
2145 2140 2226 2162 30¹¹¹¹i0
2241 2147 2278 2168 ΟΡ-

2159 2168 2275 2193 positorum

1175 2189 1301 2227 tempus
1325 2190 1458 2219 naturae
1475 2187 1645 2220 institutae
1669 2192 1798 2230 propter
1819 2191 2070 2229 matrimonium
2088 2193 2130 2224 di-
2159 2194 2184 2215 ‘10
2200 2197 2276 2215 natura

2160 2221 2263 2241 instituta.

1174 2239 1327 2278 cendum,
1353 2240 1435 2281 quod
1462 2243 1537 2272 tnnc
1568 2245 1615 2273 est
1638 2241 1832 2281 institutum,
1858 2244 1932 2284 quia
1964 2244 2022 2276 fuit
2046 2245 2130 2277 insti-

1173 2295 1278 2323 tutum
1310 2293 1341 2324 in
1370 2292 1523 2335 officiam.
1549 2313 1592 2316 —
1617 2295 1659 2327 Ad
1684 2295 1762 2327 illud
1797 2296 1881 2337 quod
1914 2297 2059 2329 obiicitur
2092 2298 2130 2330 de

1172 2354 1272 2386 poena
1295 2346 1503 2387 Angelorum,
1536 2350 1621 2388 patet
1645 2348 1824 2389 responsio:
1850 2349 1924 2391 quia
1947 2359 2047 2391 poena
2080 2351 2131 2383 vel

1172 2397 1251 2439 ignis
1269 2403 1395 2431 revocat
1411 2408 1428 2430 a
1445 2399 1554 2441 culpa,
1578 2400 1634 2432 sed
1653 2401 1807 2434 medicina
1828 2402 2022 2435 occasionem
2042 2413 2130 2445 prae-

1171 2454 1247 2489 stat;
1272 2451 1342 2483 ideo
1367 2461 1429 2483 non
1454 2452 1497 2485 sic
1521 2453 1656 2485 debebat
1680 2462 1748 2486 esse
1773 2464 1814 2487 ex
1839 2455 1937 2487 sua12
1954 2460 2053 2497 parte.

1260 2505 1288 2535 2.
1314 2504 1357 2536 Ad
1382 2504 1461 2536 illud
1485 2506 1570 2546 quod
1595 2506 1742 2538 obiicitur
1768 2508 1807 2539 (le
1832 2517 1911 2547 usu,
1938 2509 2128 2548 dicendum,

1169 2556 1254 2597 quod
1279 2555 1457 2588 lzanzz'liart'
1479 2558 1539 2589 sub
1564 2559 1733 2597 creaturis,
1757 2560 1797 2591 ab
1821 2560 1866 2592 eis
1890 2561 2025 2593 erman-2·
2041 2566 2071 2594 et
2097 2563 2127 2595 in

1169 2609 1214 2640 eis
1238 2618 1255 2640 a
1279 2608 1418 2650 fastidio
1451 2610 1591 2642 libcrari
1621 2621 1682 2643 non
1707 2616 1753 2644 est
1785 2613 1824 2644 de
1849 2617 1962 2645 natura
1990 2615 2127 2648 hominis

1169 2661 1330 2699 instincti,
1356 2662 1410 2694 sed
1436 2663 1540 2703 potius
1558 2663 1617 2696 boc
1641 2664 1739 2705 exigit
1756 2674 1856 2706 poena
1881 2666 2034 2706 damnati,
2053 2668 2126 2709 quia

218 2851 224 2867 ¹
248 2852 312 2877 Vide
331 2852 356 2876 ll.
378 2846 445 2877 Sent.
467 2852 491 2876 d.
512 2852 536 2876 7.
558 2859 582 2884 p.
603 2853 619 2877 l.
640 2860 661 2878 a.
684 2854 706 2878 11.
728 2861 751 2886 q.
778 2855 796 2878 Ι.
817 2858 841 2880 et
861 2854 885 2879 d.
901 2855 941 2880 21.
956 2863 978 2880 a.
999 2856 1023 2880 3.
1038 2863 1062 2888 q.
1078 2857 1101 2888 2,

147 2894 191 2919 ubi
212 2895 244 2920 (le
264 2898 369 2926 peccato
389 2895 535 2920 remissibili
562 2897 708 2927 primorum
736 2902 881 2928 parentum.
910 2912 945 2917 —
965 2899 1041 2924 Paulo
1062 2907 1102 2925 su-

147 2940 235 2970 perius
254 2946 300 2970 pro
322 2939 349 2964 ιή
369 2939 528 2965 medicinam
547 2940 603 2965 cod.
624 2941 642 2965 Z
662 2940 690 2966 in
709 2941 864 2968 remedium.

218 2982 229 2998 ‘²
248 2982 309 3013 Cap.
332 2983 356 3007 5.

219 3025 230 3042 3
248 3026 314 3051 Vide
333 3033 411 3057 supra
433 3027 456 3051 d.
479 3028 501 3052 l.
522 3035 546 3058 p.
567 3028 581 3052 l.
603 3035 627 3060 (ι.
656 3028 679 3053 5.
710 3036 765 3061 arg.
793 3031 816 3054 2.
842 3029 923 3055 verba
949 3031 982 3055 ad
1006 3038 1100 3063 oppos.

146 3069 271 3100 Hugonis.
292 3083 326 3087 —-
344 3069 407 3094 Cod.
428 3070 445 3094 Z
465 3070 556 3096 statim
576 3070 662 3104 ipsam
681 3072 787 3106 afferre.
815 3074 870 3098 Mox
898 3077 956 3105 post
982 3076 1100 3101 naturae

147 3113 204 3138 cod.
220 3113 239 3137 U
260 3113 331 3139 addit
347 3115 409 3146 post
427 3113 543 3147 lapsam.

219 3155 228 3172 ⁴
248 3156 329 3182 Codd.
350 3156 403 3182 MO
422 3164 473 3190 quo
494 3159 623 3191 tempore,
646 3159 734 3190 plures
754 3160 830 3185 codd.
851 3168 933 3194 qaae,
956 3162 1012 3187 cod.
1033 3163 1051 3187 Z
1066 3164 1100 3188 le-

146 3201 183 3231 git
201 3207 248 3226 nec
266 3201 396 3233 walterae,
428 3201 595 3234 caiasmoclt'‚·
623 3203 684 3228 edd.
713 3205 832 3229 omittunt
851 3212 905 3231 non
925 3206 1097 3240 Evcmqelio...

149 3243 273 3270 morales.

216 3287 228 3304 ⁵
247 3288 321 3320 [lugo
340 3296 354 3314 a
375 3290 399 3315 S.
420 3290 493 3319 Vict.‚
515 3290 530 3315 l.
551 3290 583 3316 de
604 3291 717 3317 Sacram.
737 3299 762 3323 p.
783 3293 825 3318 IX.
846 3300 868 3318 c.
889 3293 914 3319 5.

216 3331 321 3363 ⁶11ug0
346 3340 358 3357 a
382 3333 407 3358 S.
431 3334 510 3366 Vim„
534 3335 581 3359 loc.
608 3335 648 3360 eit.
674 3342 694 3360 c.
720 3335 743 3361 4.
767 3337 832 3362 Vide
860 3345 939 3370 supra
969 3346 1028 3371 pag.
1056 3340 1099 3372 17,

150 3378 208 3400 nota
229 3376 252 3401 4.

288 3429 315 3456 S.
335 3430 435 3457 Bonav.
458 3446 491 3449 —
512 3432 585 3457 Tom.
607 3432 647 3457 lV.

1236 2857 1247 2874 ⁷
1267 2856 1329 2882 Cod.
1351 2858 1368 2882 Z
1387 2860 1559 2891 praeparata.
1580 2859 1706 2890 Superius
1725 2868 1772 2891 pro
1792 2860 1856 2894 qaia
1875 2861 1922 2894 qai
1940 2862 1997 2887 cod.
2020 2862 2039 2888 C
2058 2863 2123 2897 qaia

1166 2899 1203 2932 si,
1227 2902 1282 2926 Vat.
1302 2901 1366 2934 qaia
1385 2901 1427 2927 ilu'.
1457 2902 1482 2926 ln
1511 2903 1560 2927 line
1589 2910 1643 2934 arg.
1674 2904 1758 2934 codd„
1780 2906 1893 2936 exceptis
1918 2905 1982 2938 ΟΖ,
2003 2908 2125 2932 omittunt

1167 2945 1244 2976 tzmc,
1267 2952 1316 2976 pro
1336 2952 1388 2977 quo
1408 2945 1468 2970 edd.
1488 2945 1533 2971 illo
1554 2947 1679 2979 tempore.

1237 2988 1247 3005 ⁸
1267 2989 1335 3014 Libr.
1356 2990 1380 3014 ll.
1401 2989 1432 3014 dc
1453 2991 1566 3015 Sacram.
1586 2997 1611 3021 p.
1632 2991 1657 3016 ll.
1678 2997 1699 3016 c.
1725 2992 1743 3016 l.
1764 2991 1813 3016 Cl'r.
1835 2992 1877 3017 lib.
1898 2993 1914 3017 l.
1935 3000 1960 3024 p.
1982 2994 2041 3019 Vlll.
2063 3001 2084 3019 c.
2100 2995 2123 3019 3.

1165 3035 1189 3057 ct
1209 3040 1234 3064 p.
1255 3033 1296 3058 Xl.
1317 3040 1338 3058 c.
1362 3033 1383 3058 ¹i.
1404 3048 1438 3051 —
1457 3034 1583 3065 Superius
1602 3037 1661 3065 post
1680 3034 1744 3068 leals
1763 3035 1878 3069 scriptae
1897 3043 1927 3061 ex
1948 3037 2006 3062 cod.
2027 3038 2047 3062 ΙΙ
2060 3045 2120 3069 sup-

1167 3077 1299 3108 plevimus
1320 3076 1431 3103 videtur.

1235 3120 1246 3136 ⁹
1266 3120 1316 3145 Cl'r.
1336 3121 1402 3146 loan.
1429 3122 1452 3151 Ι,
1479 3121 1515 3146 17.
1535 3125 1559 3147 et
1579 3122 1656 3147 llebr.
1682 3123 1718 3154 10,
1738 3123 1757 3148 l.
1773 3138 1806 3141 —
1820 3124 1944 3155 Superius
1959 3131 2006 3156 pro
2021 3126 2060 3150 cst
2077 3125 2123 3151 eli-

1165 3163 1294 3190 minalz'va
1314 3166 1402 3196 plures
1422 3165 1498 3190 codd.
1518 3166 1558 3190 vel
1579 3166 1735 3192 evacztutz'ca
1755 3167 1795 3191 vol
1816 3166 1984 3193 elacidatica.

1237 3208 1257 3224 ¹⁰
1278 3209 1350 3234 Vcrs.
1375 3209 1412 3234 13.
1433 3223 1467 3226 -
1488 3209 1573 3234 Verba
1602 3210 1718 3241 Hugonis
1747 3211 1875 3237 habentur
1903 3212 1919 3237 l.
1945 3212 1976 3238 de
2007 3214 2122 3238 Sacram.

1165 3259 1190 3283 p.
1211 3252 1253 3277 Xl.
1273 3259 1294 3277 c.
1316 3252 1345 3285 4,
1365 3254 1389 3277 in
1410 3253 1505 3285 quibus
1525 3253 1582 3278 cod.
1604 3254 1620 3278 F
1639 3261 1699 3279 cum
1721 3257 1787 3279 textu
1801 3256 2061 3289 originalipermiltil
2074 3264 2122 3289 pro

1162 3295 1292 3328 permisit.
1312 3295 1362 3322 Cfr.
1383 3304 1461 3328 supra
1483 3304 1543 3328 pag.
1565 3298 1612 3330 36,
1634 3300 1691 3323 nota
1713 3300 1736 3323 9.

1237 3340 1256 3356 ¹¹
1279 3341 1355 3366 Vers.
1376 3342 1400 3366 3.

1236 3384 1259 3401 ¹2
1279 3385 1360 3411 Codd.
1382 3386 1483 3411 FGIX
1503 3386 1566 3419 illa,
1589 3387 1664 3412 codd.
1684 3387 1705 3412 U
1725 3395 1754 3413 aa
1775 3388 1840 3420 isla,
1862 3389 1918 3414 Vat.
1940 3388 2007 3423 ipsa.

1956 3443 1972 3451 ,-

1962 3450 1969 3467 A
