2483 3882
0 2406 27 2428 ia.

0 2564 29 2586 tia.

814 241 906 273 DlST.
932 240 1045 272 XXXV.
1071 238 1190 271 DUssiA.

23 340 142 380 lapsum
167 335 294 378 pronior
320 344 375 376 per
393 337 554 365 naturam:
581 341 655 373 ergo
673 330 770 372 magis
795 332 968 361 excusatur

22 393 50 425 in
75 390 176 431 culpa.
193 407 235 410 —
253 388 311 421 Sed
337 391 453 419 eontra
479 386 535 417 hoc
560 389 623 423 est,
648 384 721 426 quia
738 391 835 415 sexus
861 381 968 413 mulie-

22 445 85 478 bris
111 442 294 475 naturaliter
322 445 369 472 est
393 438 601 471 verecundior
626 441 655 469 et
680 437 747 468 viro
777 436 869 467 debet
901 444 969 466 esse

22 496 203 531 subiectior:
240 503 315 535 ergo
352 492 486 530 videtur,
519 491 602 532 quod
633 489 761 531 gravius
796 491 919 529 peccat,
945 487 968 519 si

22 550 226 584 adulteratur.

110 603 304 634 Respouneoz
329 598 521 635 Dicendum,
546 595 629 638 quod
664 595 721 627 ista
745 594 809 626 duo
840 593 971 625 crimina

4 666 54 691 .se
79 656 194 688 hahent
218 654 297 686 sicut
321 650 505 684 excedentia
522 653 552 681 et
576 656 716 681 excessa.
734 647 765 678 ln
790 647 849 678 hoc
873 646 971 684 enim,

23 708 105 752 quod
130 715 227 740 sexus
252 704 351 737 virilis
375 706 422 735 est
445 701 586 734 stabilior
616 709 671 742 per
696 703 841 731 naturam
867 702 897 730 ει
921 698 971 729 de-

23 763 73 795 bet
91 768 198 802 regere
216 758 377 795 seminam,
403 755 531 798 gravius
549 756 655 796 peccat
675 751 898 788 adulterand03
917 750 971 782 sed

23 815 94 857 quia
119 813 167 845 vir
192 812 340 844 maiorem
369 809 462 842 habet
494 807 713 848 impulsionem
739 805 777 836 ad
809 803 971 835 luxuriam

23 869 150 910 propter
174 863 387 897 fortitudinem
414 860 526 893 caloris
550 863 580 892 et
607 858 681 900 quia
706 857 855 889 maiorem
879 855 974 887 habet

24 920 161 962 copiam,
187 926 243 950 nec
259 920 306 949 est
330 915 372 947 ita
390 923 487 947 sexus
512 911 711 945 verecundus
728 919 784 952 per
810 913 972 941 naturam:

23 973 95 1006 hinc
118 975 178 1009 est,
203 970 287 1012 quod
306 968 419 1000 mulier
444 965 572 1007 gravius
589 967 709 1006 peccat,
734 966 765 995 et
789 962 858 994 ideo
877 961 974 992 maior

25 1035 64 1059 ex
89 1028 214 1066 peccato
240 1021 380 1054 mulieris
411 1020 512 1052 oritur
537 1017 664 1050 infamia
693 1020 754 1048 tam
788 1015 856 1047 viro
880 1022 974 1056 quam

26 1076 160 1111 mulieri.
186 1075 271 1108 Unde
295 1073 400 1115 aliquo
424 1072 517 1104 modo
542 1079 654 1103 verum
679 1072 725 1101 est
750 1068 800 1099 hic
824 1067 908 1108 quod
934 1065 977 1098 di—

27 1131 66 1164 cit
94 1127 285 1171 Gregorius¹
312 1127 351 1158 de
383 1124 563 1157 carnalibus
587 1122 688 1160 vitiis,
713 1120 797 1162 quod
826 1123 899 1152 sunt
923 1119 977 1150 mi-

26 1184 111 1217 noris
135 1182 259 1224 culpae,
284 1181 337 1213 sed
364 1178 491 1211 maioris
516 1177 670 1209 infamiae.
688 1194 731 1198 —
748 1175 822 1206 Fere
846 1173 927 1205 enim
947 1172 975 1203 in

27 1237 172 1271 omnihus
190 1235 271 1267 vitiis
297 1233 379 1266 istud
397 1231 566 1274 reperitur,
583 1229 665 1272 quod
687 1229 726 1261 ad
749 1227 879 1259 invicem
898 1235 978 1258 com-

27 1294 135 1333 paratu
155 1298 187 1321 se
208 1287 325 1320 hahent
341 1289 376 1318 ut
392 1283 576 1317 excedentia
593 1286 623 1314 et
640 1290 779 1314 excessa.
794 1298 836 1302 —-
850 1280 978 1311 Verum-

29 1348 141 1381 tamen,
152 1342 175 1374 si
186 1343 367 1383 quaeratur,
377 1338 461 1380 quod
477 1336 575 1377 magis
588 1335 734 1373 excedat;
748 1333 884 1370 videtur,
893 1331 978 1373 quod

29 1394 189 1429 fornicatio
212 1392 369 1430 mulieris,
387 1391 460 1432 quia
478 1389 576 1430 magis
593 1388 688 1420 laedit
705 1387 809 1418 virum
827 1389 857 1418 et
874 1384 979 1416 minus

30 1449 122 1482 habet
142 1446 360 1489 impulsivum,
379 1444 450 1476 licet
467 1443 506 1475 sit
531 1442 635 1474 minus
658 1440 747 1472 fortis
771 1439 810 1471 ad
836 1438 979 1470 resisten-

32 1503 125 1540 dumg
150 1500 228 1532 illud
253 1499 335 1531 enim
362 1498 621 1537 recompensatur
651 1503 706 1535 per
736 1493 906 1525 humanam
934 1498 981 1522 ve-

31 1554 230 1591 recundiam,
256 1560 336 1594 quae
361 1550 453 1583 dehet
477 1558 545 1581 eam
572 1547 733 1580 retrahere
758 1545 893 1577 multum
909 1544 930 1575 ²¹.

427 1657 502 1688 Due.
528 1655 572 1686 nl.

121 1768 194 1800 item
213 1765 377 1808 ‹cumei-itur
395 1763 433 1795 de
451 1763 509 1794 hoc
533 1760 617 1802 quod
636 1759 710 1791 dicit
726 1758 981 1797 Chrysostomus:

35 1822 204 1854 Patronus
236 1817 321 1849 enim
353 1819 398 1847 est
430 1811 648 1855 turpitudinis
672 1810 730 1853 qui
753 1809 836 1842 celat
859 1808 984 1840 crimen

35 1873 161 1907 uxoris.
195 1871 326 1904 Videtur
351 1868 433 1901 enim
460 1867 540 1899 male
562 1866 683 1903 dicere,
708 1863 782 1905 quia
807 1861 985 1894 Proverhio-

36 1936 105 1960 rum
129 1924 295 1958 undecimo
310 1922 333 1953 ³:
354 1920 476 1953 Fidelis
492 1923 537 1951 est
554 1918 612 1961 qui
627 1917 710 1949 celat
726 1916 851 1948 crimen
867 1914 983 1946 amici:

35 1989 108 2021 ergo
133 1979 250 2010 honum
275 1980 322 2008 est
345 1974 463 2007 crimen
488 1972 600 2005 celare.
624 1989 667 1993 —-
691 1970 783 2007 Item,
808 1968 860 2010 qui
892 1967 986 2000 scien-

36 2038 81 2066 ter
106 2032 234 2064 infamat
269 2029 403 2061 alterum
440 2026 542 2058 aufert
577 2024 602 2057 ei
639 2023 816 2055 maximum
850 2021 985 2053 honum:

36 2095 109 2127 ergo
133 2083 270 2126 graviter
294 2084 411 2123 peccat.

124 2138 322 2169 Rusrowmso:
356 2132 547 2170 Dicendum,
579 2129 663 2172 quod
689 2128 794 2160 celare
818 2130 864 2159 est
888 2125 988 2167 dupli-

1 2195 26 2217 uo
39 2192 130 2225 citer:
156 2194 211 2221 aut
235 2196 305 2221 cnm
331 2186 405 2224 scit,
430 2185 482 2217 sed
511 2188 612 2215 tamon
638 2185 685 2214 est
709 2179 872 2213 oecultum
897 2178 986 2215 aliis,

1 2238 5 2243 '
39 2248 68 2276 et
91 2252 151 2274 non
177 2240 310 2281 detegit3
334 2241 388 2270 aut
412 2245 483 2269 cnm
510 2235 588 2268 scit‘¹
605 2237 757 2276 apertum
779 2235 808 2264 et
832 2235 940 2263 notum
959 2233 989 2261 et

40 2294 267 2329 dissimulando
291 2291 437 2334 cooperit.
464 2290 498 2322 Et
522 2289 661 2330 primum
679 2290 726 2319 est
741 2284 929 2328 fidelitatis,
947 2292 990 2314 εε-

40 2349 177 2382 cundum
203 2356 277 2379 vero
301 2349 348 2378 est
368 2343 527 2386 praebere
547 2339 776 2383 patrocinium
799 2336 922 2370 sceleri.
947 2354 990 2359 ——

43 2402 94 2435 Vel
126 2401 227 2438 aliter,
251 2399 357 2431 eelure
390 2397 447 2429 hoc
479 2400 525 2428 est
555 2393 739 2435 dupliciter:
765 2395 820 2423 aut
844 2391 873 2422 in
896 2398 991 2431 prae-

43 2454 203 2487 iudicium
228 2449 460 2492 correptionis,
485 2452 539 2480 aut
564 2448 592 2479 in
618 2444 902 2487 supportationem
922 2451 992 2483 pee-

43 2507 165 2540 ecttoris
189 2510 219 2538 et
244 2503 377 2540 intirmi;
395 2505 425 2534 et
443 2501 581 2543 primum
599 2503 646 2531 εει
662 2498 800 2535 malum,
817 2495 991 2528 secundum

44 2569 117 2593 vero
149 2563 196 2591 est
221 2559 347 2590 honum.
374 2574 415 2578 -—
439 2554 493 2586 Vel
530 2553 630 2589 aliter,
654 2551 760 2583 celare
794 2548 919 2581 crimen
948 2550 994 2579 est

46 2613 226 2655 dupliciter:
253 2614 307 2643 aut
330 2617 500 2651 personae,
526 2615 606 2648 quae
627 2607 731 2646 potest
752 2602 925 2644 proclesse,·
941 2604 995 2632 aut

45 2674 213 2708 personae,
238 2672 318 2705 quae
339 2664 442 2703 potest
466 2659 571 2691 obesa-e
586 2658 595 2672 ⁵
604 2669 614 2695 ,·
631 2657 770 2698 primum
796 2658 841 2687 εει
866 2653 996 2689 malum,

46 2718 218 2751 secundum
245 2716 374 2748 licitum.
400 2714 434 2746 Et
457 2713 501 2744 sic
525 2714 610 2754 patet
634 2709 723 2742 illud.

1918 234 1980 265 789

1436 324 1510 355 nnn.
1538 323 1583 354 lV.

1123 432 1196 463 item
1223 440 1317 471 super
1354 430 1411 461 hoc
1436 429 1518 470 quod
1549 428 1622 460 dicit
1655 428 1861 468 Augustinus:
1892 427 1985 466 Quod

1035 484 1094 517 tibi
1109 484 1234 515 (lurtwn
1251 483 1392 519 videtur,
1411 486 1447 512 ιιῐ
1462 485 1533 522 post
1549 481 1752 512 (trlullerinm
1771 479 1829 511 tibi
1845 479 1984 511 reconci-

1035 537 1132 569 lietur
1149 537 1271 568 eonium
1283 539 1360 572 etc.,·
1377 534 1550 576 quaeritur,
1569 533 1592 564 si
1611 534 1763 565 sententia
1780 532 1904 564 divortii
1925 532 1985 563 lata

1035 593 1081 621 εει
1107 598 1162 630 per
1187 596 1338 626 errorem,
1363 592 1392 619 et
1417 590 1485 627 post
1509 587 1556 617 vir
1582 589 1744 626 promotus
1760 589 1806 617 εει
1823 585 1862 616 :ul
1887 593 1988 616 sacer-

1036 642 1175 679 dotium;
1192 642 1217 673 si
1235 650 1324 673 error
1351 640 1502 672 Ecclesiae
1526 643 1556 671 et
1581 639 1721 679 deceptio
1748 642 1859 678 pateat,
1879 642 1985 669 utrum

1037 694 1218 726 reddendus
1243 693 1282 725 sit
1308 693 1418 730 uxori,
1446 693 1470 724 si
1495 692 1561 733 ipsa
1585 700 1645 722 non
1673 691 1739 723 vult
1764 691 1931 722 continere.
1955 690 1988 721 Et

1037 747 1120 788 quod
1145 746 1213 783 sie,
1239 746 1379 777 videtur:
1406 745 1479 786 quia
1505 744 1618 776 mulier
1644 744 1778 775 hahebat
1803 743 1851 775 ins
1876 752 1987 779 suum,

1038 803 1067 832 et
1092 800 1178 831 salvo
1203 799 1270 830 iure
1295 797 1437 829 mulieris
1462 806 1521 828 non
1549 801 1669 837 poterat
1692 796 1912 828 continei‘itiam
1940 804 1990 827 vo-

1040 862 1113 884 vere
1138 856 1245 884 contra
1270 851 1462 882 voluntatem
1489 849 1608 881 uxoris.

1130 906 1327 937 RESPONnEo:
1354 902 1545 940 Dicendum,
1570 903 1652 944 quod
1680 902 1856 934 inducenda
1881 905 1926 934 εει
1951 901 1990 933 ad

1040 958 1279 996 continentiam
1304 956 1415 998 quodsi
1455 955 1616 987 manifesta
1652 955 1792 996 deceptio
1818 955 1847 986 in
1878 954 1991 986 latione

1040 1011 1156 1053 prioris
1180 1010 1351 1042 sententiae
1375 1012 1542 1050 appareat,
1567 1011 1598 1039 et
1622 1008 1688 1049 ipsa
1723 1017 1783 1039 non
1808 1007 1876 1039 vult
1900 1006 1992 1038 conti-

1042 1073 1134 1102 nere,
1160 1062 1254 1095 debet
1278 1062 1327 1094 vir
1359 1070 1438 1093 suus
1473 1061 1529 1093 sibi
1567 1061 1667 1092 reddi.
1692 1061 1915 1092 Verumtamen
1941 1059 1992 1091 ille

1042 1126 1102 1149 non
1128 1116 1243 1158 poterit
1264 1119 1370 1156 petere
1406 1113 1565 1152 debitum,
1590 1113 1756 1154 quoniam,
1782 1116 1933 1154 quantum
1960 1112 1991 1143 in

1042 1179 1075 1203 se
1099 1170 1174 1208 suit,
1198 1167 1420 1201 continentiam
1446 1166 1570 1204 vovit03
1596 1170 1626 1198 et
1651 1166 1708 1197 hoc
1732 1165 1818 1203 dice,
1845 1165 1900 1197 nisi
1929 1173 1993 1196 mu—

1043 1223 1100 1255 lier
1124 1222 1219 1254 suerit
1243 1220 1402 1253 fornicata.

1450 1325 1526 1356 Due.
1551 1324 1585 1356 V.

1134 1435 1206 1467 item
1232 1433 1396 1475 quaeritur
1421 1432 1459 1464 de
1485 1431 1542 1463 hoc
1570 1430 1652 1472 quod
1684 1429 1769 1461 dicit:
1798 1430 1836 1460 Ec
1860 1428 1996 1469 insuper

1045 1487 1195 1520 moechae
1231 1486 1456 1518 iuramentum
1494 1483 1618 1515 cledis-se
1649 1487 1705 1514 etc.
1742 1481 1872 1513 Videtur
1913 1480 1995 1512 enim

1046 1541 1143 1574 velle.
1169 1540 1251 1582 qnod
1278 1539 1355 1571 fides
1388 1537 1591 1578 superaddita
1624 1535 1772 1577 impediat
1797 1543 1889 1566 suum
1917 1534 1998 1565 inra-

1048 1598 1198 1627 mentum.
1225 1593 1282 1625 Sed
1309 1591 1452 1628 videtur,
1478 1589 1560 1631 quod
1585 1599 1670 1620 non.-
1701 1588 1774 1629 qnia
1808 1587 1924 1619 licitum
1952 1589 1999 1617 εει

1048 1648 1128 1679 hanc
1154 1646 1270 1679 ducere
1287 1653 1421 1676 uxorem
1448 1647 1517 1684 post
1541 1645 1674 1673 mortem
1692 1641 1766 1672 viri:
1786 1649 1860 1681 ergo
1879 1639 1997 1671 licitum

1047 1705 1094 1733 est
1119 1699 1317 1740 promittere:
1336 1706 1411 1738 ergo
1430 1699 1556 1737 propter
1574 1694 1659 1725 illam
1678 1692 1916 1735 promissionem
1936 1700 1997 1722 non

1048 1753 1140 1785 debet
1176 1750 1322 1792 impediri
1347 1757 1482 1790 sequens
1513 1746 1767 1783 matrimonium,
1800 1745 1854 1777 sed
1891 1743 2001 1776 contir-

1049 1805 1145 1838 mari:
1171 1804 1195 1836 si
1220 1812 1295 1844 ergo
1320 1801 1456 1843 simplex
1481 1799 1673 1832 adulterium
1700 1807 1760 1830 non
1785 1797 1933 1839 impedit,
1960 1796 2001 1828 vi-

1049 1859 1159 1895 detur,
1184 1856 1268 1898 quod
1293 1864 1349 1887 nec
1374 1853 1524 1895 impediat
1547 1861 1619 1884 cum
1644 1851 1716 1883 fidei
1742 1850 1876 1882 datione.

1138 1910 1334 1942 Ruspounsso:
1360 1906 1548 1944 Dicendum,
1564 1904 1648 1946 quod
1674 1903 1743 1935 talis
1767 1902 1845 1935 sides
1871 1911 1931 1933 non
1956 1904 2004 1933 est

1049 1964 1148 2006 ficteS,
1174 1963 1228 1995 sed
1252 1962 1358 2003 potius
1382 1959 1577 2002 infidelitas,
1604 1967 1660 1999 pro
1683 1967 1720 1989 eo
1744 1956 1827 1998 quod
1857 1959 1903 1988 est
1935 1964 2003 1988 con-

1051 2022 1100 2048 tra
1125 2016 1244 2048 bonum
1268 2013 1360 2056 fidei,
1386 2022 1448 2055 quo
1471 2020 1555 2044 uxor
1581 2013 1704 2042 tenetur
1721 2009 1846 2050 alligata
1870 2008 1954 2045 viro;
1973 2010 2003 2040 et

1053 2070 1139 2107 ideo,
1164 2077 1235 2101 cnm
1262 2067 1292 2099 in
1318 2066 1390 2099 fidei
1415 2065 1540 2098 datione
1576 2063 1775 2095 matrimonia
1799 2061 2004 2099 inchoentur,

1053 2127 1083 2155 et
1108 2122 1179 2154 talis
1203 2121 1282 2153 fides
1300 2118 1499 2151 matrimonio
1517 2120 1684 2158 repugnem
1702 2125 1761 2147 non
1780 2115 1890 2152 initiat,
1908 2114 2003 2145 immo

1054 2175 1237 2217 simpliciter
1262 2172 1416 2205 inhabiles
1434 2171 1554 2208 reddit,
1572 2170 1646 2212 quia
1663 2178 1718 2201 nec
1736 2168 1852 2200 initiari
1870 2166 2005 2208 amplius

1055 2230 1134 2261 inter
1161 2227 1237 2259 tales
1261 2234 1412 2267 personas
1437 2227 1538 2266 potest
1560 2231 1618 2254 nec
1650 2219 1871 2253 consummari.
1896 2218 2006 2250 Simili-

1056 2286 1116 2319 ter,
1142 2280 1165 2312 si
1192 2279 1271 2311 alter
1296 2279 1324 2309 in
1344 2280 1476 2309 mortem
1503 2275 1559 2307 viri
1579 2274 1776 2306 machinetur
1794 2276 1921 2313 propter
1938 2279 2006 2303 con-

1057 2333 1246 2366 trahendum
1272 2329 1527 2366 matrimonium,
1552 2327 1656 2369 potius
1680 2335 1713 2358 se
1737 2325 1808 2357 facit
1826 2323 2005 2361 inhabilem,

1056 2394 1150 2428 quam
1176 2393 1209 2417 se
1232 2383 1345 2416 reddat
1369 2381 1539 2414 hahilem7.

1145 2437 1235 2478 Quod
1259 2445 1334 2477 ergo
1358 2434 1521 2472 obiicitur,
1546 2433 1630 2474 quod
1666 2435 1712 2464 est
1745 2430 1881 2467 licitum,
1906 2428 2007 2460 dicen-

1057 2493 1152 2528 dum,
1176 2490 1262 2532 quod
1286 2498 1346 2521 non
1371 2492 1435 2526 est,
1460 2491 1525 2519 tum
1552 2486 1626 2527 quia
1650 2485 1684 2517 fit
1715 2493 1754 2516 ex
1793 2482 1873 2514 mala
1897 2490 2006 2519 causa,

1058 2549 1124 2577 tum
1150 2543 1223 2585 quia
1247 2546 1294 2574 εει
1318 2541 1438 2573 occasio
1463 2539 1635 2571 multorum
1669 2536 1842 2573 malorum,
1867 2538 1897 2567 et
1921 2533 2008 2571 ideo,

1059 2598 1082 2629 si
1110 2597 1209 2634 iurat,
1234 2604 1295 2626 non
1319 2593 1475 2635 obligatur
1500 2591 1539 2623 ad
1564 2591 1775 2622 iuramentum
1801 2586 2008 2624 servandum,

1060 2650 1114 2682 sed
1139 2648 1243 2690 potius
1267 2647 1307 2679 ad
1324 2644 1545 2687 poenitentiam
1567 2639 1741 2674 faciendam
1759 2649 1815 2682 pro
1833 2640 2009 2671 iuramento

1061 2702 1142 2734 male
1167 2704 1197 2732 et
1221 2699 1397 2731 inordinate
1421 2697 1544 2729 emisso.
1571 2695 1605 2727 Et
1629 2694 1672 2726 sic
1697 2696 1780 2735 patet
1804 2692 1892 2724 illud.

120 2909 126 2924 ¹
147 2909 215 2933 Libr.
235 2907 348 2933 >Axur
369 2905 455 2930 Moral.
475 2912 498 2929 c.
525 2905 563 2928 12.
586 2910 608 2927 n.
630 2902 676 2927 25:
697 2901 798 2926 Scimus
818 2903 916 2928 autem,
938 2897 997 2929 quia

51 2952 187 2985 aliqnando
206 2952 292 2976 minus
311 2954 349 2975 cst
368 2950 392 2974 in
410 2948 526 2979 corporis
545 2946 738 2977 corruptionem
753 2943 846 2968 cudere
866 2947 945 2974 quam
959 2947 998 2965 co-

52 2997 169 3028 gitatione
189 2997 263 3021 tacita
282 3002 311 3019 ex
332 2993 469 3019 deliberata
496 2992 604 3016 elutione
624 2996 744 3021 pecc-arm
764 2987 810 3012 sed
834 2993 892 3011 cum
913 2986 999 3010 minus

53 3041 132 3072 turpis
151 3039 272 3071 superbia
292 3038 418 3068 creditur,
438 3037 524 3061 minus
544 3036 646 3060 vitatur.
666 3033 804 3058 Luxuriam
819 3037 881 3055 vero
901 3036 931 3054 eo
946 3036 1000 3054 ma-

54 3085 93 3115 gis
117 3084 273 3109 erubescunt
297 3083 427 3112 homines,
448 3088 500 3113 quo
526 3079 602 3105 sin'iul
628 3084 719 3103 omnes
739 3079 840 3107 turpem
862 3076 998 3098 noverunt.

55 3127 124 3152 Unde
145 3128 169 3152 lit
190 3128 357 3159 plerumque,
378 3128 405 3150 ut
427 3123 557 3153 nonnulli,
578 3124 635 3153 post
658 3119 808 3151 superbiam
828 3119 853 3143 in
873 3117 1000 3142 luxuriam

55 3176 215 3203 corruentes,
237 3178 267 3195 ex
287 3174 376 3201 aperto
395 3175 456 3194 casu
476 3167 574 3192 malum
594 3165 685 3195 culpae
706 3163 805 3188 latentis
824 3161 985 3186 erubescant.

123 3215 134 3231 ‘³
153 3215 202 3241 cfr.
223 3215 255 3240 do
274 3215 322 3239 hoc
342 3213 422 3238 dubio
442 3212 468 3236 B.
493 3210 603 3240 Albert.,
631 3209 672 3232 hic
692 3215 714 3232 a.
736 3207 763 3237 '¹3
790 3206 816 3230 S.
838 3205 940 3234 Thom.‚
963 3205 1003 3228 liic

57 3266 80 3291 q.
105 3260 124 3284 l.
144 3267 165 3284 n.
187 3258 215 3289 43
236 3259 299 3283 l’etr.
314 3265 328 3282 a
349 3257 420 3286 Tar„
438 3256 478 3279 nic
497 3261 519 3278 a.
542 3253 564 3277 4.
579 3252 681 3277 etcirca
696 3251 744 3281 li1.;
758 3248 878 3274 Richard.
898 3255 911 3272 a
927 3246 1000 3275 Med,

58 3303 98 3328 liic
117 3310 138 3327 a.
160 3303 182 3327 l.
202 3310 226 3335 q.
249 3302 271 3327 4.
291 3306 314 3326 ct
334 3302 400 3325 circu
421 3299 455 3324 lit.

125 3346 136 3362 ³
157 3346 228 3371 Vcrs.
253 3346 296 3370 13:
317 3345 364 3376 Qui
385 3347 469 3368 nutem
494 3341 576 3366 [idelis
594 3342 632 3364 est
651 3338 729 3363 animi
755 3337 819 3362 celat
843 3336 916 3360 amici
937 3341 1005 3359 com·

58 3390 175 3414 missum.
202 3389 283 3414 Codd.
308 3388 418 3418 allegant
442 3393 465 3411 c.
488 3382 538 3415 17,
567 3383 611 3408 ubi
630 3389 655 3407 v.
676 3382 705 3406 9:
726 3381 773 3412 Qui
801 3379 864 3405 celat
884 3378 1004 3403 dclicmm

1063 2894 1164 2926 quaerit
1183 2892 1362 2917 amicitias.—
1381 2890 1429 2914 Pro
1448 2896 1502 2919 arg.
1523 2894 1576 2919 seq.
1597 2886 1641 2910 cfr.
1662 2884 1724 2910 ibid.
1745 2885 1791 2914 22,
1817 2884 1842 2907 l:
1862 2882 1950 2907 Melius
1975 2884 2013 2906 εει

1064 2944 1156 2962 nomen
1177 2936 1275 2961 bonum
1295 2940 1374 2966 quam
1394 2932 1498 2957 divitiae
1518 2930 1620 2955 multae.

1134 2979 1144 2996 ⁴
1165 2980 1252 3005 Plures
1277 2977 1353 3003 codd.
1378 2975 1426 3006 sit,
1453 2974 1523 3007 quod
1550 2974 1625 2998 etiam
1652 2980 1664 2996 a
1691 2971 1819 2996 nonnullis
1838 2969 1915 2995 codd.
1937 2969 2013 3000 paulo

1065 3028 1123 3050 ante
1143 3031 1190 3056 pro
1209 3022 1257 3049 scit
1276 3021 1447 3047 substituitur.

1136 3068 1146 3084 ⁵
1165 3066 1246 3092 Codd.
1268 3067 1285 3089 Α
1298 3065 1345 3089 FG
1357 3064 1378 3095 Q
1392 3063 1413 3087 V
1434 3068 1501 3095 quae
1526 3067 1580 3086 non
1597 3058 1730 3092 prodesse,
1752 3056 1798 3083 secl
1816 3055 1903 3082 obesse
1919 3056 2013 3088 potest.

1065 3126 1100 3130 —
1124 3111 1192 3136 ldem
1219 3109 1281 3134 dub.
1307 3108 1411 3133 solvunt
1436 3106 1460 3130 S.
1481 3105 1583 3135 Thom„
1610 3104 1674 3128 Petr.
1694 3109 1708 3127 a
1728 3102 1788 3126 Tar.
1813 3103 1838 3125 et
1862 3099 1982 3124 Richard.
2002 3105 2016 3123 a

1066 3156 1145 3187 Med.‚
1166 3155 1206 3179 hic
1225 3154 1291 3178 eirca
1311 3152 1344 3177 lit.

1137 3199 1148 3215 θ
1168 3197 1232 3223 Vide
1252 3203 1331 3227 supra
1350 3195 1375 3220 d.
1396 3194 1439 3219 27.
1460 3192 1524 3218 dub.
1548 3191 1570 3216 4.
1589 3204 1625 3209 —
1645 3191 1679 3215 De
1699 3191 1747 3215 hoc
1767 3188 1830 3214 dub.
1852 3189 1896 3213 cfr.
1918 3188 1982 3212 Petr.
2001 3193 2017 3211 a

1069 3245 1142 3273 Tan,
1165 3243 1205 3267 hic
1224 3241 1291 3266 circa
1310 3240 1346 3264 lit.

1139 3287 1149 3302 ⁷
1169 3285 1218 3311 Csr.
1239 3284 1301 3308 intra
1322 3283 1346 3307 d.
1368 3281 1408 3307 37.
1435 3288 1456 3306 a.
1478 3281 1501 3305 2.
1522 3287 1546 3312 q.
1567 3279 1590 3303 3.
1611 3293 1644 3296 -
1664 3278 1789 3309 Superius
1814 3278 1872 3308 post
1890 3281 2018 3309 personas

1069 3332 1152 3364 potest
1170 3329 1229 3355 edd.
1245 3329 1449 3360 prosequuntur:
1464 3330 1512 3350 nec
1530 3321 1715 3349 consumtum-i
1732 3319 1862 3347 simililer.
1882 3319 1913 3345 Si
1930 3320 2020 3345 autem

1069 3374 1139 3401 alter
1157 3377 1205 3399 etc.

2019 1905 2148 1926 Notandum.
