2483 3882
341 1137 406 1163 Argg.
421 1142 460 1162 pro

326 1166 387 1193 parte
402 1163 458 1184 affir-

327 1192 411 1210 maura.

324 2558 365 2579 Pro
372 2560 431 2585 parte
437 2563 471 2579 ne·

360 2586 435 2611 gatira.

468 224 531 254 720

467 308 603 341 mentale
628 306 808 342 vincu1nm3
833 308 863 336 et
886 303 947 335 alia
969 305 1042 334 sunt
1066 302 1140 333 huic
1164 309 1298 337 annexa,
1322 303 1352 332 et
1376 300 1419 331 ni-

468 360 512 392 hil
538 359 684 400 impe-dit,
708 356 792 398 quod
817 355 935 396 aliquid
961 354 1074 385 habeat
1092 361 1190 384 unum
1213 351 1418 393 principalem

467 412 561 444 finem
586 415 615 442 et
642 409 748 451 plures
773 407 922 439 utilitates
945 406 1119 437 adiunctas.

558 465 586 495 ὃ.
605 464 633 494 6.
651 462 735 493 Patet
759 460 851 492 etiam
875 458 1035 500 responsio
1052 458 1091 489 ad
1113 457 1192 489 illud
1217 457 1300 498 quod
1319 455 1422 488 obiici-

469 521 520 548 tur
538 516 576 547 de
593 515 673 546 bono
698 512 906 545 Sacramenti:
933 520 1004 542 nam
1032 511 1097 551 ipsa
1121 510 1200 541 anio
1225 509 1341 541 dicitur
1365 508 1423 540 Sa-

470 572 675 600 cramentum
701 565 900 603 matrimonii,
923 564 978 596 sed
1003 562 1274 604 inseparabilitas
1299 561 1423 594 unionis

1331 684 1514 726 QUAESTIO
1540 684 1583 715 lll.

945 785 1062 817 Caram
1088 783 1166 817 lzaec
1192 783 1260 816 tria
1286 783 1370 815 bona
1392 782 1460 814 sint
1483 782 1520 814 (te
1543 781 1732 813 necessitate
1757 780 1974 813 matrimonii.

560 912 663 944 Tertio
694 911 858 953 quaeritur
894 911 933 943 de
963 910 1147 942 necessitate
1178 910 1293 940 horum
1327 908 1422 939 trium

471 965 641 1002 honorum,
666 968 774 996 utrum
800 964 917 996 scilicet
952 963 1014 995 sint
1042 962 1081 994 de
1112 961 1295 994 necessitate
1320 961 1424 992 Sacra-

472 1018 578 1050 menti.
606 1018 639 1049 Et
663 1017 748 1058 quod
784 1016 900 1048 bonum
938 1014 1150 1047 Sacramenti
1183 1013 1222 1046 sit
1254 1013 1292 1045 de
1321 1021 1424 1045 neces-

473 1070 577 1108 sitate,

568 1125 592 1155 1.
616 1123 696 1155 Dicit
719 1122 925 1163 Augustinus,
942 1125 972 1153 et
991 1120 1124 1152 liabetur
1142 1120 1172 1151 in
1189 1119 1325 1151 littera³z
1349 1130 1363 1146 α
1376 1118 1425 1149 Sa-

472 1180 669 1208 cramentum
701 1176 741 1207 ita
778 1174 1027 1215 inseparabiliter
1060 1172 1204 1213 coniugio
1241 1172 1366 1208 haeret,
1391 1174 1426 1202 ut

473 1229 539 1261 sine
565 1229 617 1260 illo
641 1237 710 1260 esse
731 1237 792 1259 non
818 1227 1011 1259 videatur».

562 1283 591 1313 2.
617 1281 708 1318 ltem,
733 1280 862 1311 ratione
879 1279 1018 1311 videtur:
1038 1278 1154 1310 bonum
1172 1276 1362 1309 Sacramenti
1380 1278 1427 1307 est

473 1334 594 1366 ratione
619 1332 911 1375 it'iseparabilitatis3
929 1331 983 1364 sed
1009 1330 1281 1372 inseparabilitas*
1300 1337 1425 1370 semper

474 1388 553 1419 inest
577 1390 612 1418 ut
636 1386 816 1418 necessitas:
835 1388 890 1417 aut
913 1393 988 1426 ergo
1013 1384 1130 1416 bonum
1156 1382 1347 1415 Sacramenti
1366 1391 1427 1413 non

473 1444 520 1472 est
544 1440 679 1477 bonum,
704 1442 758 1471 aut
783 1438 958 1470 necessario
983 1437 1072 1468 inest.

563 1492 656 1530 Item,
681 1491 764 1533 quod
790 1491 907 1522 bonum
931 1489 1035 1531 protis
1052 1489 1091 1521 de
1116 1488 1300 1521 necessitate
1325 1496 1428 1520 conse-

475 1548 590 1587 quatur
616 1544 869 1581 matrimonium,
895 1542 1036 1574 videtur:

564 1598 592 1629 3
618 1597 697 1638 Quia
721 1597 796 1629 dicit
818 1595 1024 1637 Augustinus,
1043 1599 1072 1627 et
1090 1595 1225 1627 habetur
1243 1595 1273 1625 in
1293 1594 1395 1625 littera
1407 1593 1428 1631 ⁵,

475 1652 558 1693 quod
583 1664 597 1680 «
610 1651 663 1693 qui
689 1659 808 1682 venena
825 1649 998 1682 sterilitatis
1016 1648 1258 1690 procuraverint
1274 1656 1335 1678 non
1354 1650 1429 1678 sunt

476 1704 666 1745 coniuges».

564 1757 594 1788 li.
619 1756 713 1793 Item,
737 1755 866 1787 ratione
892 1754 1033 1786 videtur:
1060 1753 1134 1795 quia
1157 1753 1197 1785 ad
1222 1753 1281 1784 hoc
1310 1751 1431 1784 institu-

479 1812 543 1841 tum
569 1808 626 1840 fuit
651 1808 904 1846 matrimonium,
930 1807 1047 1839 scilicet
1082 1806 1122 1838 ad
1157 1804 1363 1838 crescendum
1400 1808 1431 1836 et

477 1861 752 1903 1miltiplicandum
768 1861 795 1892 ⁵:
821 1870 896 1901 ergo
921 1860 1039 1891 frustra
1063 1863 1127 1897 est,
1152 1858 1176 1890 si
1203 1858 1261 1890 hoc
1298 1858 1360 1890 fine
1385 1866 1431 1889 ca-

476 1919 539 1953 ret,
564 1914 618 1946 sed
643 1923 704 1945 non
740 1916 841 1955 potest
875 1921 943 1945 esse
975 1912 1102 1944 omnino
1132 1911 1265 1948 frustra,
1290 1919 1361 1942 cum
1393 1910 1431 1942 sit

477 1968 731 2000 Sacramentum:
757 1975 832 2007 ergo
856 1969 913 1997 etc.

566 2020 659 2057 item,
684 2019 768 2060 quod
793 2018 909 2050 bonum
935 2016 1013 2059 fidei
1036 2017 1075 2049 sit
1099 2017 1137 2049 de
1173 2016 1358 2048 necessitate
1382 2016 1432 2047 Sa-

478 2072 645 2110 cramenti,
669 2072 808 2103 videtur:

569 2126 597 2156 ὃ.
622 2125 701 2165 Quia
726 2124 800 2156 dicit
831 2123 1066 2165 Augustitiiis⁷,
1091 2122 1175 2164 quod
1212 2123 1236 2154 si
1270 2122 1340 2163 quis
1364 2130 1433 2154 con-

479 2178 591 2210 sentiat
608 2177 636 2209 in
654 2177 810 2218 aliquam,
828 2180 863 2208 ut
879 2176 1080 2218 postmodum
1097 2175 1191 2207 aliam
1209 2175 1353 2216 accipiat,
1371 2184 1432 2206 non

479 2234 525 2263 est
541 2232 796 2268 Sacramentum;
814 2229 868 2261 sed
887 2229 945 2261 hoc
961 2233 1007 2261 est
1024 2231 1152 2270 propter
1170 2228 1326 2260 defectum
1345 2227 1431 2260 fidei:

480 2293 555 2325 ergo
579 2288 637 2316 etc.
768 2313 772 2317 .

570 2338 598 2368 6.
623 2336 715 2374 ltem,
740 2335 869 2367 ratione
893 2335 1036 2367 videtur:
1061 2334 1136 2376 quia
1167 2333 1238 2366 licet
1273 2342 1314 2365 ex
1338 2342 1433 2365 cansa

479 2390 692 2422 fornicationis
718 2388 953 2421 matrimonium
989 2386 1175 2424 dividere³3
1200 2386 1254 2418 sed
1279 2394 1339 2417 non
1366 2385 1435 2417 lice-

481 2447 538 2481 ret,
562 2443 621 2475 nisi
646 2443 724 2475 fides
749 2445 830 2474 esset
855 2442 893 2473 de
918 2440 1109 2473 substantia:
1135 2448 1210 2481 ergo
1234 2442 1290 2471 etc.

569 2496 711 2527 CoNraaz
740 2496 767 2526 1.
785 2494 875 2535 Quod
900 2493 1156 2526 Sacramentum
1173 2501 1233 2523 non
1252 2492 1291 2523 sit
1308 2491 1346 2523 de
1364 2491 1435 2523 sul]-

482 2548 594 2581 stantia
620 2548 827 2586 matrimonii,
852 2547 994 2579 videtur:
1020 2546 1094 2587 quia
1119 2545 1142 2577 si
1178 2545 1292 2586 aliquis
1315 2548 1434 2576 contra-

482 2602 535 2633 hat
560 2610 631 2633 cum
657 2601 762 2642 aliqua
786 2609 843 2642 per
867 2600 965 2632 verba
989 2599 1026 2630 (te
1047 2597 1233 2639 praesenti,
1259 2600 1306 2629 est
1331 2597 1435 2628 matri-

483 2655 622 2686 monium
647 2657 861 2691 contractum,
886 2656 916 2685 et
953 2656 1073 2690 tamen,
1099 2650 1152 2682 illo
1188 2653 1370 2682 transeunte
1394 2649 1433 2680 asl

1226 213 1510 245 SENTENTIARUM
1534 212 1602 244 LlB.
1626 213 1673 245 IV.

1483 299 1598 331 dicitur
1623 298 1742 330 bonum
1767 298 1958 330 sacramenti
1983 298 2048 330 sive
2072 298 2324 337 Sacramentum,
2348 299 2431 339 quod

1483 355 1530 383 est
1553 351 1670 383 bonum
1696 350 1895 383 matrimonii.
2477 338 2479 379 Ῐ

1574 403 1659 435 Ratio
1695 406 1818 441 autem,
1854 411 1953 444 quare
1988 402 2124 435 conditio
2159 403 2433 444 inseparabilitatis
2446 415 2483 446 aa,

1485 455 1679 488 vindicavit¹
1702 455 1759 488 sibi
1785 464 1898 487 nomen
1924 455 2023 494 istud,
2049 459 2112 494 est,
2136 455 2210 497 quia
2235 455 2432 488 matrimonio
2459 448 2481 463 ¹¹¹

1485 512 1532 541 est
1555 508 1829 541 consubstantialis
1854 511 1884 540 et
1907 516 2102 549 consequens
2126 507 2229 549 ipsum
2248 508 2434 549 inseparabi-

1487 561 1572 599 liter,
1590 569 1651 592 ΠοΠ
1668 560 1711 592 sic
1728 559 1807 592 aliae
1831 559 2032 592 conditiones.
2052 560 2086 591 Et
2102 559 2145 592 sic
2163 563 2269 601 patent
2285 559 2404 592 obiecta
2415 560 2434 591 ².

1488 907 1686 948 religionem,
1710 906 1769 938 ista
1794 909 1895 947 potest
1919 906 2038 938 nubere
2053 905 2081 937 ⁹:

1488 959 1650 991 vinculum
1676 958 1894 1000 inseparabile.

1579 1014 1607 1043 2.
1634 1012 1726 1050 ltem,
1751 1011 1836 1053 quod
1860 1020 1917 1043 nec
1946 1011 2038 1053 ficteS,
2064 1011 2205 1044 videtur:
2231 1011 2305 1053 quia
2338 1013 2438 1045 matri-

1489 1065 1629 1097 monium
1656 1068 1757 1105 potest
1780 1073 1848 1096 esse
1884 1064 1964 1096 inter
2000 1068 2153 1106 perpetuo
2177 1065 2387 1104 continentes,
2412 1069 2440 1097 et
2482 1080 2483 1108 ;

1489 1121 1675 1159 potestesse
1692 1117 1773 1149 inter
1790 1117 2033 1155 incontinentes,
2051 1117 2125 1158 quia
2147 1121 2259 1149 neuter
2283 1126 2355 1150 cum
2381 1117 2439 1150 alio
2482 1115 2483 1121 ’

1490 1170 1539 1202 vel
1564 1170 1625 1201 alia
1649 1173 1750 1211 potest
1773 1158 1971 1202 contrahere:
1998 1178 2072 1210 ergo
2096 1173 2154 1202 etc.

1580 1222 1608 1254 3.
1634 1223 1724 1260 ltem,
1756 1222 1840 1263 quod
1871 1222 1979 1263 protes
2004 1231 2064 1253 non
2097 1222 2137 1254 sit
2172 1222 2211 1254 de
2243 1222 2440 1262 necessitate,

1491 1275 1633 1307 videtur:
1659 1275 1733 1317 qnia
1758 1274 1993 1307 matrimonium
2018 1278 2065 1306 est
2089 1275 2169 1307 inter
2194 1275 2334 1314 steriles,
2364 1275 2442 1307 sicut

1493 1331 1593 1370 patet;
1619 1328 1673 1360 sed
1698 1327 1748 1360 hic
1774 1337 1834 1359 non
1859 1331 1905 1360 est
1929 1327 2046 1359 bonum
2071 1328 2179 1369 prolis.

1581 1381 1750 1422 Quaeritur
1764 1389 1853 1421 ergo:
1872 1380 1948 1422 quid
1962 1384 2008 1412 est
2022 1381 2106 1422 quod
2121 1380 2195 1413 dicit
2208 1381 2400 1421 Augustinus
2413 1380 2441 1419 ¹⁰,

1492 1434 1576 1475 qnod
1607 1446 1620 1462 a
1634 1442 1695 1465 non
1720 1436 1793 1465 sunt
1817 1433 1966 1475 coniuges
1979 1436 2019 1464 »⁴2
2044 1433 2074 1464 Si
2098 1433 2181 1465 enim
2206 1433 2295 1474 prius
2320 1442 2443 1465 consen-

1493 1490 1619 1525 serunt,
1644 1486 1702 1518 fuit
1727 1486 1961 1518 matrimonium
1995 1490 2118 1524 ratum3
2142 1485 2167 1518 si
2193 1490 2262 1527 post
2293 1486 2442 1524 coierunt,

1492 1540 1551 1572 suit
1575 1543 1847 1577 consummatum,
1873 1539 1927 1571 sed
1951 1539 2010 1571 hoc
2038 1539 2125 1571 nullo
2153 1547 2243 1577 casu,
2265 1539 2351 1571 nullo
2378 1548 2444 1581 pec-

1493 1595 1562 1624 cato
1587 1591 1756 1633 rumpitur.

2110 914 2185 947 ergo
2214 915 2275 938 non
2299 911 2367 938 erat
2398 907 2438 939 ibi

1849 1687 2089 1711 CONCLUSIO.

1495 1768 1625 1799 Bonam
1650 1767 1861 1799 Sacramenti
1882 1771 1928 1799 est
1951 1767 1989 1799 cle
2012 1767 2200 1800 necessitate
2220 1767 2426 1799 matrimonii
2434 1779 2443 1804 ‚-

1584 1820 1654 1852 atia
1671 1820 1753 1858 cluo,
1769 1820 1892 1852 scilicet
1907 1819 1987 1861 sistes
2004 1824 2033 1852 et
2045 1820 2173 1861 proles,
2191 1820 2334 1863 quodam.
2352 1820 2443 1852 modo

1583 1877 1661 1905 sant
1685 1874 1722 1905 cte
1742 1883 1809 1905 esse
1825 1873 2046 1911 Sacramenti,
2063 1877 2092 1905 et
2108 1873 2252 1916 quodam
2268 1873 2362 1905 modo
2381 1876 2445 1904 tan-

1586 1931 1655 1958 tam
1680 1926 1717 1958 cte
1743 1925 1817 1957 bene
1840 1935 1916 1957 esse.

1586 2015 1783 2046 REsPONnEo:
1810 2013 1895 2045 Sicut
1918 2013 2016 2055 tangit
2040 2013 2184 2054 Magister
2209 2013 2239 2045 in
2261 2013 2364 2045 littera
2379 2013 2402 2028 ¹¹
2419 2016 2447 2045 et

1497 2068 1608 2109 accipit
1632 2067 1671 2099 ab
1695 2067 1884 2107 Augustino,
1909 2075 1981 2098 cum
2007 2066 2068 2098 sint
2095 2066 2155 2098 tria
2187 2066 2268 2098 bona
2294 2066 2447 2097 matrimo-

1498 2121 1558 2159 nii,
1583 2120 1700 2152 scilicet
1734 2118 1833 2161 fides,
1854 2119 1964 2160 protes
1988 2122 2018 2151 et
2043 2119 2313 2156 Sacramentum,
2339 2121 2480 2157 unum,CC

1498 2174 1614 2206 scilicet
1639 2173 1906 2210 Sacramentum,
1924 2176 1970 2204 est
1988 2172 2027 2204 de
2044 2172 2232 2204 necessitate
2249 2171 2444 2204 matrimonii.

1498 2228 1735 2259 Sacramentum
1768 2225 1852 2258 enim
1884 2225 1969 2258 venit
1992 2234 2032 2257 ex
2070 2229 2182 2257 mutua
2210 2225 2396 2266 obligatione
2419 2228 2447 2257 et

1499 2280 1605 2312 divina
1629 2278 1823 2311 institutione
1847 2281 1878 2310 et
1902 2277 2127 2319 significatione
2152 2277 2237 2310 illius
2261 2277 2401 2316 unionis;
2419 2280 2447 2309 et

1498 2332 1585 2370 ideo,
1609 2331 1684 2373 quia
1708 2331 1766 2363 ista
1790 2334 1864 2362 sunt
1887 2331 1926 2363 de
1950 2330 2133 2362 necessitate
2157 2330 2365 2369 matrimonii,
2393 2332 2446 2371 per

1498 2392 1692 2426 consequens
1716 2387 1746 2415 et
1771 2384 2019 2415 Sacramentum.
2044 2401 2086 2405 —
2110 2382 2169 2415 Sed
2194 2382 2255 2414 alia
2284 2383 2347 2414 duo
2370 2382 2447 2414 bona
2460 2384 2480 2406 C<

1498 2437 1635 2479 quodam
1661 2436 1753 2468 modo
1777 2439 1851 2468 sunt
1874 2436 1913 2468 de
1937 2445 2022 2473 esse,
2040 2435 2176 2477 quodam
2203 2435 2296 2467 modo
2313 2434 2352 2466 de
2376 2434 2447 2466 bene

1498 2500 1574 2522 esse.
1598 2490 1627 2521 Si
1657 2489 1740 2522 enim
1777 2489 1944 2531 loquamur
1981 2491 2134 2530 quantum
2166 2488 2206 2521 ad
2242 2487 2448 2520 matrimonii

1498 2552 1614 2580 asam,
1639 2543 1683 2575 sic
1707 2546 1780 2574 sunt
1804 2542 1843 2574 de
1868 2541 1942 2573 bene
1966 2541 2077 2578 essem,
2103 2541 2251 2583 quoniam
2287 2549 2364 2573 usus
2388 2549 2446 2572 ma-

1500 2595 1635 2627 trimonii
1660 2594 1779 2636 absque
1805 2594 1852 2626 bis
1876 2602 1944 2626 esse
1968 2597 2084 2635 potest,
2110 2594 2190 2626 sicut
2222 2597 2285 2625 tota
2310 2593 2359 2626 die
2386 2595 2445 2630 est3

1499 2651 1529 2680 et
1553 2656 1615 2678 non
1639 2647 1741 2679 solum
1766 2650 1812 2678 est
1836 2646 1958 2689 absque
1981 2645 2051 2684 liis,
2077 2646 2131 2679 sed
2156 2646 2250 2678 etiam
2281 2655 2356 2677 cam
2379 2644 2446 2677 sais

482 2808 577 2840 stanti,
594 2808 652 2833 cod.
668 2808 703 2833 bb
723 2807 872 2839 institutae,
895 2808 952 2833 cocl.
973 2808 991 2832 Α
1012 2806 1108 2838 statui,
1127 2807 1202 2832 codd.
1218 2807 1236 2831 R
1249 2807 1272 2831 X
1284 2814 1312 2831 aa
1334 2806 1435 2837 legunt:

483 2853 568 2879 statui
596 2854 710 2878 natm-ae
735 2852 869 2877 institutae
893 2852 959 2880 (eod.
981 2852 1002 2876 X
1024 2850 1201 2882 liniacentz'ae,
1224 2850 1280 2875 cod.
1302 2857 1330 2874 aa
1352 2848 1437 2875 condi-

485 2898 535 2929 tae)
556 2898 580 2922 et
598 2896 681 2922 statui
699 2897 815 2921 natarae
835 2896 985 2928 corruptae.

557 2940 563 2956 ¹
586 2941 649 2966 Edd.
670 2947 729 2965 cum
749 2941 839 2971 paucis
859 2939 934 2964 codd.
954 2938 1078 2965 vindicat.

554 2985 565 3000 ‘²
585 2985 651 3010 Vide
670 2984 785 3010 scholion
806 2983 838 3008 ad
860 2983 1057 3015 praecedentem
1078 2985 1176 3014 quaest.

555 3029 565 3045 ³
585 3029 630 3053 Hic
650 3035 671 3053 c.
693 3029 715 3052 2.
738 3027 822 3053 Verba
843 3028 928 3059 potius
948 3030 1007 3051 suut
1026 3026 1094 3057 [lug.
1117 3033 1130 3050 a
1150 3027 1175 3050 S.
1196 3025 1273 3057 vict,
1295 3026 1320 3049 ll.
1341 3025 1373 3050 de
1396 3026 1437 3050 Sa-

486 3081 565 3099 cram.
587 3080 612 3105 p.
632 3073 675 3097 Xl.
698 3079 720 3097 c.
736 3073 765 3103 8,
780 3071 876 3104 quibus
896 3071 1047 3096 sententiam
1068 3070 1190 3101 August.‚
1214 3069 1228 3093 l.
1250 3069 1282 3094 de
1301 3069 1401 3101 Nuptiis
1414 3072 1439 3094 et

487 3118 634 3148 concupisc.
657 3123 678 3141 c.
704 3116 742 3140 10.
764 3123 787 3140 n.
813 3116 849 3140 11.
870 3122 924 3147 seq.
945 3115 997 3146 (liic
1023 3115 1047 3139 in
1074 3114 1107 3139 lit.
1134 3114 1261 3145 Magistri,
1284 3120 1305 3137 c,
1326 3114 1348 3137 2.
1377 3113 1438 3138 rela-

487 3161 564 3192 tam),
587 3159 773 3191 complectitur.

557 3204 566 3219 ⁴
587 3203 669 3229 Codd.
691 3203 741 3228 LY
761 3203 860 3228 addunt
879 3209 946 3235 quae
965 3201 1047 3233 inest,
1070 3201 1146 3227 codd.
1167 3201 1225 3226 Naa
1246 3208 1314 3234 qaae
1333 3199 1369 3226 ibi
1386 3202 1435 3232 est,

487 3248 546 3273 edd.
561 3255 608 3279 pro
622 3247 726 3273 ratione
740 3249 840 3278 ponunt
858 3246 937 3278 ratio,
953 3246 1047 3271 deinde
1068 3246 1173 3277 legunt:
1191 3252 1259 3278 qaae
1279 3245 1319 3270 rei
1336 3251 1440 3277 semper

487 3291 567 3322 inest,
599 3293 636 3316 est
660 3291 815 3323 necessitas,
837 3291 913 3316 codd.
935 3291 955 3315 M
968 3290 987 3315 O
999 3291 1019 3315 R
1031 3290 1051 3315 T
1063 3290 1083 3315 U
1095 3290 1118 3315 X
1138 3288 1353 3322 inseparabilitas
1372 3295 1440 3314 scm-

486 3341 535 3367 per
555 3336 591 3360 cst
612 3334 751 3361 necessitas
770 3335 856 3367 (codd.
878 3335 898 3359 M
911 3334 930 3359 O
951 3335 989 3359 est
1007 3335 1038 3359 ut
1055 3333 1218 3365 necessitas).
1240 3333 1288 3358 Pro
1310 3334 1337 3358 nt
1356 3338 1439 3358 neces-

1501 2804 1565 2830 sitas
1585 2805 1661 2836 pauci
1681 2803 1757 2829 codd.
1778 2809 1916 2834 perperam
1935 2808 1990 2827 tion
2009 2801 2159 2828 necessitas.
2181 2801 2288 2826 Interius
2308 2807 2355 2832 pro
2369 2805 2448 2826 neces-

1500 2847 1574 2873 sario
1594 2846 1651 2871 cod.
1672 2847 1705 2871 W
1725 2853 1836 2879 semper.

1573 2891 1583 2907 ⁵
1602 2891 1648 2916 Hic
1667 2897 1689 2916 c.
1713 2890 1737 2915 3.

1572 2934 1583 2950 θ
1602 2934 1747 2965 Respicitur
1766 2934 1828 2958 Gen.
1853 2934 1878 2965 1,
1899 2933 1940 2957 28.

1572 2978 1583 2994 ⁷
1602 2978 1637 3003 De
1656 2978 1727 3002 Bono
1747 2977 1889 3009 coniugali,
1910 2984 1931 3002 c.
1952 2976 1975 3001 ὅ.
1996 2983 2019 3001 Π.
2041 2976 2069 3008 5,
2091 2977 2131 3001 liic
2150 2976 2174 3000 in
2195 2976 2228 3001 lit.
2251 2975 2370 3006 Magistri,
2384 2979 2403 2998 c.
2418 2973 2440 3004 2,

1503 3023 1635 3053 allegatus.

1573 3066 1583 3082 3
1603 3065 1653 3091 Csr.
1674 3066 1760 3091 Matth.
1783 3065 1813 3097 5,
1836 3066 1877 3090 32.
1897 3067 1922 3090 et
1942 3065 1988 3095 ta,
2010 3065 2033 3089 9.

1573 3110 1584 3126 ⁹
1604 3110 1670 3135 Vide
1689 3117 1768 3141 supra
1788 3110 1822 3135 lit.
1846 3110 1973 3141 Magistri,
1995 3108 2019 3134 d.
2040 3108 2143 3133 XXVll.
2164 3114 2185 3133 c.
2200 3108 2223 3132 6.
2239 3114 2321 3140 seqq,
2342 3108 2367 3131 et
2379 3105 2447 3131 Com-

1504 3158 1581 3180 ment.
1602 3162 1624 3179 a.
1645 3155 1668 3179 3.
1689 3162 1713 3187 q.
1735 3155 1758 3179 2.

1575 3198 1596 3214 ¹⁰
1615 3199 1699 3230 Supra
1718 3205 1773 3229 arg.
1794 3198 1817 3222 3.
1838 3204 1885 3229 pro
1905 3200 1977 3228 parte
1997 3197 2089 3221 affirm.
2106 3210 2138 3213 —
2151 3196 2256 3221 lnt’erius
2275 3201 2322 3227 pro
2345 3192 2445 3227 peccato

1504 3242 1650 3276 [veneficii]
1670 3242 1729 3268 edd.
1746 3243 1835 3275 pacto.

1575 3286 1661 3312 ¹1Hic
1681 3294 1702 3312 c.
1725 3287 1747 3311 11.
1767 3289 1792 3311 et
1811 3287 1835 3311 2.

1575 3331 1597 3347 ¹²
1615 3330 1666 3356 Csr.
1688 3337 1766 3362 supra
1787 3330 1810 3355 d.
1832 3330 1873 3354 26.
1894 3336 1915 3354 a.
1937 3330 1959 3354 2.
1981 3336 2004 3361 q.
2026 3329 2049 3353 3.
2070 3331 2094 3353 et
2113 3328 2138 3353 d.
2159 3327 2199 3352 27.
2220 3334 2242 3352 a.
2264 3327 2286 3351 1.
2306 3333 2330 3358 q.
2355 3325 2374 3349 l.
