2483 3882
0 870 30 892 :ff

701 244 796 275 DIST.
822 243 934 276 XXVII.
959 243 1040 274 ART.
1066 243 1097 274 li.
1123 242 1274 283 QUAEST.
1301 242 1332 273 tl.

126 337 154 367 ᾖ.
180 335 253 366 item
290 331 510 364 Ambrosius¹z
543 331 634 363 «Non
668 331 831 363 defloratio
863 331 989 372 virgini-

41 389 109 422 tatis
132 387 204 419 facit
228 385 425 426 coniugium,
451 384 504 416 sed
531 384 632 425 pactio
657 384 872 425 coniugalis».

126 440 155 471 3.
179 439 253 470 [tem
286 437 429 478 exempto
463 436 629 478 probatur:
655 437 729 478 quia
753 437 834 468 inter
859 437 988 468 Mariam

42 497 70 528 et
92 492 201 534 loseph
225 491 283 523 fuit
307 490 562 528 matrimonium,
586 494 616 522 et
640 493 743 521 tamen
769 498 829 520 non
856 489 990 521 interve-

41 547 84 579 nit
106 544 162 577 nisi
189 542 391 575 consensus2.
414 560 416 562 -

125 597 155 628 lt.
179 596 254 628 Item
286 595 416 627 ratione
453 594 621 635 probatur:
648 594 723 636 quia
746 593 875 625 maioris
899 593 991 625 liher-

43 650 110 684 tatis
133 652 179 681 est
202 648 305 690 pactio
329 647 502 689 coniugalis
526 656 622 689 quam
647 647 826 685 servitutis,
852 647 906 679 sed
925 646 991 678 solo

43 710 192 737 consensu
216 700 330 742 aliquis
354 700 426 733 facit
443 709 476 732 50
493 709 635 732 servum:
654 709 729 741 ergo
747 700 812 732 solo
837 708 991 732 consensu

41 759 139 799 potest
161 755 229 787 fieri
254 754 385 786 alterius
408 753 534 786 coniux.

127 807 270 839 CONTRA:
300 808 326 838 1.
351 806 433 838 Nihil
455 810 502 839 est
518 815 613 838 causa
629 805 766 838 efficiens
783 805 831 837 sui
850 805 948 846 ipsius
963 805 992 842 3;

44 861 95 894 sed
119 860 354 892 matrimonium
391 868 451 891 non
484 863 531 891 est
565 858 652 891 aliud
677 867 772 900 quam
802 867 991 896 consensus,

42 914 111 956 quia
128 913 180 945 ille
196 916 242 945 est
259 913 382 953 signum
401 912 628 944 coniunctionis
645 911 759 944 Christi
777 914 807 943 et
825 910 990 943 Ecclesiae:

41 976 112 1008 ergo
136 974 307 998 consensus
331 974 391 997 non
416 968 463 997 est
487 973 582 997 causa
606 964 744 997 efficiens
768 964 969 996 matrimonii.

127 1020 156 1050 2.
180 1019 273 1057 item,
296 1018 348 1050 «si
374 1019 570 1059 propositum
597 1021 644 1049 est
660 1026 756 1049 causa
779 1016 946 1058 propositi,
964 1020 993 1049 et

43 1071 215 1113 oppositum
241 1070 439 1112 oppositi⁴»:
465 1079 540 1111 ergo
566 1070 591 1102 si
624 1078 796 1102 consensus
825 1072 872 1101 est
896 1078 992 1101 causa

44 1124 276 1157 matrimonium
302 1123 512 1161 constituens,
537 1123 699 1155 dissensus
734 1125 781 1154 est
810 1122 993 1160 destruens,

44 1177 93 1210 sed
119 1177 355 1209 matrimonium
380 1185 441 1208 non
466 1176 641 1208 destruitur
674 1185 730 1217 per
755 1175 916 1208 dissensus
942 1176 994 1207 ho-

43 1230 177 1262 minum:
204 1238 277 1270 ergo
302 1237 359 1261 nec
384 1237 439 1268 per
463 1237 651 1261 consensum
677 1228 887 1261 constituitur.

129 1282 157 1314 3.
187 1282 276 1321 Item,
302 1281 509 1322 multiplicata
533 1290 645 1319 causa,
671 1281 900 1337 multiplicatur
924 1281 994 1313 effe-

46 1336 145 1370 ctus⁵z
164 1344 238 1377 ergo
263 1335 287 1367 si
306 1344 477 1367 consensus
501 1338 549 1367 est
566 1343 674 1373 causa,
699 1338 729 1366 et
747 1334 810 1366 duo
835 1338 908 1366 sunt
925 1343 994 1366 con-

44 1398 170 1427 sensus;
202 1389 337 1427 videtur,
362 1388 447 1430 quod
479 1388 543 1420 duo
576 1386 649 1420 sunt
680 1388 880 1420 matrimonia
912 1388 993 1420 inter

45 1443 145 1475 virum
170 1445 200 1474 et
224 1441 401 1473 mulierem.
427 1441 486 1473 Sed
510 1450 572 1473 non
597 1444 671 1473 sunt
695 1440 759 1473 duo
776 1440 991 1472 matrimonia:

45 1504 116 1537 ergo
135 1498 192 1527 etc.

126 1548 157 1579 lt.
181 1547 274 1586 item,
300 1547 323 1579 si
350 1547 414 1579 0110
431 1555 603 1579 consensus
627 1546 745 1578 faciunt
763 1556 863 1579 unum
888 1546 994 1579 matri-

43 1600 199 1638 monium,
235 1608 362 1632 necesse
398 1604 444 1631 est
479 1599 580 1637 uniri3
617 1599 671 1631 sed
708 1603 783 1631 tunc
819 1599 990 1638 uniuntur,

44 1653 165 1695 quando
204 1656 277 1685 sunt
317 1653 346 1684 in
387 1652 493 1690 idem,
529 1652 583 1684 sed
621 1652 652 1683 111
691 1652 892 1684 matrimonio
931 1662 993 1684 non

45 1706 195 1738 uniuntur
220 1706 250 1737 in
275 1714 394 1744 unum,
418 1705 492 1746 quia
517 1714 688 1737 consensus
712 1705 772 1737 viri
797 1709 843 1737 est
872 1705 902 1737 in
927 1715 992 1738 mu-

46 1759 166 1797 lierem,
183 1767 354 1791 consensus
379 1758 523 1790 mulieris
540 1758 571 1789 in
595 1758 716 1790 virum:
743 1767 818 1799 ergo
842 1758 959 1791 diversi
973 1759 992 1797 ⁰,

43 1820 101 1844 non
125 1820 199 1852 ergo
223 1815 281 1843 etc.

394 1908 632 1932 CONCLUSIO.

50 1988 227 2020 Consensits
250 1988 425 2030 utriusque
445 1997 607 2029 personae
631 1992 676 2020 est
705 1997 811 2019 caiisa
832 1988 993 2030 proxima

127 2040 352 2078 matrimonii,
370 2040 426 2072 sest
437 2040 540 2072 simut
556 2049 631 2072 cam
645 2040 849 2073 institutione
866 2041 991 2073 divina.

129 2129 326 2161 Rusrounuo:
359 2129 552 2167 Dicendum,
584 2129 669 2170 quod
702 2129 782 2162 sicut
817 2129 993 2171 baptismus

46 2181 208 2223 dupliciter
232 2182 363 2214 dicitur:
397 2191 460 2214 0110
487 2182 592 2221 modo,
625 2187 721 2224 prout
753 2183 993 2224 comprehendit

1940 243 2002 274 679

1052 330 1246 362 exteriorem
1277 329 1475 362 (tutationem
1511 332 1540 362 et
1569 329 1760 362 interiorem
1795 328 2002 361 characteris

1055 383 1317 425 impressionem,
1343 383 1403 414 alio
1425 383 1517 415 modo
1542 392 1599 424 pro
1617 383 1771 415 interiori
1791 381 2000 419 cltaractere;

1054 437 1098 468 sic
1120 436 1354 468 matrimonium
1371 445 1435 467 uno
1465 436 1557 468 modo
1574 436 1813 477 comprehendit
1837 435 2006 467 uinculum

1055 493 1085 521 et
1115 489 1259 521 emeterius
1287 489 1437 530 signnm,
1466 492 1496 521 et
1525 489 1569 521 sic
1598 489 1834 521 matrimonium
1860 492 1907 521 est
1938 498 2007 521 con-

1056 550 1168 573 sensus
1203 550 1394 583 expressus,
1429 551 1489 573 non
1514 541 1582 574 cius
1617 542 1764 580 effectus3
1800 541 1861 573 alio
1897 542 2008 580 modo,

1056 597 1150 635 prout
1175 598 1235 626 stat
1258 603 1316 635 pro
1332 594 1463 626 vinculo
1488 594 1642 626 interiori
1655 594 1675 625 ⁷.
1694 594 1876 627 Huiusmodi
1901 597 2007 626 autem

1057 646 1220 679 vinculum
1252 647 1348 679 habet
1371 656 1499 680 causam
1520 647 1679 688 primam,
1706 651 1736 680 et
1761 648 1855 680 habet
1879 656 2007 680 causam
2020 653 2101 692 Dup1fx
2118 659 2168 674 eau-

1054 699 1268 740 proocimaim
1296 700 1410 741 prima
1442 704 1489 732 051
1513 700 1619 732 divina
1651 700 1820 739 institutio,
1850 700 2009 742 proxima
2065 687 2095 701 S“'

1058 755 1104 784 est
1129 752 1268 784 humana
1292 753 1407 793 pactio,
1432 762 1513 794 quae
1530 753 1623 785 estin
1646 753 1861 785 convenientia
1884 762 2010 786 consen-

1058 813 1152 837 suum
1178 805 1331 844 duorum,
1355 805 1472 838 scilicet
1504 806 1600 838 maris
1625 810 1654 838 et
1679 807 1812 839 feminae
1828 807 1849 838 Β.
1882 807 1917 839 Et
1941 806 2012 839 ideo
2029 812 2148 833 Conclusio·

1059 856 1244 897 dicendum,
1274 858 1358 899 quod
1395 867 1566 891 consensus
1591 862 1637 891 est
1673 868 1766 891 causa
1800 859 2012 898 matrimonii,

1059 909 1113 941 sed
1140 918 1201 941 0011
1233 913 1314 948 tota,
1338 910 1435 942 immo
1466 920 1539 943 cum
1566 911 1756 944 institutione
1789 912 1911 950 divina,
1944 921 2013 944 con-

1059 971 1170 995 sensus
1195 967 1300 995 autem
1326 973 1386 995 non
1411 963 1556 999 alterius.
1582 965 1635 996 sed
1661 966 1828 1007 utriusque
1850 974 2011 1007 personae.

1151 1017 1178 1047 1.
1205 1016 1238 1047 Et
1262 1025 1318 1057 per
1343 1017 1402 1049 hoc
1426 1021 1510 1058 patet
1534 1018 1672 1058 primum
1697 1023 1930 1059 argumentum.
2042 1024 2123 1071 Sottutio
2138 1029 2176 1050 01²-

1149 1070 1178 1100 02.
1204 1068 1232 1100 3.
1259 1069 1303 1101 Ad
1328 1069 1407 1102 illud
1432 1070 1516 1111 quod
1541 1070 1697 1109 obiicitur,
1727 1071 1811 1112 quod
1836 1072 1859 1103 si
1893 1071 2011 1113 opposi-
2028 1056 2153 1077 ‘morum‘

1060 1125 1127 1153 tum
1152 1131 1214 1153 non
1246 1125 1293 1154 est
1317 1131 1412 1155 causa
1443 1123 1575 1164 oppositi
1604 1127 1680 1162 etc.;
1714 1124 1897 1161 dicendum,
1927 1124 2012 1166 quod

1060 1178 1106 1206 est
1130 1183 1225 1206 causa
1249 1174 1388 1217 efficiens
1413 1179 1442 1207 et
1465 1185 1682 1214 0005ον00115,
1712 1180 1743 1208 01
1771 1181 1818 1209 051
1849 1186 1944 1209 causa
1968 1185 2013 1209 so·
2028 1183 2169 1229 muggam„-

1060 1227 1127 1258 lum
1152 1227 1311 1270 efficiens,
1337 1238 1397 1260 non
1422 1237 1630 1267 conservans,
1655 1230 1735 1261 sicut
1759 1234 1856 1270 patet,
1874 1230 1947 1271 quia
1964 1230 2010 1262 sol
2094 1225 2098 1229 “

1059 1284 1106 1312 051
1129 1290 1224 1313 causa
1249 1281 1376 1313 luminis
1402 1282 1503 1322 primo
1528 1283 1639 1321 modo,
1663 1283 1810 1315 cultellus
1835 1292 1930 1315 causa
1946 1283 2014 1315 vul-

1059 1334 1144 1366 neris
1168 1334 1306 1366 secundo
1332 1335 1424 1367 modo
1440 1335 1459 1366 ⁰.
1485 1335 1533 1367 Sic
1559 1336 1795 1368 matrimonium
1827 1336 1921 1368 habet
1946 1345 2016 1369 cau-

1060 1395 1127 1418 sam
1152 1386 1339 1429 efficientem
1356 1396 1554 1426 consensum,
1579 1389 1634 1420 sed
1661 1398 1727 1420 non
1755 1393 2011 1421 conservantem.

1061 1440 1111 1472 Est
1146 1448 1222 1481 ergo
1246 1449 1418 1473 consensus
1453 1450 1565 1479 causa,
1601 1445 1636 1473 ut
1672 1442 1908 1474 matrimonium
1935 1442 2015 1484 fiat,

1059 1502 1119 1525 0011
1144 1497 1180 1525 ut
1204 1498 1409 1535 permaneat.
1438 1495 1586 1527 Similiter
1614 1496 1792 1536 oppositum
1823 1504 2013 1534 consensus,

1058 1546 1090 1578 id
1115 1550 1162 1578 est
1186 1547 1358 1586 dissensus,
1383 1557 1443 1579 non
1469 1551 1515 1580 est
1540 1557 1635 1580 causa
1660 1548 1838 1580 dissolvens
1861 1548 2013 1590 factum,

1059 1600 1114 1633 sed
1139 1600 1337 1641 impediens,
1362 1610 1401 1632 nc
1424 1600 1493 1642 fiat.

1148 1653 1177 1684 lt.
1203 1653 1247 1684 Ad
1265 1652 1343 1684 illud
1368 1653 1452 1694 quod
1470 1653 1626 1691 obiicitur,
1651 1654 1735 1695 quod
1754 1663 1815 1685 non
1840 1655 2014 1693 uniuntur,

1059 1705 1243 1743 dicendum,
1270 1705 1353 1746 quod
1386 1709 1433 1737 est
1457 1706 1553 1737 uniri
1575 1710 1604 1738 et
1629 1706 1659 1737 in
1685 1706 1804 1738 obiecto
1828 1711 1859 1739 et
1882 1707 1913 1739 10
1941 1707 2014 1739 5111)-
2028 1712 2149 1733 Distinctio-

1059 1758 1161 1795 ieeto,
1198 1762 1228 1790 et
1263 1762 1311 1790 est
1334 1759 1430 1790 uniri
1463 1759 1494 1790 in
1530 1757 1651 1801 effecta.
1688 1759 1763 1792 Dico
1799 1768 1894 1801 ergo,
1931 1761 2017 1802 quod

1059 1811 1205 1853 quamvis
1238 1812 1302 1843 duo
1327 1821 1498 1844 consensus
1529 1821 1591 1844 non
1623 1813 1774 1844 uniantur
1807 1813 1838 1845 in
1872 1813 2014 1846 subiecto

1060 1873 1116 1896 nec
1141 1865 1172 1896 in
1197 1864 1332 1903 obiecto,
1357 1865 1512 1897 uniuntur
1537 1869 1640 1897 tamen
1665 1866 1697 1897 111
1721 1864 1851 1908 effectu,
1877 1866 2015 1908 (101501-

1059 1918 1105 1959 git
1129 1926 1169 1950 ex
1199 1918 1252 1950 illo
1289 1922 1400 1951 mutuo
1428 1927 1592 1951 consensu.
1618 1919 1699 1951 Dum
1732 1920 1814 1951 enim
1844 1918 1923 1952 lzaec
1947 1920 2016 1952 vult

1059 1971 1149 2003 illum
1175 1971 1206 2003 in
1234 1971 1354 2008 virum.
1384 1972 1451 2003 vult
1483 1980 1551 2004 esse
1579 1981 1663 2004 uxor
1688 1973 1773 2011 eius,
1802 1976 1832 2005 et
1860 1973 1937 2005 dum
1967 1973 2018 2006 itte

1060 2023 1140 2055 hanc
1157 2024 1187 2055 in
1213 2033 1364 2064 uxorem,
1382 2024 1517 2057 efficitur
1538 2025 1586 2057 vir
1604 2026 1681 2058 01115.
1701 2026 1782 2058 Etsi
1806 2030 1841 2058 ta
1863 2026 2017 2065 obiicias,

1059 2077 1145 2118 quod
1171 2086 1232 2109 non
1256 2077 1413 2110 uniuntur
1440 2078 1470 2110 in
1495 2076 1630 2120 effecta,
1659 2079 1716 2111 nisi
1743 2080 1836 2111 etiam
1866 2080 2018 2112 uniantur

1059 2130 1090 2162 in
1113 2130 1253 2168 obiecto;
1277 2131 1360 2170 0100,
1386 2131 1471 2173 quod
1486 2131 1511 2148 ¹⁰
1537 2132 1693 2164 uniuntur
1710 2132 1740 2164 in
1757 2133 1885 2171 effectu,
1910 2142 2019 2166 secun-

1060 2183 1149 2215 dario
1173 2187 1204 2216 et
1229 2184 1259 2215 in
1284 2184 1447 2216 obiecto¹¹.

906 2294 1090 2336 0111115110
1114 2295 1146 2327 11.

235 2392 353 2424 Utrum
377 2393 424 2424 act
446 2391 708 2424 contrahendam
733 2393 989 2425 matrimonium
1014 2393 1159 2436 sufficiat
1183 2403 1361 2426 consensus
1383 2394 1508 2426 vocatis
1532 2394 1654 2437 absque
1677 2396 1821 2428 mentali.

129 2504 271 2536 Secundo
308 2504 488 2546 quaeritur,
524 2508 632 2536 utrum
669 2504 709 2536 ad
744 2505 996 2537 contrahendum

49 2557 277 2589 matrimonium
297 2557 431 2590 sufficiat
448 2566 619 2590 consensus
637 2558 754 2590 vocalis
778 2558 898 2599 absque
916 2567 998 2590 men-

48 2609 107 2641 tali.
133 2610 166 2642 Et
189 2611 272 2652 quod
299 2611 359 2649 sic,
384 2611 527 2643 videtur:

133 2664 158 2694 1.
184 2663 286 2694 Primo
312 2672 367 2704 per
400 2663 478 2695 illud
511 2663 595 2705 quod
621 2663 695 2695 dicit
719 2663 865 2705 Magister
897 2664 928 2695 in
952 2664 998 2696 lit-

1064 2509 1129 2537 tera
1144 2505 1187 2537 ¹²:
1211 2506 1270 2537 «Si
1290 2506 1395 2538 verbis
1419 2506 1579 2548 explicant
1604 2507 1688 2548 quod
1714 2510 1816 2539 tamen
1843 2507 2018 2540 eorde‘non
2033 2506 2166 2554 Adlgffiffl‘

1062 2559 1188 2599 volunt,
1215 2560 1363 2601 obligatio
1380 2560 1433 2592 illa
1457 2561 1643 2599 verborum,
1661 2561 1777 2602 quilius
1802 2561 2018 2600 consentiunt,

1062 2611 1217 2644 dicentes:
1243 2612 1361 2654 accipio
1387 2616 1415 2645 te
1440 2613 1469 2644 in
1488 2613 1608 2652 virum,
1634 2614 1873 2646 matrimonium
1898 2614 2017 2646 facit».

1151 2666 1179 2695 ⁹2.
1205 2665 1301 2703 Item,
1326 2665 1384 2697 hoc
1408 2666 1585 2698 ostenditur
1616 2666 1745 2698 ratione
1769 2667 1798 2698 in
1825 2666 1935 2705 simili,
1961 2667 2018 2699 sci-

115 2798 121 2813 ¹
142 2799 177 2824 De
197 2800 300 2825 10511101.
321 2800 414 2831 virgin.
436 2807 457 2825 c.
478 2801 502 2825 6.
523 2808 547 2825 11.
568 2800 609 2825 41.
630 2801 706 2826 etiam
727 2801 854 2826 1110111111.
876 2801 997 2834 Magistri,

48 2847 68 2865 c.
89 2842 115 2873 3,
135 2843 279 2875 allegatum.

114 2884 124 2898 Ξ
144 2887 207 2912 Vide
228 2888 268 2912 1110
289 2888 322 2913 lit.
343 2889 469 2920 Magistri,
490 2895 511 2913 c.
533 2888 556 2913 t.

115 2929 125 2946 ³
143 2931 216 2962 Sive,
236 2933 316 2957 111011
346 2933 455 2964 Aristot,
478 2933 502 2957 ll.
533 2933 566 2958 de
595 2934 702 2965 Anima,
730 2937 787 2959 text.
818 2934 859 2959 47.
889 2935 920 2962 (c.
948 2934 997 2967 t.):

54 2974 181 3000 «uenerat
200 2980 285 3001 autem
307 2977 366 3001 nihil
386 2978 473 3008 ipsum
493 2984 520 3002 se
540 2979 661 3009 ipsum»,
676 2979 744 3010 sive,
766 2982 792 3004 ut
806 2979 866 3004 dicit
880 2980 997 3011 August„

51 3017 81 3042 de
100 3018 233 3045 immortal.
254 3022 367 3053 animae,
388 3029 409 3047 0.
431 3021 454 3047 8.
476 3030 499 3047 11.
519 3022 560 3047 tt:
575 3023 647 3048 Nulla
667 3030 708 3048 res
722 3030 749 3048 50
770 3023 828 3048 tacit
847 3026 891 3048 aut
904 3024 995 3055 gignit,

49 3061 157 3093 alioquin
177 3067 243 3096 crat,
263 3068 401 3098 antequam
430 3070 497 3091 essct
525 3067 551 3095 (l.
573 3067 605 3091 de
634 3067 704 3091 Trin.
731 3073 751 3091 c.
786 3067 805 3091 1.
833 3074 857 3091 11.
880 3067 906 3092 l:
926 3067 997 3092 Nulla

54 3107 156 3131 omnino
174 3114 215 3133 res
234 3112 284 3140 cst,
306 3116 372 3141 quac
392 3117 419 3135 se
440 3111 523 3141 ipsam
544 3111 647 3142 gignat,
668 3114 695 3135 ut
714 3110 765 3142 sit).

117 3148 127 3165 ⁴
146 3151 293 3177 Secundum
313 3154 414 3179 111-15101.
444 3161 522 3185 supra
552 3161 614 3185 pag.
643 3154 687 3185 97,
717 3157 776 3179 nota
802 3154 827 3179 3.
849 3168 882 3172 —-
903 3155 927 3179 111
948 3155 998 3180 fine

50 3197 102 3222 1¹¹·ss-
122 3200 168 3224 pro
188 3195 359 3222 constituitur
379 3198 450 3222 multi
470 3197 545 3222 codd.
566 3196 742 3223 construitur.

117 3236 127 3252 ⁵
146 3236 195 3263 Ct'r.
215 3246 292 3271 supra
314 3247 374 3272 pag.
397 3242 461 3273 402,
484 3245 542 3267 nota
564 3242 587 3266 3.

118 3280 128 3295 ⁵
147 3280 227 3307 Codd.
247 3284 309 3309 LW
329 3284 428 3310 addunt
447 3285 560 3311 termini.

117 3324 128 3340 ⁷
147 3325 212 3352 Vide
232 3335 309 3360 supra
330 3336 352 3353 a.
374 3330 397 3354 1.
417 3337 442 3362 q.
463 3331 533 3354 1.-
548 3330 674 3361 Superius
688 3331 744 3355 voci
765 3329 904 3357 vincutum
918 3331 995 3356 codd.

51 3366 98 3398 ΡΩ
118 3375 147 3393 aa
166 3369 211 3401 (bb
231 3378 245 3396 a
265 3373 378 3397 secunda
398 3374 486 3406 manu)
508 3374 675 3405 praemittunt
693 3373 813 3399 interius.

1132 2801 1143 2818 8
1163 2802 1217 2827 Sub
1246 2803 1294 2827 1100
1324 2807 1443 2834 respectu
1473 2804 1666 2828 matrimonium
1696 2803 1817 2829 delinitur
1844 2804 1877 2829 ab
1906 2805 1972 2836 Hug.
2003 2812 2017 2829 a

1063 2846 1089 2871 S.
1111 2845 1185 2878 Vici„
1206 2846 1230 2870 ll.
1251 2845 1284 2871 de
1304 2847 1416 2871 Sacram.
1437 2854 1464 2878 p.
1487 2846 1528 2871 Xl.
1549 2854 1571 2871 0.
1592 2846 1616 2878 t,
1640 2853 1781 2873 consensus
1810 2848 1941 2879 legitimus
1967 2856 2020 2873 ma-

1063 2890 1126 2915 sculi
1147 2894 1171 2915 et
1196 2891 1321 2922 feminae,
1352 2891 1538 2916 individualem
1564 2892 1632 2916 ritae
1657 2893 1871 2918 consuetudinem
1898 2894 2018 2918 retinens.

1063 2934 1114 2959 Ctr.
1137 2935 1200 2959 infra
1221 2934 1282 2960 dub.
1310 2935 1327 2959 1.
1347 2948 1383 2953 —
1402 2936 1449 2960 Pro
1478 2934 1505 2960 in
1524 2934 1705 2961 convenientia
1726 2937 1801 2967 pauci
1821 2937 1897 2961 codd.
1918 2940 1941 2961 01
1962 2937 2017 2961 Vat.

1064 2978 1252 3004 convenientia.

1133 3023 1144 3039 9
1164 3023 1213 3049 Csr.
1234 3031 1311 3055 supra
1333 3023 1357 3048 d.
1378 3024 1419 3048 ⁴22.
1438 3031 1460 3048 a.
1483 3024 1504 3048 l.
1526 3031 1551 3056 (1.
1579 3024 1597 3048 1.
1616 3024 1650 3049 ad
1671 3025 1693 3048 3.
1709 3025 1779 3049 —ln
1801 3025 1928 3056 principio
1942 3025 2019 3050 solut.

1064 3071 1123 3098 post
1142 3067 1292 3100 oppositum
1311 3067 1370 3092 edd.
1392 3074 1452 3092 cum
1471 3074 1523 3092 uno
1543 3068 1675 3100 alteroque
1695 3069 1752 3094 cod.
1773 3070 1894 3094 omittunt
1912 3075 1974 3095 non.

1136 3110 1157 3127 ¹⁰
1176 3111 1239 3136 Cod.
1259 3111 1279 3136 Ο
1299 3112 1371 3137 addit
1386 3111 1588 3144 principaliter,
1604 3112 1663 3137 edd.
1679 3120 1816 3144 perperam
1831 3114 1933 3145 legunt:
1949 3113 2021 3147 quod

1063 3154 1198 3180 uniuntur
1216 3155 1244 3181 in
1263 3155 1357 3189 effectu
1376 3155 1535 3181 secundario
1555 3157 1580 3181 et
1597 3155 1625 3181 in
1644 3155 1741 3182 obiecto
1761 3156 1931 3183 secundario.

1136 3199 1155 3214 ¹¹
1178 3198 1242 3224 Vide
1262 3199 1376 3224 scholion
1396 3199 1428 3224 ad
1452 3200 1472 3224 1.
1493 3203 1591 3231 quaest,
1613 3200 1792 3231 praecedentis
1811 3202 1918 3227 articuli.

1135 3242 1156 3258 ¹2
1176 3243 1221 3267 Hic
1241 3249 1262 3267 c.
1284 3243 1313 3274 3,
1335 3243 1425 3274 paucis
1445 3244 1591 3269 interiectis.
1612 3245 1659 3269 Pro
1680 3243 1708 3269 in.
1727 3244 1817 3270 virum
1834 3245 1911 3270 codd.
1932 3246 1972 3270 vel
1993 3245 2022 3272 in

1063 3293 1166 3317 mcum,
1196 3287 1236 3311 1·οΙ
1262 3285 1289 3311 in
1315 3293 1403 3312 meam
1432 3287 1575 3319 (magistet-2
1606 3288 1629 3313 le
1657 3287 1685 3314 in
1712 3288 1818 3321 viram,
1840 3290 1863 3315 et
1883 3296 1930 3323 eqo
1951 3291 1973 3315 te
1992 3289 2020 3316 in

1062 3337 1079 3356 11
1083 3337 1176 3356 morem
1183 3331 1199 3356 ).
