2483 3882
283 365 420 391 Augustinus.

262 1908 400 1935 Augustinus.

314 2103 394 2124 Glossa.

253 2582 389 2609 Augustinus.

256 2824 348 2847 Dubium
367 2827 387 2848 3.

437 223 500 256 830

436 311 586 348 (landum,
609 315 640 341 ut
662 311 781 350 quando
804 311 900 341 fidelis
924 312 1034 341 infideli
1059 313 1260 350 copulatur».
1277 313 1334 343 Sed
1351 318 1382 344 ut

434 360 475 389 ait
496 360 679 397 Augustinus
693 359 701 374 ¹
715 370 721 388 :
743 372 754 384 a
771 359 844 389 Cum
860 360 1009 397 coepisset
1025 361 1163 397 gentibus
1184 362 1381 399 Evangelium

433 406 620 444 praedicari,
643 406 700 436 iam
724 406 900 435 coniunctos
915 407 1040 443 gentiles
1055 408 1216 445 gentilibus
1232 411 1381 448 comperit

432 453 629 490 coniugibus;
660 461 697 482 ex
726 454 836 491 quibus
865 454 888 483 si
918 463 976 483 non
1007 455 1095 485 ambo
1125 456 1297 493 crederent,
1327 458 1380 488 sed

431 510 508 531 unus
530 502 574 530 vel
598 509 672 536 una,
696 505 724 530 et
747 501 874 531 infidelis
896 511 966 532 eum
988 503 1066 533 fideli
1090 506 1273 535 consentiret
1298 506 1381 536 habi-

431 553 509 584 tare;
542 557 596 578 nec
614 548 777 588 prolzz‘berz'
795 558 811 579 a
834 550 959 580 Domino
981 551 1086 581 debuit
1109 552 1205 582 tidelis
1227 553 1377 584 infidelem

430 597 579 627 dimittere
608 605 662 626 nec
696 596 814 627 iuberi.-
839 599 905 628 ideo
930 607 986 628 non
1004 599 1182 638 prohiberi,
1206 602 1277 639 quia
1299 603 1381 632 iusti-

430 646 469 675 tia
492 645 638 683 permittit
660 654 676 675 a
692 646 856 676 fornicante
873 647 1045 684 discedere3
1062 651 1090 677 et
1106 648 1233 678 infidelis
1248 650 1379 681 hominis

428 693 584 722 fornicatIO
607 697 651 723 est
673 694 768 723 maior
790 695 817 723 in
842 695 950 731 corde,
974 704 1028 725 nec
1051 705 1121 726 vera
1142 698 1207 727 eius
1229 699 1378 736 pudicitia

427 749 496 770 cum
519 741 646 778 coniuge
669 741 727 770 dici
751 746 864 780 potest,
893 743 963 781 quia
985 752 1072 773 omne
1094 746 1174 782 quod
1194 754 1258 776 non
1280 751 1322 776 esc
1342 756 1378 777 ezr

423 788 501 828 fide,
528 794 682 828 peccalum
709 795 767 825 est,
791 792 929 829 quamvis
953 800 1053 822 veram
1076 793 1172 823 fideHs
1194 794 1304 825 habeat
1326 804 1379 834 pu-

426 837 577 873 dicitiam,
600 839 688 868 etiam
713 848 781 869 cum
805 840 914 870 infideli
939 842 1082 879 coniuge,
1105 851 1183 880 quae
1206 851 1263 873 non
1287 845 1378 874 habet

425 894 546 922 veram;
569 887 637 916 ideo
660 891 759 917 autem
782 896 836 918 nec
859 887 979 923 nabes-2¹,
1007 891 1079 928 quia
1108 899 1163 920 nec
1191 896 1296 922 contra
1319 893 1376 923 ius-

424 934 538 964 sionem
561 936 679 965 Domini
701 936 825 972 gentiles
843 937 962 967 suerunt
978 938 1066 967 ambo
1083 940 1278 969 coniuncti».
1301 954 1313 967 «
1332 941 1376 971 Li-

424 981 517 1012 cita-m
540 990 610 1019 ergo
635 986 698 1013 erat
713 992 767 1022 per
782 984 925 1014 iustitiam
942 985 1021 1014 fideli
1038 985 1187 1016 infidelem
1205 987 1375 1025 dimittere;

423 1030 475 1059 sed
499 1030 614 1060 licitum
638 1040 694 1061 non
718 1036 782 1062 erat
805 1032 972 1063 laciendum
996 1037 1120 1072 propter
1141 1034 1267 1065 liberam
1291 1036 1376 1067 bene-

424 1078 625 1108 volentiam».
650 1096 690 1101 ——
714 1080 877 1110 Evidenter
899 1085 1040 1119 apparet,
1073 1086 1102 1112 et
1132 1083 1208 1113 inter
1238 1085 1375 1115 infideles

422 1127 594 1164 coniugium
619 1136 700 1164 esse,
724 1132 752 1157 et
774 1129 951 1167 Apostolum
975 1130 1011 1160 de
1042 1130 1099 1160 illis
1128 1140 1233 1169 agere,
1264 1134 1315 1171 qui
1345 1134 1372 1164 in

422 1174 596 1205 infidelitate
625 1177 777 1205 coniuncti
807 1177 942 1212 suerunt,
972 1182 1000 1207 et
1028 1182 1096 1216 post
1118 1179 1193 1209 alter
1215 1180 1253 1210 ad
1282 1181 1371 1212 fidem

421 1231 584 1253 conversus
606 1228 665 1259 est,
688 1233 756 1254 eum
779 1220 839 1263 quo
863 1225 991 1255 infidelis
1014 1226 1151 1257 habitare
1166 1230 1328 1266 consentit;
1346 1235 1373 1260 et

420 1270 501 1300 hune
523 1280 580 1301 non
604 1272 754 1302 dimittere
776 1273 855 1302 fideli
873 1274 1003 1304 consulit
1018 1276 1196 1314 Apostolus,
1212 1278 1282 1315 quia
1299 1279 1372 1309 sorte

419 1328 474 1357 per
496 1320 613 1349 fidelem
635 1321 801 1351 salvabitur
824 1322 960 1353 infidelis.

823 1418 891 1448 CAP.
914 1420 958 1449 III.

533 1514 575 1542 De
595 1513 797 1552 fornicatione
817 1515 995 1554 spirituali,
1015 1522 1143 1557 propter
1164 1528 1257 1559 quam

709 1562 824 1592 (einim
844 1564 957 1595 eonium
976 1570 1079 1604 potest.

496 1659 595 1688 Potest
623 1663 720 1689 tamen
746 1660 823 1690 licite
845 1662 1012 1699 dimittere,
1034 1665 1106 1703 qnia
1130 1665 1157 1694 in
1181 1666 1293 1696 infideli
1325 1672 1369 1697 est

416 1705 588 1743 fornicatio,
612 1708 635 1737 si
653 1716 710 1737 non
727 1710 880 1748 eorporis,
897 1714 995 1741 tamen
1013 1713 1128 1742 mentis.
1145 1713 1272 1744 Causam
1289 1716 1366 1745 enim

414 1754 627 1794 fornicatz'ong's
650 1757 794 1786 Dominus
816 1759 955 1796 excepit3
978 1760 1211 1798 fornicacionem
1235 1771 1306 1793 vero
1322 1773 1368 1802 ge-

414 1803 547 1832 neralem
570 1808 599 1833 et
621 1805 821 1835 universalem
845 1806 1010 1845 intelligere
1033 1809 1185 1847 cogimur,
1204 1819 1261 1840 non
1277 1813 1366 1842 modo

415 1851 530 1881 scilicet
552 1853 759 1890 corporalem,
782 1854 835 1883 sed
855 1859 883 1884 et
898 1856 1106 1894 spiritualem3
1128 1858 1165 1888 de
1187 1867 1247 1898 qua
1270 1860 1367 1898 Augu-

415 1899 532 1929 stinus2
555 1901 614 1930 ait:
642 1901 840 1932 «Idololatria
863 1907 891 1933 et
912 1905 1065 1942 quaelibet
1086 1907 1176 1937 noxia
1191 1909 1365 1946 superstitio

411 1947 569 1978 fornicatio
592 1952 644 1978 est.
661 1949 806 1980 Dominus
828 1954 927 1981 autem
949 1953 1101 1990 permisit,
1123 1963 1214 1986 causa
1237 1956 1366 1988 fornica-

412 1996 500 2025 tionis
524 2005 648 2027 uxorem
672 1998 797 2036 dimitti,
821 2000 872 2029 sed
890 2008 947 2030 nou
964 2000 1074 2038 iussin·
1090 2006 1117 2032 et
1132 2004 1175 2033 sic
1191 2003 1273 2034 dedit
1289 2005 1365 2044 Apo-

411 2045 487 2074 stolo
510 2045 609 2075 locum
633 2047 789 2084 monendi,
818 2052 851 2078 ut
880 2050 931 2088 qui
955 2050 1084 2081 voluerit
1106 2061 1163 2082 non
1187 2053 1316 2084 dimittat
1332 2066 1363 2092 »;

410 2096 508 2131 potest
533 2097 631 2125 tamen
655 2095 736 2126 licite
758 2096 917 2127 dimittere.
948 2111 960 2124 «
974 2098 1003 2129 Si
1027 2100 1105 2129 enim
1130 2101 1285 2133 fornicatio
1301 2112 1364 2133 car-

409 2141 455 2170 nis
477 2141 653 2173 detestanda
675 2148 719 2173 est
741 2144 769 2173 in
793 2145 936 2183 coniuge,
953 2150 1065 2185 quanto
1088 2149 1183 2186 magis
1205 2150 1362 2182 fornicatio

411 2190 535 2226 mentis,
559 2190 587 2219 id
611 2195 654 2220 est
677 2192 837 2222 infidelitas
853 2195 883 2223 »?

811 2289 879 2319 CAP.
909 2290 956 2320 IV.

433 2382 494 2412 Pro
516 2382 626 2422 quibus
645 2385 774 2424 peccatis
794 2386 890 2425 possit
908 2387 980 2426 fieri
998 2389 1169 2427 separatio,
1191 2391 1241 2421 vel
1259 2401 1331 2422 ozon.

485 2479 514 2509 Si
544 2484 644 2510 autem
673 2483 810 2520 quaeris,
838 2492 874 2513 an
905 2488 1029 2523 propter
1057 2485 1138 2516 aliud
1165 2487 1270 2517 vitium
1301 2489 1357 2519 nisi

404 2531 528 2566 propter
551 2529 756 2560 infidelitatem
781 2532 825 2561 vel
847 2532 1047 2564 idololatriam
1064 2535 1160 2573 possit
1175 2535 1301 2574 dimitti3
1318 2541 1359 2567 at·

405 2576 508 2611 tende,
531 2577 603 2615 quid
627 2578 834 2615 Augustinus³
856 2581 912 2610 ait:
942 2581 1000 2611 «Si
1024 2582 1184 2613 infidelitas
1199 2584 1356 2615 fornicatio

404 2628 463 2661 est,
480 2628 508 2654 et
524 2625 693 2656 idololatria
717 2627 891 2665 infidelitas,
908 2633 936 2659 et
951 2631 1079 2660 avaritia
1094 2631 1280 2669 idololatria;
1298 2641 1355 2664 non

403 2675 447 2701 est
470 2672 685 2711 dubitandum,
708 2679 736 2705 et
758 2677 915 2706 avaritiam
937 2678 1163 2709 fornicationem
1188 2689 1262 2710 esse.
1285 2682 1355 2717 Quis

403 2728 474 2757 ergo
496 2722 663 2760 quamlibet
685 2723 818 2754 illicitam
842 2727 1119 2764 concupiscentiam
1142 2732 1241 2766 potest
1263 2738 1279 2759 a
1301 2731 1356 2760 sor-

403 2768 562 2799 nicationis
590 2779 699 2809 genere
728 2780 887 2811 separare,
909 2775 933 2803 si
957 2776 1082 2805 avaritia
1107 2776 1264 2807 fornicatio
1288 2779 1355 2808 est?

403 2817 447 2846 Ex
470 2826 528 2856 quo
552 2819 741 2857 intelligitur,
765 2822 846 2860 quod
863 2827 986 2861 propter
1003 2824 1123 2854 illicitas
1137 2827 1353 2864 eoncupiscen—

402 2865 472 2901 tias,
495 2875 552 2896 non
576 2870 690 2897 tantum
713 2878 791 2907 quae
814 2871 842 2899 in
865 2872 978 2909 stupris
1000 2880 1068 2901 cum
1091 2872 1196 2902 alienis
1218 2875 1289 2903 viris
1306 2875 1351 2904 vel

401 2914 518 2944 leminis
540 2917 784 2955 committuntur,
807 2919 859 2948 sed
884 2919 922 2949 ob
944 2920 1109 2958 quaslibet,
1126 2930 1204 2959 quae
1220 2923 1350 2953 animam

1446 323 1463 344 a
1493 315 1557 353 lege
1585 317 1637 346 Dei
1667 318 1808 349 aberrare
1839 320 1950 350 faciunt
1977 326 2006 351 et
2031 324 2200 361 perniciose
2222 328 2392 365 corrumpi,

1446 364 1540 401 possit
1561 365 1625 394 sine
1647 366 1773 396 crimine
1795 371 1823 397 et
1846 369 1892 398 vir
1915 377 2038 399 uxorem
2061 379 2146 400 suam
2172 372 2338 412 dimittere,
2365 380 2393 405 et

1445 421 1522 442 uxor
1544 414 1640 443 virum
1658 427 1684 444 ».
1707 415 1795 452 Item,
1817 428 1829 441 «
1844 417 2012 447 rectissime
2027 418 2202 455 dimittitur,
2217 421 2242 450 si
2257 422 2321 451 viro
2337 431 2390 453 suo

1445 461 1541 491 dicat:
1568 470 1625 492 non
1649 471 1700 492 ero
1723 472 1799 493 uxor
1821 468 1886 501 tua,
1908 466 1964 495 nisi
1987 466 2059 496 mihi
2082 467 2119 497 de
2141 467 2298 498 latrocinio
2321 470 2393 501 divi-

1445 509 1500 539 tias
1522 518 1683 549 congeraS‚
1707 511 1752 540 vel
1770 513 1824 541 nisi
1841 513 1928 543 solita
1950 513 2098 544 lenocinia
2121 523 2278 553 exerceas,
2302 521 2353 547 aut
2367 519 2391 548 si

1444 558 1515 596 quid
1539 558 1619 588 uliud
1643 559 1843 590 facinorosum
1867 561 1913 591 vel
1937 561 2116 600 flagitiosum
2140 571 2156 593 a
2179 565 2243 594 viro
2267 574 2322 595 suo
2342 574 2392 596 ex-

1444 609 1533 643 petat.
1564 607 1646 636 Ttmc
1673 607 1738 643 ille,
1759 608 1783 637 si
1807 610 1958 639 veraciter
1980 611 2135 648 poenitens
2158 616 2217 649 est,
2241 613 2390 652 habetque

1440 653 1531 692 fidem
1545 663 1600 692 per
1615 653 1804 685 dilectionem
1820 662 2012 696 operantem,
2027 659 2209 696 membrum,
2227 661 2307 699 quod
2323 670 2390 692 eum

1442 702 1641 739 scandalizat,
1664 704 1832 741 amputabit
1849 718 1874 733 n.
1891 722 1930 727 —-
1944 707 1989 736 Ex
2012 707 2058 736 his
2081 711 2221 746 apparet,
2237 709 2317 747 quod
2334 718 2391 740 non

1442 751 1538 780 solum
1562 752 1736 789 infidelitaS,
1757 753 1809 782 sed
1826 757 1855 783 et
1870 754 2023 792 quaelibet
2037 756 2298 794 concupiscentia,
2314 766 2390 796 quae

1442 800 1612 837 perniciose
1635 801 1823 839 turpiterque
1838 803 2021 841 corrumpit,
2041 803 2203 842 fornicatio
2218 804 2390 844 spiritualis

1442 851 1501 884 est,
1524 856 1579 886 per
1600 857 1690 886 quam
1720 849 1765 879 vir
1787 859 1927 885 uxorem,
1953 851 1998 881 vel
2021 860 2098 881 uxor
2120 853 2217 882 virum
2240 853 2389 884 dimittere

1442 900 1546 934 potest.
1577 896 1710 926 Consulit
1740 901 1838 927 tamen
1867 898 2046 937 Apostolus,
2077 909 2113 930 ne
2143 900 2238 930 fidelis
2260 901 2390 932 dimittat

1441 944 1590 974 infidelem
1615 945 1761 976 volentem
1785 947 1960 977 cohabitare
1983 956 2038 977 nec
2061 956 2077 978 a
2100 949 2160 979 Deo
2184 958 2335 980 revocare.

2476 0 2478 42 Ι

1194 228 1477 260 SENTENTIARUM
1501 230 1568 261 Ltss.
1593 231 1640 264 [ν.
2478 178 2483 343 ιι

1852 1044 1920 1073 Car.
1943 1044 1976 1074 V.

1568 1139 1620 1168 An
1645 1138 1730 1169 liceat
1748 1139 1835 1178 fideli
1855 1139 1950 1170 aliam
1972 1140 2097 1176 (lucere,
2120 1143 2169 1172 vel
2188 1152 2260 1173 ozon.

1518 1234 1572 1264 Hic
1594 1236 1765 1273 quaeritur,
1788 1236 1811 1265 si
1836 1236 1931 1266 tidelis
1949 1237 2097 1267 infidelem
2118 1238 2263 1276 dimittat,
2287 1239 2332 1269 vel
2348 1240 2388 1269 in-

1438 1281 1534 1311 fidelis
1557 1291 1573 1312 a
1596 1283 1674 1312 fideli
1698 1283 1849 1321 discedat,
1873 1293 1908 1314 an
1932 1284 2021 1314 liceat
2043 1285 2122 1315 fideli
2149 1286 2237 1316 aliam
2267 1287 2387 1317 ducere.

1437 1330 1563 1359 Videtur
1585 1331 1749 1361 auctoritas
1773 1332 1890 1369 testari,
1914 1333 1994 1371 quod
2025 1334 2145 1364 vivente
2175 1334 2239 1371 illa,
2262 1335 2384 1365 alteram

1437 1379 1548 1408 ducere
1577 1388 1634 1408 non
1665 1379 1770 1409 valeat.
1801 1380 2002 1410 Ambrosius‘¹
2032 1382 2110 1411 enim
2138 1382 2227 1413 verba
2251 1383 2385 1421 Apostoli
2400 1393 2481 1416 Ambros

1437 1435 1590 1465 exponens
1612 1429 1671 1457 ait:
1701 1429 1887 1467 «Alioquin,
1917 1430 1941 1459 si
1964 1430 2118 1460 disceditis
2141 1431 2178 1461 ab
2202 1432 2329 1462 invicem
2359 1436 2388 1462 et

1437 1476 1569 1506 volentes
1600 1477 1775 1507 cohabitare
1808 1478 1958 1508 dimittitis
1991 1483 2020 1508 et
2052 1479 2118 1509 aliis
2146 1489 2199 1509 vos
2221 1481 2386 1519 copulatis,

1435 1524 1563 1554 adulteri
1587 1526 1674 1561 estis,
1697 1530 1725 1555 et
1748 1526 1799 1555 tilii
1831 1528 1939 1563 vestri,
1969 1528 2019 1566 qui
2051 1528 2088 1558 de
2118 1529 2174 1558 hac
2204 1529 2312 1568 copula
2340 1537 2483 1560 na<nubium

1434 1577 1575 1610 scnntur,
1598 1575 1760 1612 immundi,
1785 1575 1814 1605 id
1830 1579 1874 1605 est
1892 1577 1987 1614 spurii
2004 1581 2073 1606 sunt
2087 1590 2114 1606 ».
2130 1577 2201 1607 item
2216 1588 2222 1607 :
2244 1591 2255 1604 «
2272 1578 2301 1608 Si
2318 1579 2384 1617 quis
2399 1586 2472 1608 Canon.

1435 1621 1574 1651 habuerit
1607 1631 1731 1652 uxorem
1767 1624 1911 1662 virginem
1947 1628 2015 1655 ante
2044 1625 2244 1664 baptismum,
2267 1627 2385 1658 vivente

1434 1669 1501 1707 illa,
1524 1674 1591 1708 post
1613 1671 1795 1709 baptismum
1819 1672 1943 1703 alteram
1967 1673 2079 1704 habere
2108 1683 2166 1704 non
2198 1679 2303 1713 potest.
2325 1676 2384 1706 Cri-

1433 1718 1512 1748 mina
1535 1719 1614 1748 enim
1638 1719 1665 1749 in
1690 1719 1840 1758 baptismo
1862 1721 2037 1758 solvuntur,
2060 1731 2118 1752 non
2141 1724 2321 1762 eoniugIa».

1512 1766 1569 1796 Sed
1596 1771 1719 1798 econtra
1743 1768 1919 1799 Ambrosius
1946 1773 2088 1800 testatur:
2112 1770 2147 1801 Sz'
2172 1771 2317 1811 infidelis,
2342 1773 2382 1802 di-

1432 1815 1472 1844 cit
1494 1815 1695 1853 Apostolus⁵,
1724 1815 1868 1851 (cecedit,
1898 1816 2039 1847 discedot.
2063 1819 2133 1849 Non
2155 1819 2237 1849 enim
2260 1825 2301 1849 est
2324 1829 2382 1850 ser-

1430 1861 1522 1892 υίίειίὶ
1541 1862 1689 1893 subiectus
1708 1864 1806 1903 Γναῖον
1834 1869 1888 1895 aut
1907 1874 1995 1895 soror
2024 1865 2058 1896 z‘n
2086 1866 2265 1897 huiusmodi
2274 1880 2288 1904 ,⁴
2310 1869 2381 1907 quia

1435 1922 1447 1935 «
1464 1919 1521 1940 non
1544 1911 1672 1941 debetur
1694 1913 1863 1942 reverentia
1885 1914 2016 1952 coniugii
2040 1916 2066 1944 ei
2089 1915 2140 1953 qui
2164 1916 2266 1946 horret
2282 1920 2382 1947 aucto-
2396 1925 2480 1946 Ambros

1429 1965 1492 1987 rem
1515 1959 1655 1998 coniugii.
1679 1960 1744 1990 Non
1761 1964 1805 1990 est
1820 1961 1898 1991 enim
1922 1966 2019 1991 ratum
2043 1963 2283 2002 matrimonium,
2299 1966 2381 2004 quod

1429 2007 1492 2036 sine
1520 2007 1573 2037 Dei
1603 2008 1762 2038 devotione
1789 2013 1852 2045 est;
1876 2013 1904 2039 et
1926 2010 1993 2040 ideo
2016 2019 2074 2041 uon
2098 2015 2142 2041 est
2163 2017 2322 2050 peccatum
2352 2014 2380 2044 ei

1428 2055 1480 2093 qui
1509 2055 1669 2086 dimittitur
1699 2060 1823 2096 propter
1852 2058 1963 2096 Deum,
1992 2059 2016 2088 si
2047 2059 2096 2089 alii
2126 2068 2158 2090 se
2180 2061 2377 2099 copulaverit.

1428 2103 1611 2134 Contumelia
1636 2106 1713 2134 enim
1737 2105 1885 2136 Creatoris
1907 2107 1996 2136 solvit
2018 2107 2065 2137 ius
2087 2109 2268 2138 matrimonii
2296 2111 2378 2140 circa

1427 2160 1495 2181 eum
1519 2146 1576 2191 qui
1594 2153 1783 2192 relinquitur,
1805 2163 1842 2184 ne
1871 2159 2030 2185 accusetur
2052 2156 2102 2186 alii
2125 2157 2292 2195 copulatus.
2314 2158 2378 2188 Infi-

1427 2200 1502 2230 delis
1524 2205 1623 2231 autem
1648 2202 1806 2233 discedens
1828 2207 1857 2233 et
1878 2204 1906 2233 in
1931 2204 2025 2234 Deum
2048 2209 2155 2243 peccat
2176 2209 2205 2235 et
2228 2207 2255 2235 in
2279 2207 2378 2237 matri-

1426 2249 1576 2285 monium,
1610 2258 1664 2279 nec
1687 2254 1731 2279 est
1753 2251 1779 2280 ei
1801 2252 1951 2282 servanda
1974 2252 2047 2282 tides
2068 2254 2211 2291 coniugii,
2234 2255 2285 2293 qui
2309 2256 2375 2286 ideo

1426 2297 1566 2332 recessit,
1589 2306 1624 2327 ne
1647 2298 1781 2335 audiret,
1804 2299 1955 2330 Christum
1983 2309 2048 2330 esse
2077 2302 2170 2331 Deum
2198 2303 2376 2334 christiano-

1425 2353 1490 2374 rum
1523 2345 1741 2383 coniugiorum.
1765 2347 1795 2377 Si
1819 2356 1890 2377 vero
1912 2348 2001 2378 ambo
2024 2350 2224 2388 crediderint,
2246 2360 2301 2389 per
2327 2360 2375 2382 co·
2388 2358 2477 2380 Dubium

1424 2393 1585 2429 guitionem
1608 2395 1661 2424 Dei
1684 2395 1880 2425 confirmatur
1901 2397 2114 2435 coniugium».

1504 2442 1647 2478 Attende,
1677 2443 1751 2473 haec
1780 2444 1944 2482 praedictis
1966 2447 2118 2476 contraria
2141 2455 2231 2486 posse
2259 2448 2372 2486 videri,

1423 2489 1463 2519 ita
1486 2493 1518 2519 ut
1539 2490 1595 2520 sibi
1619 2491 1795 2521 Ambrosius
1817 2493 2024 2524 contradicere
2048 2495 2194 2526 videatur.
2221 2496 2305 2527 «Sed
2331 2497 2375 2527 di-
2388 2503 2483 2525 Gratiana

1421 2538 1633 2575 stinguendum
1657 2542 1701 2568 est
1724 2540 1772 2569 hic
1786 2550 1792 2569 ε
1816 2540 1898 2571 alind
1914 2549 1979 2571 esse
1995 2542 2146 2573 dimittere
2162 2544 2309 2575 volentem
2326 2554 2373 2576 co-

1422 2586 1574 2622 habitare,
1597 2587 1677 2617 11111111
1701 2588 1810 2618 dimitti
1832 2593 1957 2628 propter
1983 2591 2077 2621 Deum
2100 2592 2137 2621 ab
2159 2592 2209 2622 illo
2233 2594 2283 2632 qui
2306 2594 2372 2624 hor-

1420 2638 1466 2664 ret
1488 2643 1595 2664 nomen
1619 2635 1735 2665 Christi.
1759 2636 1801 2666 lbi
1823 2637 1873 2667 lex
1896 2638 2121 2670 benevolentiae
2144 2648 2202 2670 non
2223 2645 2370 2680 servatur,

1420 2683 1470 2713 liic
1492 2684 1602 2713 veritas
1624 2685 1800 2715 custoditur.
1818 2687 1854 2715 Et
1870 2687 1951 2723 ideo,
1967 2696 2035 2717 cum
2052 2688 2141 2718 liceat
2155 2689 2306 2721 dimittere
2322 2700 2371 2721 vo-

1419 2731 1526 2761 lentem
1556 2733 1747 2770 cohabitare,
1770 2742 1827 2763 non
1853 2738 1967 2772 tamen,
1991 2744 2025 2765 ea
2049 2736 2183 2773 vivente,
2205 2728 2294 2768 aliam
2317 2739 2371 2769 du-

1418 2789 1487 2811 cere
1509 2780 1595 2815 licet;
1616 2781 1819 2811 discedentem
1843 2791 1914 2812 vero
1936 2784 2021 2822 sequi
2044 2793 2103 2814 non
2126 2789 2260 2823 oportet,
2283 2790 2311 2817 et
2333 2796 2368 2818 ea

1419 2828 1553 2863 vivente,
1586 2828 1675 2858 aliam
1708 2829 1819 2859 ducere
1851 2830 1929 2860 licet..
1953 2831 2011 2861 Sed
2034 2832 2092 2862 hoc
2114 2841 2172 2863 non
2195 2837 2239 2863 est
2261 2835 2368 2865 intelli-

1415 2876 1556 2914 gendum,
1570 2877 1624 2906 nisi
1640 2877 1676 2906 de
1693 2877 1739 2906 liis
1755 2878 1805 2916 qui
1824 2878 1851 2907 in
1869 2879 2043 2910 infidelitate
2059 2880 2116 2910 sibi
2133 2881 2265 2920 copulati
2288 2886 2364 2912 sunt.

1417 2924 1475 2954 Sed
1496 2925 1519 2953 si
1543 2925 1579 2954 ad
1603 2925 1692 2955 fidem
1715 2929 1841 2964 uterque
1857 2935 2021 2958 conversus
2037 2932 2098 2965 est,
2122 2929 2167 2959 vel
2190 2931 2213 2959 si
2237 2933 2364 2970 uterque

469 3088 476 3104 ¹
496 3089 556 3115 Loe.
579 3091 619 3116 cit.
640 3098 661 3115 c.
683 3092 723 3116 18.
744 3099 767 3116 n.
790 3093 830 3124 20,
852 3092 895 3118 ubi
910 3094 1002 3119 citatur
1016 3095 1089 3120 Rom.
1112 3095 1151 3125 14,
1173 3096 1215 3121 23.
1237 3097 1296 3129 Seq.
1317 3097 1350 3122 lo-

398 3137 443 3157 cus
461 3137 499 3158 est
518 3133 579 3158 ibid.
601 3141 621 3159 c.
643 3135 683 3160 20.
704 3142 727 3160 11.
749 3135 793 3168 24;
814 3136 840 3161 C.
861 3136 906 3163 Sic
924 3137 1008 3170 enim,
1030 3138 1092 3163 ibid.
1113 3139 1128 3171 S
1148 3139 1172 3164 5.

468 3176 477 3192 ‘2
497 3176 565 3202 Libr.
588 3178 603 3202 1.
626 3178 658 3203 (le
677 3180 758 3204 Serm.
774 3180 874 3205 Domini
895 3181 918 3205 in
940 3185 1034 3212 monte,
1052 3189 1073 3207 c.
1096 3183 1136 3207 16.
1153 3190 1176 3208 11.
1192 3183 1237 3214 45;
1253 3183 1279 3209 C.
1293 3183 1350 3210 Ido-

399 3217 505 3245 lolatria
525 3220 580 3252 (5.),
594 3221 657 3248 ibid.
673 3224 731 3255 Seq.
746 3224 817 3249 locus
831 3227 868 3249 est
882 3226 906 3249 in
920 3226 1008 3251 Glossa
1023 3227 1048 3250 in
1063 3226 1079 3251 l.
1094 3226 1152 3252 Cor.
1168 3228 1193 3259 7,
1220 3228 1256 3259 ¹5,
1278 3229 1348 3259 apud

397 3262 539 3295 Lyranum,
553 3266 697 3291 secundum
714 3268 832 3300 August„
849 3268 864 3293 1.
880 3268 912 3293 de
929 3268 1062 3301 Coniugiis
1077 3270 1156 3296 adult.
1171 3278 1194 3296 c.
1213 3272 1251 3296 17,
1266 3278 1290 3297 11.
1306 3273 1346 3297 19,

467 3305 477 3322 ³
498 3307 522 3330 ln
547 3309 586 3332 cit.
608 3310 739 3341 Sermone,
760 3317 780 3335 c.
802 3312 842 3336 16.
863 3319 886 3336 u.
908 3312 948 3344 46,
969 3316 993 3337 et
1013 3320 1067 3338 can.
1088 3314 1127 3338 cit.
1148 3314 1162 3346 S
1187 3315 1206 3339 1.
1234 3315 1292 3347 Seq.
1312 3315 1347 3340 lo-

397 3354 443 3373 cus
462 3353 499 3374 est
519 3351 634 3383 August„
657 3353 687 3376 de
707 3353 767 3378 Fide
796 3358 818 3379 et
847 3356 979 3388 operibus,
1000 3363 1020 3381 c.
1049 3358 1088 3382 16.
1109 3365 1132 3382 11.
1154 3359 1201 3390 28;
1221 3358 1247 3384 C.
1270 3359 1347 3385 Umor

1416 3097 1532 3131 legitima
1545 3099 1601 3131 (4.),
1615 3100 1688 3132 ibid,
1703 3104 1727 3126 et
1740 3102 1876 3132 respicitur
1896 3102 1950 3127 Gal.
1966 3103 1996 3135 5,
2010 3103 2034 3128 6.
2046 3117 2079 3120 ——
2091 3104 2137 3128 pro
2152 3109 2280 3137 congeras
2294 3104 2361 3136 edd„

1414 3146 1519 3173 excepta
1541 3144 1563 3174 1,
1583 3150 1737 3177 conpressas,
1760 3145 1949 3177 refragantibus
1969 3146 2053 3178 codd,
2074 3153 2172 3172 canone
2191 3151 2215 3173 et
2234 3148 2360 3179 originali.

1484 3183 1493 3201 ¹¹
1513 3185 1656 3212 Comment.
1677 3188 1700 3212 111
1721 3188 1736 3212 l.
1757 3188 1814 3214 Cor.
1834 3188 1863 3219 7,
1886 3189 1926 3214 14,
1947 3190 2024 3221 (inter
2040 3197 2119 3222 opera
2138 3192 2218 3223 eius),
2239 3191 2359 3224 Gratiam,

1412 3229 1504 3254 introd.
1525 3230 1549 3254 iu
1570 3229 1596 3255 C.
1617 3231 1657 3255 28.
1678 3239 1702 3263 q.
1724 3232 1747 3256 ⁶2.
1768 3232 1826 3264 Seq.
1848 3233 1919 3258 loeus
1938 3237 1976 3259 est
1995 3233 2020 3259 C.
2042 3233 2073 3260 Si
2090 3234 2150 3267 quis
2170 3235 2225 3267 (t.),
2246 3235 2308 3260 ibid.

1482 3273 1492 3289 ⁵
1511 3273 1587 3304 Epist.
1608 3274 1623 3298 1.
1644 3274 1701 3300 Cor.
1722 3276 1751 3306 7,
1774 3275 1813 3300 15.
1835 3277 1893 3309 Seq.
1914 3277 1985 3302 locus
1998 3282 2036 3303 est
2049 3279 2073 3302 111
2088 3277 2231 3304 Comment.
2246 3280 2321 3304 citato
2334 3279 2359 3304 111

1411 3317 1581 3348 praecedente
1600 3323 1668 3350 nota,
1689 3326 1714 3344 v.
1739 3320 1784 3351 ¹6,
1804 3319 1830 3345 C.
1851 3320 1882 3347 Si
1905 3320 2018 3354 infidelis
2044 3322 2101 3355 (2.)‚
2121 3322 2192 3355 ibid.,
2212 3323 2258 3348 sed
2277 3323 2312 3349 ibi
2331 3324 2359 3348 111·

1410 3361 1513 3393 antiqua
1533 3361 1643 3387 editione
1664 3363 1762 3388 Decreti
1782 3364 1845 3389 salso
1865 3365 1976 3390 tributus
1995 3368 2033 3391 est
2052 3366 2186 3398 Gregorio.
