2483 3882
2 836 107 886 iliplieatio

1 887 4 908 ι
12 878 106 898 auctoru.

1 1098 3 1147 j
10 1114 51 1143 pleis
57 1118 111 1134 com-

0 1149 3 1173 i
12 1142 69 1162 rano.

9 1534 112 1562 ipplicatio

1 1563 2 1594 i
17 1561 112 1583 notanda.

771 214 864 246 DlST.
890 213 948 245 xli.
974 212 1003 244 P.
1028 211 1048 243 1.
1072 211 1154 242 ART.
1180 210 1199 241 l.
1225 209 1377 250 QUAEST.
1402 208 1423 239 l.

91 412 96 417 '
118 414 309 448 substantiae
333 416 363 445 et
379 411 548 444 accidentis
569 409 673 452 quoad
689 408 802 440 modos
826 408 1066 448 consequentes,

117 468 171 510 qui
185 470 258 500 sunt
272 464 496 507 inseparabiles
514 462 689 495 secundum
707 460 876 503 potentiam
890 456 1067 490 naturalem

117 539 160 544 —-
180 520 250 552 ideo
274 528 329 560 per
353 516 536 550 huiusmodi
560 515 676 547 habent
700 512 851 545 notificari
874 529 916 534 —
938 512 1069 552 possunt

119 578 223 605 tamen
247 580 303 613 per
327 569 496 612 potentiam
522 576 619 609 supra
643 570 787 598 naturam
814 563 940 596 auferri.
968 562 1001 594 Et
1025 561 1069 593 sic

119 625 308 667 respondent
342 623 382 655 ad
417 622 537 654 obiecta
554 620 576 659 ¹,
601 619 674 661 quia
702 618 911 659 oppositiones
936 617 1069 647 currunt

120 678 223 720 quoad
247 677 382 709 rationes
406 675 544 707 dicentes
568 672 752 705 essentiam.
777 669 924 702 Similiter
957 668 995 700 de
1019 676 1070 708 op-

118 731 271 773 positione
294 729 398 771 quoad
424 727 614 760 differentias
639 724 828 757 essentiales.

210 783 311 815 Potest
335 785 438 813 tamen
468 779 526 812 dici
556 778 656 816 aliter,
681 777 765 819 quod
793 775 937 808 accidens
966 777 996 805 et
1024 775 1070 805 est

122 837 289 874 aeeiclens,
315 838 345 867 et
369 835 482 866 iterum
508 835 555 865 est
579 831 723 863 accidens
752 828 926 862 secundum
951 825 1071 868 speeies

122 891 187 924 sive
212 888 403 922 differentias
426 884 591 927 speciale-5.
616 884 691 915 Nam
717 883 747 914 in
772 884 925 923 quantum
951 887 1072 919 compa-

122 948 211 977 ratur
236 943 274 975 acl
299 941 494 977 subiectum,
514 937 608 969 babet
632 936 691 969 dici
709 935 861 967 aeeictens
875 933 906 971 “2;
924 933 953 964 in
978 940 1073 973 quan-

123 1002 190 1030 tum
215 996 254 1028 ad
279 993 515 1036 operationem,
540 990 634 1022 habet
658 988 717 1021 dici
743 987 810 1019 lioe.
834 1006 873 1009 —
896 984 1072 1017 Notandum

124 1051 233 1093 igitur,
257 1047 341 1090 quod
359 1047 439 1079 sicut
454 1043 646 1085 comparatio
671 1039 839 1074 accidentis
857 1039 896 1071 ad
914 1036 1073 1079 operatio-

127 1113 196 1136 nem
221 1105 267 1134 est
292 1099 472 1141 dupliciter,
498 1096 615 1129 scilicet
639 1093 814 1126 secundum
839 1095 951 1123 aetum
976 1093 1006 1122 et
1032 1098 1075 1121 εθ-

125 1156 263 1189 cundum
289 1151 505 1195 aptitudinem
517 1162 528 1188 ,·
545 1150 586 1181 ita
608 1148 700 1180 etiam
719 1147 758 1179 ad
775 1145 966 1177 subiectum.
991 1143 1076 1174 Com-

124 1208 244 1251 paratio
269 1215 343 1238 vero
379 1203 548 1237 accidentis
582 1201 622 1233 ad
659 1199 818 1241 propriam
855 1195 1076 1238 operationem

125 1261 299 1295 secundum
324 1257 542 1300 aptitudinem
560 1259 605 1287 est
621 1252 803 1286 essentialis
823 1254 853 1282 et
875 1247 1078 1290 inseparabi-

125 1315 185 1352 tts;
209 1313 293 1346 unde
321 1320 382 1343 non
412 1313 514 1352 potest
537 1316 619 1346 esse,
645 1305 728 1348 quod
754 1305 793 1336 sit
817 1302 929 1335 albedo
961 1305 991 1332 et
1016 1309 1077 1331 non

124 1368 163 1401 sit
188 1365 398 1408 disgregativa
411 1364 431 1394 ³.
456 1359 654 1403 Comparatio
671 1357 846 1390 secundum
871 1358 984 1386 aetum
1008 1362 1079 1384 eon-

125 1420 273 1463 sequitur
298 1416 489 1452 essentiam,·
520 1414 602 1445 unde
633 1414 738 1454 posset
763 1409 908 1442 accidens
937 1406 1077 1449 separari

126 1474 165 1506 ab
190 1471 317 1505 actuali
340 1469 533 1512 operatione,
552 1466 636 1499 unde
660 1463 771 1496 albedo
793 1471 853 1494 non
872 1469 995 1501 semper
1020 1459 1079 1491 dis-

127 1529 244 1568 gregat.
261 1543 304 1547 -—
321 1523 369 1555 Sic
386 1521 554 1554 <licendum
566 1546 573 1558 ,
591 1518 674 1560 quod
697 1514 889 1557 comparatio
910 1511 1080 1544 accidentis

128 1580 166 1612 ad
191 1578 373 1610 subiectum
406 1574 580 1607 secundum
605 1569 821 1612 aptitudinem
853 1571 899 1599 est
935 1565 1081 1598 essentia-

129 1633 181 1669 lis;
205 1636 236 1663 et
260 1631 336 1662 haec
360 1635 522 1669 nunquam
551 1625 693 1666 privatur
718 1622 757 1654 ab
781 1621 940 1653 accidente
966 1627 1020 1650 nec
1041 1617 1080 1649 ab

133 1685 193 1717 illis
218 1682 396 1725 speciebus,
429 1688 540 1712 verum
566 1681 612 1710 est
636 1676 718 1708 enim
752 1674 870 1711 dicere,
899 1671 983 1713 quod
1009 1674 1082 1702 sunt

130 1741 220 1770 natae
244 1744 312 1768 esse
344 1735 373 1766 in
404 1733 553 1765 subiecto.
586 1728 783 1770 Comparatio
816 1735 890 1757 vero
915 1723 1081 1760 actualis,

131 1789 276 1832 quamvis
307 1795 431 1828 semper
456 1786 528 1817 insit
552 1787 623 1816 actu
648 1781 823 1814 secundnm
855 1782 1017 1815 naturam,
1041 1780 1083 1808 ta-

132 1851 204 1875 men
228 1841 377 1884 sequitur
401 1837 589 1874 essentiam,
611 1839 641 1867 et
664 1834 733 1866 ideo
758 1833 797 1864 ab
822 1832 879 1863 isto
893 1831 903 1845 ⁴
923 1833 1023 1871 potest
1040 1837 1084 1860 se-

133 1895 237 1938 parari
264 1894 330 1926 sine
354 1892 459 1934 aliquo
488 1887 715 1922 inconvenienti
740 1885 878 1928 potentia
914 1892 1010 1924 supra
1035 1891 1085 1914 na-

134 1953 248 1981 turam.
275 1947 324 1979 His
349 1946 437 1982 visis,
463 1947 547 1986 patet
571 1940 733 1983 responsio
757 1939 796 1971 ad
822 1938 951 1970 obiecta.

225 2003 251 2032 l.
277 2002 306 2032 ἰ).
333 1998 422 2040 Quod
447 1997 528 2029 enim
565 1994 687 2032 obiicit,
712 1992 797 2034 quod
830 1990 995 2023 definitum
1025 1998 1084 2020 non

2017 204 2075 235 27¹1

1131 301 1231 339 potest
1262 296 1401 338 separari
1427 305 1444 327 a
1476 294 1673 332 definitione,
1706 293 1890 330 dicendum,
1917 291 2000 332 quod
2032 299 2083 321 no-

1132 351 1216 382 mina
1233 350 1263 381 in
1289 349 1468 382 definitione
1484 348 1598 390 posita,
1617 346 1761 379 similiter
1783 348 1812 377 et
1838 344 1934 376 verba
1952 343 2082 375 dicunt³

1131 402 1369 445 aptitudinem,
1386 410 1447 433 non
1466 408 1590 442 semper
1607 402 1739 435 aetum,·
1756 401 1786 429 et
1810 397 1879 429 ideo
1897 396 1981 434 dico,
1999 394 2083 437 quod

1132 456 1291 494 accidens,
1315 454 1461 496 quamvis
1492 463 1553 485 non
1579 452 1617 485 sit
1650 452 1680 483 in
1706 450 1860 488 subiecto,
1892 457 1955 481 non
1979 452 2082 480 tamen

1133 512 1298 550 separatur
1322 517 1340 539 a
1364 516 1421 539 sna
1438 506 1632 544 definitione,
1659 504 1754 535 immo
1771 503 1798 535 ei
1823 501 1980 539 convenit,
2010 499 2085 542 quia

1133 565 1248 602 aptam
1265 564 1312 593 est
1328 568 1395 592 esse
1420 559 1449 590 in
1472 559 1620 591 subiecto.
1639 576 1683 580 —
1699 557 1783 588 Patet
1804 556 1897 587 etiam
1924 553 2085 595 responsio

1134 614 1173 646 ad
1199 621 1333 654 sequens
1358 612 1397 644 de
1420 612 1614 653 operatione,
1640 610 1713 651 quia
1738 609 1791 640 illa
1815 607 1968 645 tilessnitio,
1994 607 2019 638 si
2045 606 2088 637 in-

1136 666 1294 708 telligatur
1320 665 1494 697 secundum
1520 667 1651 700 aetum,
1684 666 1731 694 est
1763 660 1965 703 separabilis;
1994 659 2018 691 si
2045 668 2088 691 se-

1135 719 1276 752 cundum
1300 717 1538 759 aptitudinem,
1563 720 1675 748 neutra
1699 718 1746 747 est
1770 713 1963 756 separabilis.

1225 771 1254 803 3.
1279 771 1323 803 Ad
1348 770 1426 802 illud
1452 769 1536 811 quod
1562 769 1707 800 obiicitur
1732 768 1770 799 de
1795 776 1877 804 esse,
1903 765 2089 803 dicendum,

1136 824 1221 866 quod
1245 832 1306 855 non
1339 826 1385 855 est
1414 822 1531 854 simile:
1564 821 1638 862 quia
1669 830 1734 851 esse
1766 820 1841 851 dicit
1872 822 1975 851 actum
2009 817 2088 849 entis

1137 877 1296 915 absolute,
1320 876 1375 908 sed
1404 875 1507 906 inesse
1532 878 1636 906 actum
1673 873 1842 905 accidentis
1874 872 1903 903 in
1930 879 2089 912 compara-

1138 930 1220 962 tione
1244 929 1284 961 ad
1308 937 1375 961 rem
1400 927 1531 960 alterius
1548 925 1710 968 generiss‘3
1735 929 1764 957 et
1788 925 1862 966 quia
1883 932 1934 956 res
1958 923 2090 955 alterius

1139 982 1262 1024 generis
1287 981 1413 1014 diversa
1441 983 1504 1019 est,
1529 983 1630 1021 potest
1663 977 1879 1010 circumscribi
1913 976 2091 1008 intellectus

1139 1036 1207 1068 eius
1232 1045 1249 1067 a
1275 1044 1308 1067 re
1331 1034 1385 1065 illa
1410 1033 1475 1065 sive
1500 1032 1658 1074 separari,
1682 1040 1742 1062 non
1769 1031 1812 1062 sic
1836 1039 1901 1061 esse
1926 1029 1965 1061 ab
1991 1032 2069 1060 ente.

1228 1088 1258 1119 li.
1283 1087 1325 1118 Ad
1344 1086 1422 1118 illud
1448 1085 1531 1127 quod
1550 1084 1696 1116 obiicitur
1721 1083 1760 1115 de
1776 1082 1966 1119 substantia,
1992 1081 2094 1112 dicen-

1141 1142 1235 1179 dum,
1261 1140 1345 1182 quod
1370 1139 1542 1171 accidentia
1567 1138 1620 1169 illa
1644 1144 1806 1178 nunquam
1836 1134 2024 1176 participant
2048 1142 2093 1164 ra-

1143 1195 1256 1226 tionem
1281 1191 1486 1225 substantiae
1495 1203 1506 1229 ‚·
1530 1199 1601 1222 nam
1626 1188 1814 1221 substantia
1832 1188 1946 1219 dicitur
1972 1195 2021 1218 res
2039 1194 2094 1226 per

1142 1256 1175 1280 se
1199 1247 1358 1285 existens,
1396 1246 1438 1277 ita
1462 1244 1546 1286 quod
1584 1246 1655 1274 nata
1679 1246 1726 1274 est
1758 1250 1813 1283 per
1839 1250 1871 1272 se
1896 1240 2033 1272 existere
2066 1242 2094 1269 et

1143 1300 1230 1332 nullo
1254 1299 1348 1331 modo
1374 1299 1403 1330 in
1428 1298 1506 1336 alio,
1536 1297 1595 1328 hoc
1619 1299 1725 1328 autem
1751 1294 1837 1326 nullo
1864 1293 1955 1325 modo
1988 1299 2096 1323 conve-

1143 1354 1188 1385 nit
1211 1353 1272 1384 illis
1297 1350 1526 1388 accidentibus,
1552 1350 1647 1381 immo
1668 1352 1739 1379 nata
1765 1350 1838 1379 sunt
1854 1355 1922 1378 esse
1947 1346 1976 1377 in
2001 1345 2072 1377 alio.

1234 1407 1261 1437 3.
1287 1405 1330 1436 Ad
1355 1404 1433 1436 illud
1459 1403 1543 1445 qnod
1575 1402 1721 1433 obiicitur
1746 1401 1784 1432 de
1814 1399 2020 1441 oppositione,
2055 1397 2098 1429 di-

1144 1459 1294 1496 cendum,
1319 1457 1401 1499 quod
1433 1455 1626 1489 differentiae
1663 1454 1777 1486 debent
1801 1453 1905 1485 dicero
1941 1450 2097 1492 aptitudi-

1145 1522 1235 1550 nem,
1261 1511 1341 1543 sicut
1365 1514 1394 1542 et
1419 1508 1624 1542 definitiones.
1650 1507 1678 1538 Si
1705 1507 1799 1548 igitur
1835 1505 2029 1546 accipiantur
2054 1511 2099 1535 se-

1145 1564 1285 1597 cundum
1310 1561 1529 1604 aptitudinem
1550 1559 1740 1592 naturalem
1767 1568 1822 1590 ens
1840 1568 1900 1599 per
1922 1567 1970 1595 se,
1989 1557 2020 1588 id
2038 1560 2099 1594 θεῖ,

1145 1617 1230 1660 quod
1255 1620 1362 1648 natum
1388 1619 1435 1647 est
1459 1623 1526 1646 esse
1550 1622 1606 1654 per
1632 1622 1682 1650 se,
1708 1611 1851 1644 similiter
1877 1619 1931 1641 ens
1957 1610 1991 1641 tn
2017 1609 2099 1646 alio,

1147 1670 1178 1702 id
1203 1673 1269 1706 est7
1294 1668 1378 1710 quod
1403 1670 1510 1698 natum
1540 1669 1587 1698 est
1611 1673 1679 1697 esse
1696 1664 1727 1695 in
1751 1663 1829 1702 alio;
1848 1663 1928 1695 sicut
1957 1662 2102 1694 accidens

1148 1730 1309 1763 nunquam
1334 1720 1500 1762 participat
1524 1727 1638 1750 nomen
1662 1716 1873 1754 substantiae,
1899 1716 1939 1747 ita
1964 1723 2020 1746 nec
2049 1713 2103 1746 dif-

1146 1774 1311 1807 ferentiam
1345 1773 1428 1805 dicto
1461 1772 1563 1803 modo.
1596 1771 1717 1802 Dicitur
1742 1772 1847 1801 autem
1880 1768 2025 1800 accidens
2049 1776 2103 1799 ens·

1147 1837 1205 1869 per
1240 1837 1272 1858 se
1305 1829 1459 1868 quantum
1498 1824 1538 1856 ad
1573 1824 1736 1860 aetum⁷;
1777 1826 1807 1854 et
1846 1821 1889 1853 sic
1928 1830 1989 1852 non
2030 1819 2104 1852 dicit

1149 1880 1369 1923 differentiam
1406 1877 1627 1915 essentialem,
1662 1876 1716 1909 sed
1749 1875 1881 1907 mollum
1916 1883 2106 1916 consequen-

1152 1938 1212 1966 tem
1237 1932 1431 1969 essentiam·
1456 1935 1486 1964 et
1515 1931 1545 1962 in
1571 1930 1686 1962 talibus
1711 1927 1896 1961 differentiis
1929 1936 1989 1959 non
2023 1929 2107 1958 tenet

1153 1986 1295 2019 obiectio.

974 2117 1270 2159 SGHOLION.

209 2250 224 2274 l.
246 2248 337 2281 Quoad
358 2247 522 2280 quaestiones
542 2245 618 2270 liuius
637 2243 735 2268 articuli
758 2240 867 2266 notanda
887 2242 925 2265 θεῖ
945 2239 1089 2271 propositio

139 2296 185 2327 (2.)
206 2294 306 2319 loannis
325 2292 445 2323 Wiklesf,
465 2298 479 2315 a
498 2289 611 2315 Concilio
630 2287 759 2313 Constant.
781 2286 915 2310 damnata:
939 2293 950 2306 α
965 2283 1088 2308 Acciden—

143 2340 175 2364 tia
196 2339 269 2370 panis
294 2344 344 2362 non
370 2338 474 2361 manent
503 2335 558 2359 sine
585 2332 702 2357 subiecto
731 2332 754 2355 in
781 2330 874 2355 eodeni
893 2329 1059 2353 Sacramento
1077 2335 1088 2349 »

140 2384 196 2413 (cfr.
216 2383 262 2407 aliu
292 2381 418 2406 Ecclesiae
448 2379 549 2404 decreta
576 2377 696 2408 superius
722 2375 818 2406 pluries
848 2374 929 2404 citata,
950 2372 1090 2403 praecipue

140 2428 208 2452 Sess.
235 2426 272 2450 13.
292 2424 397 2450 Concilii
417 2423 553 2453 'l‘rident.).
584 2420 754 2445 Nihilominus
784 2417 935 2449 prodierunt
954 2423 984 2441 ex
1004 2415 1091 2440 schola

142 2471 247 2496 Cartcsii
267 2464 362 2501 plures,
382 2468 439 2500 qui,
460 2473 519 2492 curn
540 2467 678 2496 negarent,
700 2463 839 2488 accidentia
862 2462 967 2492 physica
993 2459 1093 2484 realiter

142 2523 156 2540 a
175 2514 316 2540 substantia
336 2519 393 2537 esse
413 2512 542 2541 distincta⁷
559 2510 712 2541 posuerunt,
726 2505 823 2539 species
837 2506 913 2530 liuius
928 2503 1094 2534 sacramenti,

142 2559 175 2584 de
194 2558 290 2591 quibus
310 2557 423 2589 loquitur
442 2554 537 2580 Concil.
559 2553 685 2583 Trident.7
706 2557 756 2576 non
776 2557 832 2574 esse
852 2549 898 2574 nisi
919 2546 1095 2572 intentionales

143 2604 199 2628 sive
219 2602 345 2634 quasdam
366 2599 546 2625 similitudiiics
574 2603 598 2622 et
625 2596 798 2627 apparitiones
822 2593 1007 2620 accidentium
1029 2597 1096 2622 quae

146 2648 234 2679 opinio
253 2649 321 2671 recte
341 2653 354 2670 a
373 2644 504 2669 catholicis
533 2642 659 2673 theologis
688 2639 815 2664 iudicatur
840 2644 897 2662 csse
916 2636 978 2661 salsa
997 2637 1021 2660 in
1043 2635 1096 2666 plii-

147 2691 264 2722 losophia
284 2693 309 2715 et
327 2683 435 2721 prorsus
455 2686 593 2712 rciicicnda
613 2686 637 2709 in
658 2684 795 2714 theologia.

218 2733 441 2759 ll.·C0nnnunite1·
470 2730 617 2756 ScliolastIci
643 2728 804 2759 distinguunt
833 2725 927 2756 duplex
952 2724 1097 2755 specierum

146 2778 300 2809 subiectum,
320 2778 415 2802 scilicet
439 2776 548 2800 alterum
577 2772 743 2798 substantiale
769 2774 793 2795 ct
812 2775 949 2799 remotum,
970 2767 1041 2800 quod
1061 2771 1099 2791 ost

149 2821 311 2853 substantia,
334 2821 443 2846 alterum
472 2818 626 2844 accidentale
646 2820 670 2841 et
690 2816 850 2848 proximum⁷
871 2813 941 2845 qnod
962 2815 999 2837 cst
1018 2818 1100 2845 quun-

150 2866 219 2898 ῐὶἰαε,
242 2873 308 2898 quae
328 2866 381 2896 ipsa
402 2863 551 2889 immediate
570 2863 685 2886 inlinerct
709 2859 866 2885 substantiae
892 2857 1022 2888 simulque
1042 2862 1099 2887 pro-

147 2911 245 2935 ximum
266 2909 411 2935 subiectum
431 2911 469 2933 est
488 2907 597 2932 aliorum
618 2905 797 2930 accidentium.
818 2903 881 2927 llinc
901 2901 978 2926 iidem
998 2900 1099 2930 docent,

148 2953 238 2980 omnia
256 2953 395 2979 accidentia
415 2953 439 2977 in
460 2952 626 2976 sacramento
646 2955 703 2974 esse
722 2949 776 2973 sino
790 2946 905 2971 subiecto
919 2941 1098 2974 substantiali,

1154 2237 1201 2263 sed
1219 2236 1300 2269 plura
1321 2235 1477 2266 accidentia,
1498 2238 1526 2259 ut
1546 2233 1694 2266 qualitates,
1710 2238 1769 2256 cum
1784 2231 1846 2255 alias
1867 2230 2013 2255 naturaliter
2034 2229 2109 2253 insint

1155 2281 1314 2306 substantiae
1334 2279 1462 2304 mediante
1483 2278 1623 2310 quantitate
1652 2276 1709 2307 (cfr.
1729 2275 1792 2299 inl'ra
1814 2281 1836 2299 a.
1858 2275 1881 2298 2.
1903 2280 1926 2305 q.
1948 2273 1971 2297 3.
1993 2273 2016 2297 in
2038 2278 2109 2303 corp.

1156 2328 1181 2350 et
1200 2324 1314 2349 fundam,
1336 2324 1365 2354 5;
1386 2324 1410 2348 S.
1432 2323 1534 2353 Tuom,
1555 2322 1579 2345 S.
1600 2321 1635 2345 lll.
1656 2328 1680 2352 q.
1700 2320 1742 2344 77.
1763 2326 1786 2343 a.
1813 2319 1857 2349 2.),
1878 2318 1955 2342 etiam
1975 2317 1999 2340 in
2024 2316 2109 2340 Sacra-

1157 2372 1244 2393 mento
1263 2367 1294 2393 cle
1316 2366 1386 2400 facto
1408 2373 1456 2391 non
1487 2373 1543 2391 csse
1568 2366 1623 2389 sine
1651 2363 1767 2389 subiecto
1788 2369 1835 2387 sno
1853 2360 1981 2394 prouvino
2003 2360 2110 2392 (quanti-

1158 2415 1226 2443 tate),
1247 2413 1313 2437 sicut
1332 2415 1390 2436 ante
1413 2410 1642 2435 consecrationem.
1662 2409 1716 2433 Hoc
1736 2412 1820 2432 tamon
1842 2410 1935 2437 negant
1965 2404 2110 2429 Nominalcs

1159 2456 1281 2485 dicentes,
1296 2456 1463 2487 quantitatem
1484 2461 1533 2479 non
1555 2453 1677 2484 distingui
1697 2452 1798 2476 realiter
1818 2457 1831 2475 a
1851 2457 1879 2474 re
1897 2451 1999 2481 quanta.
2014 2462 2047 2465 —
2060 2447 2111 2472 Sed

1159 2501 1179 2525 si
1194 2503 1333 2532 quaeratur
1347 2499 1379 2524 de
1389 2497 1521 2532 possibili,
1537 2499 1596 2522 sunt
1615 2496 1702 2527 mulii,
1720 2496 1763 2527 qui
1778 2501 1836 2519 cum
1852 2492 1988 2523 menardo,
2003 2491 2110 2522 Aegidio

1160 2547 1184 2569 et
1204 2543 1326 2568 Durando
1346 2543 1442 2573 dicunt,
1462 2548 1512 2566 non
1533 2540 1622 2566 omnia
1643 2539 1783 2564 accidentia
1810 2544 1885 2568 posse
1905 2543 1960 2561 osse
1980 2537 2034 2560 sine
2053 2535 2111 2560 snb-

1161 2590 1234 2619 iectuy
1257 2588 1408 2618 praesertim
1429 2586 1547 2616 relativa,
1571 2585 1602 2609 de
1626 2591 1678 2616 quo
1698 2583 1790 2607 diffuse
1810 2583 1863 2613 agit
1882 2582 1958 2610 Soet„
1980 2581 2020 2605 liic
2040 2587 2064 2612 q.
2085 2580 2109 2604 2.

1160 2635 1185 2657 et
1204 2639 1228 2663 (1.
1254 2632 1273 2655 l.
1294 2638 1317 2655 n.
1338 2630 1361 2655 5.
1382 2637 1454 2661 seqq.
1474 2643 1509 2647 —
1522 2628 1727 2654 Controvertitur
1747 2627 1823 2651 ctiam
1838 2627 1903 2651 inter
1916 2624 2031 2649 scholam
2045 2624 2112 2648 Scoti

1161 2680 1186 2701 ct
1205 2676 1229 2700 S.
1250 2676 1374 2705 Tliomae‚
1396 2677 1482 2698 utrum
1504 2671 1680 2697 accidentibus
1694 2669 1888 2695 remanentibus
1902 2669 2025 2693 divinitus
2039 2667 2113 2692 detur

1163 2719 1258 2744 modus
1287 2718 1393 2750 quidam
1421 2715 1549 2750 positivus
1573 2716 1597 2740 et
1623 2720 1798 2748 permanens,
1822 2720 1874 2745 quo
1894 2714 1943 2737 sint
1963 2719 2009 2743 per
2028 2718 2064 2739 so,
2088 2714 2113 2736 ut

1163 2764 1267 2788 videtur
1287 2763 1381 2787 docere
1400 2762 1424 2786 S.
1446 2761 1538 2785 Thetin.
1560 2760 1594 2790 (S.
1616 2759 1651 2784 lll.
1673 2767 1697 2791 q.
1717 2759 1759 2783 77.
1780 2765 1802 2783 a.
1825 2758 1847 2782 l.
1868 2757 1900 2782 ad
1921 2757 1944 2788 t,
1964 2764 1986 2780 a.
2001 2757 2024 2780 ⁶2,
2039 2755 2072 2780 ad
2091 2756 2111 2780 l.

1164 2812 1188 2833 et
1207 2809 1248 2832 liic
1267 2814 1292 2839 q.
1317 2807 1336 2830 1.
1357 2813 1379 2830 a.
1400 2806 1444 2836 2.),
1465 2811 1505 2833 an,
1527 2806 1553 2828 nt
1572 2804 1635 2835 sint,
1657 2804 1753 2827 tantum
1783 2800 1894 2826 babeant
1915 2799 2114 2831 dependenti-am

1164 2853 1311 2878 continuam
1332 2858 1344 2874 a
1365 2850 1458 2874 rii-tute
1479 2848 1523 2872 Dei
1544 2854 1590 2878 per
1610 2846 1717 2871 modum
1738 2845 1870 2870 ossicicntis
1889 2851 1918 2867 cn
1934 2846 2113 2873 conservatum

1165 2895 1236 2929 quod
1261 2896 1316 2920 fuse
1342 2893 1417 2919 docet
1442 2892 1509 2917 Scot.
1531 2891 1582 2922 (liic
1602 2897 1626 2922 q.
1652 2890 1691 2921 l.),
1712 2889 1752 2914 cui
1777 2888 1864 2913 favere
1890 2887 1993 2912 videtui·
2019 2886 2115 2912 modus

1165 2939 1287 2973 loquendi
1309 2946 1321 2962 n
1342 2937 1365 2961 S.
1386 2937 1566 2961 Bonaventurn
1588 2934 1684 2965 passini
1705 2935 1852 2964 usurpatus.

220 3100 229 3116 1
249 3100 310 3125 Fide
329 3099 405 3124 codd.
426 3098 565 3123 DEFGH
585 3097 603 3128 (Ι
624 3103 637 3120 a
664 3094 778 3120 secunda
806 3093 894 3124 mann)
915 3092 993 3123 LPQ
1014 3098 1056 3121 aa,
1077 3093 1101 3114 et

151 3148 268 3170 contextu
283 3145 414 3176 exigente,
429 3143 610 3174 supplevimus
627 3139 708 3165 verba
727 3138 840 3171 possunt
859 3138 947 3162 tumen
966 3141 1049 3167 usque
1069 3133 1102 3159 ad

153 3190 177 3214 et
195 3188 231 3214 sic
251 3187 410 3221 respondent
427 3186 463 3212 ad
480 3185 586 3212 obieeta.

221 3232 232 3247 2
251 3232 399 3263 Simplicius
427 3230 582 3262 (Comment.
611 3233 721 3259 operum
749 3226 851 3251 Aristot.
878 3223 981 3249 sacculo
1001 3223 1024 3247 6.
1045 3226 1103 3254 post

153 3276 302 3309 Christum),
324 3276 339 3301 l.
359 3276 392 3301 (le
412 3276 517 3305 Anima,
544 3276 600 3299 teat.
622 3273 652 3297 5:
677 3270 803 3296 Accidens
822 3269 895 3301 qnasi
916 3274 976 3293 cum
997 3267 1046 3292 alio
1065 3273 1103 3291 ca·
1134 3256 1137 3272 ¹

153 3320 217 3346 dens
235 3320 386 3352 appellatur.
407 3318 456 3345 Csr.
476 3318 573 3347 lsidor.,
593 3317 619 3341 ll.
639 3315 782 3346 Etymolog.
802 3320 824 3338 c.
845 3313 886 3337 26.
906 3319 930 3336 n.
953 3312 992 3336 112.
1012 3324 1047 3329 -—
1060 3311 1104 3335 Su-

154 3365 242 3394 perius
261 3371 309 3395 pro
329 3365 353 3389 et
370 3362 467 3388 iterum
487 3362 524 3387 est
543 3359 665 3386 accidens
685 3358 741 3384 cod.
762 3357 779 3382 F
798 3358 822 3382 et
840 3357 878 3382 est
897 3355 946 3382 hoo·
974 3354 1103 3381 accidens.

1234 3087 1245 3103 3
1265 3085 1326 3112 Cod.
1347 3085 1365 3109 Z
1384 3084 1456 3109 addit
1475 3081 1580 3112 liubila,
1603 3080 1662 3105 edd.
1683 3080 1805 3110 supplent
1824 3077 1905 3104 visus.

1235 3131 1245 3147 ⁴
1266 3131 1365 3155 Scilicet
1388 3127 1527 3153 accidente.
1546 3139 1582 3143 —
1610 3125 1656 3149 l'ro
1682 3123 1715 3149 ab
1744 3123 1807 3154 isto,
1836 3121 1907 3154 quod
1935 3121 1989 3146 Vat.
2010 3121 2116 3151 omittit,

1166 3175 1243 3202 codd.
1263 3174 1312 3199 ΒΥ
1332 3172 1365 3198 ab
1384 3171 1443 3197 ista.

1237 3219 1248 3235 ⁵
1267 3219 1292 3243 ln
1312 3217 1371 3242 edd.
1393 3215 1496 3240 additui·
1514 3211 1658 3238 interdum.

1237 3262 1247 3279 ⁵
1267 3262 1367 3287 Scilicet
1386 3258 1552 3284 substantiae.

1238 3307 1248 3323 7
1268 3306 1365 3336 Nempe
1385 3306 1510 3336 quantum
1530 3303 1562 3327 ad
1583 3304 1668 3327 actum
1683 3300 1820 3332 existendi,
1834 3306 1928 3332 quem,
1944 3299 1964 3324 si
1984 3300 2119 3330 separatur

1168 3359 1181 3377 a
1202 3350 1358 3380 substantia,
1378 3354 1424 3379 per
1443 3347 1585 3378 potentiam
1606 3346 1649 3371 Dei
1670 3345 1775 3370 obtinet.

2110 295 2190 326 Solutio
2206 301 2242 323 op-

2073 343 2081 347 ,
2098 324 2222 349 positorum.

2107 820 2235 842 Notandum.

2110 1138 2124 1159 N
2131 1137 2239 1159 otendum,
