<?xml version="1.0" encoding="UTF-8"?>
<!DOCTYPE html PUBLIC "-//W3C//DTD XHTML 1.0 Transitional//EN"
    "http://www.w3.org/TR/xhtml1/DTD/xhtml1-transitional.dtd">
<html xmlns="http://www.w3.org/1999/xhtml" xml:lang="en" lang="en">
 <head>
  <title>
</title>
<meta http-equiv="Content-Type" content="text/html;charset=utf-8" />
  <meta name='ocr-system' content='tesseract 3.04.00' />
  <meta name='ocr-capabilities' content='ocr_page ocr_carea ocr_par ocr_line ocrx_word'/>
</head>
<body>
  <div class='ocr_page' id='page_1' title='image "./doctorisseraphic04bona_0029.png"; bbox 0 0 2483 3882; ppageno 0'>
   <div class='ocr_carea' id='block_1_1' title="bbox 1024 247 2129 281">
    <p class='ocr_par' dir='ltr' id='par_1_1' title="bbox 1024 247 2129 281">
     <span class='ocr_line' id='line_1_1' title="bbox 1024 247 2129 281; baseline -0.005 0"><span class='ocrx_word' id='word_1_1' title='bbox 1024 250 1116 281; x_wconf 88' lang='lat' dir='ltr'>DlST.</span> <span class='ocrx_word' id='word_1_2' title='bbox 1142 249 1161 280; x_wconf 93' lang='grc' dir='ltr'>Ι.</span> <span class='ocrx_word' id='word_1_3' title='bbox 1186 250 1217 280; x_wconf 88' lang='grc' dir='ltr'>Ρ.</span> <span class='ocrx_word' id='word_1_4' title='bbox 1241 249 1274 280; x_wconf 86' lang='lat' dir='ltr'>tt.</span> <span class='ocrx_word' id='word_1_5' title='bbox 2111 247 2129 276; x_wconf 77' lang='grc'><strong>9</strong></span> 
     </span>
    </p>
   </div>
   <div class='ocr_carea' id='block_1_2' title="bbox 12 338 1124 1247">
    <p class='ocr_par' dir='ltr' id='par_1_2' title="bbox 26 338 1120 716">
     <span class='ocr_line' id='line_1_2' title="bbox 26 338 1117 381; baseline -0.012 -4"><span class='ocrx_word' id='word_1_6' title='bbox 26 352 117 374; x_wconf 81' lang='lat' dir='ltr'>Dubium</span> <span class='ocrx_word' id='word_1_7' title='bbox 131 350 151 371; x_wconf 85' lang='grc'>8-</span> <span class='ocrx_word' id='word_1_8' title='bbox 166 344 304 376; x_wconf 91' lang='lat' dir='ltr'>sibilibus</span> <span class='ocrx_word' id='word_1_9' title='bbox 326 343 433 379; x_wconf 80' lang='lat' dir='ltr'>rebus,</span> <span class='ocrx_word' id='word_1_10' title='bbox 456 350 534 381; x_wconf 84' lang='lat' dir='ltr'>quae</span> <span class='ocrx_word' id='word_1_11' title='bbox 549 344 656 371; x_wconf 83' lang='lat' dir='ltr'>natm-a</span> <span class='ocrx_word' id='word_1_12' title='bbox 673 339 747 369; x_wconf 79' lang='lat' dir='ltr'>inira</span> <span class='ocrx_word' id='word_1_13' title='bbox 764 338 863 376; x_wconf 91' lang='lat' dir='ltr'>ipsum</span> <span class='ocrx_word' id='word_1_14' title='bbox 878 339 963 371; x_wconf 89' lang='lat' dir='ltr'>sunt,</span> <span class='ocrx_word' id='word_1_15' title='bbox 979 344 1016 366; x_wconf 87' lang='lat' dir='ltr'>ex</span> <span class='ocrx_word' id='word_1_16' title='bbox 1033 344 1117 374; x_wconf 82' lang='lat' dir='ltr'>prae-</span> 
     </span>
     <span class='ocr_line' id='line_1_3' title="bbox 167 383 1117 432; baseline -0.012 -9"><span class='ocrx_word' id='word_1_17' title='bbox 167 397 255 432; x_wconf 90' lang='lat' dir='ltr'>cepto</span> <span class='ocrx_word' id='word_1_18' title='bbox 276 392 426 422; x_wconf 86' lang='lat' dir='ltr'>Creatoris</span> <span class='ocrx_word' id='word_1_19' title='bbox 448 399 480 420; x_wconf 88' lang='lat' dir='ltr'>se</span> <span class='ocrx_word' id='word_1_20' title='bbox 502 388 667 420; x_wconf 84' lang='lat' dir='ltr'>reverendo</span> <span class='ocrx_word' id='word_1_21' title='bbox 696 385 835 420; x_wconf 86' lang='lat' dir='ltr'>subiicit,</span> <span class='ocrx_word' id='word_1_22' title='bbox 857 393 894 415; x_wconf 84' lang='lat' dir='ltr'>ex</span> <span class='ocrx_word' id='word_1_23' title='bbox 916 385 974 414; x_wconf 88' lang='lat' dir='ltr'>bac</span> <span class='ocrx_word' id='word_1_24' title='bbox 1000 383 1117 413; x_wconf 89' lang='lat' dir='ltr'>bumili-</span> 
     </span>
     <span class='ocr_line' id='line_1_4' title="bbox 166 432 1118 473; baseline -0.012 -2"><span class='ocrx_word' id='word_1_25' title='bbox 166 444 225 471; x_wconf 86' lang='lat' dir='ltr'>tate</span> <span class='ocrx_word' id='word_1_26' title='bbox 248 444 276 470; x_wconf 86' lang='lat' dir='ltr'>et</span> <span class='ocrx_word' id='word_1_27' title='bbox 297 440 468 470; x_wconf 80' lang='lat' dir='ltr'>obedientia</span> <span class='ocrx_word' id='word_1_28' title='bbox 490 439 551 467; x_wconf 92' lang='lat' dir='ltr'>Deo</span> <span class='ocrx_word' id='word_1_29' title='bbox 574 436 668 473; x_wconf 85' lang='lat' dir='ltr'>magis</span> <span class='ocrx_word' id='word_1_30' title='bbox 689 435 808 473; x_wconf 88' lang='lat' dir='ltr'>placeat</span> <span class='ocrx_word' id='word_1_31' title='bbox 830 436 859 462; x_wconf 92' lang='lat' dir='ltr'>et</span> <span class='ocrx_word' id='word_1_32' title='bbox 880 432 961 471; x_wconf 90' lang='lat' dir='ltr'>apud</span> <span class='ocrx_word' id='word_1_33' title='bbox 976 440 1044 461; x_wconf 92' lang='lat' dir='ltr'>eum</span> <span class='ocrx_word' id='word_1_34' title='bbox 1060 440 1118 461; x_wconf 88' lang='lat' dir='ltr'>me-</span> 
     </span>
     <span class='ocr_line' id='line_1_5' title="bbox 167 479 1118 524; baseline -0.012 -5"><span class='ocrx_word' id='word_1_35' title='bbox 167 492 286 524; x_wconf 88' lang='lat' dir='ltr'>reatur,</span> <span class='ocrx_word' id='word_1_36' title='bbox 306 489 393 518; x_wconf 88' lang='lat' dir='ltr'>cuius</span> <span class='ocrx_word' id='word_1_37' title='bbox 422 486 548 524; x_wconf 87' lang='lat' dir='ltr'>imperio</span> <span class='ocrx_word' id='word_1_38' title='bbox 578 484 704 513; x_wconf 87' lang='lat' dir='ltr'>salutem</span> <span class='ocrx_word' id='word_1_39' title='bbox 733 482 852 520; x_wconf 88' lang='lat' dir='ltr'>quaerit</span> <span class='ocrx_word' id='word_1_40' title='bbox 874 481 902 510; x_wconf 93' lang='lat' dir='ltr'>in</span> <span class='ocrx_word' id='word_1_41' title='bbox 926 479 1118 510; x_wconf 84' lang='lat' dir='ltr'>interioribus</span> 
     </span>
     <span class='ocr_line' id='line_1_6' title="bbox 167 528 1119 573; baseline -0.012 -6"><span class='ocrx_word' id='word_1_42' title='bbox 167 546 208 573; x_wconf 91' lang='lat' dir='ltr'>se,</span> <span class='ocrx_word' id='word_1_43' title='bbox 231 537 285 567; x_wconf 93' lang='lat' dir='ltr'>etsi</span> <span class='ocrx_word' id='word_1_44' title='bbox 309 544 367 565; x_wconf 90' lang='lat' dir='ltr'>nou</span> <span class='ocrx_word' id='word_1_45' title='bbox 389 534 425 565; x_wconf 80' lang='lat' dir='ltr'>ab</span> <span class='ocrx_word' id='word_1_46' title='bbox 448 533 531 567; x_wconf 68' lang='lat' dir='ltr'>iltis,</span> <span class='ocrx_word' id='word_1_47' title='bbox 561 532 614 562; x_wconf 87' lang='lat' dir='ltr'>sed</span> <span class='ocrx_word' id='word_1_48' title='bbox 643 540 698 570; x_wconf 77' lang='lat' dir='ltr'>per</span> <span class='ocrx_word' id='word_1_49' title='bbox 720 530 777 560; x_wconf 72' lang='lat' dir='ltr'>illa</span> <span class='ocrx_word' id='word_1_50' title='bbox 799 538 816 560; x_wconf 82' lang='lat' dir='ltr'>a</span> <span class='ocrx_word' id='word_1_51' title='bbox 841 530 909 559; x_wconf 91' lang='lat' dir='ltr'>Deo.</span> <span class='ocrx_word' id='word_1_52' title='bbox 932 545 972 550; x_wconf 97' lang='lat'>—</span> <span class='ocrx_word' id='word_1_53' title='bbox 994 528 1119 566; x_wconf 83' lang='lat' dir='ltr'>Propter</span> 
     </span>
     <span class='ocr_line' id='line_1_7' title="bbox 167 576 1119 616; baseline -0.013 0"><span class='ocrx_word' id='word_1_54' title='bbox 167 584 370 615; x_wconf 69' lang='lat' dir='ltr'>eruditionem</span> <span class='ocrx_word' id='word_1_55' title='bbox 393 583 481 612; x_wconf 90' lang='lat' dir='ltr'>etiam</span> <span class='ocrx_word' id='word_1_56' title='bbox 504 580 638 610; x_wconf 74' lang='lat' dir='ltr'>instit-uta</span> <span class='ocrx_word' id='word_1_57' title='bbox 660 582 743 614; x_wconf 92' lang='lat' dir='ltr'>sunt,</span> <span class='ocrx_word' id='word_1_58' title='bbox 767 582 799 608; x_wconf 95' lang='lat' dir='ltr'>ut</span> <span class='ocrx_word' id='word_1_59' title='bbox 822 586 877 616; x_wconf 87' lang='lat' dir='ltr'>per</span> <span class='ocrx_word' id='word_1_60' title='bbox 899 577 927 606; x_wconf 92' lang='lat' dir='ltr'>id</span> <span class='ocrx_word' id='word_1_61' title='bbox 951 576 1031 615; x_wconf 86' lang='lat' dir='ltr'>quod</span> <span class='ocrx_word' id='word_1_62' title='bbox 1048 576 1119 605; x_wconf 78' lang='lat' dir='ltr'>loris</span> 
     </span>
     <span class='ocr_line' id='line_1_8' title="bbox 169 626 1119 671; baseline -0.012 -7"><span class='ocrx_word' id='word_1_63' title='bbox 169 634 197 663; x_wconf 92' lang='lat' dir='ltr'>in</span> <span class='ocrx_word' id='word_1_64' title='bbox 212 633 313 671; x_wconf 83' lang='lat' dir='ltr'>specie</span> <span class='ocrx_word' id='word_1_65' title='bbox 330 630 440 661; x_wconf 85' lang='lat' dir='ltr'>visibili</span> <span class='ocrx_word' id='word_1_66' title='bbox 455 628 598 663; x_wconf 89' lang='lat' dir='ltr'>cernitur,</span> <span class='ocrx_word' id='word_1_67' title='bbox 614 627 652 657; x_wconf 89' lang='lat' dir='ltr'>ad</span> <span class='ocrx_word' id='word_1_68' title='bbox 669 626 849 656; x_wconf 82' lang='lat' dir='ltr'>invisibilem</span> <span class='ocrx_word' id='word_1_69' title='bbox 868 626 1024 660; x_wconf 86' lang='lat' dir='ltr'>virtutem,</span> <span class='ocrx_word' id='word_1_70' title='bbox 1041 632 1119 662; x_wconf 90' lang='lat' dir='ltr'>quac</span> 
     </span>
     <span class='ocr_line' id='line_1_9' title="bbox 171 673 1120 716; baseline -0.009 -6"><span class='ocrx_word' id='word_1_71' title='bbox 171 681 249 710; x_wconf 88' lang='lat' dir='ltr'>intus</span> <span class='ocrx_word' id='word_1_72' title='bbox 271 683 330 716; x_wconf 89' lang='lat' dir='ltr'>est,</span> <span class='ocrx_word' id='word_1_73' title='bbox 352 676 571 715; x_wconf 79' lang='lat' dir='ltr'>agnoscendam</span> <span class='ocrx_word' id='word_1_74' title='bbox 586 675 594 689; x_wconf 93' lang='lat'>¹</span> <span class='ocrx_word' id='word_1_75' title='bbox 617 683 703 704; x_wconf 90' lang='lat' dir='ltr'>mens</span> <span class='ocrx_word' id='word_1_76' title='bbox 725 674 891 704; x_wconf 74' lang='lat' dir='ltr'>erudiatur.</span> <span class='ocrx_word' id='word_1_77' title='bbox 913 673 1009 702; x_wconf 82' lang='lat' dir='ltr'>Homo</span> <span class='ocrx_word' id='word_1_78' title='bbox 1024 673 1120 708; x_wconf 90' lang='lat' dir='ltr'>enim,</span> 
     </span>
    </p>

    <p class='ocr_par' dir='ltr' id='par_1_3' title="bbox 27 720 1121 856">
     <span class='ocr_line' id='line_1_10' title="bbox 27 720 1121 767; baseline -0.011 -7"><span class='ocrx_word' id='word_1_79' title='bbox 27 729 221 767; x_wconf 72' lang='lat' dir='ltr'>nuniun19.qui</span> <span class='ocrx_word' id='word_1_80' title='bbox 253 730 320 757; x_wconf 88' lang='lat' dir='ltr'>ante</span> <span class='ocrx_word' id='word_1_81' title='bbox 353 727 510 764; x_wconf 89' lang='lat' dir='ltr'>peccatum</span> <span class='ocrx_word' id='word_1_82' title='bbox 542 723 606 752; x_wconf 89' lang='lat' dir='ltr'>sinc</span> <span class='ocrx_word' id='word_1_83' title='bbox 640 722 738 752; x_wconf 90' lang='lat' dir='ltr'>medio</span> <span class='ocrx_word' id='word_1_84' title='bbox 773 722 865 751; x_wconf 84' lang='lat' dir='ltr'>Deum</span> <span class='ocrx_word' id='word_1_85' title='bbox 900 720 1038 755; x_wconf 76' lang='lat' dir='ltr'>videbat,</span> <span class='ocrx_word' id='word_1_86' title='bbox 1067 727 1121 758; x_wconf 88' lang='lat' dir='ltr'>per</span> 
     </span>
     <span class='ocr_line' id='line_1_11' title="bbox 170 769 1120 814; baseline -0.008 -9"><span class='ocrx_word' id='word_1_87' title='bbox 170 778 327 814; x_wconf 88' lang='lat' dir='ltr'>peccatum</span> <span class='ocrx_word' id='word_1_88' title='bbox 360 772 436 803; x_wconf 87' lang='lat' dir='ltr'>adeo</span> <span class='ocrx_word' id='word_1_89' title='bbox 471 771 592 806; x_wconf 81' lang='lat' dir='ltr'>hebuit,</span> <span class='ocrx_word' id='word_1_90' title='bbox 623 775 653 800; x_wconf 89' lang='lat' dir='ltr'>ut</span> <span class='ocrx_word' id='word_1_91' title='bbox 690 773 819 808; x_wconf 90' lang='lat' dir='ltr'>nequeat</span> <span class='ocrx_word' id='word_1_92' title='bbox 854 769 954 798; x_wconf 88' lang='lat' dir='ltr'>divina</span> <span class='ocrx_word' id='word_1_93' title='bbox 994 776 1120 806; x_wconf 79' lang='lat' dir='ltr'>capere,</span> 
     </span>
     <span class='ocr_line' id='line_1_12' title="bbox 170 815 1120 856; baseline -0.008 -4"><span class='ocrx_word' id='word_1_94' title='bbox 170 823 225 853; x_wconf 87' lang='lat' dir='ltr'>nisi</span> <span class='ocrx_word' id='word_1_95' title='bbox 262 821 401 851; x_wconf 88' lang='lat' dir='ltr'>humanis</span> <span class='ocrx_word' id='word_1_96' title='bbox 432 820 625 849; x_wconf 87' lang='lat' dir='ltr'>exercitatus.</span> <span class='ocrx_word' id='word_1_97' title='bbox 650 835 690 840; x_wconf 93' lang='lat'>—</span> <span class='ocrx_word' id='word_1_98' title='bbox 717 818 842 856; x_wconf 75' lang='lat' dir='ltr'>Propter</span> <span class='ocrx_word' id='word_1_99' title='bbox 877 815 1120 846; x_wconf 64' lang='lat' dir='ltr'>exercitationem</span> 
     </span>
    </p>

    <p class='ocr_par' dir='ltr' id='par_1_4' title="bbox 12 865 1122 1053">
     <span class='ocr_line' id='line_1_13' title="bbox 12 865 1122 905; baseline -0.008 -3"><span class='ocrx_word' id='word_1_100' title='bbox 12 879 104 900; x_wconf 78' lang='lat' dir='ltr'>nubium</span> <span class='ocrx_word' id='word_1_101' title='bbox 121 878 153 898; x_wconf 82' lang='lat'>¹0.</span> <span class='ocrx_word' id='word_1_102' title='bbox 169 871 305 901; x_wconf 83' lang='lat' dir='ltr'>similiter</span> <span class='ocrx_word' id='word_1_103' title='bbox 334 869 467 899; x_wconf 90' lang='lat' dir='ltr'>instituta</span> <span class='ocrx_word' id='word_1_104' title='bbox 496 871 583 897; x_wconf 89' lang='lat' dir='ltr'>sunt:</span> <span class='ocrx_word' id='word_1_105' title='bbox 605 867 694 905; x_wconf 86' lang='lat' dir='ltr'>quia,</span> <span class='ocrx_word' id='word_1_106' title='bbox 717 874 785 896; x_wconf 91' lang='lat' dir='ltr'>cum</span> <span class='ocrx_word' id='word_1_107' title='bbox 809 866 899 895; x_wconf 89' lang='lat' dir='ltr'>bomo</span> <span class='ocrx_word' id='word_1_108' title='bbox 922 865 1036 894; x_wconf 81' lang='lat' dir='ltr'>otiosus</span> <span class='ocrx_word' id='word_1_109' title='bbox 1057 872 1122 893; x_wconf 87' lang='lat' dir='ltr'>esse</span> 
     </span>
     <span class='ocr_line' id='line_1_14' title="bbox 169 913 1122 957; baseline -0.008 -8"><span class='ocrx_word' id='word_1_110' title='bbox 169 928 226 949; x_wconf 92' lang='lat' dir='ltr'>non</span> <span class='ocrx_word' id='word_1_111' title='bbox 262 918 372 957; x_wconf 84' lang='lat' dir='ltr'>possit,</span> <span class='ocrx_word' id='word_1_112' title='bbox 402 916 582 955; x_wconf 88' lang='lat' dir='ltr'>proponitur</span> <span class='ocrx_word' id='word_1_113' title='bbox 613 916 639 945; x_wconf 91' lang='lat' dir='ltr'>ei</span> <span class='ocrx_word' id='word_1_114' title='bbox 672 915 753 944; x_wconf 90' lang='lat' dir='ltr'>utilis</span> <span class='ocrx_word' id='word_1_115' title='bbox 787 918 814 944; x_wconf 84' lang='lat' dir='ltr'>et</span> <span class='ocrx_word' id='word_1_116' title='bbox 847 913 977 957; x_wconf 87' lang='lat' dir='ltr'>salubris</span> <span class='ocrx_word' id='word_1_117' title='bbox 1010 913 1122 942; x_wconf 86' lang='lat' dir='ltr'>exerci-</span> 
     </span>
     <span class='ocr_line' id='line_1_15' title="bbox 171 962 1122 1003; baseline -0.007 -6"><span class='ocrx_word' id='word_1_118' title='bbox 171 968 240 998; x_wconf 88' lang='lat' dir='ltr'>tatio</span> <span class='ocrx_word' id='word_1_119' title='bbox 271 968 299 996; x_wconf 95' lang='lat' dir='ltr'>in</span> <span class='ocrx_word' id='word_1_120' title='bbox 326 965 544 1000; x_wconf 86' lang='lat' dir='ltr'>Sacramentis,</span> <span class='ocrx_word' id='word_1_121' title='bbox 565 972 625 1003; x_wconf 89' lang='lat' dir='ltr'>qua</span> <span class='ocrx_word' id='word_1_122' title='bbox 657 972 763 993; x_wconf 86' lang='lat' dir='ltr'>vanam</span> <span class='ocrx_word' id='word_1_123' title='bbox 795 966 824 992; x_wconf 86' lang='lat' dir='ltr'>et</span> <span class='ocrx_word' id='word_1_124' title='bbox 849 962 969 992; x_wconf 82' lang='lat' dir='ltr'>noxiam</span> <span class='ocrx_word' id='word_1_125' title='bbox 993 962 1122 991; x_wconf 84' lang='lat' dir='ltr'>declinet</span> 
     </span>
     <span class='ocr_line' id='line_1_16' title="bbox 170 1009 1121 1053; baseline -0.007 -8"><span class='ocrx_word' id='word_1_126' title='bbox 170 1015 410 1053; x_wconf 81' lang='lat' dir='ltr'>occupationem.</span> <span class='ocrx_word' id='word_1_127' title='bbox 433 1013 496 1043; x_wconf 90' lang='lat' dir='ltr'>Non</span> <span class='ocrx_word' id='word_1_128' title='bbox 520 1013 598 1042; x_wconf 90' lang='lat' dir='ltr'>enim</span> <span class='ocrx_word' id='word_1_129' title='bbox 623 1012 709 1042; x_wconf 79' lang='lat' dir='ltr'>facile</span> <span class='ocrx_word' id='word_1_130' title='bbox 723 1011 844 1049; x_wconf 91' lang='lat' dir='ltr'>capitur</span> <span class='ocrx_word' id='word_1_131' title='bbox 859 1019 876 1040; x_wconf 86' lang='lat' dir='ltr'>a</span> <span class='ocrx_word' id='word_1_132' title='bbox 893 1013 1055 1044; x_wconf 77' lang='lat' dir='ltr'>tentatore,</span> <span class='ocrx_word' id='word_1_133' title='bbox 1070 1009 1121 1047; x_wconf 88' lang='lat' dir='ltr'>qui</span> 
     </span>
    </p>

    <p class='ocr_par' dir='ltr' id='par_1_5' title="bbox 16 1058 1124 1247">
     <span class='ocr_line' id='line_1_17' title="bbox 16 1058 1124 1098; baseline -0.008 -3"><span class='ocrx_word' id='word_1_134' title='bbox 16 1072 159 1097; x_wconf 76' lang='lat' dir='ltr'>Hieronymus.</span> <span class='ocrx_word' id='word_1_135' title='bbox 171 1064 249 1094; x_wconf 88' lang='lat' dir='ltr'>bono</span> <span class='ocrx_word' id='word_1_136' title='bbox 266 1066 352 1092; x_wconf 90' lang='lat' dir='ltr'>vacat</span> <span class='ocrx_word' id='word_1_137' title='bbox 368 1062 529 1097; x_wconf 79' lang='lat' dir='ltr'>exerciti03</span> <span class='ocrx_word' id='word_1_138' title='bbox 548 1061 627 1091; x_wconf 90' lang='lat' dir='ltr'>uude</span> <span class='ocrx_word' id='word_1_139' title='bbox 644 1061 846 1098; x_wconf 78' lang='lat' dir='ltr'>Hieronymus</span> <span class='ocrx_word' id='word_1_140' title='bbox 858 1059 867 1073; x_wconf 82' lang='lat'><em>²</em></span> <span class='ocrx_word' id='word_1_141' title='bbox 884 1062 998 1088; x_wconf 88' lang='lat' dir='ltr'>monet:</span> <span class='ocrx_word' id='word_1_142' title='bbox 1019 1071 1031 1084; x_wconf 86' lang='lat'>«</span> <span class='ocrx_word' id='word_1_143' title='bbox 1044 1058 1124 1088; x_wconf 85' lang='lat' dir='ltr'>Sem-</span> 
     </span>
     <span class='ocr_line' id='line_1_18' title="bbox 170 1106 1124 1150; baseline -0.006 -9"><span class='ocrx_word' id='word_1_144' title='bbox 170 1120 225 1150; x_wconf 89' lang='lat' dir='ltr'>per</span> <span class='ocrx_word' id='word_1_145' title='bbox 247 1111 360 1149; x_wconf 90' lang='lat' dir='ltr'>aliquid</span> <span class='ocrx_word' id='word_1_146' title='bbox 384 1112 485 1149; x_wconf 88' lang='lat' dir='ltr'>operis</span> <span class='ocrx_word' id='word_1_147' title='bbox 506 1110 612 1144; x_wconf 79' lang='lat' dir='ltr'>facito,</span> <span class='ocrx_word' id='word_1_148' title='bbox 629 1113 661 1138; x_wconf 93' lang='lat' dir='ltr'>ut</span> <span class='ocrx_word' id='word_1_149' title='bbox 677 1112 704 1138; x_wconf 89' lang='lat' dir='ltr'>te</span> <span class='ocrx_word' id='word_1_150' title='bbox 720 1111 902 1146; x_wconf 89' lang='lat' dir='ltr'>occupatum</span> <span class='ocrx_word' id='word_1_151' title='bbox 925 1106 1064 1136; x_wconf 90' lang='lat' dir='ltr'>diabolus</span> <span class='ocrx_word' id='word_1_152' title='bbox 1080 1106 1124 1135; x_wconf 88' lang='lat' dir='ltr'>in-</span> 
     </span>
     <span class='ocr_line' id='line_1_19' title="bbox 171 1156 1123 1194; baseline -0.006 -4"><span class='ocrx_word' id='word_1_153' title='bbox 171 1161 270 1190; x_wconf 85' lang='lat' dir='ltr'>veniat</span> <span class='ocrx_word' id='word_1_154' title='bbox 286 1173 311 1189; x_wconf 78' lang='grc'>».</span> <span class='ocrx_word' id='word_1_155' title='bbox 334 1172 346 1185; x_wconf 87' lang='grc'>«</span> <span class='ocrx_word' id='word_1_156' title='bbox 362 1159 435 1189; x_wconf 85' lang='lat' dir='ltr'>Sunt</span> <span class='ocrx_word' id='word_1_157' title='bbox 451 1161 550 1188; x_wconf 87' lang='lat' dir='ltr'>autem</span> <span class='ocrx_word' id='word_1_158' title='bbox 567 1156 817 1187; x_wconf 65' lang='lat' dir='ltr'>excret&#39;tatz&#39;ommz</span> <span class='ocrx_word' id='word_1_159' title='bbox 835 1160 894 1186; x_wconf 87' lang='lat' dir='ltr'>tres</span> <span class='ocrx_word' id='word_1_160' title='bbox 908 1156 1041 1194; x_wconf 84' lang='lat' dir='ltr'>species:</span> <span class='ocrx_word' id='word_1_161' title='bbox 1065 1163 1123 1184; x_wconf 90' lang='lat' dir='ltr'>una</span> 
     </span>
     <span class='ocr_line' id='line_1_20' title="bbox 171 1202 1123 1247; baseline -0.006 -9"><span class='ocrx_word' id='word_1_162' title='bbox 171 1208 209 1238; x_wconf 89' lang='lat' dir='ltr'>ad</span> <span class='ocrx_word' id='word_1_163' title='bbox 231 1207 468 1247; x_wconf 69' lang='lat' dir='ltr'>aedificationem</span> <span class='ocrx_word' id='word_1_164' title='bbox 497 1205 619 1236; x_wconf 68' lang='lat' dir='ltr'>animae</span> <span class='ocrx_word' id='word_1_165' title='bbox 642 1206 787 1244; x_wconf 79' lang='lat' dir='ltr'>pertinet,</span> <span class='ocrx_word' id='word_1_166' title='bbox 810 1204 904 1234; x_wconf 88' lang='lat' dir='ltr'>altera</span> <span class='ocrx_word' id='word_1_167' title='bbox 926 1204 963 1234; x_wconf 89' lang='lat' dir='ltr'>ad</span> <span class='ocrx_word' id='word_1_168' title='bbox 987 1202 1123 1242; x_wconf 72' lang='lat' dir='ltr'>corporis</span> 
     </span>
    </p>
   </div>
   <div class='ocr_carea' id='block_1_3' title="bbox 1087 1323 1167 1354">
    <p class='ocr_par' dir='ltr' id='par_1_6' title="bbox 1087 1323 1167 1354">
     <span class='ocr_line' id='line_1_21' title="bbox 1087 1323 1167 1354; baseline 0.013 -1"><span class='ocrx_word' id='word_1_169' title='bbox 1087 1323 1167 1354; x_wconf 55' lang='lat' dir='ltr'>PARS</span> 
     </span>
    </p>
   </div>
   <div class='ocr_carea' id='block_1_4' title="bbox 496 1434 796 1561">
    <p class='ocr_par' dir='ltr' id='par_1_7' title="bbox 496 1434 796 1561">
     <span class='ocr_line' id='line_1_22' title="bbox 568 1434 719 1464; baseline 0 -1"><span class='ocrx_word' id='word_1_170' title='bbox 568 1434 635 1464; x_wconf 65' lang='lat' dir='ltr'>Cn».</span> <span class='ocrx_word' id='word_1_171' title='bbox 661 1434 719 1464; x_wconf 71' lang='lat' dir='ltr'>vti.</span> 
     </span>
     <span class='ocr_line' id='line_1_23' title="bbox 496 1529 796 1561; baseline -0.007 0"><span class='ocrx_word' id='word_1_172' title='bbox 496 1532 538 1561; x_wconf 80' lang='lat' dir='ltr'>Dc</span> <span class='ocrx_word' id='word_1_173' title='bbox 560 1529 796 1560; x_wconf 64' lang='lat' dir='ltr'>cis-cumez&#39;sz‘mze.</span> 
     </span>
    </p>
   </div>
   <div class='ocr_carea' id='block_1_5' title="bbox 18 1626 1129 2487">
    <p class='ocr_par' dir='ltr' id='par_1_8' title="bbox 18 1626 1129 2487">
     <span class='ocr_line' id='line_1_24' title="bbox 250 1626 1124 1659; baseline -0.006 0"><span class='ocrx_word' id='word_1_174' title='bbox 250 1630 317 1659; x_wconf 88' lang='lat' dir='ltr'>Fuit</span> <span class='ocrx_word' id='word_1_175' title='bbox 346 1633 445 1659; x_wconf 88' lang='lat' dir='ltr'>tamen</span> <span class='ocrx_word' id='word_1_176' title='bbox 478 1629 555 1658; x_wconf 89' lang='lat' dir='ltr'>inter</span> <span class='ocrx_word' id='word_1_177' title='bbox 587 1628 636 1657; x_wconf 87' lang='lat' dir='ltr'>illa</span> <span class='ocrx_word' id='word_1_178' title='bbox 670 1628 864 1657; x_wconf 82' lang='lat' dir='ltr'>Sacramenta</span> <span class='ocrx_word' id='word_1_179' title='bbox 896 1626 1124 1656; x_wconf 82' lang='lat' dir='ltr'>Sacramentum</span> 
     </span>
     <span class='ocr_line' id='line_1_25' title="bbox 32 1675 1126 1717; baseline -0.005 -9"><span class='ocrx_word' id='word_1_180' title='bbox 32 1687 123 1708; x_wconf 75' lang='lat' dir='ltr'>Dubium</span> <span class='ocrx_word' id='word_1_181' title='bbox 139 1688 157 1708; x_wconf 81' lang='lat' dir='ltr'>t.</span> <span class='ocrx_word' id='word_1_182' title='bbox 173 1678 341 1717; x_wconf 79' lang='lat' dir='ltr'>quoddam,</span> <span class='ocrx_word' id='word_1_183' title='bbox 364 1678 480 1707; x_wconf 88' lang='lat' dir='ltr'>scilicet</span> <span class='ocrx_word' id='word_1_184' title='bbox 495 1676 750 1711; x_wconf 76' lang='lat' dir='ltr'>circumcisionis,</span> <span class='ocrx_word' id='word_1_185' title='bbox 767 1676 845 1705; x_wconf 90' lang='lat' dir='ltr'>idem</span> <span class='ocrx_word' id='word_1_186' title='bbox 862 1675 1018 1704; x_wconf 81' lang='lat' dir='ltr'>conferens</span> <span class='ocrx_word' id='word_1_187' title='bbox 1034 1682 1126 1703; x_wconf 91' lang='lat' dir='ltr'>reme-</span> 
     </span>
     <span class='ocr_line' id='line_1_26' title="bbox 173 1722 1125 1763; baseline -0.005 -7"><span class='ocrx_word' id='word_1_188' title='bbox 173 1726 254 1756; x_wconf 91' lang='lat' dir='ltr'>dium</span> <span class='ocrx_word' id='word_1_189' title='bbox 287 1729 391 1755; x_wconf 86' lang='lat' dir='ltr'>contra</span> <span class='ocrx_word' id='word_1_190' title='bbox 421 1729 596 1763; x_wconf 80' lang='lat' dir='ltr'>peccatum,</span> <span class='ocrx_word' id='word_1_191' title='bbox 619 1724 700 1762; x_wconf 91' lang='lat' dir='ltr'>quod</span> <span class='ocrx_word' id='word_1_192' title='bbox 731 1732 809 1753; x_wconf 88' lang='lat' dir='ltr'>nunc</span> <span class='ocrx_word' id='word_1_193' title='bbox 840 1723 1018 1761; x_wconf 82' lang='lat' dir='ltr'>baptismus,</span> <span class='ocrx_word' id='word_1_194' title='bbox 1040 1722 1125 1752; x_wconf 85' lang='lat' dir='ltr'>Unde</span> 
     </span>
     <span class='ocr_line' id='line_1_27' title="bbox 173 1771 1126 1813; baseline -0.005 -9"><span class='ocrx_word' id='word_1_195' title='bbox 173 1774 394 1813; x_wconf 40' lang='lat' dir='ltr'>Augustinus&amp;</span> <span class='ocrx_word' id='word_1_196' title='bbox 423 1786 434 1800; x_wconf 71' lang='grc' dir='ltr'>«ι</span> <span class='ocrx_word' id='word_1_197' title='bbox 449 1774 494 1803; x_wconf 78' lang='lat' dir='ltr'>Ex</span> <span class='ocrx_word' id='word_1_198' title='bbox 516 1782 575 1812; x_wconf 89' lang='lat' dir='ltr'>quo</span> <span class='ocrx_word' id='word_1_199' title='bbox 600 1773 733 1802; x_wconf 88' lang='lat' dir='ltr'>instituta</span> <span class='ocrx_word' id='word_1_200' title='bbox 757 1776 801 1802; x_wconf 91' lang='lat' dir='ltr'>est</span> <span class='ocrx_word' id='word_1_201' title='bbox 822 1771 1015 1801; x_wconf 86' lang='lat' dir='ltr'>circumcisio</span> <span class='ocrx_word' id='word_1_202' title='bbox 1031 1772 1059 1799; x_wconf 89' lang='lat' dir='ltr'>in</span> <span class='ocrx_word' id='word_1_203' title='bbox 1076 1778 1126 1808; x_wconf 89' lang='lat' dir='ltr'>po-</span> 
     </span>
     <span class='ocr_line' id='line_1_28' title="bbox 30 1817 1125 1861; baseline -0.005 -9"><span class='ocrx_word' id='word_1_204' title='bbox 30 1832 159 1858; x_wconf 74' lang='lat' dir='ltr'>Augustinus</span> <span class='ocrx_word' id='word_1_205' title='bbox 173 1822 244 1861; x_wconf 88' lang='lat' dir='ltr'>pulo</span> <span class='ocrx_word' id='word_1_206' title='bbox 267 1822 338 1858; x_wconf 84' lang='lat' dir='ltr'>Dei,</span> <span class='ocrx_word' id='word_1_207' title='bbox 361 1829 439 1860; x_wconf 90' lang='lat' dir='ltr'>quae</span> <span class='ocrx_word' id='word_1_208' title='bbox 461 1824 525 1851; x_wconf 82' lang='lat' dir='ltr'>erat</span> <span class='ocrx_word' id='word_1_209' title='bbox 555 1824 625 1850; x_wconf 86' lang='lat' dir='ltr'>tunc</span> <span class='ocrx_word' id='word_1_210' title='bbox 654 1819 849 1859; x_wconf 70' lang='lat' dir='ltr'>sigyozaczclztm</span> <span class='ocrx_word' id='word_1_211' title='bbox 875 1818 1008 1849; x_wconf 73' lang='lat' dir='ltr'>z‘usct&#39;cz&#39;ctc</span> <span class='ocrx_word' id='word_1_212' title='bbox 1034 1817 1125 1857; x_wconf 73' lang='lat' dir='ltr'>fidei,</span> 
     </span>
     <span class='ocr_line' id='line_1_29' title="bbox 18 1858 1125 1909; baseline -0.005 -8"><span class='ocrx_word' id='word_1_213' title='bbox 18 1858 117 1879; x_wconf 51' lang='lat' dir='ltr'>emeda·</span> <span class='ocrx_word' id='word_1_214' title='bbox 175 1871 212 1901; x_wconf 90' lang='lat' dir='ltr'>ad</span> <span class='ocrx_word' id='word_1_215' title='bbox 234 1871 442 1909; x_wconf 81' lang='lat' dir='ltr'>purgationem</span> <span class='ocrx_word' id='word_1_216' title='bbox 472 1868 592 1898; x_wconf 80' lang='lat' dir='ltr'>valebat</span> <span class='ocrx_word' id='word_1_217' title='bbox 620 1868 735 1906; x_wconf 87' lang='lat' dir='ltr'>magnis</span> <span class='ocrx_word' id='word_1_218' title='bbox 758 1871 786 1897; x_wconf 86' lang='lat' dir='ltr'>et</span> <span class='ocrx_word' id='word_1_219' title='bbox 808 1867 944 1906; x_wconf 87' lang='lat' dir='ltr'>parvulis</span> <span class='ocrx_word' id='word_1_220' title='bbox 971 1866 1125 1904; x_wconf 86' lang='lat' dir='ltr'>originalis</span> 
     </span>
     <span class='ocr_line' id='line_1_30' title="bbox 175 1915 1126 1957; baseline -0.006 -8"><span class='ocrx_word' id='word_1_221' title='bbox 175 1919 344 1957; x_wconf 83' lang='lat' dir='ltr'>veterisque</span> <span class='ocrx_word' id='word_1_222' title='bbox 361 1918 491 1957; x_wconf 71' lang='lat' dir='ltr'>peccati,</span> <span class='ocrx_word' id='word_1_223' title='bbox 508 1918 586 1947; x_wconf 91' lang='lat' dir='ltr'>sicut</span> <span class='ocrx_word' id='word_1_224' title='bbox 603 1917 771 1955; x_wconf 85' lang='lat' dir='ltr'>baptismus</span> <span class='ocrx_word' id='word_1_225' title='bbox 790 1924 827 1946; x_wconf 89' lang='lat' dir='ltr'>ex</span> <span class='ocrx_word' id='word_1_226' title='bbox 844 1916 893 1945; x_wconf 91' lang='lat' dir='ltr'>illo</span> <span class='ocrx_word' id='word_1_227' title='bbox 911 1915 1010 1945; x_wconf 88' lang='lat' dir='ltr'>valere</span> <span class='ocrx_word' id='word_1_228' title='bbox 1026 1915 1126 1953; x_wconf 92' lang='lat' dir='ltr'>coepit</span> 
     </span>
     <span class='ocr_line' id='line_1_31' title="bbox 175 1964 1124 2004; baseline -0.005 -7"><span class='ocrx_word' id='word_1_229' title='bbox 175 1968 211 1997; x_wconf 90' lang='lat' dir='ltr'>ad</span> <span class='ocrx_word' id='word_1_230' title='bbox 235 1967 454 1996; x_wconf 80' lang='lat' dir='ltr'>innovationem</span> <span class='ocrx_word' id='word_1_231' title='bbox 478 1966 623 2001; x_wconf 87' lang='lat' dir='ltr'>bominis,</span> <span class='ocrx_word' id='word_1_232' title='bbox 645 1973 681 1995; x_wconf 86' lang='lat' dir='ltr'>ex</span> <span class='ocrx_word' id='word_1_233' title='bbox 698 1973 758 2004; x_wconf 89' lang='lat' dir='ltr'>quo</span> <span class='ocrx_word' id='word_1_234' title='bbox 774 1965 928 1994; x_wconf 86' lang='lat' dir='ltr'>institutus</span> <span class='ocrx_word' id='word_1_235' title='bbox 951 1968 995 1993; x_wconf 87' lang='lat' dir='ltr'>cst</span> <span class='ocrx_word' id='word_1_236' title='bbox 1010 1976 1035 1992; x_wconf 88' lang='lat'>».</span> <span class='ocrx_word' id='word_1_237' title='bbox 1053 1964 1124 1992; x_wconf 84' lang='lat' dir='ltr'>[tem</span> 
     </span>
     <span class='ocr_line' id='line_1_32' title="bbox 33 2012 1126 2045; baseline -0.004 0"><span class='ocrx_word' id='word_1_238' title='bbox 33 2021 123 2041; x_wconf 80' lang='lat' dir='ltr'>Dubium</span> <span class='ocrx_word' id='word_1_239' title='bbox 138 2021 159 2041; x_wconf 66' lang='lat'>2.</span> <span class='ocrx_word' id='word_1_240' title='bbox 174 2015 295 2045; x_wconf 84' lang='lat' dir='ltr'>Beda⁵:</span> <span class='ocrx_word' id='word_1_241' title='bbox 324 2015 430 2044; x_wconf 91' lang='lat' dir='ltr'>«Idem</span> <span class='ocrx_word' id='word_1_242' title='bbox 453 2014 623 2044; x_wconf 80' lang='lat' dir='ltr'>salutiferae</span> <span class='ocrx_word' id='word_1_243' title='bbox 646 2014 811 2043; x_wconf 83' lang='lat' dir='ltr'>curationis</span> <span class='ocrx_word' id='word_1_244' title='bbox 832 2013 978 2042; x_wconf 78' lang='lat' dir='ltr'>auxillum</span> <span class='ocrx_word' id='word_1_245' title='bbox 1000 2012 1126 2041; x_wconf 88' lang='lat' dir='ltr'>circum-</span> 
     </span>
     <span class='ocr_line' id='line_1_33' title="bbox 175 2061 1127 2101; baseline -0.004 -7"><span class='ocrx_word' id='word_1_246' title='bbox 175 2064 248 2094; x_wconf 84' lang='lat' dir='ltr'>cisio</span> <span class='ocrx_word' id='word_1_247' title='bbox 281 2064 309 2093; x_wconf 88' lang='lat' dir='ltr'>in</span> <span class='ocrx_word' id='word_1_248' title='bbox 342 2064 418 2101; x_wconf 83' lang='lat' dir='ltr'>Lege</span> <span class='ocrx_word' id='word_1_249' title='bbox 451 2066 555 2093; x_wconf 90' lang='lat' dir='ltr'>contra</span> <span class='ocrx_word' id='word_1_250' title='bbox 588 2062 742 2100; x_wconf 88' lang='lat' dir='ltr'>originalis</span> <span class='ocrx_word' id='word_1_251' title='bbox 771 2062 887 2100; x_wconf 90' lang='lat' dir='ltr'>pcccati</span> <span class='ocrx_word' id='word_1_252' title='bbox 922 2061 1030 2091; x_wconf 90' lang='lat' dir='ltr'>vulnus</span> <span class='ocrx_word' id='word_1_253' title='bbox 1062 2068 1127 2098; x_wconf 85' lang='lat' dir='ltr'>age-</span> 
     </span>
     <span class='ocr_line' id='line_1_34' title="bbox 175 2109 1127 2149; baseline -0.003 -9"><span class='ocrx_word' id='word_1_254' title='bbox 175 2112 241 2147; x_wconf 89' lang='lat' dir='ltr'>bat,</span> <span class='ocrx_word' id='word_1_255' title='bbox 263 2110 342 2149; x_wconf 89' lang='lat' dir='ltr'>quod</span> <span class='ocrx_word' id='word_1_256' title='bbox 366 2111 533 2149; x_wconf 84' lang='lat' dir='ltr'>baptismus</span> <span class='ocrx_word' id='word_1_257' title='bbox 556 2118 645 2148; x_wconf 85' lang='lat' dir='ltr'>agere</span> <span class='ocrx_word' id='word_1_258' title='bbox 674 2110 825 2140; x_wconf 89' lang='lat' dir='ltr'>revelatae</span> <span class='ocrx_word' id='word_1_259' title='bbox 854 2109 969 2146; x_wconf 81' lang='lat' dir='ltr'>gratiae</span> <span class='ocrx_word' id='word_1_260' title='bbox 992 2113 1127 2146; x_wconf 85' lang='lat' dir='ltr'>tempore</span> 
     </span>
     <span class='ocr_line' id='line_1_35' title="bbox 176 2157 1128 2197; baseline -0.004 -8"><span class='ocrx_word' id='word_1_261' title='bbox 176 2160 347 2195; x_wconf 79' lang='lat' dir='ltr'>consuevit,</span> <span class='ocrx_word' id='word_1_262' title='bbox 376 2162 502 2197; x_wconf 77' lang='lat' dir='ltr'>excepto</span> <span class='ocrx_word' id='word_1_263' title='bbox 531 2158 612 2196; x_wconf 89' lang='lat' dir='ltr'>quod</span> <span class='ocrx_word' id='word_1_264' title='bbox 642 2158 724 2196; x_wconf 85' lang='lat' dir='ltr'>regni</span> <span class='ocrx_word' id='word_1_265' title='bbox 756 2157 894 2187; x_wconf 83' lang='lat' dir='ltr'>caelestis</span> <span class='ocrx_word' id='word_1_266' title='bbox 916 2157 1035 2186; x_wconf 89' lang='lat' dir='ltr'>ianuam</span> <span class='ocrx_word' id='word_1_267' title='bbox 1059 2164 1128 2185; x_wconf 93' lang='lat' dir='ltr'>non-</span> 
     </span>
     <span class='ocr_line' id='line_1_36' title="bbox 140 2206 1128 2246; baseline -0.004 -9"><span class='ocrx_word' id='word_1_268' title='bbox 140 2214 159 2234; x_wconf 82' lang='grc'>3.</span> <span class='ocrx_word' id='word_1_269' title='bbox 176 2207 246 2237; x_wconf 89' lang='lat' dir='ltr'>dum</span> <span class='ocrx_word' id='word_1_270' title='bbox 269 2208 380 2237; x_wconf 90' lang='lat' dir='ltr'>intrare</span> <span class='ocrx_word' id='word_1_271' title='bbox 395 2210 550 2246; x_wconf 85' lang='lat' dir='ltr'>poterant;</span> <span class='ocrx_word' id='word_1_272' title='bbox 571 2210 668 2237; x_wconf 89' lang='lat' dir='ltr'>tamen</span> <span class='ocrx_word' id='word_1_273' title='bbox 685 2207 714 2236; x_wconf 92' lang='lat' dir='ltr'>in</span> <span class='ocrx_word' id='word_1_274' title='bbox 731 2207 797 2236; x_wconf 88' lang='lat' dir='ltr'>sinu</span> <span class='ocrx_word' id='word_1_275' title='bbox 813 2206 953 2235; x_wconf 74' lang='lat' dir='ltr'>Abrabae</span> <span class='ocrx_word' id='word_1_276' title='bbox 970 2208 1037 2243; x_wconf 87' lang='lat' dir='ltr'>post</span> <span class='ocrx_word' id='word_1_277' title='bbox 1053 2212 1128 2234; x_wconf 91' lang='lat' dir='ltr'>mor-</span> 
     </span>
     <span class='ocr_line' id='line_1_37' title="bbox 176 2254 1127 2294; baseline -0.003 -9"><span class='ocrx_word' id='word_1_278' title='bbox 176 2260 233 2285; x_wconf 89' lang='lat' dir='ltr'>tem</span> <span class='ocrx_word' id='word_1_279' title='bbox 256 2255 343 2285; x_wconf 88' lang='lat' dir='ltr'>heata</span> <span class='ocrx_word' id='word_1_280' title='bbox 366 2256 471 2294; x_wconf 87' lang='lat' dir='ltr'>requie</span> <span class='ocrx_word' id='word_1_281' title='bbox 493 2255 654 2291; x_wconf 90' lang='lat' dir='ltr'>consolati,</span> <span class='ocrx_word' id='word_1_282' title='bbox 676 2262 826 2293; x_wconf 86' lang='lat' dir='ltr'>supernae</span> <span class='ocrx_word' id='word_1_283' title='bbox 849 2254 933 2292; x_wconf 86' lang='lat' dir='ltr'>pacis</span> <span class='ocrx_word' id='word_1_284' title='bbox 959 2254 1127 2290; x_wconf 85' lang='lat' dir='ltr'>ingressum</span> 
     </span>
     <span class='ocr_line' id='line_1_38' title="bbox 176 2302 1129 2342; baseline -0.002 -9"><span class='ocrx_word' id='word_1_285' title='bbox 176 2312 228 2342; x_wconf 87' lang='lat' dir='ltr'>spe</span> <span class='ocrx_word' id='word_1_286' title='bbox 254 2304 330 2333; x_wconf 78' lang='lat' dir='ltr'>felici</span> <span class='ocrx_word' id='word_1_287' title='bbox 361 2303 618 2342; x_wconf 81' lang='lat' dir='ltr'>exspectabant».</span> <span class='ocrx_word' id='word_1_288' title='bbox 639 2319 679 2325; x_wconf 88' lang='lat'>—</span> <span class='ocrx_word' id='word_1_289' title='bbox 700 2303 751 2332; x_wconf 90' lang='lat' dir='ltr'>His</span> <span class='ocrx_word' id='word_1_290' title='bbox 774 2306 877 2341; x_wconf 85' lang='lat' dir='ltr'>aperte</span> <span class='ocrx_word' id='word_1_291' title='bbox 901 2302 1044 2338; x_wconf 81' lang='lat' dir='ltr'>traditur,</span> <span class='ocrx_word' id='word_1_292' title='bbox 1074 2310 1129 2340; x_wconf 89' lang='lat' dir='ltr'>per</span> 
     </span>
     <span class='ocr_line' id='line_1_39' title="bbox 176 2350 1129 2389; baseline -0.002 -8"><span class='ocrx_word' id='word_1_293' title='bbox 176 2352 454 2387; x_wconf 87' lang='lat' dir='ltr'>circumcisionem,</span> <span class='ocrx_word' id='word_1_294' title='bbox 471 2360 507 2381; x_wconf 84' lang='lat' dir='ltr'>cx</span> <span class='ocrx_word' id='word_1_295' title='bbox 522 2359 582 2389; x_wconf 92' lang='lat' dir='ltr'>quo</span> <span class='ocrx_word' id='word_1_296' title='bbox 599 2351 732 2381; x_wconf 82' lang='lat' dir='ltr'>instituta</span> <span class='ocrx_word' id='word_1_297' title='bbox 749 2351 818 2386; x_wconf 84' lang='lat' dir='ltr'>luit,</span> <span class='ocrx_word' id='word_1_298' title='bbox 835 2350 1042 2380; x_wconf 86' lang='lat' dir='ltr'>remissionem</span> <span class='ocrx_word' id='word_1_299' title='bbox 1058 2358 1129 2388; x_wconf 91' lang='lat' dir='ltr'>pcc-</span> 
     </span>
     <span class='ocr_line' id='line_1_40' title="bbox 177 2398 1128 2438; baseline -0.002 -8"><span class='ocrx_word' id='word_1_300' title='bbox 177 2401 235 2430; x_wconf 86' lang='lat' dir='ltr'>cati</span> <span class='ocrx_word' id='word_1_301' title='bbox 259 2400 412 2437; x_wconf 89' lang='lat' dir='ltr'>originalis</span> <span class='ocrx_word' id='word_1_302' title='bbox 433 2403 462 2429; x_wconf 93' lang='lat' dir='ltr'>et</span> <span class='ocrx_word' id='word_1_303' title='bbox 484 2400 611 2430; x_wconf 89' lang='lat' dir='ltr'>actualis</span> <span class='ocrx_word' id='word_1_304' title='bbox 632 2399 768 2438; x_wconf 86' lang='lat' dir='ltr'>parvulis</span> <span class='ocrx_word' id='word_1_305' title='bbox 790 2403 819 2429; x_wconf 89' lang='lat' dir='ltr'>et</span> <span class='ocrx_word' id='word_1_306' title='bbox 841 2398 1007 2428; x_wconf 86' lang='lat' dir='ltr'>maioribus</span> <span class='ocrx_word' id='word_1_307' title='bbox 1029 2407 1045 2428; x_wconf 89' lang='lat' dir='ltr'>a</span> <span class='ocrx_word' id='word_1_308' title='bbox 1069 2399 1128 2428; x_wconf 88' lang='lat' dir='ltr'>Deo</span> 
     </span>
     <span class='ocr_line' id='line_1_41' title="bbox 177 2447 971 2487; baseline -0.003 -9"><span class='ocrx_word' id='word_1_309' title='bbox 177 2449 365 2487; x_wconf 79' lang='lat' dir='ltr'>praestitam,</span> <span class='ocrx_word' id='word_1_310' title='bbox 388 2448 466 2477; x_wconf 89' lang='lat' dir='ltr'>sicut</span> <span class='ocrx_word' id='word_1_311' title='bbox 488 2456 567 2477; x_wconf 86' lang='lat' dir='ltr'>nunc</span> <span class='ocrx_word' id='word_1_312' title='bbox 588 2456 643 2486; x_wconf 90' lang='lat' dir='ltr'>per</span> <span class='ocrx_word' id='word_1_313' title='bbox 666 2447 850 2486; x_wconf 87' lang='lat' dir='ltr'>baptismum</span> <span class='ocrx_word' id='word_1_314' title='bbox 873 2447 971 2477; x_wconf 90' lang='lat' dir='ltr'>datur.</span> 
     </span>
    </p>
   </div>
   <div class='ocr_carea' id='block_1_6' title="bbox 34 2214 125 2235">
    <p class='ocr_par' dir='ltr' id='par_1_9' title="bbox 34 2214 125 2235">
     <span class='ocr_line' id='line_1_42' title="bbox 34 2214 125 2235; baseline -0.011 0"><span class='ocrx_word' id='word_1_315' title='bbox 34 2214 125 2235; x_wconf 87' lang='lat' dir='ltr'>Dubium</span> 
     </span>
    </p>
   </div>
   <div class='ocr_carea' id='block_1_7' title="bbox 576 2542 737 2572">
    <p class='ocr_par' dir='ltr' id='par_1_10' title="bbox 576 2542 737 2572">
     <span class='ocr_line' id='line_1_43' title="bbox 576 2542 737 2572; baseline 0 0"><span class='ocrx_word' id='word_1_316' title='bbox 576 2542 643 2572; x_wconf 53' lang='lat' dir='ltr'>Cap.</span> <span class='ocrx_word' id='word_1_317' title='bbox 666 2543 737 2572; x_wconf 77' lang='lat' dir='ltr'>tht.</span> 
     </span>
    </p>
   </div>
   <div class='ocr_carea' id='block_1_8' title="bbox 222 2637 1045 2718">
    <p class='ocr_par' dir='ltr' id='par_1_11' title="bbox 222 2637 1045 2718">
     <span class='ocr_line' id='line_1_44' title="bbox 222 2637 1045 2678; baseline -0.005 -8"><span class='ocrx_word' id='word_1_318' title='bbox 222 2656 225 2659; x_wconf 96' lang='lat'>·</span> <span class='ocrx_word' id='word_1_319' title='bbox 264 2639 350 2676; x_wconf 71' lang='lat' dir='ltr'>Quod</span> <span class='ocrx_word' id='word_1_320' title='bbox 369 2639 539 2670; x_wconf 62' lang='lat' dir='ltr'>woncdlzmz</span> <span class='ocrx_word' id='word_1_321' title='bbox 561 2639 612 2669; x_wconf 69' lang='lat' dir='ltr'>zm</span> <span class='ocrx_word' id='word_1_322' title='bbox 631 2638 823 2673; x_wconf 70' lang='lat' dir='ltr'>habuerant,</span> <span class='ocrx_word' id='word_1_323' title='bbox 846 2637 901 2678; x_wconf 69' lang='lat' dir='ltr'>qui</span> <span class='ocrx_word' id='word_1_324' title='bbox 918 2638 1045 2677; x_wconf 63' lang='lat' dir='ltr'>feceram</span> 
     </span>
     <span class='ocr_line' id='line_1_45' title="bbox 478 2686 839 2718; baseline -0.003 -1"><span class='ocrx_word' id='word_1_325' title='bbox 478 2692 546 2718; x_wconf 74' lang='lat' dir='ltr'>(mcc</span> <span class='ocrx_word' id='word_1_326' title='bbox 569 2686 839 2718; x_wconf 36' lang='lat' dir='ltr'>ct&#39;rrctmzcz&#39;sz&#39;cnem.</span> 
     </span>
    </p>
   </div>
   <div class='ocr_carea' id='block_1_9' title="bbox 26 2784 1134 2967">
    <p class='ocr_par' dir='ltr' id='par_1_12' title="bbox 182 2784 1133 2921">
     <span class='ocr_line' id='line_1_46' title="bbox 258 2784 1133 2824; baseline -0.003 -8"><span class='ocrx_word' id='word_1_327' title='bbox 258 2786 417 2821; x_wconf 82' lang='lat' dir='ltr'>Quaeritur</span> <span class='ocrx_word' id='word_1_328' title='bbox 439 2790 539 2816; x_wconf 88' lang='lat' dir='ltr'>autem</span> <span class='ocrx_word' id='word_1_329' title='bbox 562 2786 599 2815; x_wconf 90' lang='lat' dir='ltr'>dc</span> <span class='ocrx_word' id='word_1_330' title='bbox 615 2786 704 2821; x_wconf 88' lang='lat' dir='ltr'>viris,</span> <span class='ocrx_word' id='word_1_331' title='bbox 720 2786 772 2824; x_wconf 93' lang='lat' dir='ltr'>qui</span> <span class='ocrx_word' id='word_1_332' title='bbox 788 2786 908 2815; x_wconf 85' lang='lat' dir='ltr'>suerunt</span> <span class='ocrx_word' id='word_1_333' title='bbox 923 2787 991 2814; x_wconf 88' lang='lat' dir='ltr'>ante</span> <span class='ocrx_word' id='word_1_334' title='bbox 1007 2784 1133 2814; x_wconf 88' lang='lat' dir='ltr'>circum-</span> 
     </span>
     <span class='ocr_line' id='line_1_47' title="bbox 182 2834 1131 2872; baseline -0.003 -8"><span class='ocrx_word' id='word_1_335' title='bbox 182 2835 342 2870; x_wconf 90' lang='lat' dir='ltr'>cisionem,</span> <span class='ocrx_word' id='word_1_336' title='bbox 371 2839 399 2864; x_wconf 90' lang='lat' dir='ltr'>et</span> <span class='ocrx_word' id='word_1_337' title='bbox 428 2835 466 2864; x_wconf 88' lang='lat' dir='ltr'>de</span> <span class='ocrx_word' id='word_1_338' title='bbox 488 2835 621 2870; x_wconf 87' lang='lat' dir='ltr'>feminis,</span> <span class='ocrx_word' id='word_1_339' title='bbox 644 2842 722 2872; x_wconf 85' lang='lat' dir='ltr'>quae</span> <span class='ocrx_word' id='word_1_340' title='bbox 744 2834 865 2864; x_wconf 86' lang='lat' dir='ltr'>suerunt</span> <span class='ocrx_word' id='word_1_341' title='bbox 893 2837 961 2862; x_wconf 86' lang='lat' dir='ltr'>ante</span> <span class='ocrx_word' id='word_1_342' title='bbox 991 2836 1020 2862; x_wconf 89' lang='lat' dir='ltr'>ct</span> <span class='ocrx_word' id='word_1_343' title='bbox 1048 2835 1131 2870; x_wconf 89' lang='lat' dir='ltr'>post,</span> 
     </span>
     <span class='ocr_line' id='line_1_48' title="bbox 182 2880 1132 2921; baseline -0.003 -9"><span class='ocrx_word' id='word_1_344' title='bbox 182 2882 260 2921; x_wconf 87' lang='lat' dir='ltr'>quod</span> <span class='ocrx_word' id='word_1_345' title='bbox 284 2883 450 2912; x_wconf 86' lang='lat' dir='ltr'>remedium</span> <span class='ocrx_word' id='word_1_346' title='bbox 472 2886 575 2912; x_wconf 88' lang='lat' dir='ltr'>contra</span> <span class='ocrx_word' id='word_1_347' title='bbox 591 2886 748 2921; x_wconf 89' lang='lat' dir='ltr'>peccatum</span> <span class='ocrx_word' id='word_1_348' title='bbox 767 2882 935 2911; x_wconf 81' lang='lat' dir='ltr'>habuerint.</span> <span class='ocrx_word' id='word_1_349' title='bbox 951 2880 1132 2915; x_wconf 85' lang='lat' dir='ltr'>-Quidam</span> 
     </span>
    </p>

    <p class='ocr_par' dir='ltr' id='par_1_13' title="bbox 26 2929 1134 2967">
     <span class='ocr_line' id='line_1_49' title="bbox 26 2929 1134 2967; baseline 0.001 -11"><span class='ocrx_word' id='word_1_350' title='bbox 26 2936 166 2962; x_wconf 68' lang='lat' dir='ltr'>Opinionesa.</span> <span class='ocrx_word' id='word_1_351' title='bbox 182 2930 301 2967; x_wconf 90' lang='lat' dir='ltr'>dicunt,</span> <span class='ocrx_word' id='word_1_352' title='bbox 323 2930 472 2960; x_wconf 79' lang='lat' dir='ltr'>sacrificia</span> <span class='ocrx_word' id='word_1_353' title='bbox 495 2934 523 2960; x_wconf 86' lang='lat' dir='ltr'>et</span> <span class='ocrx_word' id='word_1_354' title='bbox 545 2930 712 2960; x_wconf 89' lang='lat' dir='ltr'>oblationes</span> <span class='ocrx_word' id='word_1_355' title='bbox 741 2931 784 2960; x_wconf 86' lang='lat' dir='ltr'>cis</span> <span class='ocrx_word' id='word_1_356' title='bbox 814 2930 944 2959; x_wconf 84' lang='lat' dir='ltr'>valuisse</span> <span class='ocrx_word' id='word_1_357' title='bbox 972 2929 1009 2958; x_wconf 91' lang='lat' dir='ltr'>ad</span> <span class='ocrx_word' id='word_1_358' title='bbox 1032 2929 1134 2958; x_wconf 88' lang='lat' dir='ltr'>remis-</span> 
     </span>
    </p>
   </div>
   <div class='ocr_carea' id='block_1_10' title="bbox 1149 345 1159 1241">
    <p class='ocr_par' dir='ltr' id='par_1_14' title="bbox 1149 345 1159 1241">
     <span class='ocr_line' id='line_1_50' title="bbox 1149 345 1159 1241; baseline 0 0"><span class='ocrx_word' id='word_1_359' title='bbox 1149 345 1159 1241; x_wconf 95' lang='lat' dir='ltr'> </span> 
     </span>
    </p>
   </div>
   <div class='ocr_carea' id='block_1_11' title="bbox 1179 331 2294 652">
    <p class='ocr_par' dir='ltr' id='par_1_15' title="bbox 1179 331 2132 375">
     <span class='ocr_line' id='line_1_51' title="bbox 1179 331 2132 375; baseline -0.004 -10"><span class='ocrx_word' id='word_1_360' title='bbox 1179 336 1365 375; x_wconf 75' lang='lat' dir='ltr'>s&#39;omentum,</span> <span class='ocrx_word' id='word_1_361' title='bbox 1389 334 1446 364; x_wconf 89' lang='lat' dir='ltr'>alia</span> <span class='ocrx_word' id='word_1_362' title='bbox 1468 334 1505 363; x_wconf 88' lang='lat' dir='ltr'>ad</span> <span class='ocrx_word' id='word_1_363' title='bbox 1528 333 1687 372; x_wconf 73' lang='lat' dir='ltr'>utriusque</span> <span class='ocrx_word' id='word_1_364' title='bbox 1708 331 1935 362; x_wconf 70' lang='lat' dir='ltr'>subversconem</span> <span class='ocrx_word' id='word_1_365' title='bbox 1950 345 1976 361; x_wconf 87' lang='lat'>».</span> <span class='ocrx_word' id='word_1_366' title='bbox 1999 348 2039 354; x_wconf 89' lang='lat'>—</span> <span class='ocrx_word' id='word_1_367' title='bbox 2059 332 2132 362; x_wconf 88' lang='lat' dir='ltr'>Cum</span> 
     </span>
    </p>

    <p class='ocr_par' dir='ltr' id='par_1_16' title="bbox 1182 380 2134 421">
     <span class='ocr_line' id='line_1_52' title="bbox 1182 380 2134 421; baseline -0.003 -9"><span class='ocrx_word' id='word_1_368' title='bbox 1182 383 1271 421; x_wconf 89' lang='lat' dir='ltr'>igitur</span> <span class='ocrx_word' id='word_1_369' title='bbox 1293 382 1408 420; x_wconf 84' lang='lat' dir='ltr'>absque</span> <span class='ocrx_word' id='word_1_370' title='bbox 1429 381 1648 417; x_wconf 76' lang='lat' dir='ltr'>sacramentis,</span> <span class='ocrx_word' id='word_1_371' title='bbox 1670 381 1782 419; x_wconf 88' lang='lat' dir='ltr'>quibus</span> <span class='ocrx_word' id='word_1_372' title='bbox 1805 388 1861 409; x_wconf 89' lang='lat' dir='ltr'>non</span> <span class='ocrx_word' id='word_1_373' title='bbox 1885 380 2019 417; x_wconf 84' lang='lat' dir='ltr'>alligavit</span> <span class='ocrx_word' id='word_1_374' title='bbox 2034 383 2134 418; x_wconf 90' lang='lat' dir='ltr'>poten—</span> 
     </span>
    </p>

    <p class='ocr_par' dir='ltr' id='par_1_17' title="bbox 1183 429 2136 467">
     <span class='ocr_line' id='line_1_53' title="bbox 1183 429 2136 467; baseline -0.003 -7"><span class='ocrx_word' id='word_1_375' title='bbox 1183 431 1253 460; x_wconf 89' lang='lat' dir='ltr'>tiam</span> <span class='ocrx_word' id='word_1_376' title='bbox 1275 438 1361 460; x_wconf 85' lang='lat' dir='ltr'>suam</span> <span class='ocrx_word' id='word_1_377' title='bbox 1383 431 1478 466; x_wconf 85' lang='lat' dir='ltr'>Deus,</span> <span class='ocrx_word' id='word_1_378' title='bbox 1500 430 1613 459; x_wconf 88' lang='lat' dir='ltr'>bomini</span> <span class='ocrx_word' id='word_1_379' title='bbox 1629 429 1755 466; x_wconf 77' lang='lat' dir='ltr'>gratiam</span> <span class='ocrx_word' id='word_1_380' title='bbox 1779 429 1891 458; x_wconf 86' lang='lat' dir='ltr'>donare</span> <span class='ocrx_word' id='word_1_381' title='bbox 1913 432 2030 467; x_wconf 83' lang='lat' dir='ltr'>posset,</span> <span class='ocrx_word' id='word_1_382' title='bbox 2051 436 2136 466; x_wconf 84' lang='lat' dir='ltr'>prae-</span> 
     </span>
    </p>

    <p class='ocr_par' dir='ltr' id='par_1_18' title="bbox 1182 477 2294 564">
     <span class='ocr_line' id='line_1_54' title="bbox 1182 477 2294 512; baseline -0.003 -4"><span class='ocrx_word' id='word_1_383' title='bbox 1182 478 1271 508; x_wconf 89' lang='lat' dir='ltr'>dictis</span> <span class='ocrx_word' id='word_1_384' title='bbox 1286 479 1323 508; x_wconf 90' lang='lat' dir='ltr'>dc</span> <span class='ocrx_word' id='word_1_385' title='bbox 1339 479 1439 508; x_wconf 87' lang='lat' dir='ltr'>causis</span> <span class='ocrx_word' id='word_1_386' title='bbox 1460 478 1653 507; x_wconf 84' lang='lat' dir='ltr'>Sacramenta</span> <span class='ocrx_word' id='word_1_387' title='bbox 1670 477 1806 506; x_wconf 90' lang='lat' dir='ltr'>instituit.</span> <span class='ocrx_word' id='word_1_388' title='bbox 1828 489 1840 502; x_wconf 91' lang='lat'>«</span> <span class='ocrx_word' id='word_1_389' title='bbox 1855 477 1920 506; x_wconf 90' lang='lat' dir='ltr'>Duo</span> <span class='ocrx_word' id='word_1_390' title='bbox 1936 480 2036 506; x_wconf 83' lang='lat' dir='ltr'>autem</span> <span class='ocrx_word' id='word_1_391' title='bbox 2052 480 2134 512; x_wconf 90' lang='lat' dir='ltr'>sunt,</span> <span class='ocrx_word' id='word_1_392' title='bbox 2150 482 2241 504; x_wconf 74' lang='lat' dir='ltr'>Dubium</span> <span class='ocrx_word' id='word_1_393' title='bbox 2260 483 2294 503; x_wconf 72' lang='lat'>1¹.</span> 
     </span>
     <span class='ocr_line' id='line_1_55' title="bbox 1184 522 2137 564; baseline 0.001 -10"><span class='ocrx_word' id='word_1_394' title='bbox 1184 526 1212 554; x_wconf 92' lang='lat' dir='ltr'>in</span> <span class='ocrx_word' id='word_1_395' title='bbox 1235 525 1346 564; x_wconf 87' lang='lat' dir='ltr'>quibus</span> <span class='ocrx_word' id='word_1_396' title='bbox 1362 525 1588 555; x_wconf 84' lang='lat' dir='ltr'>Sacramentum</span> <span class='ocrx_word' id='word_1_397' title='bbox 1612 524 1763 561; x_wconf 86' lang='lat' dir='ltr'>consistit,</span> <span class='ocrx_word' id='word_1_398' title='bbox 1786 524 1901 553; x_wconf 89' lang='lat' dir='ltr'>scilicet</span> <span class='ocrx_word' id='word_1_399' title='bbox 1916 522 2007 553; x_wconf 78' lang='lat' dir='ltr'>verba</span> <span class='ocrx_word' id='word_1_400' title='bbox 2023 528 2051 554; x_wconf 92' lang='lat' dir='ltr'>et</span> <span class='ocrx_word' id='word_1_401' title='bbox 2066 533 2113 553; x_wconf 68' lang='lat' dir='ltr'>rea</span> <span class='ocrx_word' id='word_1_402' title='bbox 2127 537 2137 555; x_wconf 90' lang='lat'>.·</span> 
     </span>
    </p>

    <p class='ocr_par' dir='ltr' id='par_1_19' title="bbox 1183 572 2136 652">
     <span class='ocr_line' id='line_1_56' title="bbox 1183 572 2136 611; baseline 0 -9"><span class='ocrx_word' id='word_1_403' title='bbox 1183 572 1292 607; x_wconf 78' lang='lat' dir='ltr'>verba,</span> <span class='ocrx_word' id='word_1_404' title='bbox 1316 576 1347 602; x_wconf 91' lang='lat' dir='ltr'>ut</span> <span class='ocrx_word' id='word_1_405' title='bbox 1369 573 1520 603; x_wconf 88' lang='lat' dir='ltr'>invocatio</span> <span class='ocrx_word' id='word_1_406' title='bbox 1542 573 1714 609; x_wconf 72' lang='lat' dir='ltr'>Trinitatis,</span> <span class='ocrx_word' id='word_1_407' title='bbox 1737 582 1804 606; x_wconf 77' lang='lat' dir='ltr'>rcS,</span> <span class='ocrx_word' id='word_1_408' title='bbox 1827 576 1858 602; x_wconf 94' lang='lat' dir='ltr'>ut</span> <span class='ocrx_word' id='word_1_409' title='bbox 1881 580 1977 611; x_wconf 77' lang='lat' dir='ltr'>aqua,</span> <span class='ocrx_word' id='word_1_410' title='bbox 1993 573 2091 603; x_wconf 87' lang='lat' dir='ltr'>oleum</span> <span class='ocrx_word' id='word_1_411' title='bbox 2109 577 2136 603; x_wconf 90' lang='lat' dir='ltr'>et</span> 
     </span>
     <span class='ocr_line' id='line_1_57' title="bbox 1185 622 1401 652; baseline -0.009 0"><span class='ocrx_word' id='word_1_412' title='bbox 1185 622 1357 652; x_wconf 87' lang='lat' dir='ltr'>huiusmodi</span> <span class='ocrx_word' id='word_1_413' title='bbox 1374 634 1401 650; x_wconf 83' lang='lat'>».</span> 
     </span>
    </p>
   </div>
   <div class='ocr_carea' id='block_1_12' title="bbox 1592 726 1730 756">
    <p class='ocr_par' dir='ltr' id='par_1_20' title="bbox 1592 726 1730 756">
     <span class='ocr_line' id='line_1_58' title="bbox 1592 726 1730 756; baseline 0 -1"><span class='ocrx_word' id='word_1_414' title='bbox 1592 726 1661 755; x_wconf 69' lang='grc' dir='ltr'>ΟΜ».</span> <span class='ocrx_word' id='word_1_415' title='bbox 1683 727 1730 756; x_wconf 78' lang='lat' dir='ltr'>vt.</span> 
     </span>
    </p>
   </div>
   <div class='ocr_carea' id='block_1_13' title="bbox 1211 829 2119 871">
    <p class='ocr_par' dir='ltr' id='par_1_21' title="bbox 1211 829 2119 871">
     <span class='ocr_line' id='line_1_59' title="bbox 1211 829 2119 871; baseline -0.002 -10"><span class='ocrx_word' id='word_1_416' title='bbox 1211 832 1253 862; x_wconf 75' lang='lat' dir='ltr'>DC</span> <span class='ocrx_word' id='word_1_417' title='bbox 1274 829 1448 871; x_wconf 66' lang='lat' dir='ltr'>dt&#39;ffl&#39;re‘ltlz&#39;ct</span> <span class='ocrx_word' id='word_1_418' title='bbox 1470 830 1736 860; x_wconf 65' lang='lat' dir='ltr'>&amp;aeramentorum</span> <span class='ocrx_word' id='word_1_419' title='bbox 1758 835 1890 860; x_wconf 73' lang='lat' dir='ltr'>velerum</span> <span class='ocrx_word' id='word_1_420' title='bbox 1913 835 1939 859; x_wconf 68' lang='lat' dir='ltr'>Pl</span> <span class='ocrx_word' id='word_1_421' title='bbox 1959 840 2119 860; x_wconf 70' lang='lat' dir='ltr'>novorum.</span> 
     </span>
    </p>
   </div>
   <div class='ocr_carea' id='block_1_14' title="bbox 1187 958 2298 1238">
    <p class='ocr_par' dir='ltr' id='par_1_22' title="bbox 1187 958 2298 1238">
     <span class='ocr_line' id='line_1_60' title="bbox 1266 958 2140 989; baseline 0 -1"><span class='ocrx_word' id='word_1_422' title='bbox 1266 960 1326 989; x_wconf 89' lang='lat' dir='ltr'>lam</span> <span class='ocrx_word' id='word_1_423' title='bbox 1349 958 1451 988; x_wconf 86' lang='lat' dir='ltr'>videre</span> <span class='ocrx_word' id='word_1_424' title='bbox 1473 961 1566 987; x_wconf 87' lang='lat' dir='ltr'>restat</span> <span class='ocrx_word' id='word_1_425' title='bbox 1587 958 1784 987; x_wconf 77' lang='lat' dir='ltr'>differentiam</span> <span class='ocrx_word' id='word_1_426' title='bbox 1808 958 2069 988; x_wconf 74' lang='lat' dir='ltr'>sacramentorum</span> <span class='ocrx_word' id='word_1_427' title='bbox 2095 967 2140 988; x_wconf 80' lang='lat' dir='ltr'>ve—</span> 
     </span>
     <span class='ocr_line' id='line_1_61' title="bbox 1188 1006 2141 1045; baseline -0.002 -8"><span class='ocrx_word' id='word_1_428' title='bbox 1188 1012 1284 1038; x_wconf 89' lang='lat' dir='ltr'>terum</span> <span class='ocrx_word' id='word_1_429' title='bbox 1308 1010 1336 1037; x_wconf 86' lang='lat' dir='ltr'>et</span> <span class='ocrx_word' id='word_1_430' title='bbox 1358 1014 1522 1041; x_wconf 84' lang='lat' dir='ltr'>novorum,</span> <span class='ocrx_word' id='word_1_431' title='bbox 1551 1009 1583 1035; x_wconf 95' lang='lat' dir='ltr'>ut</span> <span class='ocrx_word' id='word_1_432' title='bbox 1610 1006 1802 1035; x_wconf 82' lang='lat' dir='ltr'>Sacramenta</span> <span class='ocrx_word' id='word_1_433' title='bbox 1827 1015 1969 1036; x_wconf 77' lang='lat' dir='ltr'>vocemus</span> <span class='ocrx_word' id='word_1_434' title='bbox 1992 1015 2070 1045; x_wconf 86' lang='lat' dir='ltr'>quae</span> <span class='ocrx_word' id='word_1_435' title='bbox 2093 1015 2141 1035; x_wconf 88' lang='lat' dir='ltr'>an-</span> 
     </span>
     <span class='ocr_line' id='line_1_62' title="bbox 1188 1055 2140 1095; baseline -0.002 -9"><span class='ocrx_word' id='word_1_436' title='bbox 1188 1056 1313 1095; x_wconf 86' lang='lat' dir='ltr'>tiquitus</span> <span class='ocrx_word' id='word_1_437' title='bbox 1335 1064 1383 1085; x_wconf 86' lang='lat' dir='ltr'>res</span> <span class='ocrx_word' id='word_1_438' title='bbox 1406 1063 1508 1085; x_wconf 86' lang='lat' dir='ltr'>sacras</span> <span class='ocrx_word' id='word_1_439' title='bbox 1528 1055 1701 1091; x_wconf 82' lang='lat' dir='ltr'>signabant,</span> <span class='ocrx_word' id='word_1_440' title='bbox 1724 1059 1756 1084; x_wconf 85' lang='lat' dir='ltr'>ut</span> <span class='ocrx_word' id='word_1_441' title='bbox 1778 1055 1927 1085; x_wconf 78' lang='lat' dir='ltr'>sacrificia</span> <span class='ocrx_word' id='word_1_442' title='bbox 1956 1058 1985 1084; x_wconf 88' lang='lat' dir='ltr'>et</span> <span class='ocrx_word' id='word_1_443' title='bbox 2017 1055 2140 1084; x_wconf 92' lang='lat' dir='ltr'>oblatio-</span> 
     </span>
     <span class='ocr_line' id='line_1_63' title="bbox 1187 1103 2140 1135; baseline -0.004 0"><span class='ocrx_word' id='word_1_444' title='bbox 1187 1114 1240 1135; x_wconf 88' lang='lat' dir='ltr'>nes</span> <span class='ocrx_word' id='word_1_445' title='bbox 1262 1108 1290 1135; x_wconf 88' lang='lat' dir='ltr'>et</span> <span class='ocrx_word' id='word_1_446' title='bbox 1312 1103 1495 1134; x_wconf 83' lang='lat' dir='ltr'>huiusmodi.</span> <span class='ocrx_word' id='word_1_447' title='bbox 1524 1104 1636 1133; x_wconf 90' lang='lat' dir='ltr'>Eorum</span> <span class='ocrx_word' id='word_1_448' title='bbox 1664 1107 1764 1133; x_wconf 91' lang='lat' dir='ltr'>autem</span> <span class='ocrx_word' id='word_1_449' title='bbox 1788 1103 1985 1132; x_wconf 81' lang='lat' dir='ltr'>differentiam</span> <span class='ocrx_word' id='word_1_450' title='bbox 2008 1103 2140 1132; x_wconf 88' lang='lat' dir='ltr'>breviter</span> 
     </span>
     <span class='ocr_line' id='line_1_64' title="bbox 1187 1151 2298 1190; baseline -0.005 -8"><span class='ocrx_word' id='word_1_451' title='bbox 1187 1152 1395 1190; x_wconf 70' lang='lat' dir='ltr'>Augustim1s⁸</span> <span class='ocrx_word' id='word_1_452' title='bbox 1424 1152 1556 1188; x_wconf 84' lang='lat' dir='ltr'>assignat</span> <span class='ocrx_word' id='word_1_453' title='bbox 1583 1151 1703 1187; x_wconf 89' lang='lat' dir='ltr'>dicens,</span> <span class='ocrx_word' id='word_1_454' title='bbox 1732 1151 1830 1189; x_wconf 86' lang='lat' dir='ltr'>«quia</span> <span class='ocrx_word' id='word_1_455' title='bbox 1854 1151 1901 1180; x_wconf 93' lang='lat' dir='ltr'>illa</span> <span class='ocrx_word' id='word_1_456' title='bbox 1926 1151 2141 1189; x_wconf 81' lang='lat' dir='ltr'>promittebant</span> <span class='ocrx_word' id='word_1_457' title='bbox 2157 1157 2248 1177; x_wconf 74' lang='lat' dir='ltr'>Dubium</span> <span class='ocrx_word' id='word_1_458' title='bbox 2266 1157 2298 1177; x_wconf 70' lang='lat'>42.</span> 
     </span>
     <span class='ocr_line' id='line_1_65' title="bbox 1189 1199 2110 1238; baseline -0.004 -7"><span class='ocrx_word' id='word_1_459' title='bbox 1189 1205 1303 1231; x_wconf 87' lang='lat' dir='ltr'>tantum</span> <span class='ocrx_word' id='word_1_460' title='bbox 1326 1204 1355 1230; x_wconf 88' lang='lat' dir='ltr'>ct</span> <span class='ocrx_word' id='word_1_461' title='bbox 1378 1199 1601 1238; x_wconf 84' lang='lat' dir='ltr'>significabant,</span> <span class='ocrx_word' id='word_1_462' title='bbox 1625 1199 1701 1229; x_wconf 86' lang='lat' dir='ltr'>hacc</span> <span class='ocrx_word' id='word_1_463' title='bbox 1724 1203 1823 1229; x_wconf 89' lang='lat' dir='ltr'>autem</span> <span class='ocrx_word' id='word_1_464' title='bbox 1847 1199 1919 1228; x_wconf 88' lang='lat' dir='ltr'>daut</span> <span class='ocrx_word' id='word_1_465' title='bbox 1941 1199 2110 1228; x_wconf 84' lang='lat' dir='ltr'>salutem».</span> 
     </span>
    </p>
   </div>
   <div class='ocr_carea' id='block_1_15' title="bbox 1192 1322 1225 1353">
    <p class='ocr_par' dir='ltr' id='par_1_23' title="bbox 1192 1322 1225 1353">
     <span class='ocr_line' id='line_1_66' title="bbox 1192 1322 1225 1353; baseline 0 0"><span class='ocrx_word' id='word_1_466' title='bbox 1192 1322 1225 1353; x_wconf 91' lang='lat' dir='ltr'>Il.</span> 
     </span>
    </p>
   </div>
   <div class='ocr_carea' id='block_1_16' title="bbox 1188 1427 2281 1990">
    <p class='ocr_par' dir='ltr' id='par_1_24' title="bbox 1188 1427 2281 1990">
     <span class='ocr_line' id='line_1_67' title="bbox 1188 1427 2143 1468; baseline -0.004 -8"><span class='ocrx_word' id='word_1_467' title='bbox 1188 1431 1302 1460; x_wconf 88' lang='lat' dir='ltr'>sionem</span> <span class='ocrx_word' id='word_1_468' title='bbox 1329 1430 1456 1468; x_wconf 86' lang='lat' dir='ltr'>pcccati.</span> <span class='ocrx_word' id='word_1_469' title='bbox 1486 1429 1543 1459; x_wconf 80' lang='lat' dir='ltr'>Sed</span> <span class='ocrx_word' id='word_1_470' title='bbox 1575 1429 1681 1458; x_wconf 88' lang='lat' dir='ltr'>melius</span> <span class='ocrx_word' id='word_1_471' title='bbox 1711 1432 1755 1458; x_wconf 88' lang='lat' dir='ltr'>est</span> <span class='ocrx_word' id='word_1_472' title='bbox 1783 1428 1901 1465; x_wconf 87' lang='lat' dir='ltr'>dicere,</span> <span class='ocrx_word' id='word_1_473' title='bbox 1932 1427 1997 1457; x_wconf 87' lang='lat' dir='ltr'>illos</span> <span class='ocrx_word' id='word_1_474' title='bbox 2025 1427 2076 1465; x_wconf 85' lang='lat' dir='ltr'>qui</span> <span class='ocrx_word' id='word_1_475' title='bbox 2106 1427 2143 1457; x_wconf 87' lang='lat' dir='ltr'>de</span> 
     </span>
     <span class='ocr_line' id='line_1_68' title="bbox 1188 1476 2144 1516; baseline -0.003 -8"><span class='ocrx_word' id='word_1_476' title='bbox 1188 1479 1340 1508; x_wconf 75' lang='lat' dir='ltr'>Abrabam</span> <span class='ocrx_word' id='word_1_477' title='bbox 1363 1478 1561 1516; x_wconf 85' lang='lat' dir='ltr'>prodierunt,</span> <span class='ocrx_word' id='word_1_478' title='bbox 1585 1486 1639 1515; x_wconf 90' lang='lat' dir='ltr'>per</span> <span class='ocrx_word' id='word_1_479' title='bbox 1662 1477 1925 1506; x_wconf 86' lang='lat' dir='ltr'>circumcisionem</span> <span class='ocrx_word' id='word_1_480' title='bbox 1949 1476 2144 1510; x_wconf 73' lang='lat' dir='ltr'>iustificatos,</span> 
     </span>
     <span class='ocr_line' id='line_1_69' title="bbox 1190 1524 2143 1565; baseline -0.004 -8"><span class='ocrx_word' id='word_1_481' title='bbox 1190 1528 1331 1557; x_wconf 89' lang='lat' dir='ltr'>mulieres</span> <span class='ocrx_word' id='word_1_482' title='bbox 1361 1535 1432 1556; x_wconf 88' lang='lat' dir='ltr'>vero</span> <span class='ocrx_word' id='word_1_483' title='bbox 1462 1535 1516 1565; x_wconf 87' lang='lat' dir='ltr'>per</span> <span class='ocrx_word' id='word_1_484' title='bbox 1541 1526 1629 1555; x_wconf 83' lang='lat' dir='ltr'>iidem</span> <span class='ocrx_word' id='word_1_485' title='bbox 1661 1529 1689 1555; x_wconf 90' lang='lat' dir='ltr'>et</span> <span class='ocrx_word' id='word_1_486' title='bbox 1718 1526 1923 1563; x_wconf 85' lang='lat' dir='ltr'>operationem</span> <span class='ocrx_word' id='word_1_487' title='bbox 1946 1525 2073 1562; x_wconf 78' lang='lat' dir='ltr'>bonam,</span> <span class='ocrx_word' id='word_1_488' title='bbox 2097 1524 2143 1554; x_wconf 73' lang='lat' dir='ltr'>vel</span> 
     </span>
     <span class='ocr_line' id='line_1_70' title="bbox 1189 1573 2144 1612; baseline -0.003 -7"><span class='ocrx_word' id='word_1_489' title='bbox 1189 1584 1291 1612; x_wconf 78' lang='lat' dir='ltr'>suam,</span> <span class='ocrx_word' id='word_1_490' title='bbox 1313 1575 1337 1604; x_wconf 91' lang='lat' dir='ltr'>si</span> <span class='ocrx_word' id='word_1_491' title='bbox 1361 1575 1481 1604; x_wconf 86' lang='lat' dir='ltr'>adultae</span> <span class='ocrx_word' id='word_1_492' title='bbox 1504 1578 1604 1611; x_wconf 85' lang='lat' dir='ltr'>erant,</span> <span class='ocrx_word' id='word_1_493' title='bbox 1620 1574 1666 1603; x_wconf 88' lang='lat' dir='ltr'>vel</span> <span class='ocrx_word' id='word_1_494' title='bbox 1684 1577 1859 1612; x_wconf 89' lang='lat' dir='ltr'>parentum,</span> <span class='ocrx_word' id='word_1_495' title='bbox 1875 1574 1898 1602; x_wconf 87' lang='lat' dir='ltr'>si</span> <span class='ocrx_word' id='word_1_496' title='bbox 1917 1573 2076 1611; x_wconf 72' lang='lat' dir='ltr'>parvulae3</span> <span class='ocrx_word' id='word_1_497' title='bbox 2093 1581 2144 1602; x_wconf 85' lang='lat' dir='ltr'>eos</span> 
     </span>
     <span class='ocr_line' id='line_1_71' title="bbox 1190 1621 2144 1661; baseline -0.002 -9"><span class='ocrx_word' id='word_1_498' title='bbox 1190 1631 1261 1652; x_wconf 87' lang='lat' dir='ltr'>vero</span> <span class='ocrx_word' id='word_1_499' title='bbox 1296 1623 1347 1661; x_wconf 87' lang='lat' dir='ltr'>qui</span> <span class='ocrx_word' id='word_1_500' title='bbox 1379 1623 1499 1652; x_wconf 83' lang='lat' dir='ltr'>suerunt</span> <span class='ocrx_word' id='word_1_501' title='bbox 1533 1625 1600 1651; x_wconf 90' lang='lat' dir='ltr'>aute</span> <span class='ocrx_word' id='word_1_502' title='bbox 1637 1622 1899 1651; x_wconf 86' lang='lat' dir='ltr'>circumcisionem</span> <span class='ocrx_word' id='word_1_503' title='bbox 1935 1621 2079 1659; x_wconf 86' lang='lat' dir='ltr'>parvulos</span> <span class='ocrx_word' id='word_1_504' title='bbox 2116 1621 2144 1650; x_wconf 92' lang='lat' dir='ltr'>in</span> 
     </span>
     <span class='ocr_line' id='line_1_72' title="bbox 1191 1669 2144 1709; baseline -0.003 -8"><span class='ocrx_word' id='word_1_505' title='bbox 1191 1671 1248 1701; x_wconf 86' lang='lat' dir='ltr'>lide</span> <span class='ocrx_word' id='word_1_506' title='bbox 1271 1674 1447 1709; x_wconf 85' lang='lat' dir='ltr'>parentum,</span> <span class='ocrx_word' id='word_1_507' title='bbox 1476 1674 1616 1708; x_wconf 88' lang='lat' dir='ltr'>parentes</span> <span class='ocrx_word' id='word_1_508' title='bbox 1645 1678 1715 1699; x_wconf 86' lang='lat' dir='ltr'>vero</span> <span class='ocrx_word' id='word_1_509' title='bbox 1740 1678 1794 1708; x_wconf 89' lang='lat' dir='ltr'>per</span> <span class='ocrx_word' id='word_1_510' title='bbox 1817 1670 1957 1699; x_wconf 84' lang='lat' dir='ltr'>virtutem</span> <span class='ocrx_word' id='word_1_511' title='bbox 1979 1669 2144 1699; x_wconf 83' lang='lat' dir='ltr'>sacrificio-</span> 
     </span>
     <span class='ocr_line' id='line_1_73' title="bbox 1189 1717 2146 1757; baseline -0.002 -7"><span class='ocrx_word' id='word_1_512' title='bbox 1189 1728 1273 1756; x_wconf 87' lang='lat' dir='ltr'>rum,</span> <span class='ocrx_word' id='word_1_513' title='bbox 1296 1720 1412 1749; x_wconf 87' lang='lat' dir='ltr'>scilicet</span> <span class='ocrx_word' id='word_1_514' title='bbox 1434 1727 1524 1757; x_wconf 89' lang='lat' dir='ltr'>quam</span> <span class='ocrx_word' id='word_1_515' title='bbox 1548 1718 1753 1755; x_wconf 84' lang='lat' dir='ltr'>intelligebant</span> <span class='ocrx_word' id='word_1_516' title='bbox 1768 1718 1966 1757; x_wconf 78' lang='lat' dir='ltr'>spiritualiter</span> <span class='ocrx_word' id='word_1_517' title='bbox 1984 1718 2011 1746; x_wconf 89' lang='lat' dir='ltr'>in</span> <span class='ocrx_word' id='word_1_518' title='bbox 2030 1717 2086 1747; x_wconf 91' lang='lat' dir='ltr'>illis</span> <span class='ocrx_word' id='word_1_519' title='bbox 2103 1726 2146 1748; x_wconf 88' lang='lat' dir='ltr'>sa-</span> 
     </span>
     <span class='ocr_line' id='line_1_74' title="bbox 1190 1765 2281 1803; baseline -0.005 -6"><span class='ocrx_word' id='word_1_520' title='bbox 1190 1768 1330 1803; x_wconf 88' lang='lat' dir='ltr'>crificiis,</span> <span class='ocrx_word' id='word_1_521' title='bbox 1360 1767 1547 1797; x_wconf 74' lang='lat' dir='ltr'>iustificatos.</span> <span class='ocrx_word' id='word_1_522' title='bbox 1577 1766 1662 1795; x_wconf 88' lang='lat' dir='ltr'>Unde</span> <span class='ocrx_word' id='word_1_523' title='bbox 1689 1765 1893 1803; x_wconf 71' lang='lat' dir='ltr'>Greg01·ius⁶:</span> <span class='ocrx_word' id='word_1_524' title='bbox 1922 1765 2033 1800; x_wconf 84' lang='lat' dir='ltr'>«Quod</span> <span class='ocrx_word' id='word_1_525' title='bbox 2063 1765 2143 1803; x_wconf 90' lang='lat' dir='ltr'>apud</span> <span class='ocrx_word' id='word_1_526' title='bbox 2159 1772 2281 1798; x_wconf 66' lang='lat' dir='ltr'>Gregorius.</span> 
     </span>
     <span class='ocr_line' id='line_1_75' title="bbox 1191 1813 2145 1853; baseline -0.003 -8"><span class='ocrx_word' id='word_1_527' title='bbox 1191 1824 1244 1845; x_wconf 91' lang='lat' dir='ltr'>nos</span> <span class='ocrx_word' id='word_1_528' title='bbox 1268 1815 1347 1845; x_wconf 86' lang='lat' dir='ltr'>valet</span> <span class='ocrx_word' id='word_1_529' title='bbox 1369 1823 1447 1853; x_wconf 90' lang='lat' dir='ltr'>aqua</span> <span class='ocrx_word' id='word_1_530' title='bbox 1471 1815 1630 1852; x_wconf 88' lang='lat' dir='ltr'>baptismi,</span> <span class='ocrx_word' id='word_1_531' title='bbox 1651 1814 1708 1843; x_wconf 89' lang='lat' dir='ltr'>boc</span> <span class='ocrx_word' id='word_1_532' title='bbox 1724 1814 1783 1851; x_wconf 82' lang='lat' dir='ltr'>egit</span> <span class='ocrx_word' id='word_1_533' title='bbox 1800 1814 1879 1852; x_wconf 87' lang='lat' dir='ltr'>apud</span> <span class='ocrx_word' id='word_1_534' title='bbox 1897 1817 2012 1843; x_wconf 82' lang='lat' dir='ltr'>veteres</span> <span class='ocrx_word' id='word_1_535' title='bbox 2030 1813 2074 1843; x_wconf 63' lang='lat' dir='ltr'>vel</span> <span class='ocrx_word' id='word_1_536' title='bbox 2091 1822 2145 1851; x_wconf 88' lang='lat' dir='ltr'>pro</span> 
     </span>
     <span class='ocr_line' id='line_1_76' title="bbox 1189 1862 2146 1903; baseline -0.003 -9"><span class='ocrx_word' id='word_1_537' title='bbox 1189 1864 1326 1903; x_wconf 82' lang='lat' dir='ltr'>parvulis</span> <span class='ocrx_word' id='word_1_538' title='bbox 1347 1863 1411 1894; x_wconf 89' lang='lat' dir='ltr'>sola</span> <span class='ocrx_word' id='word_1_539' title='bbox 1434 1863 1522 1900; x_wconf 85' lang='lat' dir='ltr'>fides,</span> <span class='ocrx_word' id='word_1_540' title='bbox 1547 1863 1592 1892; x_wconf 85' lang='lat' dir='ltr'>vcl</span> <span class='ocrx_word' id='word_1_541' title='bbox 1611 1871 1666 1901; x_wconf 89' lang='lat' dir='ltr'>pro</span> <span class='ocrx_word' id='word_1_542' title='bbox 1683 1862 1848 1892; x_wconf 82' lang='lat' dir='ltr'>maioribus</span> <span class='ocrx_word' id='word_1_543' title='bbox 1872 1863 1966 1892; x_wconf 82' lang='lat' dir='ltr'>virtus</span> <span class='ocrx_word' id='word_1_544' title='bbox 1988 1862 2146 1897; x_wconf 83' lang='lat' dir='ltr'>sacrificii,</span> 
     </span>
     <span class='ocr_line' id='line_1_77' title="bbox 1191 1910 2148 1951; baseline -0.004 -8"><span class='ocrx_word' id='word_1_545' title='bbox 1191 1913 1238 1943; x_wconf 85' lang='lat' dir='ltr'>vel</span> <span class='ocrx_word' id='word_1_546' title='bbox 1260 1921 1315 1951; x_wconf 88' lang='lat' dir='ltr'>pro</span> <span class='ocrx_word' id='word_1_547' title='bbox 1338 1912 1384 1941; x_wconf 90' lang='lat' dir='ltr'>his</span> <span class='ocrx_word' id='word_1_548' title='bbox 1407 1912 1456 1950; x_wconf 89' lang='lat' dir='ltr'>qui</span> <span class='ocrx_word' id='word_1_549' title='bbox 1480 1920 1517 1941; x_wconf 83' lang='lat' dir='ltr'>ex</span> <span class='ocrx_word' id='word_1_550' title='bbox 1540 1911 1680 1941; x_wconf 84' lang='lat' dir='ltr'>Abrahae</span> <span class='ocrx_word' id='word_1_551' title='bbox 1703 1911 1796 1949; x_wconf 82' lang='lat' dir='ltr'>stirpe</span> <span class='ocrx_word' id='word_1_552' title='bbox 1823 1910 2017 1949; x_wconf 78' lang='lat' dir='ltr'>prodierunt,</span> <span class='ocrx_word' id='word_1_553' title='bbox 2041 1913 2148 1948; x_wconf 77' lang='lat' dir='ltr'>myste-</span> 
     </span>
     <span class='ocr_line' id='line_1_78' title="bbox 1190 1960 1577 1990; baseline -0.005 0"><span class='ocrx_word' id='word_1_554' title='bbox 1190 1961 1269 1990; x_wconf 87' lang='lat' dir='ltr'>rium</span> <span class='ocrx_word' id='word_1_555' title='bbox 1292 1960 1535 1989; x_wconf 83' lang='lat' dir='ltr'>circumcisionis</span> <span class='ocrx_word' id='word_1_556' title='bbox 1551 1972 1577 1988; x_wconf 87' lang='lat'>».</span> 
     </span>
    </p>
   </div>
   <div class='ocr_carea' id='block_1_17' title="bbox 1326 2056 2012 2183">
    <p class='ocr_par' dir='ltr' id='par_1_25' title="bbox 1326 2056 2012 2183">
     <span class='ocr_line' id='line_1_79' title="bbox 1598 2056 1738 2086; baseline 0 -1"><span class='ocrx_word' id='word_1_557' title='bbox 1598 2056 1665 2085; x_wconf 62' lang='lat' dir='ltr'>Car.</span> <span class='ocrx_word' id='word_1_558' title='bbox 1690 2056 1738 2086; x_wconf 81' lang='lat' dir='ltr'>lx.</span> 
     </span>
     <span class='ocr_line' id='line_1_80' title="bbox 1326 2151 2012 2183; baseline -0.004 0"><span class='ocrx_word' id='word_1_559' title='bbox 1326 2154 1368 2183; x_wconf 81' lang='lat' dir='ltr'>Dc</span> <span class='ocrx_word' id='word_1_560' title='bbox 1389 2152 1579 2183; x_wconf 59' lang='lat' dir='ltr'>institutione</span> <span class='ocrx_word' id='word_1_561' title='bbox 1602 2151 1843 2182; x_wconf 69' lang='lat' dir='ltr'>circumcisirmz&#39;s</span> <span class='ocrx_word' id='word_1_562' title='bbox 1865 2157 1891 2181; x_wconf 72' lang='lat' dir='ltr'>ct</span> <span class='ocrx_word' id='word_1_563' title='bbox 1913 2161 2012 2181; x_wconf 72' lang='lat' dir='ltr'>caasa.</span> 
     </span>
    </p>
   </div>
   <div class='ocr_carea' id='block_1_18' title="bbox 1193 2249 2307 2964">
    <p class='ocr_par' dir='ltr' id='par_1_26' title="bbox 1193 2249 2307 2964">
     <span class='ocr_line' id='line_1_81' title="bbox 1273 2249 2307 2290; baseline -0.008 -8"><span class='ocrx_word' id='word_1_564' title='bbox 1273 2253 1327 2282; x_wconf 86' lang='lat' dir='ltr'>Hic</span> <span class='ocrx_word' id='word_1_565' title='bbox 1349 2252 1512 2282; x_wconf 87' lang='lat' dir='ltr'>dicendum</span> <span class='ocrx_word' id='word_1_566' title='bbox 1535 2255 1595 2286; x_wconf 87' lang='lat' dir='ltr'>est,</span> <span class='ocrx_word' id='word_1_567' title='bbox 1617 2250 1651 2280; x_wconf 72' lang='lat' dir='ltr'>in</span> <span class='ocrx_word' id='word_1_568' title='bbox 1673 2260 1731 2290; x_wconf 78' lang='lat' dir='ltr'>quo</span> <span class='ocrx_word' id='word_1_569' title='bbox 1755 2251 1888 2280; x_wconf 90' lang='lat' dir='ltr'>instituta</span> <span class='ocrx_word' id='word_1_570' title='bbox 1911 2250 1999 2279; x_wconf 86' lang='lat' dir='ltr'>fuerit</span> <span class='ocrx_word' id='word_1_571' title='bbox 2021 2249 2147 2279; x_wconf 85' lang='lat' dir='ltr'>circum-</span> <span class='ocrx_word' id='word_1_572' title='bbox 2160 2255 2307 2282; x_wconf 68' lang='lat' dir='ltr'>Quaestioncs.</span> 
     </span>
     <span class='ocr_line' id='line_1_82' title="bbox 1193 2299 2150 2340; baseline -0.005 -9"><span class='ocrx_word' id='word_1_573' title='bbox 1193 2302 1287 2338; x_wconf 81' lang='lat' dir='ltr'>cisio;</span> <span class='ocrx_word' id='word_1_574' title='bbox 1319 2305 1345 2331; x_wconf 89' lang='lat' dir='ltr'>et</span> <span class='ocrx_word' id='word_1_575' title='bbox 1376 2310 1496 2340; x_wconf 74' lang='lat' dir='ltr'>quare,-</span> <span class='ocrx_word' id='word_1_576' title='bbox 1526 2304 1555 2330; x_wconf 90' lang='lat' dir='ltr'>et</span> <span class='ocrx_word' id='word_1_577' title='bbox 1584 2309 1638 2329; x_wconf 74' lang='lat' dir='ltr'>cm·</span> <span class='ocrx_word' id='word_1_578' title='bbox 1664 2303 1781 2329; x_wconf 72' lang='lat' dir='ltr'>malaca</span> <span class='ocrx_word' id='word_1_579' title='bbox 1810 2307 1865 2337; x_wconf 87' lang='lat' dir='ltr'>per</span> <span class='ocrx_word' id='word_1_580' title='bbox 1896 2299 2088 2337; x_wconf 88' lang='lat' dir='ltr'>baptismum.</span> <span class='ocrx_word' id='word_1_581' title='bbox 2110 2315 2150 2319; x_wconf 97' lang='lat'><strong>—</strong></span> 
     </span>
     <span class='ocr_line' id='line_1_83' title="bbox 1194 2346 2149 2387; baseline -0.004 -8"><span class='ocrx_word' id='word_1_582' title='bbox 1194 2350 1346 2379; x_wconf 85' lang='lat' dir='ltr'>Abrabam</span> <span class='ocrx_word' id='word_1_583' title='bbox 1370 2349 1486 2387; x_wconf 88' lang='lat' dir='ltr'>primus</span> <span class='ocrx_word' id='word_1_584' title='bbox 1509 2348 1682 2378; x_wconf 88' lang='lat' dir='ltr'>mandatum</span> <span class='ocrx_word' id='word_1_585' title='bbox 1704 2347 1946 2377; x_wconf 86' lang='lat' dir='ltr'>circumcisionis</span> <span class='ocrx_word' id='word_1_586' title='bbox 1967 2346 2095 2376; x_wconf 79' lang='lat' dir='ltr'>habuit⁷</span> <span class='ocrx_word' id='word_1_587' title='bbox 2112 2346 2149 2375; x_wconf 89' lang='lat' dir='ltr'>ad</span> 
     </span>
     <span class='ocr_line' id='line_1_84' title="bbox 1194 2394 2292 2436; baseline -0.006 -9"><span class='ocrx_word' id='word_1_588' title='bbox 1194 2398 1403 2436; x_wconf 87' lang='lat' dir='ltr'>probationem</span> <span class='ocrx_word' id='word_1_589' title='bbox 1427 2397 1638 2431; x_wconf 73' lang='lat' dir='ltr'>obedientiae,</span> <span class='ocrx_word' id='word_1_590' title='bbox 1660 2404 1715 2425; x_wconf 90' lang='lat' dir='ltr'>nec</span> <span class='ocrx_word' id='word_1_591' title='bbox 1732 2396 1758 2425; x_wconf 86' lang='lat' dir='ltr'>ci</span> <span class='ocrx_word' id='word_1_592' title='bbox 1774 2395 1829 2424; x_wconf 89' lang='lat' dir='ltr'>soli</span> <span class='ocrx_word' id='word_1_593' title='bbox 1846 2398 2009 2433; x_wconf 85' lang='lat' dir='ltr'>praccepta</span> <span class='ocrx_word' id='word_1_594' title='bbox 2026 2395 2079 2423; x_wconf 87' lang='lat' dir='ltr'>suit</span> <span class='ocrx_word' id='word_1_595' title='bbox 2094 2394 2149 2424; x_wconf 90' lang='lat' dir='ltr'>cir·</span> <span class='ocrx_word' id='word_1_596' title='bbox 2162 2400 2255 2420; x_wconf 73' lang='lat' dir='ltr'>numum</span> <span class='ocrx_word' id='word_1_597' title='bbox 2273 2399 2292 2420; x_wconf 76' lang='lat' dir='ltr'>t.</span> 
     </span>
     <span class='ocr_line' id='line_1_85' title="bbox 1194 2443 2149 2483; baseline -0.005 -7"><span class='ocrx_word' id='word_1_598' title='bbox 1194 2446 1358 2483; x_wconf 88' lang='lat' dir='ltr'>cumcisio,</span> <span class='ocrx_word' id='word_1_599' title='bbox 1380 2445 1431 2475; x_wconf 88' lang='lat' dir='ltr'>sed</span> <span class='ocrx_word' id='word_1_600' title='bbox 1456 2449 1484 2475; x_wconf 90' lang='lat' dir='ltr'>et</span> <span class='ocrx_word' id='word_1_601' title='bbox 1506 2445 1612 2474; x_wconf 88' lang='lat' dir='ltr'>semini</span> <span class='ocrx_word' id='word_1_602' title='bbox 1629 2445 1711 2479; x_wconf 83' lang='lat' dir='ltr'>eius,</span> <span class='ocrx_word' id='word_1_603' title='bbox 1727 2444 1756 2473; x_wconf 90' lang='lat' dir='ltr'>id</span> <span class='ocrx_word' id='word_1_604' title='bbox 1773 2447 1816 2473; x_wconf 84' lang='lat' dir='ltr'>est</span> <span class='ocrx_word' id='word_1_605' title='bbox 1831 2443 1970 2473; x_wconf 89' lang='lat' dir='ltr'>omnibus</span> <span class='ocrx_word' id='word_1_606' title='bbox 1986 2443 2149 2479; x_wconf 73' lang='lat' dir='ltr'>Hebraeis3</span> 
     </span>
     <span class='ocr_line' id='line_1_86' title="bbox 1194 2491 2150 2533; baseline -0.004 -9"><span class='ocrx_word' id='word_1_607' title='bbox 1194 2503 1273 2533; x_wconf 89' lang='lat' dir='ltr'>quae</span> <span class='ocrx_word' id='word_1_608' title='bbox 1295 2494 1386 2523; x_wconf 85' lang='lat' dir='ltr'>fiebat</span> <span class='ocrx_word' id='word_1_609' title='bbox 1408 2493 1575 2523; x_wconf 89' lang='lat' dir='ltr'>secundum</span> <span class='ocrx_word' id='word_1_610' title='bbox 1590 2493 1698 2530; x_wconf 73' lang='lat' dir='ltr'>Legem</span> <span class='ocrx_word' id='word_1_611' title='bbox 1715 2496 1821 2521; x_wconf 72' lang='lat' dir='ltr'>octava</span> <span class='ocrx_word' id='word_1_612' title='bbox 1845 2491 1893 2521; x_wconf 88' lang='lat' dir='ltr'>die</span> <span class='ocrx_word' id='word_1_613' title='bbox 1916 2491 2035 2529; x_wconf 87' lang='lat' dir='ltr'>lapideo</span> <span class='ocrx_word' id='word_1_614' title='bbox 2053 2491 2150 2520; x_wconf 88' lang='lat' dir='ltr'>cultro</span> 
     </span>
     <span class='ocr_line' id='line_1_87' title="bbox 1195 2539 2151 2580; baseline -0.003 -9"><span class='ocrx_word' id='word_1_615' title='bbox 1195 2542 1224 2571; x_wconf 92' lang='lat' dir='ltr'>in</span> <span class='ocrx_word' id='word_1_616' title='bbox 1246 2550 1337 2571; x_wconf 89' lang='lat' dir='ltr'>carne</span> <span class='ocrx_word' id='word_1_617' title='bbox 1359 2542 1520 2580; x_wconf 88' lang='lat' dir='ltr'>praeputii.</span> <span class='ocrx_word' id='word_1_618' title='bbox 1536 2558 1576 2562; x_wconf 93' lang='lat'>—</span> <span class='ocrx_word' id='word_1_619' title='bbox 1591 2541 1663 2570; x_wconf 87' lang='lat' dir='ltr'>Data</span> <span class='ocrx_word' id='word_1_620' title='bbox 1681 2544 1780 2569; x_wconf 88' lang='lat' dir='ltr'>autem</span> <span class='ocrx_word' id='word_1_621' title='bbox 1798 2540 1852 2569; x_wconf 88' lang='lat' dir='ltr'>suit</span> <span class='ocrx_word' id='word_1_622' title='bbox 1872 2539 2064 2568; x_wconf 89' lang='lat' dir='ltr'>circumcisio</span> <span class='ocrx_word' id='word_1_623' title='bbox 2087 2539 2151 2577; x_wconf 89' lang='lat' dir='ltr'>plu-</span> 
     </span>
     <span class='ocr_line' id='line_1_88' title="bbox 1195 2587 2148 2626; baseline -0.004 -6"><span class='ocrx_word' id='word_1_624' title='bbox 1195 2591 1278 2620; x_wconf 90' lang='lat' dir='ltr'>ribus</span> <span class='ocrx_word' id='word_1_625' title='bbox 1308 2590 1345 2620; x_wconf 86' lang='lat' dir='ltr'>de</span> <span class='ocrx_word' id='word_1_626' title='bbox 1374 2590 1489 2625; x_wconf 88' lang='lat' dir='ltr'>causis,</span> <span class='ocrx_word' id='word_1_627' title='bbox 1513 2589 1630 2618; x_wconf 85' lang='lat' dir='ltr'>scilicet</span> <span class='ocrx_word' id='word_1_628' title='bbox 1652 2592 1683 2618; x_wconf 92' lang='lat' dir='ltr'>ut</span> <span class='ocrx_word' id='word_1_629' title='bbox 1706 2597 1760 2626; x_wconf 86' lang='lat' dir='ltr'>per</span> <span class='ocrx_word' id='word_1_630' title='bbox 1785 2588 1986 2617; x_wconf 86' lang='lat' dir='ltr'>obedientiam</span> <span class='ocrx_word' id='word_1_631' title='bbox 2016 2587 2148 2617; x_wconf 87' lang='lat' dir='ltr'>mandati</span> 
     </span>
     <span class='ocr_line' id='line_1_89' title="bbox 1195 2635 2149 2676; baseline -0.004 -8"><span class='ocrx_word' id='word_1_632' title='bbox 1195 2639 1347 2668; x_wconf 77' lang='lat' dir='ltr'>Abrabam</span> <span class='ocrx_word' id='word_1_633' title='bbox 1368 2638 1502 2676; x_wconf 85' lang='lat' dir='ltr'>placeret</span> <span class='ocrx_word' id='word_1_634' title='bbox 1517 2638 1595 2673; x_wconf 90' lang='lat' dir='ltr'>Deo,</span> <span class='ocrx_word' id='word_1_635' title='bbox 1611 2637 1659 2666; x_wconf 91' lang='lat' dir='ltr'>cui</span> <span class='ocrx_word' id='word_1_636' title='bbox 1677 2645 1731 2674; x_wconf 91' lang='lat' dir='ltr'>per</span> <span class='ocrx_word' id='word_1_637' title='bbox 1746 2636 2038 2674; x_wconf 85' lang='lat' dir='ltr'>praevaricationem</span> <span class='ocrx_word' id='word_1_638' title='bbox 2054 2635 2149 2664; x_wconf 78' lang='lat' dir='ltr'>Adam</span> 
     </span>
     <span class='ocr_line' id='line_1_90' title="bbox 1195 2684 2149 2724; baseline -0.003 -8"><span class='ocrx_word' id='word_1_639' title='bbox 1195 2686 1401 2724; x_wconf 65' lang='lat' dir='ltr'>displicuerat.</span> <span class='ocrx_word' id='word_1_640' title='bbox 1425 2686 1498 2715; x_wconf 84' lang='lat' dir='ltr'>Data</span> <span class='ocrx_word' id='word_1_641' title='bbox 1521 2686 1611 2714; x_wconf 86' lang='lat' dir='ltr'>etiam</span> <span class='ocrx_word' id='word_1_642' title='bbox 1635 2685 1689 2714; x_wconf 85' lang='lat' dir='ltr'>fuit</span> <span class='ocrx_word' id='word_1_643' title='bbox 1718 2685 1747 2713; x_wconf 91' lang='lat' dir='ltr'>in</span> <span class='ocrx_word' id='word_1_644' title='bbox 1777 2685 1894 2721; x_wconf 75' lang='lat' dir='ltr'>signum</span> <span class='ocrx_word' id='word_1_645' title='bbox 1924 2692 2051 2721; x_wconf 84' lang='lat' dir='ltr'>magnac</span> <span class='ocrx_word' id='word_1_646' title='bbox 2080 2684 2149 2713; x_wconf 83' lang='lat' dir='ltr'>fidei</span> 
     </span>
     <span class='ocr_line' id='line_1_91' title="bbox 1196 2732 2150 2772; baseline -0.002 -8"><span class='ocrx_word' id='word_1_647' title='bbox 1196 2734 1351 2769; x_wconf 80' lang='lat' dir='ltr'>Abrahae,</span> <span class='ocrx_word' id='word_1_648' title='bbox 1374 2735 1424 2772; x_wconf 91' lang='lat' dir='ltr'>qui</span> <span class='ocrx_word' id='word_1_649' title='bbox 1452 2733 1597 2769; x_wconf 87' lang='lat' dir='ltr'>credidit,</span> <span class='ocrx_word' id='word_1_650' title='bbox 1627 2741 1658 2763; x_wconf 90' lang='lat' dir='ltr'>se</span> <span class='ocrx_word' id='word_1_651' title='bbox 1688 2733 1860 2762; x_wconf 84' lang='lat' dir='ltr'>habiturum</span> <span class='ocrx_word' id='word_1_652' title='bbox 1891 2732 2000 2768; x_wconf 83' lang='lat' dir='ltr'>lilium,</span> <span class='ocrx_word' id='word_1_653' title='bbox 2032 2732 2059 2761; x_wconf 94' lang='lat' dir='ltr'>in</span> <span class='ocrx_word' id='word_1_654' title='bbox 2090 2741 2150 2771; x_wconf 89' lang='lat' dir='ltr'>quo</span> 
     </span>
     <span class='ocr_line' id='line_1_92' title="bbox 1197 2781 2152 2819; baseline -0.002 -7"><span class='ocrx_word' id='word_1_655' title='bbox 1197 2783 1281 2812; x_wconf 79' lang='lat' dir='ltr'>lieret</span> <span class='ocrx_word' id='word_1_656' title='bbox 1307 2782 1477 2812; x_wconf 87' lang='lat' dir='ltr'>benedictio</span> <span class='ocrx_word' id='word_1_657' title='bbox 1507 2782 1651 2812; x_wconf 91' lang='lat' dir='ltr'>omnium.</span> <span class='ocrx_word' id='word_1_658' title='bbox 1674 2781 1803 2817; x_wconf 88' lang='lat' dir='ltr'>Deinde,</span> <span class='ocrx_word' id='word_1_659' title='bbox 1826 2785 1858 2811; x_wconf 91' lang='lat' dir='ltr'>ut</span> <span class='ocrx_word' id='word_1_660' title='bbox 1881 2781 1938 2811; x_wconf 85' lang='lat' dir='ltr'>hoc</span> <span class='ocrx_word' id='word_1_661' title='bbox 1960 2781 2043 2819; x_wconf 80' lang='lat' dir='ltr'>signo</span> <span class='ocrx_word' id='word_1_662' title='bbox 2068 2789 2083 2810; x_wconf 93' lang='lat' dir='ltr'>a</span> <span class='ocrx_word' id='word_1_663' title='bbox 2107 2789 2152 2810; x_wconf 88' lang='lat' dir='ltr'>ce-</span> 
     </span>
     <span class='ocr_line' id='line_1_93' title="bbox 1198 2830 2151 2868; baseline -0.003 -8"><span class='ocrx_word' id='word_1_664' title='bbox 1198 2831 1268 2860; x_wconf 88' lang='lat' dir='ltr'>teris</span> <span class='ocrx_word' id='word_1_665' title='bbox 1297 2831 1469 2860; x_wconf 84' lang='lat' dir='ltr'>nationibus</span> <span class='ocrx_word' id='word_1_666' title='bbox 1498 2830 1720 2859; x_wconf 83' lang='lat' dir='ltr'>discerneretur</span> <span class='ocrx_word' id='word_1_667' title='bbox 1748 2830 1880 2868; x_wconf 91' lang='lat' dir='ltr'>populus</span> <span class='ocrx_word' id='word_1_668' title='bbox 1912 2830 1968 2858; x_wconf 84' lang='lat' dir='ltr'>ille.</span> <span class='ocrx_word' id='word_1_669' title='bbox 2000 2830 2030 2858; x_wconf 92' lang='lat' dir='ltr'>In</span> <span class='ocrx_word' id='word_1_670' title='bbox 2061 2837 2151 2858; x_wconf 90' lang='lat' dir='ltr'>carne</span> 
     </span>
     <span class='ocr_line' id='line_1_94' title="bbox 1198 2877 2148 2916; baseline -0.002 -8"><span class='ocrx_word' id='word_1_671' title='bbox 1198 2887 1269 2908; x_wconf 87' lang='lat' dir='ltr'>vero</span> <span class='ocrx_word' id='word_1_672' title='bbox 1293 2878 1443 2916; x_wconf 87' lang='lat' dir='ltr'>praeputii</span> <span class='ocrx_word' id='word_1_673' title='bbox 1469 2877 1534 2907; x_wconf 88' lang='lat' dir='ltr'>ideo</span> <span class='ocrx_word' id='word_1_674' title='bbox 1559 2878 1639 2907; x_wconf 82' lang='lat' dir='ltr'>iussa</span> <span class='ocrx_word' id='word_1_675' title='bbox 1662 2882 1706 2907; x_wconf 84' lang='lat' dir='ltr'>cst</span> <span class='ocrx_word' id='word_1_676' title='bbox 1728 2878 1791 2907; x_wconf 89' lang='lat' dir='ltr'>lieri</span> <span class='ocrx_word' id='word_1_677' title='bbox 1808 2878 2017 2912; x_wconf 83' lang='lat' dir='ltr'>circumcisio,</span> <span class='ocrx_word' id='word_1_678' title='bbox 2033 2877 2103 2916; x_wconf 88' lang='lat' dir='ltr'>quia</span> <span class='ocrx_word' id='word_1_679' title='bbox 2121 2877 2148 2906; x_wconf 89' lang='lat' dir='ltr'>iu</span> 
     </span>
     <span class='ocr_line' id='line_1_95' title="bbox 1198 2926 2152 2964; baseline -0.002 -7"><span class='ocrx_word' id='word_1_680' title='bbox 1198 2927 1364 2958; x_wconf 88' lang='lat' dir='ltr'>remedium</span> <span class='ocrx_word' id='word_1_681' title='bbox 1396 2927 1530 2956; x_wconf 84' lang='lat' dir='ltr'>instituta</span> <span class='ocrx_word' id='word_1_682' title='bbox 1560 2929 1603 2955; x_wconf 91' lang='lat' dir='ltr'>cst</span> <span class='ocrx_word' id='word_1_683' title='bbox 1626 2926 1780 2963; x_wconf 86' lang='lat' dir='ltr'>originalis</span> <span class='ocrx_word' id='word_1_684' title='bbox 1803 2926 1936 2964; x_wconf 85' lang='lat' dir='ltr'>peccati,</span> <span class='ocrx_word' id='word_1_685' title='bbox 1959 2926 2040 2964; x_wconf 91' lang='lat' dir='ltr'>quod</span> <span class='ocrx_word' id='word_1_686' title='bbox 2064 2934 2080 2955; x_wconf 89' lang='lat' dir='ltr'>a</span> <span class='ocrx_word' id='word_1_687' title='bbox 2103 2934 2152 2964; x_wconf 89' lang='lat' dir='ltr'>pa-</span> 
     </span>
    </p>
   </div>
   <div class='ocr_carea' id='block_1_19' title="bbox 876 3016 1456 3023">
    <p class='ocr_par' dir='ltr' id='par_1_27' title="bbox 876 3016 1456 3023">
     <span class='ocr_line' id='line_1_96' title="bbox 876 3016 1456 3023; baseline 0 0"><span class='ocrx_word' id='word_1_688' title='bbox 876 3016 1456 3023; x_wconf 95' lang='lat' dir='ltr'> </span> 
     </span>
    </p>
   </div>
   <div class='ocr_carea' id='block_1_20' title="bbox 183 3071 1136 3411">
    <p class='ocr_par' dir='ltr' id='par_1_28' title="bbox 183 3071 1134 3194">
     <span class='ocr_line' id='line_1_97' title="bbox 254 3071 1132 3106; baseline -0.002 -8"><span class='ocrx_word' id='word_1_689' title='bbox 254 3073 261 3089; x_wconf 81' lang='lat'>1</span> <span class='ocrx_word' id='word_1_690' title='bbox 281 3073 343 3099; x_wconf 91' lang='lat' dir='ltr'>Cod.</span> <span class='ocrx_word' id='word_1_691' title='bbox 364 3073 382 3099; x_wconf 94' lang='lat' dir='ltr'>C</span> <span class='ocrx_word' id='word_1_692' title='bbox 402 3077 427 3099; x_wconf 86' lang='lat' dir='ltr'>et</span> <span class='ocrx_word' id='word_1_693' title='bbox 446 3074 534 3105; x_wconf 86' lang='lat' dir='ltr'>plures</span> <span class='ocrx_word' id='word_1_694' title='bbox 553 3073 612 3098; x_wconf 87' lang='lat' dir='ltr'>edd.</span> <span class='ocrx_word' id='word_1_695' title='bbox 633 3072 852 3106; x_wconf 71' lang='lat' dir='ltr'>coqnescemlam.</span> <span class='ocrx_word' id='word_1_696' title='bbox 873 3073 970 3097; x_wconf 83' lang='lat' dir='ltr'>Deinde</span> <span class='ocrx_word' id='word_1_697' title='bbox 995 3079 1042 3103; x_wconf 87' lang='lat' dir='ltr'>pro</span> <span class='ocrx_word' id='word_1_698' title='bbox 1068 3071 1132 3097; x_wconf 79' lang='lat' dir='ltr'>adeo</span> 
     </span>
     <span class='ocr_line' id='line_1_98' title="bbox 183 3115 1134 3150; baseline -0.002 -8"><span class='ocrx_word' id='word_1_699' title='bbox 183 3115 283 3149; x_wconf 71' lang='lat' dir='ltr'>hebuit,</span> <span class='ocrx_word' id='word_1_700' title='bbox 300 3119 329 3143; x_wconf 73' lang='lat' dir='ltr'>ut</span> <span class='ocrx_word' id='word_1_701' title='bbox 347 3119 459 3150; x_wconf 70' lang='lat' dir='ltr'>nequeat</span> <span class='ocrx_word' id='word_1_702' title='bbox 477 3117 550 3148; x_wconf 78' lang='lat' dir='ltr'>edd,</span> <span class='ocrx_word' id='word_1_703' title='bbox 565 3121 669 3148; x_wconf 85' lang='lat' dir='ltr'>excepta</span> <span class='ocrx_word' id='word_1_704' title='bbox 689 3117 694 3140; x_wconf 90' lang='lat' dir='ltr'>t</span> <span class='ocrx_word' id='word_1_705' title='bbox 708 3137 713 3148; x_wconf 94' lang='lat'>,</span> <span class='ocrx_word' id='word_1_706' title='bbox 728 3117 816 3148; x_wconf 78' lang='lat' dir='ltr'>legunt</span> <span class='ocrx_word' id='word_1_707' title='bbox 834 3123 851 3141; x_wconf 83' lang='lat' dir='ltr'>a</span> <span class='ocrx_word' id='word_1_708' title='bbox 867 3116 917 3141; x_wconf 81' lang='lat' dir='ltr'>Deo</span> <span class='ocrx_word' id='word_1_709' title='bbox 932 3115 1036 3146; x_wconf 75' lang='lat' dir='ltr'>habuit,</span> <span class='ocrx_word' id='word_1_710' title='bbox 1050 3116 1080 3140; x_wconf 78' lang='lat' dir='ltr'>at</span> <span class='ocrx_word' id='word_1_711' title='bbox 1093 3122 1134 3141; x_wconf 81' lang='lat' dir='ltr'>ne-</span> 
     </span>
     <span class='ocr_line' id='line_1_99' title="bbox 183 3160 907 3194; baseline -0.003 -7"><span class='ocrx_word' id='word_1_712' title='bbox 183 3168 320 3194; x_wconf 72' lang='lat' dir='ltr'>quaquam</span> <span class='ocrx_word' id='word_1_713' title='bbox 339 3162 450 3194; x_wconf 84' lang='lat' dir='ltr'>(aliquae</span> <span class='ocrx_word' id='word_1_714' title='bbox 468 3162 601 3194; x_wconf 72' lang='lat' dir='ltr'>nequeat),</span> <span class='ocrx_word' id='word_1_715' title='bbox 622 3160 812 3192; x_wconf 82' lang='lat' dir='ltr'>refragantibus</span> <span class='ocrx_word' id='word_1_716' title='bbox 832 3160 907 3185; x_wconf 89' lang='lat' dir='ltr'>codd.</span> 
     </span>
    </p>

    <p class='ocr_par' dir='ltr' id='par_1_29' title="bbox 185 3204 1135 3324">
     <span class='ocr_line' id='line_1_100' title="bbox 253 3204 1135 3237; baseline -0.002 -7"><span class='ocrx_word' id='word_1_717' title='bbox 253 3205 263 3221; x_wconf 78' lang='lat'>2</span> <span class='ocrx_word' id='word_1_718' title='bbox 282 3206 358 3237; x_wconf 86' lang='lat' dir='ltr'>Epist.</span> <span class='ocrx_word' id='word_1_719' title='bbox 381 3205 439 3231; x_wconf 71' lang='lat'>,125¹</span> <span class='ocrx_word' id='word_1_720' title='bbox 459 3205 532 3237; x_wconf 84' lang='lat' dir='ltr'>(alias</span> <span class='ocrx_word' id='word_1_721' title='bbox 553 3205 586 3237; x_wconf 74' lang='lat'>4.)</span> <span class='ocrx_word' id='word_1_722' title='bbox 607 3205 639 3230; x_wconf 85' lang='lat' dir='ltr'>ad</span> <span class='ocrx_word' id='word_1_723' title='bbox 659 3205 754 3230; x_wconf 79' lang='lat' dir='ltr'>Rustic.</span> <span class='ocrx_word' id='word_1_724' title='bbox 775 3212 798 3229; x_wconf 88' lang='lat' dir='ltr'>n.</span> <span class='ocrx_word' id='word_1_725' title='bbox 824 3205 861 3229; x_wconf 92' lang='grc'>11.</span> <span class='ocrx_word' id='word_1_726' title='bbox 886 3219 920 3222; x_wconf 88' lang='lat'><strong>—</strong></span> <span class='ocrx_word' id='word_1_727' title='bbox 945 3204 1016 3236; x_wconf 84' lang='lat' dir='ltr'>Quae</span> <span class='ocrx_word' id='word_1_728' title='bbox 1041 3205 1065 3228; x_wconf 84' lang='lat' dir='ltr'>in</span> <span class='ocrx_word' id='word_1_729' title='bbox 1086 3204 1135 3228; x_wconf 88' lang='lat' dir='ltr'>boc</span> 
     </span>
     <span class='ocr_line' id='line_1_101' title="bbox 185 3247 1134 3280; baseline -0.002 -6"><span class='ocrx_word' id='word_1_730' title='bbox 185 3255 240 3280; x_wconf 85' lang='lat' dir='ltr'>cap.</span> <span class='ocrx_word' id='word_1_731' title='bbox 260 3249 417 3280; x_wconf 87' lang='lat' dir='ltr'>praecedunt</span> <span class='ocrx_word' id='word_1_732' title='bbox 436 3252 460 3274; x_wconf 85' lang='lat' dir='ltr'>ct</span> <span class='ocrx_word' id='word_1_733' title='bbox 480 3249 531 3274; x_wconf 91' lang='lat' dir='ltr'>duo</span> <span class='ocrx_word' id='word_1_734' title='bbox 551 3249 599 3273; x_wconf 85' lang='lat' dir='ltr'>loci</span> <span class='ocrx_word' id='word_1_735' title='bbox 618 3252 755 3280; x_wconf 84' lang='lat' dir='ltr'>sequentes</span> <span class='ocrx_word' id='word_1_736' title='bbox 774 3252 857 3273; x_wconf 86' lang='lat' dir='ltr'>sumta</span> <span class='ocrx_word' id='word_1_737' title='bbox 878 3252 937 3273; x_wconf 84' lang='lat' dir='ltr'>sunt</span> <span class='ocrx_word' id='word_1_738' title='bbox 955 3255 985 3273; x_wconf 82' lang='lat' dir='ltr'>ex</span> <span class='ocrx_word' id='word_1_739' title='bbox 1011 3247 1134 3279; x_wconf 77' lang='lat' dir='ltr'>Hugone,</span> 
     </span>
     <span class='ocr_line' id='line_1_102' title="bbox 186 3292 988 3324; baseline 0 -7"><span class='ocrx_word' id='word_1_740' title='bbox 186 3293 255 3317; x_wconf 81' lang='lat' dir='ltr'>Sum.</span> <span class='ocrx_word' id='word_1_741' title='bbox 276 3294 343 3318; x_wconf 83' lang='lat' dir='ltr'>Sent.</span> <span class='ocrx_word' id='word_1_742' title='bbox 364 3296 393 3318; x_wconf 83' lang='lat' dir='ltr'>tr.</span> <span class='ocrx_word' id='word_1_743' title='bbox 414 3293 437 3317; x_wconf 79' lang='grc'>4.</span> <span class='ocrx_word' id='word_1_744' title='bbox 458 3300 479 3318; x_wconf 89' lang='lat' dir='ltr'>c.</span> <span class='ocrx_word' id='word_1_745' title='bbox 501 3293 523 3317; x_wconf 46' lang='lat' dir='ltr'>sl.</span> <span class='ocrx_word' id='word_1_746' title='bbox 544 3295 568 3317; x_wconf 90' lang='lat' dir='ltr'>et</span> <span class='ocrx_word' id='word_1_747' title='bbox 588 3293 604 3317; x_wconf 95' lang='grc'>1.</span> <span class='ocrx_word' id='word_1_748' title='bbox 625 3292 657 3317; x_wconf 85' lang='lat' dir='ltr'>de</span> <span class='ocrx_word' id='word_1_749' title='bbox 677 3293 790 3317; x_wconf 78' lang='lat' dir='ltr'>Sacram.</span> <span class='ocrx_word' id='word_1_750' title='bbox 812 3300 837 3324; x_wconf 89' lang='lat' dir='ltr'>p.</span> <span class='ocrx_word' id='word_1_751' title='bbox 859 3293 901 3317; x_wconf 76' lang='lat' dir='ltr'>tx.</span> <span class='ocrx_word' id='word_1_752' title='bbox 922 3300 943 3317; x_wconf 86' lang='lat' dir='ltr'>c.</span> <span class='ocrx_word' id='word_1_753' title='bbox 965 3292 988 3316; x_wconf 88' lang='lat'>3.</span> 
     </span>
    </p>

    <p class='ocr_par' dir='ltr' id='par_1_30' title="bbox 256 3336 652 3362">
     <span class='ocr_line' id='line_1_103' title="bbox 256 3336 652 3362; baseline -0.003 0"><span class='ocrx_word' id='word_1_754' title='bbox 256 3336 266 3353; x_wconf 84' lang='lat'>3</span> <span class='ocrx_word' id='word_1_755' title='bbox 283 3337 397 3362; x_wconf 77' lang='lat' dir='ltr'>Enarrat.</span> <span class='ocrx_word' id='word_1_756' title='bbox 417 3338 442 3361; x_wconf 87' lang='lat' dir='ltr'>in</span> <span class='ocrx_word' id='word_1_757' title='bbox 463 3337 501 3362; x_wconf 88' lang='lat' dir='ltr'>Ps.</span> <span class='ocrx_word' id='word_1_758' title='bbox 521 3337 564 3361; x_wconf 82' lang='lat'>73.</span> <span class='ocrx_word' id='word_1_759' title='bbox 585 3343 607 3361; x_wconf 88' lang='lat' dir='ltr'>n.</span> <span class='ocrx_word' id='word_1_760' title='bbox 629 3337 652 3361; x_wconf 78' lang='lat'>2.</span> 
     </span>
    </p>

    <p class='ocr_par' dir='ltr' id='par_1_31' title="bbox 256 3378 1136 3411">
     <span class='ocr_line' id='line_1_104' title="bbox 256 3378 1136 3411; baseline -0.001 -7"><span class='ocrx_word' id='word_1_761' title='bbox 256 3379 265 3395; x_wconf 85' lang='lat'>⁴</span> <span class='ocrx_word' id='word_1_762' title='bbox 285 3380 352 3404; x_wconf 90' lang='lat' dir='ltr'>Libr.</span> <span class='ocrx_word' id='word_1_763' title='bbox 384 3381 411 3405; x_wconf 92' lang='lat' dir='ltr'>ll.</span> <span class='ocrx_word' id='word_1_764' title='bbox 443 3380 475 3405; x_wconf 87' lang='lat' dir='ltr'>de</span> <span class='ocrx_word' id='word_1_765' title='bbox 506 3380 605 3411; x_wconf 79' lang='lat' dir='ltr'>Nuptiis</span> <span class='ocrx_word' id='word_1_766' title='bbox 640 3383 664 3405; x_wconf 86' lang='lat' dir='ltr'>et</span> <span class='ocrx_word' id='word_1_767' title='bbox 694 3380 842 3410; x_wconf 85' lang='lat' dir='ltr'>concupisc.</span> <span class='ocrx_word' id='word_1_768' title='bbox 868 3386 889 3404; x_wconf 86' lang='lat' dir='ltr'>e.</span> <span class='ocrx_word' id='word_1_769' title='bbox 918 3380 957 3404; x_wconf 89' lang='lat' dir='ltr'>ll.</span> <span class='ocrx_word' id='word_1_770' title='bbox 985 3386 1009 3404; x_wconf 89' lang='lat' dir='ltr'>n.</span> <span class='ocrx_word' id='word_1_771' title='bbox 1039 3378 1085 3410; x_wconf 67' lang='lat'>243</span> <span class='ocrx_word' id='word_1_772' title='bbox 1112 3380 1136 3403; x_wconf 90' lang='lat' dir='ltr'>et</span> 
     </span>
    </p>
   </div>
   <div class='ocr_carea' id='block_1_21' title="bbox 327 3432 688 3458">
    <p class='ocr_par' dir='ltr' id='par_1_32' title="bbox 327 3432 688 3458">
     <span class='ocr_line' id='line_1_105' title="bbox 327 3432 688 3458; baseline -0.006 0"><span class='ocrx_word' id='word_1_773' title='bbox 327 3432 354 3458; x_wconf 87' lang='lat' dir='ltr'>S.</span> <span class='ocrx_word' id='word_1_774' title='bbox 375 3433 475 3458; x_wconf 66' lang='lat' dir='ltr'>Bonae.</span> <span class='ocrx_word' id='word_1_775' title='bbox 498 3447 531 3449; x_wconf 97' lang='lat'><strong>—</strong></span> <span class='ocrx_word' id='word_1_776' title='bbox 551 3433 625 3457; x_wconf 90' lang='lat' dir='ltr'>Tom.</span> <span class='ocrx_word' id='word_1_777' title='bbox 648 3432 688 3457; x_wconf 75' lang='lat' dir='ltr'>tv.</span> 
     </span>
    </p>
   </div>
   <div class='ocr_carea' id='block_1_22' title="bbox 1156 1432 1171 3411">
    <p class='ocr_par' dir='ltr' id='par_1_33' title="bbox 1156 1432 1171 3411">
     <span class='ocr_line' id='line_1_106' title="bbox 1156 1432 1171 3411; baseline 0 0"><span class='ocrx_word' id='word_1_778' title='bbox 1156 1432 1171 3411; x_wconf 95' lang='lat' dir='ltr'> </span> 
     </span>
    </p>
   </div>
   <div class='ocr_carea' id='block_1_23' title="bbox 1198 3067 2153 3409">
    <p class='ocr_par' dir='ltr' id='par_1_34' title="bbox 1198 3067 1977 3144">
     <span class='ocr_line' id='line_1_107' title="bbox 1198 3067 1977 3101; baseline -0.004 -7"><span class='ocrx_word' id='word_1_779' title='bbox 1198 3071 1322 3100; x_wconf 54' lang='lat' dir='ltr'>tiratian„</span> <span class='ocrx_word' id='word_1_780' title='bbox 1343 3069 1369 3094; x_wconf 82' lang='lat' dir='ltr'>C.</span> <span class='ocrx_word' id='word_1_781' title='bbox 1399 3069 1443 3094; x_wconf 61' lang='lat' dir='ltr'>Ex</span> <span class='ocrx_word' id='word_1_782' title='bbox 1471 3075 1522 3101; x_wconf 82' lang='lat' dir='ltr'>quo</span> <span class='ocrx_word' id='word_1_783' title='bbox 1551 3068 1607 3100; x_wconf 77' lang='lat'>(7.),</span> <span class='ocrx_word' id='word_1_784' title='bbox 1632 3068 1663 3093; x_wconf 88' lang='lat' dir='ltr'>dc</span> <span class='ocrx_word' id='word_1_785' title='bbox 1692 3067 1837 3093; x_wconf 80' lang='lat' dir='ltr'>Consecrat.</span> <span class='ocrx_word' id='word_1_786' title='bbox 1867 3068 1924 3092; x_wconf 86' lang='lat' dir='ltr'>dist.</span> <span class='ocrx_word' id='word_1_787' title='bbox 1955 3067 1977 3091; x_wconf 70' lang='lat' dir='ltr'>i.</span> 
     </span>
     <span class='ocr_line' id='line_1_108' title="bbox 1198 3112 1386 3144; baseline -0.005 -6"><span class='ocrx_word' id='word_1_788' title='bbox 1198 3114 1273 3138; x_wconf 85' lang='lat' dir='ltr'>Rom.</span> <span class='ocrx_word' id='word_1_789' title='bbox 1294 3113 1323 3144; x_wconf 63' lang='lat' dir='ltr'>st,</span> <span class='ocrx_word' id='word_1_790' title='bbox 1344 3112 1386 3137; x_wconf 73' lang='lat'>25.</span> 
     </span>
    </p>

    <p class='ocr_par' dir='ltr' id='par_1_35' title="bbox 1268 3155 2035 3187">
     <span class='ocr_line' id='line_1_109' title="bbox 1268 3155 2035 3187; baseline -0.003 -6"><span class='ocrx_word' id='word_1_791' title='bbox 1268 3156 1279 3172; x_wconf 83' lang='lat'>⁵</span> <span class='ocrx_word' id='word_1_792' title='bbox 1298 3157 1390 3181; x_wconf 87' lang='lat' dir='ltr'>Homil.</span> <span class='ocrx_word' id='word_1_793' title='bbox 1415 3156 1443 3180; x_wconf 83' lang='lat'>10</span> <span class='ocrx_word' id='word_1_794' title='bbox 1464 3156 1553 3187; x_wconf 82' lang='lat' dir='ltr'>(super</span> <span class='ocrx_word' id='word_1_795' title='bbox 1572 3155 1632 3180; x_wconf 80' lang='lat' dir='ltr'>Luc.</span> <span class='ocrx_word' id='word_1_796' title='bbox 1654 3156 1688 3187; x_wconf 75' lang='lat'>2.)</span> <span class='ocrx_word' id='word_1_797' title='bbox 1710 3156 1734 3180; x_wconf 90' lang='lat' dir='ltr'>in</span> <span class='ocrx_word' id='word_1_798' title='bbox 1754 3155 1903 3180; x_wconf 83' lang='lat' dir='ltr'>Circumcis.</span> <span class='ocrx_word' id='word_1_799' title='bbox 1925 3155 2035 3179; x_wconf 86' lang='lat' dir='ltr'>Domini.</span> 
     </span>
    </p>

    <p class='ocr_par' dir='ltr' id='par_1_36' title="bbox 1198 3197 2153 3276">
     <span class='ocr_line' id='line_1_110' title="bbox 1270 3197 2153 3231; baseline -0.002 -6"><span class='ocrx_word' id='word_1_800' title='bbox 1270 3201 1281 3217; x_wconf 79' lang='grc'>6</span> <span class='ocrx_word' id='word_1_801' title='bbox 1298 3200 1367 3225; x_wconf 90' lang='lat' dir='ltr'>Libr.</span> <span class='ocrx_word' id='word_1_802' title='bbox 1387 3200 1427 3225; x_wconf 88' lang='lat' dir='ltr'>lV.</span> <span class='ocrx_word' id='word_1_803' title='bbox 1447 3200 1532 3225; x_wconf 82' lang='lat' dir='ltr'>Moral.</span> <span class='ocrx_word' id='word_1_804' title='bbox 1554 3206 1575 3224; x_wconf 82' lang='lat' dir='ltr'>e.</span> <span class='ocrx_word' id='word_1_805' title='bbox 1597 3200 1620 3224; x_wconf 82' lang='lat'>3.</span> <span class='ocrx_word' id='word_1_806' title='bbox 1641 3201 1665 3223; x_wconf 92' lang='lat' dir='ltr'>in</span> <span class='ocrx_word' id='word_1_807' title='bbox 1691 3199 1811 3231; x_wconf 78' lang='lat' dir='ltr'>praefat.;</span> <span class='ocrx_word' id='word_1_808' title='bbox 1832 3204 1856 3224; x_wconf 88' lang='lat' dir='ltr'>ct</span> <span class='ocrx_word' id='word_1_809' title='bbox 1875 3200 2001 3230; x_wconf 63' lang='lat' dir='ltr'>Gratiam,</span> <span class='ocrx_word' id='word_1_810' title='bbox 2022 3198 2048 3223; x_wconf 89' lang='lat' dir='ltr'>C.</span> <span class='ocrx_word' id='word_1_811' title='bbox 2076 3197 2153 3229; x_wconf 75' lang='lat' dir='ltr'>Quot]</span> 
     </span>
     <span class='ocr_line' id='line_1_111' title="bbox 1198 3243 1700 3276; baseline -0.006 -5"><span class='ocrx_word' id='word_1_812' title='bbox 1198 3246 1288 3271; x_wconf 69' lang='lat' dir='ltr'>(tidem</span> <span class='ocrx_word' id='word_1_813' title='bbox 1308 3245 1363 3276; x_wconf 80' lang='grc'>(5.),</span> <span class='ocrx_word' id='word_1_814' title='bbox 1383 3244 1415 3269; x_wconf 90' lang='lat' dir='ltr'>de</span> <span class='ocrx_word' id='word_1_815' title='bbox 1434 3244 1579 3269; x_wconf 86' lang='lat' dir='ltr'>Consecrat.</span> <span class='ocrx_word' id='word_1_816' title='bbox 1600 3243 1657 3268; x_wconf 85' lang='lat' dir='ltr'>dist.</span> <span class='ocrx_word' id='word_1_817' title='bbox 1678 3243 1700 3268; x_wconf 66' lang='lat'>4.</span> 
     </span>
    </p>

    <p class='ocr_par' dir='ltr' id='par_1_37' title="bbox 1200 3287 2153 3409">
     <span class='ocr_line' id='line_1_112' title="bbox 1269 3287 2153 3320; baseline -0.003 -6"><span class='ocrx_word' id='word_1_818' title='bbox 1269 3289 1279 3306; x_wconf 89' lang='lat'>⁷</span> <span class='ocrx_word' id='word_1_819' title='bbox 1299 3289 1350 3315; x_wconf 70' lang='lat' dir='ltr'>Cir.</span> <span class='ocrx_word' id='word_1_820' title='bbox 1370 3289 1431 3313; x_wconf 82' lang='lat' dir='ltr'>Gen.</span> <span class='ocrx_word' id='word_1_821' title='bbox 1457 3288 1498 3319; x_wconf 80' lang='lat'>17,</span> <span class='ocrx_word' id='word_1_822' title='bbox 1523 3288 1552 3312; x_wconf 84' lang='lat' dir='ltr'>to</span> <span class='ocrx_word' id='word_1_823' title='bbox 1571 3295 1637 3320; x_wconf 70' lang='lat' dir='ltr'>seq,</span> <span class='ocrx_word' id='word_1_824' title='bbox 1657 3288 1751 3313; x_wconf 83' lang='lat' dir='ltr'>deinde</span> <span class='ocrx_word' id='word_1_825' title='bbox 1771 3288 1816 3313; x_wconf 88' lang='lat' dir='ltr'>los.</span> <span class='ocrx_word' id='word_1_826' title='bbox 1837 3288 1865 3319; x_wconf 74' lang='grc' dir='ltr'>ὅ,</span> <span class='ocrx_word' id='word_1_827' title='bbox 1881 3289 1909 3318; x_wconf 71' lang='grc'>2,</span> <span class='ocrx_word' id='word_1_828' title='bbox 1930 3287 1962 3312; x_wconf 89' lang='lat' dir='ltr'>de</span> <span class='ocrx_word' id='word_1_829' title='bbox 1985 3287 2082 3319; x_wconf 89' lang='lat' dir='ltr'>quibus</span> <span class='ocrx_word' id='word_1_830' title='bbox 2101 3287 2153 3317; x_wconf 77' lang='lat' dir='ltr'>agi-</span> 
     </span>
     <span class='ocr_line' id='line_1_113' title="bbox 1200 3330 2152 3363; baseline -0.005 -4"><span class='ocrx_word' id='word_1_831' title='bbox 1200 3338 1240 3359; x_wconf 85' lang='lat' dir='ltr'>tur</span> <span class='ocrx_word' id='word_1_832' title='bbox 1259 3335 1335 3359; x_wconf 85' lang='lat' dir='ltr'>etiam</span> <span class='ocrx_word' id='word_1_833' title='bbox 1356 3334 1428 3358; x_wconf 84' lang='lat' dir='ltr'>int&#39;ra.</span> <span class='ocrx_word' id='word_1_834' title='bbox 1449 3346 1482 3349; x_wconf 87' lang='lat'>—</span> <span class='ocrx_word' id='word_1_835' title='bbox 1502 3333 1596 3357; x_wconf 81' lang='lat' dir='ltr'>Totum</span> <span class='ocrx_word' id='word_1_836' title='bbox 1617 3333 1665 3357; x_wconf 85' lang='lat' dir='ltr'>boc</span> <span class='ocrx_word' id='word_1_837' title='bbox 1685 3339 1741 3363; x_wconf 89' lang='lat' dir='ltr'>cap.</span> <span class='ocrx_word' id='word_1_838' title='bbox 1761 3335 1876 3357; x_wconf 85' lang='lat' dir='ltr'>sumtum</span> <span class='ocrx_word' id='word_1_839' title='bbox 1898 3336 1936 3357; x_wconf 83' lang='lat' dir='ltr'>cst</span> <span class='ocrx_word' id='word_1_840' title='bbox 1955 3339 1985 3356; x_wconf 86' lang='lat' dir='ltr'>ex</span> <span class='ocrx_word' id='word_1_841' title='bbox 2011 3331 2100 3356; x_wconf 70' lang='lat' dir='ltr'>Glossa</span> <span class='ocrx_word' id='word_1_842' title='bbox 2120 3330 2152 3355; x_wconf 87' lang='lat' dir='ltr'>ad</span> 
     </span>
     <span class='ocr_line' id='line_1_114' title="bbox 1200 3376 1852 3409; baseline -0.003 -7"><span class='ocrx_word' id='word_1_843' title='bbox 1200 3379 1274 3403; x_wconf 81' lang='lat' dir='ltr'>Rom.</span> <span class='ocrx_word' id='word_1_844' title='bbox 1296 3377 1325 3409; x_wconf 68' lang='lat' dir='ltr'>i,</span> <span class='ocrx_word' id='word_1_845' title='bbox 1350 3377 1393 3408; x_wconf 85' lang='lat' dir='ltr'>tO;</span> <span class='ocrx_word' id='word_1_846' title='bbox 1413 3378 1475 3401; x_wconf 73' lang='lat' dir='ltr'>(jen.</span> <span class='ocrx_word' id='word_1_847' title='bbox 1500 3376 1542 3407; x_wconf 73' lang='lat'>17,</span> <span class='ocrx_word' id='word_1_848' title='bbox 1567 3377 1609 3408; x_wconf 85' lang='lat'>10,</span> <span class='ocrx_word' id='word_1_849' title='bbox 1629 3379 1653 3401; x_wconf 91' lang='lat' dir='ltr'>et</span> <span class='ocrx_word' id='word_1_850' title='bbox 1673 3376 1739 3401; x_wconf 85' lang='lat' dir='ltr'>loan.</span> <span class='ocrx_word' id='word_1_851' title='bbox 1760 3376 1790 3407; x_wconf 78' lang='lat'>7,</span> <span class='ocrx_word' id='word_1_852' title='bbox 1812 3377 1852 3400; x_wconf 76' lang='lat'>22.</span> 
     </span>
    </p>
   </div>
   <div class='ocr_carea' id='block_1_24' title="bbox 2007 3068 2152 3098">
    <p class='ocr_par' dir='ltr' id='par_1_38' title="bbox 2007 3068 2152 3098">
     <span class='ocr_line' id='line_1_115' title="bbox 2007 3068 2152 3098; baseline 0 -7"><span class='ocrx_word' id='word_1_853' title='bbox 2007 3068 2135 3098; x_wconf 80' lang='lat' dir='ltr'>Respicitu</span> <span class='ocrx_word' id='word_1_854' title='bbox 2141 3074 2152 3091; x_wconf 89' lang='lat' dir='ltr'>r</span> 
     </span>
    </p>
   </div>
   <div class='ocr_carea' id='block_1_25' title="bbox 1995 3429 2009 3452">
    <p class='ocr_par' dir='ltr' id='par_1_39' title="bbox 1995 3429 2009 3452">
     <span class='ocr_line' id='line_1_116' title="bbox 1995 3429 2009 3452; baseline 0 0"><span class='ocrx_word' id='word_1_855' title='bbox 1995 3429 2009 3452; x_wconf 72' lang='lat'>2</span> 
     </span>
    </p>
   </div>
  </div>
 </body>
</html>
