2483 3882
333 599 418 620 Sacrum
430 603 463 618 su-

318 625 381 654 mitur
397 624 463 650 tripli-

318 654 380 671 citer.

345 2250 419 2271 Modus
434 2251 463 2271 lo-

320 2277 398 2303 quendi
412 2277 431 2297 1.
443 2279 464 2297 et

318 2303 391 2324 salsus.

318 2395 459 2416 Innocentius.

476 239 538 272 638

475 328 558 360 enim
582 326 694 358 falsum
716 333 802 357 esse:
821 324 894 365 quia
911 323 1155 355 subdiaconatus
1171 321 1265 353 etiam
1282 320 1360 352 ordo
1376 323 1424 352 est

475 388 579 417 sacer,
604 377 687 419 quod
711 379 813 418 patet,
838 376 912 417 quia
935 375 978 406 ibi
1007 378 1140 406 vovetur
1172 373 1361 406 continentia
1393 377 1423 405 et

475 431 600 463 castitas
615 430 635 460 ¹.
653 430 744 466 Item,
762 428 974 460 subdiaconus
998 426 1096 467 tangit
1119 435 1194 458 vasa
1217 434 1325 458 sacra:
1349 433 1424 466 ergo

476 482 602 514 videtur
625 484 683 513 etc.

565 534 767 565 RnsPONDEo:
793 531 985 570 Dicendum,
1009 531 1094 572 quod
1118 530 1250 562 ordines
1272 529 1367 562 sacri
1382 529 1425 561 di-

478 590 610 623 cuntur,
627 585 701 626 quia
716 593 855 616 sacrum
871 584 1003 626 exigunt
1020 582 1232 620 ministrum,
1250 582 1424 615 secundum

477 638 555 669 illud
587 637 682 669 Isaiae
714 636 975 678 quinquagesimo
1006 634 1189 667 secund0²:
1215 633 1428 666 Mitndarnini

477 690 535 732 qai
556 688 653 732 fertis
675 698 760 721 vasa
783 688 919 720 Domini
926 700 937 726 ;
961 688 1046 720 unde
1070 687 1143 729 quia
1167 687 1351 727 contingunt
1376 694 1426 718 res

477 746 630 781 sacratas,
654 741 748 774 sacri
771 741 885 773 debent
909 749 994 779 esse,
1026 744 1057 773 et
1088 748 1196 772 omnes
1220 740 1269 771 isti
1295 742 1358 772 tres
1383 738 1427 771 di-

474 798 590 827 cuntur
614 794 715 825 sacri.
739 793 804 825 Alio
829 793 922 825 modo
945 792 1056 825 stricte
1080 792 1194 825 dicitur
1219 801 1306 825 sacer
1330 791 1426 830 ordo,

473 848 548 889 quia
564 848 669 888 ipsum
691 856 829 878 sacrum
854 846 1024 887 dispensat
1046 849 1076 878 et
1100 846 1238 887 quodam
1257 845 1349 877 modo
1367 848 1426 876 tra-

474 904 552 939 ctat,
570 899 740 932 deferendo
756 902 786 931 et
802 899 872 931 aliis
888 898 1155 936 administrando;
1179 901 1209 930 et
1234 897 1277 930 sic
1301 896 1427 938 presby-

474 957 522 985 ter
545 956 576 985 et
599 953 750 985 diaconus
764 952 786 983 ³.
815 952 919 984 Tertio
943 951 1036 983 modo
1061 959 1185 983 sacrum
1216 950 1331 982 dicitur
1352 958 1428 990 pro-

471 1005 652 1047 priissime,
677 1005 752 1046 quia
782 1014 920 1036 sacram
942 1014 1013 1036 rem
1037 1003 1186 1045 conlicit‚·
1210 1007 1241 1035 et
1265 1003 1324 1034 hoc
1348 1011 1428 1034 com-

474 1058 551 1099 petit
573 1057 674 1089 ordini
701 1066 866 1099 supremo,
891 1060 921 1089 et
944 1056 1014 1089 ideo
1038 1056 1193 1088 sacerdos
1216 1055 1403 1096 appellatur.

879 1188 954 1220 DUB.
980 1188 1028 1220 Vl.

562 1321 637 1353 item
662 1320 826 1362 quaeritur
850 1320 889 1352 de
914 1320 973 1352 hoc
997 1319 1081 1361 quod
1107 1319 1201 1358 dicit,
1225 1320 1311 1361 quod
1347 1319 1427 1351 ordo

474 1378 520 1406 est
542 1373 755 1416 siynacatum
776 1382 922 1405 sacram.
941 1372 1073 1405 Videtur
1097 1372 1180 1404 enim
1206 1372 1287 1404 male
1312 1372 1427 1411 dicere,

476 1426 550 1468 quia
573 1426 810 1458 Sacramentum
835 1429 882 1458 est
906 1425 1115 1462 clenicntam;
1140 1424 1195 1457 sed
1212 1424 1290 1457 ordo
1307 1428 1353 1457 est
1370 1424 1427 1456 Sa-

1233 234 1517 266 SENTENTlARUM
1541 233 1608 265 [ΑΒ.
1632 234 1681 266 lv.

1488 324 1717 352 cxi-amentum:
1742 329 1817 362 ergo
1848 321 1926 352 ordo
1958 324 2005 353 est
2036 320 2243 359 elementum,
2267 330 2329 353 non
2359 330 2431 364 ergo

1488 372 1652 413 spirituale
1676 372 1884 413 signaculum.
1907 391 1952 396 —-
1974 372 2067 411 ltem,
2091 381 2164 404 cum
2188 372 2219 404 iu
2243 373 2312 405 aliis
2332 373 2434 406 Sacra.-
2477 377 2479 415 ξ

1490 424 1626 456 mentis4
1651 425 1852 465 imprimatur
1876 425 2056 463 character,
2093 428 2220 466 propter
2251 426 2327 466 quid
2358 427 2433 460 ordo
2478 418 2480 461 ἶ

1489 477 1588 518 magis
1613 477 1762 509 definitur
1779 485 1835 518 per
1851 477 2063 519 siynactdum
2076 477 2091 508 5>
2108 496 2151 500 -
2163 477 2237 509 Item
2254 479 2432 519 quaeritur,

1489 530 1565 571 quid
1590 529 1629 562 sit
1652 539 1724 567 rcs,
1749 533 1779 561 et
1800 529 1875 570 quid
1892 529 2026 571 sz'qmtm
2044 529 2074 561 in
2091 530 2291 562 Sacramento
2308 531 2433 564 ordinis.

1581 582 1781 613 RaspoNoEo:
1806 581 1998 620 Dicendum,
2034 581 2117 623 quod
2144 581 2173 613 in
2199 581 2361 615 collatione
2391 593 2435 615 or·
2479 611 2481 622 λ

1490 633 1572 666 dinis
1596 637 1643 665 est
1666 633 1795 665 cottatto
1816 634 2005 674 potestatis,
2029 642 2086 675 per
2111 643 2205 675 quam
2231 634 2324 666 homo
2355 637 2435 676 poni·
2479 624 2481 655 ἶ

1490 689 1542 717 tur
1567 685 1597 717 in
1621 689 1705 718 statu
1729 685 1857 717 definito
1885 689 1915 718 et
1939 686 2039 727 gradu
2053 698 2061 724 3
2085 690 2116 718 et
2139 687 2286 727 quoniam
2312 687 2436 721 diversi·
2480 677 2481 735 J

1492 741 1538 771 tas
1561 742 1607 770 est
1631 738 1662 769 in
1683 738 1907 779 potestatibus,
1933 738 2098 771 diversitas
2119 742 2166 771 est
2187 739 2218 770 in
2242 739 2433 781 signaculis,

1491 795 1521 823 et
1543 799 1600 832 per
1625 799 1819 832 consequens
1855 790 2020 823 diversitas
2055 795 2102 823 est
2136 794 2167 823 et
2191 792 2284 824 debet
2307 801 2375 825 esse
2405 795 2435 827 in
2480 774 2482 813 ἡ

1491 843 1710 875 eaetei‘ioribtts
1732 843 1862 885 signis,-
1885 843 1975 875 aliter
1999 847 2121 876 tamen:
2149 844 2223 886 quia
2246 845 2344 887 sayna
2364 852 2483 880 suntao.

1492 897 1675 938 simpliciter
1698 896 1842 935 diversa,
1867 897 1921 929 sed
1945 900 2116 938 potestates
2141 898 2330 930 conveniunt
2347 899 2376 931 in
2393 908 2437 932 ea·
2481 913 2483 937 ;

1492 949 1563 981 dem
1581 949 1686 980 anima
1702 949 1734 980 in
1752 949 1826 987 boc,
1843 949 1926 990 quod
1946 949 2110 981 uniformis
2127 950 2206 981 ratio
2231 950 2438 992 distinguendi

1492 1001 1650 1043 reperitur
1674 1002 1704 1033 in
1729 1001 1875 1033 omnibus
1899 1002 2135 1034 characteribus
2159 1006 2189 1034 et
2213 1003 2251 1034 ad
2277 1012 2375 1036 unum
2396 1013 2440 1037 or-

1493 1053 1616 1086 dinatis.
1641 1053 1793 1094 Quoniam
1819 1054 1913 1095 igitur
1937 1054 2017 1086 ordo
2045 1054 2138 1086 debet
2170 1054 2293 1087 definiri
2324 1064 2379 1097 per
2410 1057 2439 1089 id
2482 1085 2483 1097 ,

2481 939 2483 946 ι

2481 957 2483 971 l

2481 974 2483 987 l

1492 1107 1577 1148 quod
1602 1115 1767 1138 commune
1792 1110 1860 1145 est3
1884 1110 1914 1138 et
1938 1107 2147 1139 communitas
2170 1117 2231 1139 non
2256 1111 2303 1140 est
2319 1117 2338 1140 a
2354 1113 2438 1150 parte

1493 1159 1638 1191 clementi
1660 1158 1853 1197 exterioris,
1879 1159 1933 1191 sed
1957 1159 2126 1201 siynaeutt
2160 1160 2335 1202 impressi.-
2372 1161 2437 1195 ideo

1494 1212 1593 1253 magis
1618 1212 1767 1244 definitur
1791 1220 1847 1253 per
1879 1212 1909 1244 id
1942 1221 2037 1253 quam
2060 1221 2116 1253 per
2140 1213 2330 1245 elementum
2359 1218 2438 1247 exte-

1494 1265 1581 1302 rius;
1610 1269 1640 1297 et
1671 1265 1810 1302 iterum,
1849 1265 1946 1306 magis
1981 1265 2039 1297 hoc
2075 1266 2311 1298 Sacramentum
2347 1276 2438 1308 quam

1493 1318 1597 1357 aliud,
1621 1318 1769 1359 quoniam
1795 1318 1957 1350 character
1981 1318 2053 1360 plus
2078 1319 2172 1351 habet
2208 1319 2259 1351 hic
2291 1319 2437 1352 rationem

1493 1380 1601 1409 suain,
1626 1370 1658 1402 id
1682 1375 1729 1402 est
1752 1370 1904 1402 rationem
1930 1370 2173 1413 distinguendi,
2199 1380 2294 1413 quam
2319 1372 2350 1403 in
2374 1372 2438 1405 aliis

1493 1423 1701 1455 Sacramentis
1716 1423 1736 1454 ⁵.

1215 1621 1541 1663 DISTINCTIO
1571 1621 1712 1661 XXV.

895 1807 963 1837 CAP.
986 1807 1006 1837 I.

720 1904 763 1933 De
785 1902 937 1933 ordinatis
958 1901 995 1932 ab
1018 1901 1184 1932 haereticis.

558 1999 639 2029 Solet
660 1999 749 2028 etiam
770 1999 891 2037 quaeri,
914 1999 939 2028 si
961 1998 1106 2028 haeretIci
1129 1998 1167 2028 ab
1189 1998 1325 2028 Ecclesia
1347 2006 1432 2037 prae-

477 2048 532 2077 cisi
555 2051 583 2077 et
605 2047 737 2077 damnati
760 2047 876 2085 possint
898 2047 1016 2077 tradere
1038 2055 1142 2077 sacros
1158 2047 1291 2083 ordines,
1309 2050 1338 2076 et
1353 2046 1377 2075 si
1392 2046 1430 2076 ab

478 2096 521 2126 eis
543 2096 688 2133 ordinati,
711 2095 871 2125 redeuutes
894 2096 932 2125 ad
955 2095 1109 2125 Ecclesiae
1125 2095 1285 2130 unitatem,
1301 2094 1431 2124 debeant

478 2145 655 2175 reordinari.
677 2161 717 2167 —
738 2145 820 2174 Hanc
843 2144 1050 2182 quaestionem
1081 2144 1257 2182 perplexam
1289 2152 1324 2173 ac
1353 2151 1431 2181 pene

479 2192 668 2222 insolubilem
692 2192 804 2222 faciunt
826 2192 985 2221 doctorum
1001 2191 1110 2227 verba,
1126 2192 1177 2230 qui
1194 2192 1358 2230 plurimum
1374 2191 1431 2220 dis-

478 2241 588 2270 sentire
604 2241 751 2270 videntur.
764 2240 962 2270 —Videntur
978 2240 1055 2269 enim
1073 2240 1195 2278 quidam
1215 2239 1348 2276 tradere,
1364 2239 1431 2269 hae-

478 2289 589 2319 reticos
610 2297 713 2318 sacros
736 2289 858 2318 ordines
881 2288 953 2318 dare
975 2297 1033 2318 non
1050 2297 1155 2327 posse,
1172 2297 1227 2318 nec
1244 2288 1309 2318 illos
1324 2288 1374 2326 qui
1393 2288 1430 2317 ab

479 2338 522 2367 eis
545 2338 674 2368 ordinati
698 2337 854 2373 videntur,
876 2337 1001 2375 gratiam
1024 2337 1170 2375 recipere.
1192 2336 1271 2366 Dicit
1292 2337 1370 2366 enim
1387 2336 1431 2365 ln-

478 2385 673 2415 nocentius¹z
703 2398 715 2411 «
730 2386 909 2415 Arianorum
927 2385 1054 2415 clericos
1069 2393 1126 2414 non
1150 2385 1246 2414 videri
1268 2384 1431 2423 suscipien-

478 2435 533 2464 dos
564 2443 632 2464 cum
665 2434 827 2464 sacerdotii
856 2434 902 2463 vel
936 2433 1091 2463 ministerii
1114 2433 1243 2463 alicuius
1266 2433 1430 2470 (lignitate3

478 2483 588 2521 quibus
610 2482 707 2512 solum
730 2482 879 2520 baptisma
902 2485 1000 2512 ratum
1025 2490 1089 2511 esse
1112 2481 1274 2520 permittit,
1296 2480 1377 2519 quod
1401 2481 1430 2510 in

479 2531 599 2561 nomine
627 2531 723 2561 Patris
745 2533 774 2560 et
795 2530 859 2560 Filii
885 2534 914 2560 et
936 2530 1065 2568 Spiritus
1094 2530 1189 2559 sancti
1220 2529 1429 2568 percipitur».

479 2578 556 2608 Dicit
579 2578 685 2615 etiam,
715 2586 765 2607 eos
793 2590 804 2603 «
820 2586 877 2607 non
901 2586 990 2616 posse
1012 2577 1084 2607 dare
1107 2577 1251 2615 Spiritum
1274 2580 1429 2613 sanctum,

549 2741 557 2756 ¹
578 2742 661 2766 Prima
681 2742 744 2767 haec
763 2742 827 2767 ratio
847 2742 970 2767 omittitur
990 2742 1014 2766 in
1034 2741 1094 2767 edd.
1114 2744 1138 2767 et
1152 2749 1203 2766 uno
1222 2742 1355 2774 alteroque
1371 2742 1428 2767 cod.

479 2784 536 2808 Post
554 2783 655 2815 falsum
674 2791 728 2810 csse
748 2785 824 2810 codd.
844 2786 863 2809 B
875 2785 894 2809 D
906 2785 921 2809 F
933 2786 954 2816 Q
973 2785 1073 2810 addunt
1091 2784 1115 2811 εἰ
1131 2785 1181 2811 hoo
1199 2785 1307 2817 dicant,
1335 2785 1392 2811 cod.
1412 2786 1430 2809 Ε

478 2827 501 2852 si
519 2827 583 2854 haec
602 2827 737 2854 dicuntur.

550 2871 560 2887 ²
579 2871 653 2896 Vers.
678 2872 714 2896 ll.
735 2885 768 2889 »-
788 2873 912 2902 Superius
932 2875 990 2903 post
1008 2871 1135 2898 dicantur
1154 2872 1214 2897 edd.
1230 2873 1366 2904 supplent:
1386 2870 1430 2898 tti-

479 2913 527 2939 bas
546 2914 639 2939 modis.
660 2914 751 2940 Primo
772 2914 853 2947 tarqc.
874 2916 921 2939 Pro
941 2914 1053 2948 eoeiqunt
1066 2915 1219 2940 ministrum
1242 2916 1298 2940 cod.
1320 2917 1339 2940 A
1358 2914 1430 2940 eoelti-

480 2957 539 2983 berit
556 2957 733 2983 ministeriam
747 2958 834 2990 (etiam
854 2959 941 2990 plures
960 2959 1000 2983 alii
1020 2958 1095 2983 codd.
1117 2959 1179 2984 falso
1199 2962 1298 2990 ponunt
1318 2958 1430 2984 ministe-

479 3001 571 3034 riam).
597 3002 703 3027 Inferius
729 3009 776 3033 pro
801 3002 958 3035 continqunt
983 3002 1058 3027 codd.
1079 3003 1098 3026 R
1114 3003 1130 3027 S
1144 3002 1164 3026 T
1186 3003 1313 3035 tanqum,
1333 3005 1358 3027 et
1382 3009 1431 3033 pro

478 3046 601 3071 sacratas
621 3046 708 3077 plures
727 3046 803 3071 codd.
822 3053 924 3072 sacras.

551 3088 561 3105 3
580 3089 613 3114 lta
634 3089 708 3114 codd.
730 3090 775 3114 BP
795 3090 828 3121 (1³¹
842 3091 859 3114 L
880 3098 893 3114 n
914 3090 1027 3115 secunda
1048 3093 1157 3122 manu),
1179 3096 1291 3122 quorum
1312 3090 1386 3115 lectio
1400 3097 1430 3115 ex

480 3134 597 3157 contextu
623 3132 826 3165 comprobatur,
851 3134 891 3158 alii
917 3134 993 3159 codd.
1018 3132 1155 3166 presbyter
1181 3134 1204 3158 et
1229 3132 1427 3164 subdiaconus,

479 3175 538 3200 edd.
559 3175 687 3202 diaconus
705 3178 729 3202 et
747 3176 927 3203 subdiaconus
947 3177 1013 3211 [sed
1032 3176 1190 3203 subdiaconi
1208 3181 1246 3202 est
1267 3181 1365 3202 tantum
1391 3184 1431 3202 sa-

481 3226 523 3243 cra
543 3226 604 3244 vasa
626 3220 751 3253 tangere]
766 3221 815 3246 Csr.
836 3229 915 3252 supra
935 3228 957 3246 a.
979 3222 1001 3246 2.
1022 3229 1046 3254 q.
1069 3222 1091 3246 Ἰ.
1107 3221 1223 3246 —1deni
1245 3221 1307 3246 dul).
1328 3221 1431 3246 solvunt

482 3262 507 3285 Β.
528 3263 635 3294 Αιὺοι·ι.,
656 3265 696 3289 hic
710 3272 731 3289 a.
747 3265 794 3296 3ss;
817 3266 841 3289 S.
863 3266 968 3295 Thom.,
990 3266 1031 3290 hic
1050 3273 1075 3298 q.
1096 3266 1119 3290 2.
1139 3273 1162 3290 a.
1183 3266 1205 3290 ’1.
1227 3266 1385 3297 quaestiunc.
1407 3265 1429 3289 3.

481 3308 506 3329 ct
525 3307 589 3330 circa
611 3307 658 3337 lit.;
680 3309 742 3332 Petr.
764 3315 777 3332 a
798 3309 856 3333 Tar.
876 3312 900 3333 ct
920 3309 1039 3334 Richard.
1059 3316 1073 3333 a
1093 3309 1171 3340 Med„
1193 3310 1233 3334 hic
1253 3310 1320 3334 circa
1340 3309 1374 3334 lit.

554 3348 562 3364 ⁴
584 3350 676 3374 Scitin
688 3350 816 3381 baptismo
831 3355 855 3376 et
868 3352 1073 3384 confirinatione;
1085 3354 1130 3378 cfr.
1141 3360 1221 3384 supra
1233 3353 1256 3378 d.
1269 3354 1292 3378 6.
1305 3360 1329 3385 p.
1342 3353 1357 3378 1.
1370 3359 1394 3385 q.
1407 3352 1429 3378 4.

1494 1813 1583 1843 quem
1607 1805 1773 1834 amiserunt
1787 1815 1814 1842 »3
1845 1807 1874 1834 et
1908 1817 1921 1830 «
1936 1804 2090 1835 ordinatos
2112 1805 2149 1835 ab
2173 1805 2333 1835 haereticis
2355 1809 2441 1844 caput

1494 1853 1607 1882 habere
1637 1853 1845 1889 vulneratum,
1868 1856 1897 1883 et
1919 1861 1987 1883 eum
2010 1853 2062 1892 qui
2084 1853 2228 1883 honorem
2262 1854 2375 1890 amisit,
2397 1854 2442 1884 ho-

1494 1909 1599 1931 norem
1621 1901 1693 1931 dare
1715 1910 1774 1931 non
1802 1910 1907 1940 posse,
1932 1910 1987 1931 nec
2017 1901 2100 1931 illum
2130 1901 2245 1940 aliquid
2275 1902 2440 1940 accepisse,

1495 1950 1637 1987 quoniam
1654 1950 1683 1979 in
1699 1950 1790 1979 dante
1807 1950 1878 1979 nihil
1895 1953 1974 1986 erat,
1991 1950 2072 1989 quod
2089 1950 2138 1979 ille
2150 1953 2253 1989 posset
2267 1950 2439 1989 accipere».

1494 1998 1597 2028 Tradit
1619 1999 1725 2034 etiam,
1752 1999 1971 2029 «venientibus
2003 1999 2040 2029 ab
2071 1999 2233 2029 haereticis
2264 2007 2320 2037 per
2341 2007 2441 2029 manus
2479 2018 2480 2023 ,

1496 2047 1716 2085 impositionem
1751 2047 1859 2077 laicam
1894 2050 2007 2077 tantum
2042 2047 2231 2077 tribuendam
2265 2047 2442 2077 communio-

1496 2103 1580 2130 nem,
1603 2094 1661 2124 nec'
1680 2103 1717 2124 ex
1740 2096 1786 2124 his
1818 2095 1951 2134 aliquem
1985 2095 2013 2124 in
2044 2095 2205 2125 clericatus
2227 2095 2371 2125 honorem
2398 2094 2440 2125 vel
2453 2103 2479 2124 ou

1496 2143 1636 2181 exiguum
1659 2143 1867 2181 subrogare».
1897 2142 2081 2181 Gregorius²
2104 2143 2192 2173 ctiam
2218 2143 2306 2178 dicit,
2329 2142 2479 2173 sacrile-Gr,

1494 2199 1562 2228 gam
1586 2199 1650 2220 esse
1672 2191 1852 2220 Arianorum
1885 2191 2159 2226 consecrationem,
2193 2199 2262 2220 cum
2284 2199 2321 2220 ex
2342 2198 2441 2221 eorum
2479 2208 2480 2213 =

1496 2247 1586 2268 manu
1618 2239 1789 2268 communio
1821 2239 1999 2277 percipitur.
2033 2239 2203 2278 Cyprianus
2234 2239 2323 2269 etiam
2352 2239 2479 2275 dicit,<:y1

1495 2287 1594 2316 omnia
1618 2295 1829 2325 quaecumque
1852 2287 1963 2317 faciunt
1987 2287 2148 2324 haeretici,
2176 2287 2325 2323 carnalia,
2348 2287 2441 2317 inania

1496 2338 1524 2364 et
1546 2335 1692 2372 sacrilega
1715 2344 1794 2371 esse,
1817 2339 1845 2365 et
1867 2343 1971 2365 eorum
2000 2335 2133 2365 «altaria
2167 2335 2238 2365 salsa
2269 2339 2297 2365 et
2327 2335 2437 2371 illicita,

1495 2383 1664 2413 sacerdotia
1687 2387 1716 2413 et
1737 2384 1886 2413 sacrificia
1918 2383 2108 2422 sacrilega»,
2131 2384 2182 2422 qui
2211 2396 2223 2410 (ι
2238 2392 2321 2414 more
2349 2383 2440 2413 simia-

1496 2440 1579 2467 rum,
1601 2440 1694 2470 quae,
1718 2440 1787 2462 cum
1809 2432 1946 2461 homines
1968 2440 2026 2462 non
2048 2433 2122 2468 sint,
2147 2432 2272 2462 sormam
2294 2433 2440 2462 imitantur

1495 2480 1674 2517 humanam,
1704 2480 1818 2510 vultum
1849 2480 2003 2510 Ecclesiae
2032 2481 2199 2511 catholicae
2229 2484 2258 2511 et
2289 2481 2439 2511 auctorita-

1497 2532 1554 2558 tem
1587 2528 1644 2558 sibi
1678 2529 1847 2565 vindicant,
1881 2537 1949 2558 cum
1971 2529 2029 2567 ipsi
2054 2529 2082 2558 in
2104 2529 2240 2559 Ecclesia
2264 2538 2320 2559 non
2343 2530 2401 2562 sint>
2413 2539 2437 2565 »3

1496 2580 1524 2606 et
1547 2585 1615 2606 cum
1638 2578 1696 2606 sint
1718 2577 1873 2614 sacrilegi,
1900 2577 2103 2607 sacerdotium
2127 2578 2336 2608 administrant
2357 2581 2385 2608 et
2404 2577 2439 2607 al-

1563 2741 1574 2757 5
1593 2741 1644 2766 Clr.
1671 2748 1749 2772 supra
1775 2748 1797 2766 a.
1824 2742 1846 2765 l.
1871 2748 1895 2773 q.
1927 2742 1945 2765 l.
1972 2748 2062 2773 seqq.,·
2088 2742 2114 2766 B.
2142 2741 2250 2772 Albert.,
2280 2742 2320 2766 hic
2345 2748 2366 2766 a.
2392 2739 2437 2771 37;

1493 2786 1518 2810 S.
1541 2786 1646 2815 Thom.,
1668 2786 1708 2810 hic
1722 2792 1745 2817 q.
1768 2786 1791 2809 ¹l.
1805 2792 1828 2810 a.
1853 2786 1874 2810 sl.
1888 2786 2048 2817 quaestiunc.
2070 2786 2097 2817 25
2118 2787 2181 2811 Petr.
2196 2793 2210 2811 a
2231 2786 2304 2818 Tar.‚
2326 2786 2365 2810 hic
2378 2791 2402 2817 q.
2417 2784 2437 2808 2.

1494 2836 1516 2853 a.
1538 2829 1560 2853 sl.
1580 2829 1739 2861 quaestiunc.
1760 2829 1782 2853 2.

1688 2915 1795 2941 NOTAE}
1814 2915 1855 2940 AD
1875 2915 1959 2941 LIBR.
1982 2915 2252 2941 SENTENTIARUM.

1566 3003 1573 3019 ¹
1594 3003 1656 3029 Can.
1677 3003 1793 3029 Arianos
1813 3005 1892 3036 (73),
1919 3004 1945 3029 C.
1973 3005 1996 3028 »1.
2021 3012 2046 3037 q.
2067 3005 2089 3029 vl.
2110 3005 2168 3037 Seq.
2189 3005 2261 3029 locus
2280 3006 2317 3029 cst
2336 3003 2361 3028 C.
2387 3000 2436 3034 Qui

1493 3046 1680 3080 perfectionem
1700 3047 1780 3079 (l7.)‚
1803 3047 1883 3079 ibid,
1910 3048 1999 3073 tertius
2019 3047 2045 3073 C.
2069 3048 2181 3073 Veniunt
2204 3049 2242 3073 est
2260 3047 2338 3079 (18),
2360 3045 2433 3075 ibid.;

1495 3093 1616 3122 quartus,
1637 3090 1698 3115 ibid.
1719 3090 1734 3122 (ζ,
1755 3092 1779 3116 2.
1934 3107 1937 3110 «

1564 3134 1575 3150 2
1596 3134 1663 3159 Libr.
1684 3135 1719 3159 ΙΙΙ.
1739 3135 1837 3167 Dialog.
1858 3142 1878 3160 c.
1900 3136 1946 3166 3t;
1978 3135 2004 3161 C.
2033 3135 2238 3168 Superveniente
2264 3134 2340 3167 (72),
2366 3132 2436 3163 ibid.;

1496 3178 1566 3203 locus
1586 3177 1707 3209 Cypriani
1728 3182 1765 3203 est
1784 3179 1861 3210 Epist.
1883 3179 1915 3203 ad
1936 3179 2057 3210 Magnum
2084 3179 2115 3203 de
2143 3179 2303 3210 baptizandis
2328 3177 2435 3202 Novana-

1496 3222 1547 3252 nis,
1568 3228 1591 3246 n.
1614 3223 1622 3246 t
1639 3230 1644 3253 3
1665 3225 1690 3246 et
1709 3222 1820 3247 Gratian.
1847 3229 1926 3253 super
1951 3221 1977 3247 C.
1997 3222 2096 3248 Manus
2115 3221 2245 3254 impositio
2266 3220 2341 3253 (74),
2362 3218 2433 3250 ibid,

1495 3268 1519 3289 et
1533 3264 1625 3289 deinde
1639 3264 1768 3296 Cyprian.y
1783 3265 1860 3296 Epist.
1874 3265 1907 3289 ad
1920 3264 2070 3290 lubaianum
2085 3265 2128 3295 (de
2142 3265 2274 3290 haereticis
2287 3260 2435 3295 baptizand.)

1495 3315 1519 3332 n.
1541 3309 1572 3339 2;
1594 3311 1702 3341 uterquc
1723 3310 1746 3333 in
1767 3308 1793 3334 C.
1813 3308 1844 3334 Si
1861 3308 1934 3341 quis,
1957 3308 2042 3342 inquit
2062 3309 2140 3341 (70.)‚
2162 3308 2224 3333 ibid.
2246 3308 2292 3332 Pro
2311 3313 2380 3338 seqq.
2394 3304 2436 3330 cst*-

1494 3353 1575 3377 eiusd.
1596 3353 1674 3384 Epist.
1697 3353 1729 3378 ad
1750 3353 1886 3384 Magnum,
1910 3360 1933 3377 n.
1954 3353 1977 3377 9.
1998 3360 2069 3385 seqq.
