2483 3882
716 264 809 296 DIST.
834 264 918 297 XLV.
943 264 1025 296 ART.
1050 264 1082 296 11.
1108 264 1259 306 QUAEST.
1283 265 1317 296 ΙΙ.

1930 267 1993 299 945

895 429 1078 487 0111115110
1102 446 1135 477 11.

520 555 637 586 Utrum
662 554 826 598 defunctis
847 556 977 598 prosint
999 555 1168 599 suffiuyia
1190 555 1285 598 facta
1306 566 1366 598 per
1391 557 1505 589 malos.

118 705 260 738 Secundo
284 704 465 746 quaeritur,
490 707 599 736 utrum
623 706 744 747 prosint
768 706 917 748 suffragia
941 706 982 738 fa-

32 762 80 792 cta
101 766 159 800 per
183 757 291 789 malos.
318 757 352 789 Et
375 757 459 798 quod
486 766 565 796 non,
589 757 725 789 videtur.

120 812 146 842 1.
165 810 286 842 loannis
302 819 384 842 110110
395 809 403 824 ¹
416 821 423 841 :
442 809 584 847 Scimus,
598 810 678 852 quia
691 815 880 851 peccatores
894 811 980 843 Deus

0 876 17 892 eo
30 872 94 895 nou
117 861 272 894 exaudit:
290 870 365 903 ergo
382 862 407 894 si
424 870 483 893 non
503 862 630 902 prodest
650 862 766 901 oratio,
784 872 877 904 quam
897 864 980 895 Deus

0 902 18 918 ι’
31 924 92 948 11011
123 914 275 953 exaudit3
302 917 387 955 patet
418 918 476 946 etc.
510 914 636 954 Quodsi
666 914 771 953 dicas,
800 915 885 956 quod
914 924 981 948 ver—

31 969 105 1001 bum
138 968 217 999 illud
249 976 310 999 non
342 970 389 999 est
420 976 550 1005 verum,
575 967 649 1008 quia
680 976 698 999 a
722 976 831 1006 cae00,
855 977 916 1000 non
940 968 980 1000 ab

30 1020 224 1062 Evangelista
248 1019 366 1052 dictum
391 1022 456 1057 est;
473 1023 608 1051 contra:
626 1020 685 1051 hoc
702 1028 763 1051 non
780 1020 888 1058 solvit,
906 1021 980 1061 quia

29 1073 124 1106 Isaiae
140 1072 242 1114 primo
256 1071 280 1103 ²:
301 1071 382 1104 Cum
400 1071 698 1113 multiplicaveritis
716 1073 895 1111 orationes,
914 1083 979 1105 11011

29 1125 217 1158 exaudiam.
242 1124 362 1156 Manus
386 1124 472 1155 enim
503 1128 631 1156 vestrae
658 1124 775 1166 plenae
805 1129 884 1157 suut
905 1135 980 1157 sau-

26 1178 145 1221 9uiue;
169 1177 292 1210 Glossa:
318 1177 506 1219 Sanquiue,
532 1177 562 1209 id
588 1181 634 1210 est
668 1182 871 1219 «peecato>›:
905 1187 979 1220 ergo

30 1231 53 1263 si
78 1231 178 1262 omnis
203 1234 346 1271 peccator
370 1233 400 1262 et
425 1229 528 1262 malus
551 1232 598 1262 θεῖ
622 1230 710 1268 talis,
734 1230 876 1266 videtur.
894 1231 978 1272 quod

29 1280 177 1324 suffragia
200 1282 280 1314 facta
303 1291 360 1324 per
384 1282 483 1314 malos
508 1291 569 1313 non
593 1283 724 1323 prosint.

116 1337 145 1368 Ξ).
170 1335 263 1374 Item,
280 1335 449 1376 Gregorius
464 1335 491 1366 ³:
515 1335 619 1366 «Cum
646 1335 671 1367 is
691 1336 744 1377 qui
762 1336 922 1377 displicet,
939 1337 978 1368 ad

29 1388 284 1421 intercedendum
315 1387 458 1425 mittitur,
492 1387 562 1419 irati
595 1388 719 1420 animus
751 1388 790 1420 ad
823 1388 979 1420 deteriora

28 1445 216 1484 provocatur
229 1452 266 1472 »z
292 1449 367 1482 ergo
390 1440 494 1481 potius
518 1440 650 1479 obsunt,
675 1449 770 1482 quam
795 1441 924 1482 prosint.

116 1494 145 1526 3.
170 1494 261 1532 Item,
286 1493 415 1525 ratione
439 1492 580 1525 videtur:
599 1493 673 1534 quia
695 1493 818 1525 nullum
836 1502 915 1534 opus
932 1497 979 1525 est

29 1546 268 1579 satisfactorium
279 1572 286 1585 ,
303 1545 360 1577 111ε1
383 1545 468 1587 quod
493 1545 527 1577 fit
544 1554 585 1577 ex
602 1545 708 1578 radice
725 1546 862 1578 caritatis
877 1546 905 1584 4;
923 1547 977 1579 εθ(1

28 1599 105 1632 illud
123 1608 183 1631 non
200 1598 234 1630 fit
250 1599 312 1637 sic,
330 1599 413 1640 quod
432 1598 466 1630 fit
490 1607 507 1630 a
532 1598 631 1630 malo:
651 1607 725 1640 ergo
742 1608 803 1630 non
820 1599 977 1631 satisfacit.

115 1652 145 1683 li.
168 1651 260 1690 Item,
285 1651 343 1683 iste
366 1654 512 1692 peccator
535 1660 597 1682 non
618 1654 666 1683 est
683 1652 862 1683 membrum
881 1652 980 1684 Eccle-

29 1705 111 1738 siae:
136 1714 209 1745 ergo
234 1704 354 1736 nullam
379 1703 473 1736 habet
498 1704 725 1736 connexionem
750 1713 821 1736 cum
848 1704 900 1736 illo
924 1705 977 1746 qui

29 1761 172 1790 mortuus
196 1759 258 1789 est:
284 1766 359 1798 ergo
383 1765 462 1797 opus
487 1756 554 1788 eius
577 1756 704 1788 omnino
720 1761 767 1789 est
783 1757 921 1789 alienum
938 1757 978 1789 ab

28 1811 95 1852 ipso
119 1810 282 1849 defuncto,
307 1818 381 1851 ergo
404 1809 483 1841 nihil
507 1810 533 1841 ei
559 1809 639 1842 facit.

117 1864 145 1894 5.
169 1863 243 1895 Item
255 1888 262 1901 ,
279 1862 303 1895 si
323 1862 426 1894 malus
442 1862 558 1894 faceret
574 1871 632 1903 pro
649 1871 699 1901 se,
717 1862 794 1894 nihil
824 1862 882 1894 sihi
910 1871 979 1903 pro—

29 1914 146 1947 desset:
172 1924 247 1956 ergo
278 1915 345 1956 pari
371 1915 491 1947 ratione
514 1924 576 1947 non
606 1915 734 1956 prodest
758 1915 827 1953 alii,
853 1915 876 1947 si
902 1915 979 1948 face-

28 1970 75 2000 ret
105 1976 163 2009 pro
195 1967 266 2006 illo,
291 1967 365 2009 quia
395 1968 615 2009 unusquisque
647 1967 805 2000 efficacius
839 1971 978 2000 meretur

29 2020 86 2053 sihi
110 2029 205 2062 quam
230 2020 281 2052 alii
297 2020 318 2051 ⁵.

114 2073 256 2106 CONTRA:
290 2074 317 2105 1.
349 2073 549 2106 Sacramenta
582 2073 734 2106 Ecclesiae
766 2082 865 2115 aeque
896 2074 978 2106 hona

0 2129 115 2178 glesum,
140 2135 212 2159 cum
237 2126 460 2168 dispensantur
491 2135 548 2168 per
581 2126 679 2159 bonos
707 2130 737 2159 et
762 2127 877 2159 malos:
903 2136 978 2169 ergo

13 2172 117 2211 'Missa
140 2178 213 2210 mali
239 2179 410 2211 sacerdotis
435 2179 477 2211 ita
500 2179 629 2221 prodest
653 2183 689 2211 ut
713 2179 785 2211 honi
801 2179 821 2210 Β.

114 2233 143 2263 2.
168 2232 261 2270 ltem,
286 2232 412 2273 quando
436 2240 565 2270 servus,
590 2232 730 2264 existens
754 2235 845 2264 extra
870 2232 979 2264 carita-

27 2286 105 2322 tem,
129 2284 182 2317 dat
205 2284 436 2326 eleemosynam
460 2284 501 2316 ad
526 2284 695 2326 imperium
720 2284 856 2323 domini,
882 2293 978 2317 mere-

29 2339 80 2369 tur
103 2337 267 2376 dominus,
291 2346 327 2369 ae
351 2337 375 2369 si
400 2346 512 2369 servus
537 2337 615 2369 bene
631 2337 640 2353 ⁷
666 2337 774 2369 daret:
801 2346 875 2378 ergo
897 2338 979 2369 simi-

29 2388 98 2421 liter
121 2390 151 2421 in
176 2389 351 2431 proposito,
376 2398 448 2422 cum
473 2389 546 2428 ille,
569 2399 627 2431 pro
651 2399 713 2431 quo
737 2389 788 2428 fit,
814 2390 852 2421 sit
876 2390 906 2421 in
932 2399 978 2422 ca-

27 2441 132 2481 ritate,
156 2442 239 2474 valet
262 2442 300 2474 ei.

113 2494 142 2527 3.
159 2494 232 2527 Item
245 2521 252 2534 ,
269 2495 398 2527 ‘ratione
416 2495 558 2528 videtur:
585 2496 659 2537 quia
676 2496 828 2528 Dominus
845 2505 902 2528 sua
921 2496 978 2527 lar-

27 2546 118 2588 gitate
141 2551 267 2589 reputat
290 2557 370 2589 opus
393 2548 511 2580 sactum
536 2548 575 2580 al)
599 2548 677 2587 alio,
702 2557 737 2580 ac
754 2548 779 2580 si
796 2548 850 2580 fiat
866 2549 905 2580 ab
922 2557 976 2587 e0,

19 2598 82 2641 ‘pro
105 2609 166 2642 quo
190 2601 246 2638 fit;
270 2601 326 2633 sed
341 2601 351 2616 Β
376 2601 429 2634 ille
452 2605 499 2634 est
523 2601 554 2633 in
579 2602 727 2634 caritate:
753 2611 828 2643 ergo
852 2605 909 2633 etc.

112 2653 142 2684 li.
166 2653 260 2692 Item,
284 2653 410 2695 quando
441 2653 555 2696 aliquis
586 2654 658 2686 facit
690 2654 782 2686 alicui
811 2654 977 2694 eleemosy-

28 2713 116 2744 nam,
140 2705 197 2738 etsi
221 2705 300 2738 dans
324 2705 363 2737 sit
386 2709 478 2738 extra
502 2706 682 2745 caritatem,
701 2710 804 2738 tamen
821 2705 975 2747 recipiens

27 2760 126 2798 potest
149 2758 265 2791 mereri
288 2758 320 2790 in
352 2758 550 2800 recipiendo,
575 2759 599 2791 si
625 2759 736 2801 recipit
760 2768 800 2791 ex
825 2759 976 2795 caritate;

29 2810 82 2842 sed
105 2810 162 2843 iste
187 2815 332 2843 mortuus
355 2811 505 2852 suffragia
529 2812 674 2843 vivorum
708 2811 841 2853 recipit⁹
866 2820 906 2843 ex
931 2820 978 2843 ca-

30 2862 137 2895 ritate:
162 2872 237 2905 ergo
261 2867 318 2896 etc.

1398 716 1637 741 CONCLUSIO.

1046 810 1219 854 Suffrayia
1247 821 1312 854 pro
1342 812 1503 851 mortuis,
1536 814 1676 855 exceptis
1704 814 1857 856 operibus
1880 825 1994 848 sacra-

1132 864 1347 902 mentalibus,
1372 865 1403 896 si
1416 864 1501 906 fiant
1530 875 1614 907 pure
1642 876 1664 898 a
1688 867 1798 905 malis,
1824 877 1889 899 nou
1918 878 1994 910 pro-

1132 921 1227 955 sunt,
1251 917 1320 949 uisi
1342 918 1575 950 concomitetur
1598 919 1727 952 caritas
1750 920 1820 952 viri
1843 920 1933 953 iusti.

1133 1022 1335 1055 Respounno:
1360 1023 1531 1056 Dicendum
1544 1050 1551 1062 ,
1568 1025 1652 1066 quod
1669 1025 1797 1067 quidam
1823 1026 1931 1059 dicunt
1948 1036 1996 1068 ge·
2009 1033 2086 1060 Opinio
2102 1033 2122 1054 ¹-

1044 1074 1208 1113 neraliter,
1240 1076 1322 1117 quod
1357 1076 1507 1118 suffragia
1537 1077 1688 1110 Ecclesiae
1713 1082 1862 1120 prosunt,
1887 1079 1952 1112 sive
1976 1090 1994 1112 a

1043 1126 1132 1159 bonis
1164 1126 1255 1166 fiant,
1281 1128 1346 1160 sive
1377 1137 1395 1160 a
1427 1129 1526 1161 malis.
1553 1130 1587 1162 Et
1610 1130 1689 1162 ratio
1713 1131 1808 1163 huius
1832 1135 1895 1171 est,
1920 1133 1994 1174 quia

1043 1181 1106 1210 tam
1131 1179 1203 1211 boni
1228 1189 1322 1221 quam
1355 1181 1427 1212 mali
1460 1181 1579 1214 faciunt
1610 1183 1784 1215 secundum
1818 1184 1992 1216 doctrinam

1044 1231 1197 1263 Ecclesiae
1222 1236 1252 1264 et
1275 1232 1393 1265 faciunt
1415 1242 1473 1275 pro
1496 1243 1533 1266 eo
1564 1235 1617 1276 qui
1646 1239 1693 1267 est
1725 1236 1755 1267 in
1786 1237 1931 1275 caritate,
1963 1241 1994 1269 et

1043 1283 1097 1315 ubi
1122 1283 1226 1316 deficit
1250 1285 1364 1318 caritas
1388 1286 1543 1326 facientis,
1566 1288 1692 1329 supplet
1708 1288 1821 1321 caritas
1839 1289 1992 1321 Ecclesiae

1043 1336 1188 1369 dictantis
1212 1340 1241 1369 et
1265 1338 1381 1370 mortui
1414 1339 1622 1380 suscipientis.
1648 1359 1687 1362 —
1712 1341 1771 1373 Sed
1796 1350 1856 1373 non
1882 1342 1992 1381 credo,
2009 1347 2144 1394 Nboqaprro-

1043 1388 1198 1426 breviter,
1230 1391 1313 1431 quod
1347 1391 1445 1423 oratio
1476 1393 1650 1433 peccatoris
1680 1393 1799 1435 aliquid
1832 1398 1992 1427 mereatur
2036 1380 2090 1394 aur*

1042 1442 1126 1483 apud
1151 1442 1250 1474 Deum
1276 1443 1333 1475 nisi
1360 1444 1461 1475 solum
1486 1445 1692 1486 dispositive,
1710 1446 1784 1487 quia
1801 1446 1937 1488 disponit
1953 1448 1994 1480 ad

1043 1495 1202 1526 meritum.
1239 1495 1326 1537 Opus
1360 1496 1442 1528 enim
1478 1497 1611 1529 formam
1649 1498 1759 1539 recipit
1793 1509 1811 1531 a
1845 1500 1992 1541 proximo

1042 1551 1169 1588 agente,
1193 1548 1273 1580 sicut
1297 1558 1378 1590 aqua
1402 1559 1420 1581 a
1444 1558 1517 1581 vase
1546 1551 1738 1589 continente,
1764 1561 1823 1584 11011
1849 1562 1867 1583 a
1891 1552 1992 1592 fonte3

1043 1599 1186 1631 similiter
1217 1610 1331 1633 corona
1364 1601 1502 1634 valorem
1527 1606 1557 1634 et
1581 1604 1827 1644 pulcritudinem
1859 1605 1952 1637 habet
1975 1615 1993 1637 a

1043 1653 1174 1693 gemmis
1197 1658 1227 1685 et
1250 1655 1289 1685 ab
1313 1664 1409 1693 auro,
1434 1658 1465 1687 et·
1488 1664 1549 1687 non
1574 1665 1592 1687 a
1615 1661 1750 1698 quatuor
1774 1658 1947 1691 elementis.

1132 1706 1165 1737 Et
1189 1706 1258 1738 ideo
1283 1707 1555 1748 distinguendum,
1573 1709 1657 1750 quod
1675 1710 1825 1752 suffragia
1841 1711 1921 1743 facta
1937 1715 1992 1744 aut
2009 1719 2129 1740 Distinetio-

1042 1761 1115 1789 sunt
1139 1767 1239 1799 opera
1262 1760 1544 1798 sacramentalia,
1569 1764 1604 1793 ut
1627 1761 1795 1794 celebratio
1817 1763 1945 1802 Missae;
1962 1767 1992 1796 et

1042 1814 1134 1849 tunc,
1159 1811 1232 1852 quia
1256 1820 1352 1853 opera
1375 1812 1429 1844 Dei
1455 1816 1545 1851 sunt,
1563 1813 1682 1846 ratione
1695 1815 1830 1846 contenti
1848 1820 1990 1856 prosunt,
2007 1824 2119 1845 Conclusio
2132 1823 2152 1845 1.

1042 1864 1107 1895 sive
1133 1863 1207 1895 fiant
1231 1873 1248 1895 a
1264 1864 1371 1903 honis,
1389 1865 1455 1897 sive
1471 1875 1489 1897 a
1506 1866 1606 1897 malis.
1625 1867 1682 1898 Aut
1700 1871 1773 1898 sunt
1790 1867 1861 1899 alia
1878 1877 1990 1909 opera,

1042 1920 1072 1948 et
1097 1917 1154 1948 hoc
1179 1917 1367 1958 dupliciter:
1392 1921 1446 1950 aut
1470 1918 1553 1950 enim
1578 1918 1657 1950 fiunt
1676 1928 1764 1960 pure
1780 1929 1802 1951 a
1819 1920 1936 1958 mali-s,
1954 1921 1992 1953 si·
2006 1929 2128 1959 subdistin-

1042 1972 1095 2001 cut
1118 1969 1231 2010 aliquis
1256 1969 1358 2001 malus
1382 1973 1451 2002 orat
1474 1975 1504 2002 et
1527 1979 1560 2003 se
1584 1971 1693 2013 affligit
1718 1981 1774 2013 pro
1802 1972 1930 2014 aliquo,
1960 1978 1990 2006 et
2006 1958 2119 2003 Cofatffiisio
2131 1982 2152 2003 Ξ.

1042 2024 1116 2053 tunc
1140 2030 1201 2053 11011
1226 2022 1336 2060 credo,
1358 2023 1442 2062 quod
1460 2022 1584 2055 valeant
1608 2023 1771 2056 defunctis.
1797 2026 1855 2056 Aut
1879 2025 1959 2058 fiunt
1974 2035 1992 2058 a

1042 2073 1132 2105 malis
1156 2073 1196 2105 ad
1218 2073 1394 2114 imperium
1412 2073 1557 2105 alicuius
1575 2074 1667 2113 boni,
1685 2078 1720 2106 ut
1737 2075 1836 2116 ipsius
1853 2077 1991 2109 defuncti

1042 2125 1091 2157 vel
1115 2126 1206 2157 amici
1231 2126 1314 2164 eius,
1334 2127 1372 2158 de
1397 2135 1448 2165 re,
1466 2136 1545 2168 quae
1569 2127 1654 2159 illius
1678 2131 1742 2166 est,
1764 2131 1800 2160 ut
1815 2128 1838 2143 ¹⁰
1863 2129 1994 2161 eleemo-

1042 2187 1138 2220 syna,
1165 2179 1211 2210 vel
1237 2179 1275 2210 ad
1309 2179 1510 2211 consortium
1535 2179 1693 2219 alterius,
1719 2186 1753 2213 ut
1777 2182 1903 2222 quando
1928 2183 1991 2215 duo

1042 2231 1150 2273 legunt
1174 2232 1378 2271 Psalterium,
1410 2242 1494 2265 unus
1518 2233 1657 2265 existens
1682 2234 1712 2265 in
1737 2235 1883 2273 caritate,
1914 2235 1994 2267 alter

1042 2293 1120 2322 non;
1145 2288 1175 2316 et
1199 2284 1228 2315 in
1253 2284 1322 2316 aliis
1346 2285 1511 2325 operibus,
1537 2289 1571 2317 ut
1595 2286 1721 2327 quando
1746 2286 1840 2318 datur
1864 2287 1994 2319 eleemo-

1041 2346 1117 2378 syna
1143 2337 1240 2375 iusto,
1265 2340 1300 2368 ut
1324 2340 1391 2369 oret
1415 2346 1472 2379 pro
1495 2341 1639 2376 mortuo;
1662 2342 1692 2370 et
1716 2342 1790 2371 tunc
1813 2339 1918 2371 valent
1946 2349 1992 2371 ra-
2007 2348 2151 2371 Conclusioa.

1042 2391 1123 2422 tione
1148 2390 1285 2422 caritatis
1310 2390 1381 2421 boni
1406 2390 1541 2422 hominis
1565 2391 1758 2423 coniunctae.

1131 2443 1165 2474 Et
1188 2443 1231 2474 sic
1255 2442 1421 2474 solvuntur
1442 2443 1577 2475 rationes
1601 2444 1641 2475 ad
1666 2448 1833 2486 utramque
1858 2448 1989 2486 partem.
2006 2454 2039 2475 Ad
2054 2460 2113 2481 argg.

1041 2495 1281 2526 Concedendum
1311 2495 1412 2533 enim,
1443 2495 1527 2536 quod
1559 2504 1620 2526 non
1652 2500 1784 2537 prosunt
1816 2497 1990 2529 secundum

1041 2547 1124 2588 quod
1149 2547 1228 2578 fiunt
1252 2556 1270 2578 a
1294 2547 1384 2579 malis
1412 2550 1551 2585 tantum,
1576 2547 1811 2580 concedendum
1836 2548 1992 2580 nihilomi-

1041 2609 1117 2638 nus,
1141 2600 1225 2641 quod
1243 2603 1391 2641 prosunt,
1410 2600 1435 2631 si
1452 2600 1679 2632 concomitatur
1697 2601 1810 2633 caritas
1827 2601 1885 2633 viri
1904 2602 1988 2634 iusti.

1041 2672 1083 2676 —
1106 2653 1164 2685 Sed
1189 2656 1292 2684 tamen
1325 2653 1437 2684 ultima
1468 2653 1547 2684 ratio
1577 2662 1636 2684 non
1661 2653 1761 2692 valet,
1786 2654 1859 2696 quia
1884 2654 1991 2687 defun·
2018 2664 2052 2686 Ad
2066 2671 2110 2692 arg.
2129 2666 2150 2687 t.

1041 2708 1163 2737 ctorum
1188 2705 1283 2736 non¹¹
1301 2709 1348 2737 est
1365 2705 1514 2746 sutfragia
1538 2705 1696 2747 recipere,
1713 2707 1767 2738 sed
1793 2707 1847 2739 Dei
1872 2711 1919 2739 est
1943 2717 1990 2740 ac-
2004 2695 2111 2739 ffissme
2122 2693 2152 2713 π’

1041 2761 1165 2798 ceptare
1196 2761 1226 2790 et
1257 2766 1297 2789 ex
1329 2757 1387 2789 hoc
1419 2757 1463 2789 eis
1490 2766 1641 2798 parcere;
1670 2759 1725 2791 sed
1758 2768 1816 2790 non
1849 2763 1989 2801 acceptat

1041 2810 1099 2842 nisi
1125 2819 1233 2851 preces
1258 2810 1422 2842 honorum.
1449 2810 1483 2842 Et
1507 2810 1550 2842 sic
1574 2811 1736 2844 manifesta
1765 2815 1838 2844 sunt
1869 2812 1989 2844 obiecta

1042 2863 1081 2894 ad
1107 2866 1274 2904 utramque
1299 2866 1419 2904 partem
1437 2863 1471 2894 ¹².

96 3083 104 3099 ¹
126 3085 199 3110 Vers.
222 3086 268 3111 31:
289 3086 391 3111 Scimus
411 3089 511 3117 autem,
533 3087 621 3118 quia...
643 3093 693 3110 11011
714 3086 793 3110 audit.

95 3127 107 3144 ²
126 3129 200 3154 Vers:
220 3130 228 3154 rt
236 3129 259 3154 5.
280 3144 314 3148 —
332 3131 421 3155 Glossa
440 3133 479 3155 est
497 3129 678 3156 interlinearis
698 3129 768 3160 apud
788 3130 927 3160 Lyranum.

95 3170 106 3187 ³
124 3171 192 3197 Libr.
213 3174 229 3198 1.
249 3173 326 3205 Epist.
347 3174 420 3205 epist.
442 3173 483 3198 25.
504 3174 576 3205 (alias
596 3173 658 3204 24),
678 3174 744 3198 circa
764 3174 871 3198 initium.

96 3213 107 3231 ⁴
125 3216 190 3241 Vide
209 3224 287 3248 supra
307 3225 367 3249 pag.
388 3218 452 3250 428,
472 3221 533 3243 nota
554 3219 577 3242 2.
598 3217 677 3242 verba
699 3217 806 3248 August.

96 3257 108 3275 ⁵
126 3260 273 3286 Secundum
287 3262 405 3287 Glossam
420 3261 503 3287 Bedae
517 3262 541 3286 111
555 3262 616 3286 Luc.
631 3261 654 3293 5,
670 3261 710 3285 20.
725 3261 859 3292 allegatum
875 3263 935 3285 tom.
950 3261 975 3285 11.

31 3307 89 3333 pag.
108 3303 167 3336 661,
189 3308 247 3330 nota
267 3306 290 3330 6.

98 3346 109 3362 ⁶
126 3345 175 3372 Cfr.
195 3354 274 3379 supra
294 3349 318 3373 d.
341 3349 380 3374 113.
401 3356 423 3373 a.
448 3349 467 3373 1.
488 3355 512 3380 q.
533 3348 556 3372 4.

98 3389 108 3406 ⁷
127 3389 188 3415 Cod.
200 3392 216 3415 S
227 3390 318 3418 bonus.
330 3392 401 3417 Idem
412 3392 469 3417 cod.
480 3393 506 3417 in
521 3392 570 3417 fine
581 3399 635 3423 arg.
648 3398 695 3423 pro
706 3391 729 3417 ei
738 3391 868 3416 substituit
881 3390 975 3417 oratio.

168 3443 196 3469 S.
215 3444 314 3470 Bonae.
335 3459 369 3463 ——
389 3445 463 3470 Tom.
484 3445 526 3470 lV.

1111 3084 1121 3100 8
1140 3084 1222 3110 Codd.
1244 3085 1312 3109 EIK
1333 3084 1357 3110 si
1376 3092 1423 3116 pro
1442 3084 1496 3110 secl.

1110 3128 1120 3144 ⁹
1139 3128 1220 3153 Codd.
1240 3129 1262 3153 K
1275 3129 1291 3153 1)
1311 3129 1329 3159 (1
1349 3136 1362 3153 a
1383 3128 1495 3153 soconda
1517 3129 1605 3161 manu)
1624 3129 1710 3161 potest
1727 3128 1851 3161 recipere.

1111 3171 1132 3188 ¹0
1151 3172 1183 3196 lta
1197 3172 1272 3197 codd.
1288 3172 1306 3196 Β
1317 3172 1333 3196 F
1344 3172 1364 3196 G
1376 3172 1393 3196 L
1405 3173 1424 3196 M
1438 3173 1453 3197 S
1464 3179 1493 3196 aa
1507 3174 1537 3204 (Α
1552 3180 1565 3197 a
1580 3172 1693 3197 secunda
1707 3173 1804 3204 manu),
1819 3173 1859 3197 alii
1873 3172 1949 3198 codd.
1965 3176 1990 3198 et

1039 3216 1098 3241 edd.
1118 3215 1153 3240 in.
1174 3216 1309 3248 Aliquanto
1329 3216 1434 3241 inferius
1453 3223 1499 3247 pro
1513 3215 1632 3241 carz'lalis
1646 3215 1708 3241 bom*
1725 3215 1839 3242 hominis
1852 3216 1912 3241 edd.
1927 3216 1990 3243 doni

1040 3259 1159 3286 caritatis
1179 3259 1287 3285 homini.

1111 3303 1130 3319 ¹1
1153 3304 1207 3328 Vnt.
1228 3304 1319 3328 omittit
1337 3310 1398 3329 11011.
1419 3304 1524 3329 Interius
1545 3311 1591 3335 pro
1610 3310 1721 3337 parcere
1735 3304 1812 3329 codd.
1834 3311 1863 3329 aa
1876 3304 1910 3330 bb
1929 3311 1989 3338 pro-

1040 3347 1122 3373 (lesse.

1111 3390 1133 3407 1⁰-
1153 3391 1218 3416 Vide
1238 3391 1352 3416 scholion
1373 3391 1404 3416 ad
1424 3391 1622 3423 praecedentem
1643 3394 1741 3424 quaest.

1801 3445 1846 3469 119
