2483 3882
297 785 330 806 Ad
345 785 428 812 opposi-

338 814 389 832 tum.

287 1891 438 1913 Fundamenta.

443 205 508 237 [188

1206 196 1489 229 SENTENTIARUM
1512 196 1580 227 LIB.
1604 196 1652 227 IV.

1300 376 1483 418 QUAESTIO
1507 376 1552 407 Ill.

1092 485 1119 515 A
1146 492 1208 525 quo
1228 482 1335 524 possit
1356 481 1651 514 excommunicatio
1674 480 1757 522 fieri.

531 612 634 645 Tertio
659 611 833 653 quaeritur,
859 619 876 642 a
901 618 963 651 quo
988 608 1085 650 possit
1108 607 1393 640 excommunicatio

441 666 520 698 fieri.
546 666 580 697 Et
596 664 681 706 quod
705 673 723 695 a
740 663 805 695 solo
831 662 965 694 habente
981 660 1120 699 clavem,
1145 658 1322 691 ostenditur
1339 658 1392 690 sic.

537 720 560 749 1,
586 717 713 749 Solvere
736 719 766 748 et
799 715 895 756 ligare
928 717 1000 746 sunt
1031 717 1119 745 actus
1151 712 1305 748 clavium;
1338 711 1392 743 sed

449 770 755 803 «excommunicare
786 772 833 801 est
856 767 953 809 ligare
970 779 1000 805 n,
1025 770 1060 797 ut
1092 765 1166 797 dicit
1193 764 1337 805 Magister
1362 764 1393 795 in

443 824 579 861 littera¹;
605 822 659 855 sed
683 822 802 853 «euius
827 824 873 853 est
889 824 991 858 actus,
1016 819 1084 851 eius
1101 821 1147 850 est
1163 821 1193 850 et
1210 817 1349 859 potentia
1362 828 1392 847 »t

442 886 516 918 ergo
540 880 597 908 ete.
1114 880 1116 882 ’

532 930 561 960 Ξ.
586 929 676 967 Item,
701 926 977 959 excommunicare
997 928 1043 957 est
1059 934 1078 956 a
1101 923 1321 957 communione
1345 923 1395 954 Sa-

443 985 676 1015 cramentorum
703 988 864 1021 separare;
890 978 943 1011 sed
969 978 1036 1010 eius
1061 980 1107 1009 est
1131 986 1149 1008 a
1173 975 1394 1008 communione

443 1035 507 1067 sive
532 1044 549 1066 a
584 1033 822 1076 participatione
859 1039 1019 1073 separare,
1055 1030 1146 1062 cuius
1182 1033 1229 1061 est
1265 1027 1396 1060 admini-

443 1092 561 1125 strare;
585 1087 640 1118 sed
658 1086 744 1118 solus
768 1084 932 1122 sacerdos,
957 1083 1010 1124 qui
1036 1083 1130 1114 habet
1147 1081 1268 1119 claveS,
1293 1083 1395 1122 potest

442 1141 679 1173 Sacramentum
709 1138 850 1180 corporis
881 1141 911 1169 et
940 1135 1101 1177 sanguinis
1133 1133 1393 1167 adininistrare2:

443 1203 517 1235 ergo
541 1193 627 1225 solus
652 1195 753 1234 potest
775 1189 1060 1223 excommunicare.

533 1247 561 1278 3.
587 1246 679 1283 Item.
703 1245 791 1276 Petro
816 1244 889 1275 data
912 1247 959 1275 est
983 1245 1119 1283 potestas
1142 1240 1259 1282 ligandi
1278 1243 1308 1272 et
1340 1239 1396 1272 sol-

443 1299 535 1331 vendi
561 1299 591 1330 in
620 1298 687 1330 foro
712 1296 848 1328 iudiciali
882 1299 912 1327 et
938 1293 1168 1336 poenitentiali3
1202 1301 1320 1334 quaero
1345 1291 1396 1333 igi-

443 1357 509 1391 tur,
534 1351 685 1393 quando?
709 1350 774 1381 Non
799 1349 856 1381 nisi
878 1347 1005 1390 quando
1029 1347 1120 1379 datae
1137 1346 1267 1378 fuerunt
1291 1345 1319 1377 ei
1337 1345 1396 1377 cla-

443 1406 534 1438 ves³:
566 1414 640 1446 ergo
665 1404 717 1445 qui
752 1412 810 1434 non
845 1402 938 1434 habet
970 1401 1073 1433 claves
1097 1409 1158 1432 non
1192 1399 1286 1431 habet
1317 1399 1397 1430 hanc

442 1461 637 1500 potestatem.

530 1512 558 1543 lt.
584 1511 677 1548 item,
703 1509 830 1541 maioris
848 1508 975 1539 virtutis
998 1511 1045 1539 est
1062 1510 1092 1538 et
1115 1506 1277 1547 potestatis
1298 1504 1397 1545 ligare

442 1564 568 1597 vinculo
596 1561 929 1596 excommunicationis
958 1569 1053 1602 quam
1079 1558 1315 1596 satisfactionis3
1341 1557 1397 1590 sed

443 1618 529 1650 solus
552 1616 699 1649 sacerdos
722 1619 824 1657 potest
847 1613 1070 1656 poenitentiam
1095 1613 1257 1652 imponere
1282 1614 1312 1642 et
1329 1619 1398 1642 con-

444 1670 593 1702 fessiones
617 1669 744 1707 audire,
769 1668 822 1709 qui
847 1667 943 1699 habet
966 1666 1083 1698 claves:
1109 1674 1184 1705 ergo
1216 1663 1302 1696 solus
1326 1663 1397 1695 talis

444 1726 546 1765 potest
562 1721 853 1759 excommunicare,
870 1720 944 1762 quia
961 1719 1013 1761 qui
1032 1727 1093 1750 non
1118 1721 1220 1760 potest
1238 1717 1268 1748 in
1286 1716 1397 1748 mimis

445 1785 505 1808 non
531 1778 632 1817 potest
656 1775 687 1806 in
711 1774 853 1806 nudus&

534 1829 677 1861 CONTaa:
706 1829 733 1859 l.
766 1827 886 1859 ludices
919 1825 1051 1866 delegati
1078 1824 1194 1856 habent
1226 1822 1397 1864 potentiam

446 1880 782 1917 excommunicandi⁵3
806 1883 911 1911 tamen
943 1877 1032 1910 multi
1065 1885 1176 1909 eorum
1209 1875 1312 1908 claves
1336 1884 1398 1906 non

446 1935 583 1973 habent,
620 1934 694 1976 quia
728 1942 789 1964 non
825 1936 897 1964 sunt
934 1931 1136 1963 sacerdotes:
1173 1938 1248 1970 ergo
1284 1928 1399 1969 aliquis

445 1991 547 2030 potest
571 1986 865 2024 excommunicare,
889 1985 942 2026 qui
966 1993 1027 2016 non
1051 1983 1147 2015 habet
1170 1982 1283 2015 claves.
1311 1981 1347 2013 Si
1364 1985 1399 2013 stt

446 2041 555 2078 ἀέρας,
581 2040 662 2082 quod
682 2048 743 2071 non
761 2047 818 2070 sua
836 2037 1021 2070 auctoritate
1037 2035 1306 2072 excommunicat3
1324 2033 1399 2065 obti-

446 2094 533 2125 citw·
558 2097 631 2125 tunc
657 2093 695 2124 de
719 2091 950 2128 archidiacono,
975 2089 1027 2131 qui
1054 2097 1093 2121 ex
1119 2097 1177 2120 suo
1201 2087 1303 2119 officio
1329 2096 1399 2119 cau-

446 2156 495 2179 sas
519 2146 607 2178 audit
630 2149 661 2178 et
677 2145 809 2177 decidit:
836 2152 910 2185 ergo
927 2141 1204 2175 excommunicare
1228 2143 1343 2182 potest,
1369 2143 1400 2172 et

444 2204 566 2237 tamen,
592 2199 616 2231 si
651 2207 710 2229 non
744 2201 790 2229 est
814 2196 978 2234 sacerdos,
1003 2204 1065 2226 non
1096 2194 1192 2226 hahet
1224 2193 1337 2225 claves.
1363 2192 1402 2224 St·

446 2257 480 2285 tit
506 2252 618 2289 dieas,
644 2251 727 2293 quod
754 2250 897 2282 similiter
921 2249 1016 2280 habet
1042 2256 1098 2289 per
1124 2246 1399 2279 demandationem

444 2307 493 2338 vel
534 2304 816 2340 consuettulinem3
857 2302 984 2344 quare⁶
1020 2310 1081 2332 nou
1122 2300 1266 2332 similiter
1305 2299 1427 2330 habet

446 2363 550 2391 actum
576 2357 691 2400 ligandi
724 2357 754 2388 iu
778 2356 846 2388 foro
877 2354 1089 2397 poenitentiali
1121 2362 1178 2395 per
1207 2351 1397 2385 commissio-

445 2421 515 2444 nem
554 2411 602 2444 vel
639 2419 694 2452 per
731 2408 1022 2441 consuetudinem?
1051 2407 1116 2439 Non
1149 2406 1232 2439 enim
1268 2405 1395 2437 videtur

445 2465 544 2497 maior
570 2464 649 2496 ratio
673 2464 703 2495 in
728 2472 792 2495 uno
816 2470 911 2503 quam
936 2461 967 2492 in
992 2460 1064 2492 alio.

534 2520 563 2550 2.
590 2518 681 2555 item,
700 2516 818 2549 electus
835 2514 982 2547 canonice
1007 2517 1037 2545 et
1058 2512 1251 2554 approbatus
1277 2515 1398 2544 certum

446 2576 493 2604 est
517 2571 618 2612 quod,
642 2573 810 2611 antequam
836 2568 1000 2600 ordinetur
1024 2567 1054 2598 in
1079 2566 1318 2607 presbyterum,
1336 2574 1397 2597 non

1457 605 1552 637 habet
1576 605 1697 644 claves,
1725 608 1825 637 tamen
1851 607 1952 646 potest
1968 613 2079 637 causas
2103 604 2214 637 audire
2231 608 2262 636 et
2285 613 2405 637 excom-

1458 658 1620 690 municare
1646 658 1773 699 propria
1796 657 2019 689 auctoritate⁷:
2045 666 2120 699 ergo
2145 657 2270 689 videtur
2294 662 2350 689 etc.

1548 711 1576 742 3.
1601 711 1691 749 Item,
1717 711 1862 743 sacerdos
1886 710 2076 752 parochialis
2098 719 2159 742 non
2185 710 2280 742 habet
2303 718 2407 743 secun-

1459 764 1535 796 dum
1561 764 1631 795 iura
1655 766 1839 805 potestatem
1857 763 2151 796 excommunicandi
2177 762 2235 795 nisi
2264 772 2321 804 pro
2345 763 2406 796 sur-

1459 817 1498 848 tis
1522 820 1552 848 et
1573 816 1690 858 rapinis
1707 820 1737 848 et
1760 816 2012 854 consimilibus⁸3
2030 819 2060 848 et
2076 819 2212 855 constat,
2237 816 2321 857 quod
2344 816 2407 857 ipse

1459 869 1553 901 hahet
1577 869 1680 901 claves
1704 873 1734 901 et
1758 878 1852 901 usum
1878 868 2029 901 clavium:
2062 878 2136 910 ergo
2160 869 2408 901 excommunica-

1460 923 1501 954 tio
1525 931 1586 954 non
1612 926 1658 954 est
1681 931 1698 954 a
1723 925 1874 963 potestate
1898 922 2044 954 clavium.
2473 914 2474 957 1

1548 975 1578 1006 Δ.
1603 975 1696 1013 Item,
1720 974 1890 1006 multitudo
1914 977 1994 1013 tota,
2018 977 2054 1006 ut
2078 974 2266 1016 capitulum,
2288 983 2409 1006 excom-

1460 1027 1615 1065 municat,
1641 1027 1683 1059 ita
1714 1027 1798 1068 quod
1830 1026 1984 1065 nullus⁴³3
2009 1027 2063 1058 sed
2096 1026 2331 1058 multitudinem
2360 1027 2410 1058 ha-

1460 1081 1535 1113 bere
1559 1080 1679 1118 claves,
1706 1080 1747 1112 ita
1771 1080 1854 1121 quod
1880 1080 2004 1118 nullus,
2029 1084 2076 1112 est
2101 1079 2309 1121 impossibile,
2339 1088 2409 1111 cum

1461 1134 1543 1166 dicat
1573 1133 1797 1175 proprietatem
1830 1132 2024 1164 absolutam:
2062 1141 2137 1174 ergo
2172 1135 2261 1164 actus
2289 1140 2410 1164 excom-

1462 1185 1640 1218 municandi
1667 1195 1727 1217 non
1753 1189 1799 1218 est
1822 1195 1840 1217 a
1864 1185 1961 1218 clave.

1552 1232 1642 1270 Iusta
1666 1239 1726 1270 hoc
1750 1238 1923 1280 quaeritur,
1941 1247 2013 1270 cum
2035 1237 2204 1270 multitudo
2229 1246 2290 1269 non
2315 1232 2480 1279 possitquae,

1461 1290 1760 1329 excommunicari,
1785 1291 1827 1323 ita
1851 1291 1936 1332 quod
1960 1291 2068 1323 nullus
2082 1291 2112 1329 ¹⁰,
2134 1290 2292 1332 quomodo
2316 1291 2411 1332 possit
2435 1273 2480 1294 m

1461 1343 1766 1381 excommunicare,
1793 1343 1835 1375 ita
1859 1344 1943 1385 quod
1968 1343 2085 1376 nullus.

1816 1475 2055 1499 CONCLUSIO.

1462 1593 1612 1624 Potestas
1644 1590 1955 1622 cxcomrizzmz'oandi
1988 1599 2052 1621 iton
2083 1590 2233 1632 sequitur
2263 1591 2410 1631 praecise

1552 1645 1677 1682 clctoee,
1700 1644 1757 1675 sect
1780 1647 1826 1675 est
1849 1643 1884 1674 in
1908 1643 2059 1675 comibus
2083 1643 2149 1685 qui·
2169 1642 2285 1675 liabent
2316 1643 2412 1675 iuris-

1552 1697 1725 1729 dictionem
1749 1696 1964 1728 ordinariam
1989 1696 2023 1728 in
2046 1694 2122 1738 foro
2147 1696 2310 1728 iudiciali.

1552 1821 1750 1853 RESPONDEO:
1786 1820 1978 1858 Dicendum,
2017 1819 2101 1861 quod
2138 1820 2219 1852 inter
2255 1820 2337 1861 ipsos
2372 1820 2414 1852 iu-

1463 1875 1556 1906 ristas
1571 1875 1588 1890 ¹¹
1614 1874 1652 1906 de
1677 1874 1736 1906 hac
1760 1873 1941 1915 quaestione
1973 1876 2019 1905 est
2047 1873 2269 1905 controversia.
2286 1892 2329 1896 —-
2345 1873 2413 1914 Qui·
2425 1878 2483 1905 Opia«

1464 1927 1535 1959 dam
1561 1927 1643 1959 enim
1666 1927 1831 1965 dixerunt,
1856 1926 1941 1967 quod
1958 1929 2102 1967 potestas·
2119 1926 2412 1958 excommunicandi
2441 1907 2472 1926 Μ

1463 1981 1565 2013 solum
1591 1983 1637 2013 est
1661 1981 1692 2012 in
1717 1979 1878 2021 episcopis.
1905 1978 1960 2010 Alii
1986 1978 2153 2018 dixerunt,
2179 1979 2263 2020 quod
2288 1988 2350 2010 non
2372 1988 2414 2012 so-

1464 2034 1530 2066 lum
1555 2037 1602 2066 est
1626 2034 1656 2065 in
1681 2033 1851 2074 episcopis,
1869 2032 1924 2064 sed
1948 2032 2041 2064 etiam
2068 2031 2098 2063 in
2115 2031 2411 2073 archipresbyteris,

1464 2086 1692 2119 archidiaconis
1716 2089 1746 2118 et
1778 2085 1945 2117 abbatibus
1977 2088 2006 2117 et
2030 2085 2099 2116 aliis
2128 2085 2285 2126 praelatis.
2319 2085 2412 2117 Tertii

1465 2139 1632 2177 dixerunt,
1657 2138 1741 2180 quod
1766 2138 1825 2169 hoc
1849 2137 1997 2178 competit
2020 2137 2069 2169 his
2094 2141 2124 2169 et
2151 2137 2245 2169 etiam
2275 2137 2414 2169 sacerdo-

1464 2192 1549 2224 tibus
1573 2190 1816 2233 parochialibus.
2477 2213 2478 2217 ,

1553 2244 1612 2276 Sed
1637 2244 1709 2276 licet
1733 2244 1763 2275 in
1789 2243 1846 2275 liae
1870 2243 2052 2284 quaestione
2076 2251 2231 2274 canonum
2257 2242 2295 2274 sit
2312 2242 2412 2274 dicere
2426 2248 2483 2270 Nota]

1464 2298 1563 2341 quia,
1588 2301 1691 2330 tamen
1728 2296 1901 2337 theologiae
1930 2299 1977 2328 est
2001 2296 2105 2328 dicere
2127 2300 2262 2337 propter
2286 2295 2366 2338 quid
2383 2295 2412 2333 ¹⁴²,

1465 2356 1613 2393 tanquam
1638 2350 1783 2383 scientiae
1801 2349 1982 2391 superioris.
2008 2349 2096 2390 Quod
2123 2348 2255 2381 enimin
2281 2348 2411 2381 Ecclesia

1464 2405 1578 2447 aliquis
1602 2404 1715 2436 habeat
1739 2405 1941 2445 potestatem,
1967 2402 2025 2434 hoc
2051 2405 2097 2434 est
2121 2402 2160 2434 ab
2187 2401 2253 2443 ipso
2277 2401 2412 2439 Christo,

1464 2458 1516 2499 qui
1541 2460 1726 2499 potestatem
1759 2455 1889 2488 contulit
1918 2455 2070 2497 Apostolis
2100 2458 2130 2487 et
2159 2455 2327 2496 praecipue
2356 2453 2412 2495 ipsi

1464 2511 1563 2543 Petro.
1588 2509 1740 2541 Dominus
1763 2512 1868 2540 autem
1895 2508 1952 2550 ipsi
1980 2508 2067 2540 Petro
2091 2511 2260 2549 utramque
2285 2507 2411 2539 contulit

1464 2565 1667 2605 potestatem,
1692 2567 1721 2594 et
1746 2561 1860 2602 ligandi
1887 2564 1916 2593 et
1941 2560 2081 2593 solvendi
2107 2559 2138 2592 iu
2163 2560 2230 2592 foro
2259 2559 2411 2601 poeniten-

520 2774 526 2790 ¹
548 2775 593 2799 Hic
612 2780 633 2799 c.
654 2774 677 2797 6.
698 2774 764 2798 circa
785 2772 872 2796 tinem.
896 2785 928 2788 —
948 2771 1006 2803 Seq.
1026 2772 1127 2795 axioma
1156 2771 1261 2802 profert,
1284 2770 1399 2795 terminis

448 2819 621 2850 transpositis,
641 2818 751 2845 Aristot,
769 2816 800 2840 dc
815 2816 910 2840 Somno
930 2818 954 2840 et
973 2815 1073 2846 vigilia,
1094 2822 1115 2839 c.
1141 2815 1165 2839 l:
1187 2814 1265 2839 Cuius
1279 2815 1347 2839 enim
1362 2817 1399 2839 est

448 2863 573 2894 potentia,
596 2862 672 2886 huius
692 2864 729 2885 est
749 2863 772 2884 et
792 2864 871 2884 actus.

516 2907 526 2922 ’ἕ
547 2905 612 2931 Vide
637 2912 714 2936 supra
743 2904 766 2929 d.
802 2904 838 2927 l3.
865 2910 886 2927 a.
921 2903 938 2926 l.
966 2910 989 2934 q,
1020 2903 1043 2926 2.

447 2959 471 2983 q.
496 2952 514 2975 1.
536 2957 588 2982 seq.

518 2993 528 3010 ³
546 2994 596 3019 Csr.
616 2992 700 3018 Matth.
726 2992 769 3023 16,
794 2992 830 3016 19.
851 2995 876 3016 et
895 2991 961 3015 loan.
983 2990 1030 3021 20,
1054 2990 1094 3014 23.

517 3038 526 3054 ⁴
547 3038 612 3063 Vide
632 3044 711 3068 supra
731 3044 790 3068 pag.
816 3035 876 3066 142,
899 3039 958 3060 nota
979 3035 1002 3059 8.

518 3082 528 3098 ⁵
548 3081 597 3107 Csr.
611 3080 637 3106 C.
654 3079 798 3111 Quaerenti
818 3080 891 3111 (26),
906 3079 937 3104 X.
951 3078 983 3104 de
997 3078 1086 3103 Officio
1100 3081 1125 3103 et
1137 3080 1230 3109 potest.
1247 3077 1298 3102 iud.
1315 3077 1397 3108 delcg.

449 3126 502 3158 (lib.
523 3127 537 3151 1.
559 3127 594 3151 tit.
615 3125 675 3157 29).
696 3124 758 3149 lbid.
780 3125 814 3149 tit.
835 3124 876 3148 23.
897 3123 981 3154 agitur
1001 3122 1033 3147 de
1053 3122 1143 3147 Officio
1163 3121 1346 3146 archidiaconi.

519 3170 529 3186 ⁰
550 3169 611 3194 Edd.
632 3176 749 3202 quaero.-
770 3175 860 3201 quare.

518 3213 528 3229 ⁷
548 3214 582 3237 Ex
601 3212 628 3238 C.
652 3212 850 3238 Transmissum
871 3211 943 3243 (¹15),
964 3211 998 3236 X.
1017 3211 1049 3236 de
1075 3211 1202 3236 Electione
1221 3213 1246 3235 et
1264 3210 1335 3235 electi
1356 3216 1398 3240 po·

450 3259 505 3281 test.
526 3256 578 3281 (lib.
600 3256 615 3279 1.
636 3256 669 3280 tit.
691 3256 734 3287 6.).

520 3298 530 3315 3
550 3300 589 3324 lus
608 3299 720 3331 loquitur
741 3306 790 3323 non
811 3299 843 3323 de
862 3300 901 3324 his
920 3299 1036 3330 casibus,
1065 3299 1110 3324 sed
1140 3298 1302 3330 generaliter,
1325 3301 1352 3323 ut
1371 3296 1397 3322 C.

450 3343 534 3369 Nemo
554 3342 704 3375 episcopus,
726 3349 801 3368 nemo
820 3341 956 3375 presbyter
975 3344 1182 3368 excommunicet
1194 3343 1307 3374 aliquem
1322 3341 1342 3371 (l
1355 3341 1396 3373 l.)‚

1073 2905 1097 2926 et
1127 2901 1190 2926 infra
1217 2901 1241 2925 tl.
1272 2901 1308 2925 19.
1330 2908 1352 2925 a.
1374 2901 1397 2925 2.

1464 2768 1490 2794 C.
1512 2770 1534 2793 2.
1555 2776 1579 2801 q.
1602 2769 1623 2799 1,
1638 2771 1662 2793 et
1675 2767 1702 2793 C.
1719 2767 1786 2793 Cum
1806 2765 1839 2792 ab
1858 2765 2031 2792 ecclesiarum
2049 2764 2177 2798 praelatis
2197 2764 2252 2797 (3.)‚
2273 2765 2304 2789 X.
2326 2765 2357 2790 de
2375 2763 2411 2789 Of·

1465 2812 1521 2837 ficio
1541 2812 1632 2836 iudicis
1661 2811 1782 2836 ordinarii
1811 2810 1866 2841 (lil).
1888 2810 1905 2834 l.
1927 2810 1962 2835 tit.
1992 2809 2057 2841 31.),
2088 2810 2111 2833 in
2142 2816 2194 2841 quo
2214 2808 2355 2833 Alexander
2375 2807 2409 2832 lll.

1463 2857 1586 2888 episcopt·
1612 2856 1756 2880 Florentino
1785 2853 1952 2885 praescribit,
1981 2854 2132 2878 seutentiam
2158 2852 2284 2877 interdicti
2310 2852 2350 2877 vel
2375 2858 2412 2876 ex=

1464 2900 1703 2925 communicationis
1729 2906 1742 2923 a
1772 2898 1883 2929 plebano
1912 2898 1936 2922 S.
1959 2898 2081 2922 pancratii
2111 2898 2175 2922 iuste
2201 2897 2277 2922 latam
2298 2903 2353 2921 esse
2371 2895 2411 2920 ob-

1464 2943 1628 2969 servandam.

1534 2987 1544 3003 ⁹
1564 2986 1614 3012 Cir.
1637 2986 1663 3012 C.
1683 2985 1835 3019 Episcopalt'
1858 2984 1916 3011 sede
1944 2985 2055 3012 ‘vacante
2081 2984 2137 3016 (1.),
2171 2984 2203 3009 de
2232 2983 2369 3008 Maioritate
2386 2983 2408 3006 et
2477 2974 2478 3007 1

1464 3031 1609 3057 obediontia
1630 3031 1683 3062 (nb.
1704 3031 1720 3055 1.
1740 3031 1774 3055 tit.
1796 3030 1847 3059 17.)
1869 3031 1893 3054 in
1914 3030 1953 3054 vi.
2477 3014 2478 3029 ¹

1534 3075 1555 3091 ¹0
1575 3075 1679 3100 Constat
1697 3082 1727 3100 ex
1741 3073 1767 3099 C.
1782 3074 1903 3099 Romana
1922 3072 2040 3099 Ecclesia.
2053 3072 2112 3105 (5.)‚
2130 3072 2161 3097 de
2175 3072 2302 3097 Sententia
2316 3075 2410 3095 excom-

1464 3127 1534 3144 mun.
1554 3119 1608 3151 (lib.
1630 3119 1660 3143 V.
1675 3120 1710 3144 tit.
1729 3118 1779 3150 ll.)
1799 3119 1821 3142 in
1844 3118 1947 3150 V1‚qui
1967 3118 2004 3142 est
2023 3117 2160 3142 lunocentii
2180 3116 2225 3147 lV;
2240 3115 2267 3141 C.
2287 3114 2317 3140 Si
2335 3111 2409 3139 [tabes

1464 3163 1520 3196 (1.),
1536 3163 1562 3189 C.
1578 3163 1618 3189 24.
1639 3171 1663 3196 q.
1685 3164 1707 3188 3.
1722 3162 1772 3188 Cir.
1795 3163 1884 3188 Glossa
1903 3161 2043 3188 ordinaria
2064 3160 2134 3192 apud
2149 3159 2269 3185 Strabum
2285 3160 2308 3184 in
2329 3158 2409 3183 Matth.

1469 3208 1510 3238 13,
1532 3208 1579 3232 29:
1600 3207 1733 3232 Multitudo
1753 3214 1802 3231 non
1822 3209 1859 3231 est
1879 3205 2134 3231 excommunicanda.

1536 3249 1555 3265 ¹¹
1575 3250 1637 3275 Cod.
1659 3250 1665 3274 l
1685 3249 1860 3283 iurisperitos.

1535 3293 1557 3310 ¹2
1577 3294 1612 3319 De
1631 3293 1695 3327 quia
1713 3293 1749 3326 (si
1767 3301 1808 3319 res
1828 3297 1865 3319 est
1884 3294 1939 3318 sive
1959 3293 1991 3318 de
2010 3291 2092 3325 sacto)
2113 3295 2136 3317 et
2152 3292 2263 3325 propter
2286 3288 2349 3323 quid
2366 3287 2407 3313 cfr.
2459 3301 2478 3312 .·

1465 3340 1575 3369 Aristot,
1596 3339 1621 3364 ll.
1642 3339 1736 3364 Poster.
1757 3346 1778 3364 c.
1804 3339 1822 3363 l.
1842 3345 1896 3370 seq.
1917 3344 1937 3363 c.
1959 3339 1982 3362 9.
2003 3337 2035 3369 (c.
2057 3337 2093 3369 8.)
2112 3344 2165 3369 seq.
