2483 3882
304 706 413 728 Conclusio
427 705 444 725 4.

465 247 527 278 6⁹28
563 290 568 296 .

462 334 553 371 sitio,
578 341 639 364 non
672 335 793 362 tantum
823 327 1036 360 instrumenti
1070 326 1231 362 traditiffl
1262 325 1410 366 quoniam

468 393 611 416 «manus
635 387 681 415 est
707 390 859 422 organum
885 387 1124 421 organorum»,
1149 378 1179 409 in
1204 387 1267 419 quo
1295 377 1412 409 scilicet

461 436 665 479 principalius
689 434 805 465 residet
829 436 966 474 potestas
994 430 1155 472 operandi.
1182 430 1266 462 Unde
1298 429 1342 461 sic
1365 438 1412 460 or-

462 489 611 521 dinabant
634 488 663 518 in
690 486 824 518 Ecclesia
842 484 1017 525 primitiva,
1042 483 1095 514 ubi
1118 491 1179 514 non
1198 482 1255 514 nisi
1281 482 1330 513 isti
1348 481 1411 513 duo

463 542 588 573 ordines
611 538 760 580 explicite
784 540 874 569 erant
888 537 965 567 ¹.—
982 535 1040 567 Sed
1066 535 1096 566 in
1121 534 1288 566 ordinibus
1311 533 1413 565 mmo-

461 593 555 625 ribus
580 592 613 623 fit
630 591 756 623 traditio
780 589 914 621 alicuius
932 587 1150 624 instrumenti,
1175 591 1210 618 ut
1234 586 1344 623 clavis,
1362 585 1411 617 vel

463 646 552 683 libri,
583 643 633 675 vel
658 642 826 675 exorcismi
860 646 936 679 etc.;
960 644 990 673 et
1022 640 1047 672 si
1079 640 1171 680 plura
1203 639 1412 671 instrumenta

462 698 628 730 tradantur
655 697 724 734 uni,
750 695 828 727 illud
853 704 911 736 pro
943 693 1106 735 principali
1133 691 1313 724 habendum
1347 694 1411 729 est,

462 750 545 792 quod
570 748 735 790 episcopus
759 747 855 779 tradit
879 755 950 778 cum
979 745 1151 787 prolatione
1176 743 1278 776 verbi:
1304 743 1413 784 Accipe

432 806 658 847 potestatem.
695 800 780 832 Unde
817 800 848 830 in
884 798 1052 830 omissione
1083 796 1285 838 principalis
1320 795 1413 827 debet

340 1073 447 1100 Epilogus.

323 1914 402 1944 Solutio
418 1919 453 1940 op-

311 1943 434 1967 positorum.

326 2229 454 2251 Notandum.

463 855 540 887 ordo
564 853 687 891 iterari,
720 853 794 894 quia
822 851 1047 893 praesumitur,
1080 850 1165 891 quod
1198 850 1412 881 characterem

462 916 523 939 non
548 905 719 947 receperit,
750 905 803 937 sed
836 904 866 935 in
891 904 960 935 aliis
992 902 1277 945 consequentibus,
1303 901 1327 933 si
1360 900 1414 932 fiat

463 960 603 991 defectus
627 958 677 990 vel
701 957 905 999 negligentia,
931 956 1023 988 debet
1047 955 1187 997 suppleri
1202 955 1224 985 2.

551 1010 791 1043 Concedendum
817 1013 864 1042 est
888 1009 993 1050 igitur,
1018 1008 1101 1050 qnod
1123 1008 1152 1039 in
1177 1007 1329 1039 unctione
1352 1015 1414 1038 non

463 1064 656 1106 imprimitur
673 1063 846 1101 character,
864 1062 919 1094 sed
937 1065 1058 1093 tantum
1077 1060 1110 1092 fit
1127 1064 1255 1101 propter
1273 1059 1415 1091 solemni-

464 1122 559 1150 tatem
583 1120 614 1149 et
638 1116 819 1157 dignitatem
838 1114 978 1155 corporis
1003 1112 1164 1150 dominici,
1189 1111 1273 1153 quod
1291 1120 1351 1142 non
1369 1114 1415 1143 est

464 1168 721 1202 contrectandum
739 1167 798 1199 nisi
824 1166 969 1198 manibus
986 1164 1184 1197 consecratis.
1211 1163 1347 1195 Pontifici
1363 1172 1417 1195 au-

465 1227 526 1255 tem
551 1222 586 1253 fit
610 1221 715 1253 unctio
740 1220 770 1251 in
803 1219 920 1260 capite,
946 1218 975 1249 in
1009 1227 1072 1259 quo
1096 1216 1290 1258 significatur
1320 1216 1417 1248 abun-

465 1274 570 1307 dantia
594 1273 729 1314 gratiae,
747 1280 827 1313 quae
852 1271 882 1302 in
901 1270 1048 1312 praelatis
1066 1269 1159 1301 dehet
1174 1269 1205 1300 in
1230 1268 1416 1301 excellentia

467 1327 607 1368 reperiri.
642 1326 676 1357 Et
700 1325 772 1357 hinc
796 1328 856 1361 est,
888 1323 972 1365 quod
1005 1332 1126 1354 manus
1157 1321 1338 1353 sacerdotis
1362 1330 1417 1353 un-

465 1383 583 1421 guntur
605 1378 670 1410 oleo
693 1381 825 1414 sanam
841 1376 896 1408 sed
921 1380 1023 1417 eaput
1038 1374 1204 1416 pontilicis
1226 1373 1416 1411 chrismate,

465 1437 500 1464 ut
524 1431 727 1472 significetur,
753 1429 837 1470 quod
855 1429 884 1460 in
911 1437 946 1460 eo
972 1428 1064 1460 debet
1081 1436 1148 1459 esse
1172 1427 1359 1459 excellentia
1377 1426 1418 1457 vi-

468 1489 516 1516 tae
541 1484 569 1515 in
596 1486 764 1524 conspectu
789 1482 843 1514 Dei
869 1482 899 1513 in
925 1481 1129 1518 conscientia,
1147 1481 1224 1512 etin
1249 1483 1417 1520 conspectu

467 1537 630 1569 hominum
657 1539 810 1577 quantum
835 1534 873 1566 ad
892 1534 1005 1566 famam
1020 1534 1039 1564 ³.
1057 1552 1100 1556 —
1113 1532 1353 1565 Concedendum
1372 1535 1418 1563 est

469 1591 579 1628 etiam,
604 1589 687 1631 quod
721 1597 781 1619 non
813 1588 847 1619 fit
879 1586 1070 1619 characteris
1102 1585 1267 1627 impressio
1297 1585 1325 1616 in
1351 1585 1419 1625 ipsa

469 1642 702 1679 benedictione,
735 1641 815 1672 sicut
847 1639 1016 1671 ostendunt
1052 1638 1123 1670 illae
1159 1638 1312 1675 rationes,
1344 1636 1419 1678 quia

467 1696 571 1737 potius
595 1699 641 1727 est
672 1694 814 1726 instituta
848 1693 888 1725 ad
919 1692 1116 1725 devotionem
1152 1691 1353 1723 excitandam
1390 1694 1420 1722 et

468 1748 697 1790 impetrandam
723 1747 872 1788 gratiam,
898 1745 1049 1787 quamsit
1074 1745 1112 1777 de
1133 1744 1324 1776 Sacranienti
1349 1743 1420 1775 sub-

468 1801 591 1833 stantia.

560 1855 586 1884 l.
611 1852 654 1884 Ad
680 1851 757 1883 illud
790 1860 865 1883 vero
897 1850 980 1891 quod
1014 1849 1178 1887 obiicitur,
1203 1849 1242 1880 de
1267 1857 1418 1880 manuum

468 1906 684 1948 impositione,
709 1905 793 1946 quod
818 1913 879 1935 non
913 1903 1071 1944 reperitur
1096 1903 1125 1934 in
1152 1901 1316 1937 omnibus;
1341 1901 1420 1933 ratio

468 1961 530 1991 iam
555 1959 637 1991 dicta
661 1962 724 1996 θεῖς
750 1957 908 1999 reperitur
934 1961 1036 1988 tamen
1062 1955 1180 1996 aliquid
1207 1955 1322 1993 simile,
1348 1955 1421 1996 quia

470 2012 593 2044 collatio
616 2011 750 2043 alicuius
781 2009 998 2046 instrumenti,
1033 2009 1060 2040 in
1091 2017 1154 2049 quo
1185 2011 1232 2039 est
1264 2007 1421 2048 protensio

470 2073 596 2103 manus,
621 2067 651 2096 et
675 2063 743 2095 εἰς.4
769 2062 952 2103 significatm
977 2061 1149 2093 collationis
1172 2060 1342 2101 potestatis.

559 2118 587 2148 2.
619 2116 663 2148 Ad
698 2115 777 2147 illud
809 2115 892 2156 quod
925 2114 1092 2149 obiicitur,
1124 2113 1208 2154 quod
1245 2112 1422 2144 sacerdotes

470 2169 633 2210 imponunt
659 2177 789 2206 manus;
807 2167 994 2205 dicendum,
1019 2166 1102 2207 quod
1121 2166 1174 2197 illa
1191 2174 1303 2197 manus
1328 2165 1423 2206 impo-

470 2221 540 2253 sitio
564 2230 625 2252 non
650 2224 697 2253 est
720 2220 760 2252 ad
785 2219 914 2251 ordinis
939 2219 1163 2255 collationem,
1188 2218 1240 2250 sed
1260 2218 1298 2249 ad
1323 2217 1423 2259 siqni-

468 2273 663 2315 ficcttionem.
697 2272 896 2313 Significatur
929 2272 1011 2304 enim
1042 2271 1142 2312 gratia
1173 2270 1423 2307 communionis,

469 2336 549 2368 quae
575 2327 604 2358 in
630 2326 741 2358 ordine
774 2324 958 2357 sacerdotali
984 2325 1144 2356 confertur
1175 2327 1205 2355 et
1237 2331 1293 2364 per
1326 2331 1424 2354 sacer-

471 2381 575 2412 dotem
601 2379 693 2411 debet
710 2378 964 2415 administrari⁵;
990 2377 1060 2409 ideo
1088 2386 1150 2408 non
1175 2377 1341 2417 imponunt
1364 2384 1425 2407 ma-

472 2423 531 2464 nus
556 2432 735 2464 sacerdotes
760 2431 900 2469 diacono,
925 2430 980 2462 sed
1006 2429 1091 2462 solus
1115 2429 1295 2470 episcopus,
1320 2428 1350 2460 in
1375 2437 1425 2460 cu-

1220 238 1504 270 SENTENTIARUM
1528 238 1595 269 LlB.
1620 238 1664 269 lV.

1476 324 1525 356 ius
1549 324 1745 365 impositione
1770 333 1882 356 manus
1913 333 1974 355 non
1999 327 2120 355 tantum
2152 328 2199 356 est
2222 324 2420 365 significatio,
2435 332 2483 364 uolt

1476 376 1531 408 sed
1555 376 1648 408 etiam
1669 376 1838 417 potestatis
1863 375 2001 407 collatio.
2015 395 2058 399 —
2072 377 2247 415 Praeterea,
2265 377 2296 408 in
2313 377 2371 409 hoc
2387 378 2422 409 si·
2475 363 2478 374 ’

1477 428 1652 469 gnificatur,
1677 428 1761 469 quod
1794 428 1845 460 ille
1877 428 1930 470 qui
1962 428 2137 467 ordinatur,
2162 429 2192 460 in
2227 429 2280 460 illo
2316 430 2431 463 ordine'

1477 485 1688 519 consecratur,
1713 490 1784 512 cum
1818 481 1995 513 sacerdotes
2023 490 2135 513 manus
2166 485 2303 513 sacratas
2331 481 2424 524 impo-

1477 536 1564 564 nunt.
1582 552 1625 556 ——
1643 534 1675 565 Et
1698 537 1796 570 nota,
1820 533 1903 575 quod
1929 533 1985 565 etsi
2016 533 2104 565 multi
2138 534 2199 565 sint
2227 534 2472 573 assistente5‚n0t

1477 585 1592 617 sufficit
1616 590 1735 622 tamen,
1767 585 1851 626 quod
1877 585 1964 618 tres⁶
1996 594 2108 617 manus
2140 585 2314 626 imponant,
2339 586 2424 619 aliud
2478 578 2479 588 ¹

1477 641 1523 670 est
1547 647 1588 669 ex
1612 638 1802 676 abundanti,
1827 646 1883 670 nec
1908 642 2011 670 tamen
2043 637 2119 670 illud
2153 642 2199 670 est
2227 638 2266 670 tle
2298 640 2425 671 necessi·
2478 658 2480 680 ἑ

1478 694 1539 722 tate
1562 690 1764 722 Sacramenti.
2478 682 2479 687 ¹

1567 741 1596 773 3.
1621 741 1664 773 Ad
1689 741 1768 773 illud
1803 742 1887 783 quod
1924 742 2070 774 obiicitur
2094 742 2133 774 de
2158 742 2247 781 libri,
2271 742 2321 774 vel
2345 743 2425 776 vasis

1478 794 1661 831 traditione,
1695 794 1879 832 dicendum,
1905 794 1989 835 quod
2022 795 2102 826 sicut
2126 803 2218 827 omne
2242 795 2426 827 instrumen-
2479 806 2482 847 ὲ

1478 850 1546 878 tum
1570 846 1636 878 sive
1659 851 1822 878 armatura
1846 847 1877 878 in
1901 847 2017 879 virtute
2043 856 2154 879 manus
2178 851 2243 886 est;
2267 847 2310 879 sic
2335 848 2426 880 etiam
2479 874 2482 878 .

1478 907 1535 940 per
1560 899 1788 940 impositionem
1815 908 1983 938 manuum,
2008 899 2062 931 ubi
2086 899 2230 931 deessent
2254 900 2340 938 talia,
2362 909 2427 941 pos-

1479 955 1547 983 sent
1571 951 1755 992 significari;
1780 951 1878 990 unde,
1904 952 1984 983 sicut
2007 952 2099 993 post⁷
2123 951 2291 990 videbitur,
2316 952 2346 983 in
2375 948 2481 987 im-uot'

1479 1003 1631 1045 positione
1655 1013 1808 1035 manuum
1844 1003 1875 1035 in
1908 1003 2042 1035 Ecclesia
2066 1003 2226 1045 primitiva
2261 1004 2355 1036 ceteri
2383 1013 2428 1036 or-

1480 1057 1568 1088 dines
1593 1056 1845 1098 implicabantur,
1868 1055 1922 1097 qui
1958 1056 2159 1097 postmodum
2183 1065 2334 1098 processu
2358 1060 2428 1089 tem-

1480 1109 1565 1151 poris
1589 1109 1735 1150 explicati
1773 1112 1846 1141 sunt
1877 1109 1943 1141 sive
1974 1108 2131 1150 expliciti,
2156 1112 2186 1140 et
2210 1113 2364 1150 quantum
2390 1109 2428 1141 ad

1480 1161 1615 1193 verbum
1650 1165 1680 1194 et
1712 1166 1866 1203 quantum
1900 1162 1939 1194 ad
1975 1161 2109 1203 signum
2145 1165 2175 1194 et
2205 1165 2359 1203 quantum
2391 1162 2429 1195 ad

1477 1224 1649 1256 personas.

1569 1267 1600 1298 lt.
1625 1267 1667 1298 Ad
1693 1267 1770 1298 illud
1796 1267 1880 1308 quod
1905 1266 2066 1304 obiicitur,
2084 1266 2169 1308 quod
2192 1266 2429 1299 archidiaconus

1482 1320 1601 1352 confert
1625 1320 1724 1351 multa
1750 1319 1839 1358 talia3
1856 1319 2043 1357 dicendum,
2067 1319 2152 1361 quod
2177 1320 2235 1351 hoc
2252 1323 2298 1351 est
2322 1319 2361 1352 ad
2382 1329 2431 1361 po-

1482 1373 1602 1405 testatis
1626 1373 1885 1414 explicationeni3
1910 1372 1995 1404 unde
2020 1372 2050 1404 in
2075 1372 2128 1404 tali
2155 1372 2322 1404 traditione
2353 1372 2430 1405 facta

1482 1426 1521 1458 ab
1545 1426 1764 1458 archidiacono
1782 1435 1842 1457 non
1867 1425 2004 1457 traditur
2023 1434 2103 1457 nova
2127 1429 2278 1467 potestas,
2303 1425 2356 1457 sed
2373 1429 2430 1458 tra-

1482 1478 1546 1510 dita
1570 1478 1747 1519 explicatur
1759 1478 1779 1509 ⁸.
2482 1518 2483 1522 Ἰ

1573 1533 1601 1563 5.
1626 1531 1667 1563 Ad
1704 1530 1783 1562 illud
1819 1530 1902 1572 quod
1932 1530 2077 1562 obiicitur
2113 1531 2152 1562 de
2184 1530 2270 1562 verbi
2307 1539 2431 1571 expres-

1484 1583 1583 1621 sione,
1620 1583 1806 1621 dicendum,
1832 1583 1916 1624 quod
1953 1591 2077 1624 semper
2114 1582 2351 1624 intelligendum
2386 1586 2431 1615 est

1483 1636 1579 1668 fuisse
1596 1636 1728 1668 verbum
1747 1636 1889 1677 aliquod,
1908 1636 1937 1667 in
1963 1645 2024 1677 quo
2041 1636 2276 1677 exprimeretur
2296 1640 2430 1677 potestas

1484 1690 1554 1721 talis
1579 1689 1665 1727 dari;
1694 1689 1748 1721 sed
1780 1698 1841 1721 non
1871 1689 1998 1721 fuerunt
2024 1689 2120 1721 verba
2149 1689 2291 1731 praefixa
2319 1689 2377 1721 nisi
2401 1689 2478 1721 introi

1485 1743 1558 1775 solis
1590 1743 1715 1774 duobus
1750 1743 1972 1781 sacramentis,
2009 1743 2125 1784 quihus
2150 1742 2300 1774 Dominus
2337 1742 2431 1775 verba

1485 1795 1631 1837 specialia
1654 1804 1707 1827 ore
1732 1795 1860 1836 proprio
1885 1795 2058 1836 praedixit3
2083 1799 2113 1826 et
2130 1794 2200 1826 ideo
2222 1795 2252 1826 in
2277 1794 2358 1833 aliis,
2376 1794 2431 1826 etsi

1486 1849 1582 1880 verba
1606 1848 1666 1880 sint
1695 1848 1885 1884 necessaria,
1914 1857 1975 1879 non
2000 1851 2103 1879 tamen
2133 1851 2206 1879 sunt
2229 1847 2432 1879 determinata

1485 1901 1656 1940 vocabula3
1674 1901 1728 1933 sed
1747 1901 1843 1933 verba
1866 1910 2085 1942 quaecumque
2107 1909 2234 1933 sensum
2260 1900 2434 1942 exprimen-

1486 1954 1541 1992 tia,
1566 1959 1719 1995 quantum
1745 1958 1791 1986 est
1816 1953 1854 1985 de
1879 1953 1998 1985 ratione
2023 1953 2230 1991 Sacramenti,
2255 1952 2431 1991 sufficiunt,

1487 2006 1509 2038 si
1536 2007 1606 2047 quis
1635 2007 1665 2037 in
1695 2005 1850 2037 haeresim
1881 2005 2081 2037 introducere
2110 2014 2171 2036 non
2195 2004 2344 2037 intendat.
2377 2004 2433 2036 Sed

1486 2067 1569 2090 nunc
1599 2058 1810 2090 necessarium
1839 2061 1886 2090 est
1910 2067 2037 2090 servare
2066 2058 2197 2090 formam
2231 2057 2270 2089 ab
2304 2057 2433 2089 Ecclesia

1487 2115 1635 2144 statutam
1661 2115 1691 2143 et
1714 2111 1919 2152 approbatam
1932 2111 1952 2142 ⁹.

1576 2165 1604 2196 6.
1638 2164 1680 2195 Ad
1714 2163 1791 2195 illud
1820 2164 1905 2205 quod
1937 2163 2082 2195 obiicitur
2113 2163 2152 2195 de
2186 2163 2277 2195 modo
2306 2163 2432 2204 impera-

1488 2217 1567 2255 tivo,
1592 2216 1778 2254 dicendum,
1796 2216 1880 2257 quod
1897 2215 2036 2257 pontifex
2061 2224 2206 2247 summus
2230 2216 2310 2257 gerit
2333 2224 2432 2257 perso-

1488 2278 1559 2301 nam
1585 2269 1698 2300 Christi
1724 2272 1754 2300 et
1779 2277 1943 2310 personam
1974 2268 2162 2309 superioris,
2181 2268 2261 2300 sicut
2289 2268 2362 2300 dicit
2384 2267 2431 2299 Isi-

1488 2322 1587 2354 dorus
1611 2322 1640 2353 in
1666 2321 1747 2353 libro
1772 2321 1811 2353 de
1835 2320 1951 2353 Officiis
1966 2321 2002 2359 ¹⁰3
2019 2325 2048 2352 et
2066 2321 2214 2362 quoniam
2239 2324 2373 2362 potestas
2389 2322 2432 2352 est

1489 2374 1663 2406 secundum
1689 2374 1760 2414 plus
1784 2377 1814 2405 et
1838 2373 1943 2405 minus
1967 2377 1997 2405 et
2022 2373 2199 2411 descendit,
2217 2377 2246 2405 et
2263 2373 2431 2405 secundum

1490 2427 1574 2459 illam
1597 2427 1649 2468 qui
1676 2426 1841 2459 conferunt
1858 2430 2026 2467 praesunt,
2043 2426 2159 2467 quibus
2184 2426 2347 2458 conferunt
2367 2425 2433 2458 sub-

546 2663 553 2678 1
574 2662 640 2687 Vide
666 2663 706 2687 hle
731 2662 764 2686 lit.
785 2662 911 2693 Magistri,
932 2668 954 2686 c.
982 2662 1019 2686 1⁶2.
1036 2676 1069 2679 —
1083 2661 1189 2685 littorius
1214 2668 1262 2691 pro
1281 2659 1426 2685 esroreismz'

474 2705 508 2737 [i.
529 2713 550 2730 e.
570 2705 627 2730 libri
648 2706 864 2736 exorcismorum,
886 2708 913 2730 ut
932 2706 1002 2729 notat
1021 2705 1153 2735 Magister,
1175 2705 1215 2729 hic
1235 2705 1259 2728 in
1280 2704 1313 2728 lit.
1334 2710 1355 2728 c.
1376 2702 1425 2736 7.]

474 2749 531 2773 cod.
551 2748 586 2773 bb
606 2748 687 2775 urcei.

544 2792 554 2808 ‘2
574 2792 623 2817 Ct'r.
643 2792 671 2817 C.
693 2792 841 2818 Pastoralis
861 2792 921 2824 (l.)
942 2795 966 2817 et
985 2791 1010 2817 C.
1026 2791 1165 2825 Presbyter
1178 2792 1201 2816 et
1214 2790 1343 2816 diaconus
1357 2790 1425 2821 (3.),

475 2837 507 2861 X.
528 2836 560 2861 (le
580 2837 751 2861 §aeramentis
770 2843 819 2861 nou
840 2836 962 2861 iterandis
983 2836 1042 2863 (lib.
1064 2837 1080 2860 l.
1104 2836 1138 2860 tit.
1164 2835 1225 2866 16.).

543 2879 553 2895 ³
575 2880 605 2904 Ut
624 2881 728 2911 exponit
747 2880 875 2904 Innocent.
900 2880 937 2904 lll.
958 2880 981 2903 in
1002 2879 1029 2903 C.
1051 2878 1116 2904 Cum
1138 2877 1248 2904 venissel
1266 2877 1302 2902 acl
1320 2878 1426 2909 Aposto-

478 2922 556 2949 licctm
576 2922 662 2948 sedem
683 2924 740 2954 (l.)‚
759 2923 790 2947 X.
806 2923 837 2947 de
857 2924 931 2947 Sacra
953 2924 1071 2947 unctione
1093 2922 1152 2951 (lib.
1169 2922 1183 2946 Ι.
1198 2923 1232 2945 tit⁴
1253 2921 1315 2951 15.),
1330 2928 1359 2945 ex
1374 2927 1426 2952 quo

476 2967 550 2997 plura
564 2974 641 2998 supra
657 2973 716 2997 pag.
732 2967 796 2998 593,
812 2969 869 2991 nota
885 2967 908 2991 2.
921 2966 944 2991 3.
959 2966 1037 2990 relata
1051 2968 1118 2990 sunt.
1132 2965 1181 2990 Csr.
1197 2965 1263 2995 Ilug.
1277 2971 1289 2988 a
1305 2965 1329 2988 S.
1345 2964 1424 2995 vict„

476 3011 504 3035 ll.
523 3011 555 3035 de
570 3011 682 3035 Sacram.
698 3017 723 3041 p.
740 3011 774 3034 lll.
789 3017 810 3034 c.
830 3011 866 3034 12,
882 3017 935 3041 seq.
951 3010 1017 3034 Vide
1030 3010 1105 3034 etiam
1120 3009 1184 3033 intra
1198 3015 1220 3033 a.
1235 3009 1259 3033 2.
1276 3015 1301 3040 q.
1318 3008 1341 3032 3.
1356 3007 1387 3032 ad
1402 3007 1425 3031 6.

546 3053 556 3070 ‘¹
576 3055 608 3079 lta
629 3054 704 3079 codd.
726 3054 742 3078 F
755 3054 759 3078 l
772 3054 844 3085 Laa,
864 3055 888 3078 in
908 3055 962 3078 aliis
982 3057 1006 3078 ct
1025 3053 1085 3078 edd.
1105 3052 1142 3086 fit.

546 3098 557 3114 5
576 3098 695 3123 Richard.
716 3105 729 3122 a
750 3098 829 3129 Most,
851 3098 889 3123 lV.
911 3098 978 3122 Seni.
999 3098 1022 3122 (l.
1044 3098 1084 3121 25.
1105 3104 1126 3121 a.
1149 3097 1171 3121 «l.
1192 3103 1216 3128 q.
1242 3097 1262 3120 l.
1285 3096 1317 3120 ad
1339 3096 1366 3119 l:
1382 3095 1426 3119 lm-

477 3143 567 3172 positio
588 3149 712 3167 manuum
733 3142 896 3167 sacerdotum
917 3143 1089 3167 assistentium
1109 3145 1147 3166 est
1166 3141 1199 3166 ad
1219 3140 1383 3166 concordiam
1403 3142 1428 3164 et

477 3187 686 3210 communionem
706 3187 904 3211 ecclesiasticam
925 3185 1131 3217 significandam.

548 3229 558 3244 ⁶
579 3229 722 3254 Pontificale
746 3230 892 3254 Romanum
918 3234 1019 3260 monet,
1046 3229 1115 3261 quod
1142 3236 1171 3253 ex
1192 3227 1369 3253 assistentibus
1388 3234 1428 3252 sa-

479 3272 626 3296 cerdotibus
644 3282 654 3293 n
666 3273 719 3297 tres
739 3276 783 3297 aut
803 3274 903 3304 plures,
919 3274 1026 3305 planetis
1044 3274 1086 3298 vel
1107 3273 1195 3298 saltem
1216 3279 1275 3297 cum
1295 3271 1366 3296 stolis
1383 3278 1428 3302 pa-

480 3315 540 3343 rati,
560 3315 579 3338 si
600 3316 736 3340 commode
756 3316 809 3340 sieri
830 3321 926 3348 potest,
946 3324 1002 3341 esse
1022 3316 1180 3341 deberent».
1201 3315 1251 3341 Csr.
1266 3315 1330 3340 iusi-a
1344 3315 1369 3339 d.
1384 3315 1425 3340 25.

481 3363 502 3380 a.
527 3357 546 3380 1.
567 3365 590 3388 q.
617 3358 634 3381 1.
655 3358 688 3382 ad
713 3359 731 3383 l.
751 3372 786 3376 —
806 3360 871 3384 llaec
891 3361 1003 3385 secunda
1030 3361 1094 3385 ratio
1121 3361 1306 3391 (Praeterea...
1333 3358 1429 3385 Sacra·

1489 2658 1586 2685 menti)
1608 2666 1620 2683 a
1642 2658 1716 2683 codd.
1737 2661 1762 2683 et
1781 2658 1821 2683 ed.
1848 2659 1852 2682 l
1877 2657 2028 2683 transfertur
2048 2658 2072 2681 in
2093 2657 2169 2682 tinem
2195 2657 2270 2682 solut.
2292 2656 2325 2681 ad
2344 2656 2371 2687 3,
2390 2653 2433 2680 sed

1490 2704 1589 2734 absque
1608 2703 1661 2727 ullo
1680 2702 1855 2727 fundamento.
1877 2702 1960 2726 Secuti
1982 2708 2072 2726 sumus
2092 2701 2131 2726 cd.
2153 2701 2310 2726 Vaticanam.

1560 2747 1571 2763 ⁷
1590 2748 1640 2771 Art.
1662 2747 1685 2771 2.
1706 2753 1730 2778 q.
1755 2747 1774 2770 l.
1794 2745 1826 2770 ad
1847 2746 1869 2770 3.
1891 2749 1914 2770 et
1935 2745 1958 2770 4.

1561 2790 1571 2807 ⁸
1590 2790 1708 2815 Secunda
1728 2797 1821 2814 manus
1840 2790 1863 2813 in
1885 2789 1940 2814 cod.
1957 2789 1977 2820 Q
1991 2789 2103 2814 addidit:
2124 2788 2197 2820 Quod
2217 2789 2284 2813 euim
2299 2785 2432 2819 principale

1490 2836 1528 2859 est
1548 2834 1655 2859 traditur
1674 2833 1706 2858 ab
1726 2835 1849 2864 episcopo
1874 2839 1933 2857 cum
1959 2832 2032 2857 verbi
2058 2833 2213 2864 prolatione,
2242 2834 2268 2856 ut
2286 2831 2380 2856 dictum
2399 2831 2432 2854 est

1491 2885 1568 2908 supra
1589 2877 1680 2902 eodem
1702 2877 1862 2908 problemate
1883 2876 1955 2909 [scil.
1976 2877 2016 2901 hic
2036 2877 2060 2900 in
2081 2875 2182 2909 corp.].

1560 2921 1571 2936 9
1590 2920 1640 2946 Cl'r.
1660 2928 1737 2951 supra
1758 2920 1782 2944 d.
1804 2921 1827 2944 3.
1849 2928 1873 2951 p.
1894 2920 1909 2944 l.
1930 2927 1951 2944 a.
1967 2921 1989 2944 2.
2005 2927 2028 2951 q.
2049 2920 2068 2944 l.
2085 2926 2171 2951 seqq.;
2191 2919 2214 2943 d.
2230 2919 2253 2943 8.
2268 2926 2292 2949 p.
2308 2918 2322 2942 l.
2338 2916 2396 2942 duh.
2410 2914 2431 2940 4.

1490 2967 1515 2989 et
1534 2972 1558 2995 p.
1580 2965 1604 2989 ll.
1626 2971 1647 2989 a.
1673 2965 1692 2989 l.
1713 2971 1737 2996 q.
1759 2964 1780 2988 l.
1801 2971 1855 2996 seq.
1882 2970 1928 2988 nec
1948 2970 1998 2988 non
2018 2963 2043 2988 (l.
2064 2964 2104 2987 23.
2131 2970 2152 2987 a.
2175 2963 2198 2987 ¹l.
2220 2969 2244 2994 q.
2265 2961 2287 2986 4.
2307 2975 2342 2979 —
2361 2961 2433 2991 Supe-

1491 3010 1545 3033 rius
1565 3016 1612 3039 pro
1631 3007 1765 3042 sufficiunt
1783 3012 1806 3033 et
1826 3007 1944 3033 intendat
1963 3007 2021 3032 cdd.
2043 3006 2205 3040 sufficiebant
2223 3010 2248 3031 et
2267 3003 2415 3031 intendebat.

1563 3051 1584 3068 ¹⁰
1603 3052 1671 3077 Lihr.
1694 3052 1719 3077 ll.
1741 3059 1761 3076 c.
1777 3052 1805 3082 5,
1827 3051 1870 3076 ubi
1891 3051 2013 3082 ostendit,
2034 3050 2104 3083 quod
2123 3053 2206 3075 Aaron
2226 3050 2335 3080 figuram
2355 3052 2432 3079 gesse-

1491 3097 1522 3120 rit
1541 3097 1636 3120 summi
1657 3096 1797 3126 pontificis,
1818 3095 1842 3119 id
1857 3098 1894 3120 est
1907 3096 2035 3126 episcopi,
2051 3095 2116 3119 sicut
2129 3095 2228 3125 Moyses
2245 3093 2353 3124 figuram
2367 3089 2433 3115 Chri-

1491 3141 1536 3167 sti.
1564 3141 1607 3172 qui
1628 3144 1665 3165 est
1686 3140 1805 3165 dominus
1826 3140 1975 3171 pontificum
1996 3146 2040 3164 seu
2065 3139 2263 3170 episcoporum,
2291 3137 2333 3168 qui
2352 3134 2432 3159 Latine

1492 3185 1618 3209 nominari
1639 3187 1747 3215 possunt
1765 3182 2014 3216 siipem'nteizdentes.
2035 3183 2084 3208 Cfr.
2104 3183 2145 3207 hic
2163 3182 2196 3206 lit.
2217 3180 2339 3212 Magistri,
2359 3185 2379 3203 c.
2395 3177 2402 3201 l
2410 3176 2430 3200 5.

1492 3235 1579 3259 seqq„
1600 3227 1643 3252 ubi
1664 3228 1805 3252 afferuntur
1824 3226 1904 3251 verba
1925 3226 2026 3257 lsidor.,
2048 3226 2096 3250 Vll.
2117 3225 2259 3255 Etymolog.
2280 3230 2299 3248 c.
2321 3223 2358 3246 l2.
2373 3219 2432 3245 Vide

1492 3273 1567 3296 etiam
1589 3271 1708 3302 Dionys,
1731 3271 1763 3295 de
1783 3271 1876 3295 Eccles.
1898 3270 2026 3294 Hierarch.
2047 3276 2069 3294 c.
2089 3269 2112 3294 5.
2132 3269 2147 3301 S
2167 3269 2190 3293 5.
2209 3275 2262 3299 seq.
2276 3266 2375 3290 —lllox
2388 3268 2431 3295 pro

1492 3316 1530 3340 est
1548 3314 1710 3345 secundum,
1734 3314 1803 3346 quod
1824 3313 1919 3338 liabent
1937 3313 2013 3338 codd.
2034 3313 2086 3337 MR
2099 3313 2129 3344 S,
2152 3311 2227 3337 codd.
2241 3311 2289 3335 BD
2300 3310 2316 3334 L
2327 3309 2346 3333 U
2357 3314 2385 3332 aa
2397 3312 2433 3332 se-

1492 3358 1535 3383 det
1552 3358 1714 3389 secundum,
1737 3358 1777 3382 alii
1798 3360 1896 3382 tautum
1916 3356 2076 3387 secundum,
2099 3357 2163 3381 inter
2181 3362 2247 3388 quos
2266 3353 2339 3379 codd.
2359 3349 2432 3376 AFG
