2483 3882
229 594 311 615 titos-sa.

181 1031 317 1058 Augustinus.

176 1276 293 1297 Difficultas
301 1276 322 1296 ᾖ.

200 1303 295 1324 solvitur.

255 1422 320 1442 Idem.

192 1712 284 1733 Dubium
299 1712 318 1732 3.

259 2341 324 2361 Idem.

327 262 367 288 q»)

329 284 335 291 .
349 286 366 291 -
1083 254 1366 287 ΞΕΝΤΕΝΤΙᾹΒΠΜ
1392 255 1458 287 Llss.
1484 255 1530 286 tv.

326 351 354 376 et
377 350 571 377 contemnunt
595 345 759 383 baptizari;
784 344 827 373 vel
846 344 883 372 ita
903 343 1126 380 intelligendum
1145 346 1203 372 est:
1220 342 1276 372 nisi

326 397 394 435 quis
428 399 549 425 renatus
580 395 669 424 suerit
691 402 727 422 ex
750 401 827 431 aqua
851 395 879 421 et
900 392 1012 430 Spiritu
1037 395 1158 428 sancto,
1182 391 1210 420 id
1234 396 1278 421 est

326 454 360 475 ea
384 444 624 481 regeneratione,
647 450 725 480 quae
749 442 779 470 tit
795 449 848 479 per
871 448 980 478 aquam
1004 443 1033 469 et.
1053 439 1198 478 Spiritum
1215 448 1279 469 san-

327 498 424 528 ctum,
448 501 504 522 non
528 491 716 525 salvabitur3
740 489 789 518 illa
819 492 917 519 autem
947 489 1135 526 regeneratio
1160 489 1190 518 fit
1220 497 1277 518 non

327 546 440 571 tantum
464 549 518 579 per
540 540 738 577 baptismum,
760 537 812 567 sed
830 538 918 567 etiam
943 545 996 575 per
1018 537 1233 575 poenitentiam
1251 540 1279 566 et

327 590 512 627 sanguinem.
546 587 631 617 Unde
659 586 847 616 auctoritas¹
878 585 966 620 dicit,
1000 585 1067 614 ideo
1101 585 1278 623 Apostolum

333 637 517 676 «pluraliter
548 636 660 666 dixisse
693 634 919 664 fumlamentum
951 632 1184 672 baptismatum,
1208 634 1278 672 quia

328 692 371 717 est
406 686 573 724 baptismus
596 685 623 713 in
647 691 743 722 aqua,
766 683 794 712 ιιι
817 682 978 719 sanguine,
1002 683 1029 711 in
1052 683 1278 720 poenitentia».

327 737 389 766 Hoc
412 740 511 765 autem
535 742 592 763 non
616 733 683 763 ideo
711 732 800 767 dicit⁷
830 731 910 770 quod
941 731 1080 770 baptismi
1103 731 1281 761 Sacramen-

328 789 389 814 tum
412 784 462 813 fiat
485 783 539 812 nisi
564 782 591 811 in
615 789 709 819 aqua,
733 780 785 809 sed
809 781 879 818 quia
903 780 997 818 ipsius
1019 780 1113 809 virtus
1131 783 1159 809 et
1174 779 1281 809 sancti-
1311 808 1312 813 ,

329 833 428 861 ficatio
452 831 541 860 datur
563 838 620 859 non
638 829 727 858 modo
743 837 797 867 per
813 836 938 866 aquam,
955 828 1006 857 sed
1023 836 1077 866 per
1093 828 1280 864 sanguinem,

328 880 374 909 vel
397 879 613 918 poenitentiam
647 878 780 907 interius.
814 877 899 906 Ratio
934 877 1022 906 etiam
1054 876 1082 905 id
1105 876 1220 905 suadet.
1251 875 1279 905 Si

329 929 406 958 enim
425 927 558 966 parvulis
575 935 632 956 non
650 925 817 955 valentibus
834 925 958 955 credere
973 924 1084 954 suflicit
1099 924 1281 962 baptismus,
1313 940 1314 949 ι

329 977 422 1007 multo
447 976 541 1014 inagis
562 975 673 1005 sufficit
695 974 769 1004 tides
792 973 902 1003 adultis
927 973 1110 1007 volentibus,
1140 972 1192 1002 sed
1224 980 1281 1001 non

329 1025 499 1055 valentibus
532 1024 688 1062 baptizari.
720 1023 804 1052 Unde
836 1021 1070 1059 Augustinus²1
1109 1034 1119 1046 r<
1140 1021 1281 1056 Quaeris,
1313 1047 1314 1050 ,

330 1074 401 1113 quid
425 1075 463 1103 sit
486 1074 602 1103 maius:
623 1073 716 1112 fides,
739 1081 774 1102 an
798 1081 877 1110 aqua
894 1084 904 1105 ‚·
927 1080 984 1100 non
1007 1070 1128 1105 dubito,
1152 1070 1223 1108 quin
1240 1077 1283 1098 re-

331 1123 513 1161 spondeam:
533 1121 616 1160 sides.
639 1121 668 1151 Si
692 1129 762 1158 ergo
786 1120 864 1159 quod
900 1120 999 1149 minus
1027 1122 1070 1148 est
1092 1117 1282 1148 sanctificare

329 1175 443 1210 potest,
466 1178 564 1200 nonne
586 1170 666 1208 quod
698 1169 794 1199 maius
821 1170 886 1198 est?
916 1168 944 1197 id
977 1171 1021 1197 est
1046 1166 1133 1205 sides,
1157 1166 1193 1194 de
1223 1173 1281 1203 qua

330 1220 466 1250 Christus
488 1219 546 1249 ait:
572 1217 631 1254 Qut·
651 1217 813 1247 crediderit
835 1216 868 1246 2⁴72.
888 1226 954 1250 me,
985 1215 1073 1245 eliam
1096 1214 1125 1244 si
1144 1218 1283 1243 moratus

331 1269 444 1309 s'aert'c,
468 1268 544 1298 vivet
560 1281 585 1296 n.
609 1284 648 1289 —-
670 1267 726 1297 Sed
750 1266 854 1296 dicunt
876 1266 985 1303 aliqui,
1012 1264 1123 1293 nullum
1147 1262 1282 1292 adultum

333 1319 361 1347 in
385 1317 536 1347 Christum
569 1315 694 1345 credere
716 1314 762 1344 vel
785 1314 939 1343 caritatem
963 1312 1074 1341 babere
1096 1311 1160 1340 sine
1191 1310 1285 1348 bapti-

331 1374 413 1402 smo,
436 1365 490 1394 nisi
514 1364 691 1402 sanguinem
724 1363 827 1392 fundat
849 1370 904 1399 pro
928 1360 1072 1394 Domino,
1094 1358 1213 1388 subdita
1244 1358 1283 1386 in-

333 1415 524 1445 troducentes
548 1412 724 1442 testimonla.
750 1410 933 1448 Augustinus
946 1409 955 1423 ³
979 1409 1038 1438 ait:
1060 1421 1070 1433 «
1088 1408 1131 1436 Ex
1149 1407 1198 1436 illo
1214 1410 1284 1436 tem-

332 1472 421 1502 pore,
445 1471 504 1501 quo
527 1462 665 1492 Salvator
686 1461 781 1490 dixit:
804 1458 875 1489 Msa'
895 1457 963 1498 qzce's
985 1461 1110 1486 renatus
1131 1455 1226 1494 sicerz'c
1247 1464 1283 1484 ex

332 1521 413 1551 (iqua
435 1516 460 1541 ec
483 1510 600 1550 Spiritu
622 1514 724 1539 sancto
747 1512 818 1543 etc,
841 1507 954 1545 absque
976 1506 1170 1535 Sacramento
1191 1503 1286 1542 bapti-

326 1562 398 1605 smi,
415 1565 535 1600 praeter
557 1568 608 1589 eos
628 1559 678 1597 qui
696 1558 724 1587 ιιι
741 1556 874 1587 Ecclesia
891 1554 1065 1593 sanguinem
1083 1553 1219 1588 fundunt,
1235 1552 1285 1582 ali-

334 1609 401 1648 quis
418 1609 507 1638 vitam
524 1611 676 1638 aeternam
694 1606 832 1643 accipere
849 1613 905 1633 non
922 1606 1059 1641 potest».
1076 1602 1145 1631 ltem
1160 1611 1165 1630 ς
1188 1614 1199 1626 «
1214 1600 1285 1631 Nul-

334 1658 395 1688 lum
418 1657 685 1691 catechumenum,
707 1653 844 1693 quamvis
861 1653 888 1681 ιιι
906 1652 991 1681 bonis
1014 1650 1158 1688 operibus
1181 1649 1286 1679 defun-

335 1711 431 1740 ctum,
456 1706 546 1735 vitam
570 1708 721 1735 aeternam
743 1702 853 1732 babere
876 1700 1044 1735 credimuS,
1067 1702 1194 1737 excepto
1211 1706 1287 1727 mar—

335 1756 424 1795 tyrio,
441 1754 491 1784 ubi
508 1753 649 1792 baptismi
668 1755 725 1781 tota
743 1751 935 1780 Sacramenta
952 1748 1180 1786 complentur».
1196 1747 1285 1776 Item:

339 1818 350 1831 «
366 1803 529 1842 Baptizatis
551 1805 664 1831 tantum
689 1801 743 1829 iter
763 1799 867 1829 salutis
883 1806 947 1827 esse
964 1797 1116 1827 credimus
1131 1809 1158 1826 ».
1173 1813 1212 1818 —
1227 1795 1285 1825 Sed

336 1852 416 1892 quod
440 1852 468 1881 in
491 1851 538 1880 bis
566 1850 664 1880 minus
693 1848 784 1882 dixit⁷
809 1848 836 1876 in
860 1846 926 1876 aliis
954 1845 1096 1884 capitulis
1121 1853 1214 1883 supra
1236 1853 1287 1883 po-

334 1902 400 1931 sitis
422 1899 592 1939 supplevit;
615 1902 643 1928 et
666 1897 732 1927 ideo
762 1896 837 1925 baec
859 1895 902 1924 sic
925 1893 1117 1931 intelligenda
1140 1897 1225 1929 sunt,
1255 1897 1288 1923 ιιι

335 1950 389 1980 soli
413 1949 557 1979 babentes
581 1945 719 1984 tempus4
736 1944 934 1983 excipiantur.
958 1943 987 1973 Si
1011 1943 1090 1972 enim
1113 1942 1223 1981 aliquis
1239 1942 1289 1972 lia-

335 1999 410 2029 bens
432 1998 519 2028 fidem
543 2001 571 2027 et
594 1996 749 2026 caritatem
784 1993 912 2023 voluerit
933 1992 1079 2031 baptizari
1104 1996 1132 2021 et
1154 2000 1212 2021 non
1234 2000 1288 2029 po-

336 2050 409 2083 test,
432 2045 608 2076 necessitate
630 2045 825 2082 praeventus,
858 2040 978 2079 supplet
999 2039 1218 2078 Omnipotentis
1242 2039 1289 2068 be-

336 2095 465 2132 nignitas
492 2093 573 2132 quod
600 2093 793 2122 Sacramento
816 2090 959 2119 defuerat.
983 2089 1058 2118 Dum
1075 2088 1154 2118 euim
1170 2087 1289 2117 solvere

336 2147 450 2182 potest,
474 2143 527 2172 nisi
551 2142 662 2177 solvat⁷
686 2143 820 2175 tenetur;
843 2138 895 2168 sed
920 2146 988 2167 cum
1012 2137 1071 2166 iam
1095 2145 1153 2166 non
1174 2140 1288 2175 potest,

337 2196 366 2222 et
389 2196 486 2221 tamen
509 2190 588 2226 vult,
611 2198 668 2219 non
693 2189 820 2226 imputat
842 2187 868 2217 ei
892 2187 986 2221 Deus,
1010 2186 1059 2224 qui
1083 2193 1167 2215 suam
1183 2188 1289 2223 poten-

339 2242 409 2270 tiam
432 2239 633 2270 sacramentis
653 2246 710 2267 non
730 2236 871 2274 alligavit..
887 2251 926 2257 —
940 2234 1023 2269 Quod
1041 2242 1112 2263 vero
1129 2232 1289 2262 invisibilis

338 2288 535 2319 sanctificatio
557 2288 620 2316 sine
644 2285 753 2316 visibili
777 2285 971 2314 Sacramento
998 2282 1179 2321 quibusdam
1203 2282 1288 2316 insit,

338 2342 442 2377 aperte
476 2337 658 2374 Augustinus
691 2334 798 2370 tradit,
830 2341 922 2371 super
952 2331 1141 2361 Leviticum⁵
1165 2330 1289 2366 dicens,

345 2386 558 2416 «invisibilem
591 2383 860 2414 sanctificationem
892 2381 1073 2420 quibusdam
1108 2380 1228 2409 affuisse
1262 2382 1290 2408 et

339 2435 486 2474 profuisse
508 2435 571 2463 sinc
594 2432 765 2462 visibilibus
795 2430 1016 2464 Sacrainentis;
1045 2429 1195 2458 visibilem
1219 2436 1289 2457 vero

338 2482 623 2518 sanctificationem,
646 2489 725 2519 quae
748 2480 779 2509 fit
801 2479 995 2509 Sacramento
1022 2476 1142 2513 visibili7
1164 2477 1227 2505 sine
1251 2476 1291 2505 in-

340 2531 448 2561 visibili
482 2539 570 2569 posse
602 2529 721 2563 (adesse,
746 2536 802 2557 non
826 2535 915 2565 posse
934 2524 1084 2565 prodesse.
1107 2524 1168 2554 Nee
1192 2528 1290 2554 tamen

340 2580 456 2609 visibile
486 2579 713 2609 Sacramentum
746 2577 814 2606 ideo
847 2574 1099 2605 contemnendum
1132 2576 1190 2609 est,
1221 2573 1291 2612 quia

340 2631 527 2666 contemptor
544 2628 607 2657 eius
624 2626 814 2656 invisibiliter
829 2624 1010 2654 sanctificari
1025 2632 1081 2653 non
1095 2626 1201 2660 potest.
1216 2622 1292 2651 Hinc

340 2675 494 2705 Cornelius
524 2679 552 2704 et
583 2675 632 2713 qui
657 2683 724 2704 cum
749 2682 783 2703 eo
807 2677 907 2707 crant,
938 2673 995 2702 iam
1026 2671 1133 2710 spiritu
1161 2670 1294 2700 sanctiti-

341 2725 416 2758 cati⁷
440 2724 580 2762 baptizati
605 2727 682 2753 sunt.
705 2722 767 2752 Nec
793 2720 946 2760 superflua
976 2719 1138 2749 iudicanda
1161 2723 1203 2748 cst
1226 2727 1293 2749 san-

341 2772 483 2802 ctificatio
507 2772 649 2806 visibilis,
671 2771 741 2809 quia
766 2769 923 2799 invisibilis
957 2768 1129 2806 praecessit.
1160 2767 1229 2796 Sine
1252 2766 1294 2795 vi-

1340 341 1421 371 sibili
1445 350 1515 379 ergo
1538 341 1697 371 invisibilis
1718 339 1918 369 sanctificatio
1948 347 2013 368 esse
2043 342 2142 376 potest
2171 343 2199 369 et
2228 347 2294 377 pro—

1342 390 1447 425 desse;
1472 390 1598 419 visibilis
1620 392 1737 423 autem,
1754 395 1832 426 (piae
1848 387 1879 416 fit
1894 387 2088 416 sacramento
2112 390 2214 424 tenus,
2230 388 2294 417 sine

1341 439 1485 468 invisibili
1508 438 1652 476 prodesse
1675 445 1732 466 non
1755 439 1869 474 potest,
1893 443 1962 465 cum
1979 435 2033 465 ista
2049 436 2087 465 sit
2102 436 2199 465 onmis
2215 435 2294 465 illius

1343 487 1464 516 utilitas.
1492 485 1603 515 Simoni
1637 485 1722 521 Mago
1747 483 1873 513 visibilis
1897 483 2064 521 baptismus
2086 492 2144 513 nou
2167 484 2295 522 profuit,

1342 535 1412 572 quia
1436 533 1595 563 invisibilis
1617 541 1674 562 non
1698 533 1800 568 attuit;
1822 531 1874 561 sed
1895 531 2006 570 quibus
2022 532 2181 561 invisibilis
2196 531 2295 567 alluit,

1342 582 1494 620 profuit».
1518 581 1580 611 Nee
1603 584 1716 610 tantum
1741 579 1817 609 valet
1840 579 1914 609 tides
1930 579 2027 609 aliena
2043 579 2187 618 parvulo,
2205 588 2297 618 quan-

1343 635 1405 661 tum
1437 631 1559 669 propria
1593 629 1704 658 adulto.
1738 628 1874 658 Parvulis
1900 628 1978 657 euim
2002 636 2059 657 non
2082 628 2194 658 sufficit
2222 628 2296 658 [ides
2311 638 2437 659 outiumt.
2482 633 2483 652 l

1342 679 1496 709 Ecclesiae
1517 679 1581 707 sine
1604 678 1818 713 Sacramento‚
1850 677 1919 715 qui,
1951 676 1975 705 si
2007 676 2123 714 absque
2145 676 2295 714 baptismo

1344 728 1453 757 fuerint.
1475 727 1624 761 defuncti,
1647 726 1736 755 etiam
1759 733 1827 754 cum
1845 725 2021 754 deferuntur
2043 725 2080 754 ad
2104 725 2298 763 baptismum,

1343 776 1582 810 danmaluintur‚
1605 775 1684 803 sicut
1706 774 1807 803 multis.
1828 774 2005 803 Sanctorum
2024 774 2202 803 testimoniis
2217 782 2298 803 com-

1344 824 1509 863 probatur;
1543 823 1578 853 ad
1610 823 1691 861 quod
1714 823 1772 851 boc
1795 830 1886 851 ιιιιιιιιι
1909 822 2048 852 sufficiat.
2071 822 2372 860 Augustinusss:1dem-

1351 887 1362 899 «
1378 872 1562 902 Firmissime
1586 875 1667 906 tene,
1691 870 1847 909 parvulos,
1870 871 1921 909 qui
1946 870 1991 900 vel
2016 870 2043 899 in
2059 871 2153 900 uteris
2169 874 2298 900 matrum
2314 879 2406 900 Dubium
2421 880 2441 901 5.

1346 922 1448 950 vivere
1472 920 1618 958 incipiunt
1641 922 1669 948 et
1692 919 1731 948 ibi
1755 919 1940 954 moriuntur,
1961 918 2007 948 vel
2024 918 2060 948 de
2077 918 2223 947 matribus
2239 918 2299 948 nati

1344 971 1409 999 sine
1441 970 1635 999 Sacramento
1669 967 1809 1005 baptismi
1834 967 1871 996 de
1893 967 1951 996 boc
1974 967 2095 997 saeculo
2128 971 2299 1001 transeunt,

1345 1022 1466 1048 aeterno
1489 1017 1639 1055 supplicio
1663 1015 1848 1054 puniendos,
1870 1016 1958 1053 quia,
1980 1016 2033 1045 etsi
2059 1019 2216 1054 peccatum
2234 1024 2300 1054 pro-

1347 1067 1432 1105 priae
1455 1066 1582 1095 actionis
1605 1073 1661 1094 non
1695 1063 1882 1098 habuerunt⁷
1905 1063 2050 1101 originale
2074 1068 2171 1093 tamen
2196 1072 2301 1102 peeca-

1348 1120 1409 1145 tum
1434 1117 1589 1144 traxcrunt
1612 1113 1725 1143 carnali
1748 1112 1988 1150 conceptione».
2012 1113 2048 1141 Et
2069 1113 2148 1142 sicut
2164 1112 2299 1151 parvuli,

1346 1164 1397 1202 qui
1414 1164 1478 1192 sine
1494 1163 1643 1200 baptismo
1667 1162 1851 1196 moriuntur,
1868 1169 1992 1191 numero
2010 1161 2173 1191 infidelium
2190 1161 2302 1190 adscri-

1346 1213 1476 1243 buntur:
1502 1212 1541 1241 ita
1557 1211 1608 1249 qui
1627 1210 1816 1248 baptizantur
1833 1209 1935 1249 fideles
1958 1213 2117 1245 vocantur⁷
2132 1210 2182 1248 qui
2200 1218 2216 1239 a
2233 1209 2301 1239 fide·
2316 1212 2407 1233 Dubium
2422 1213 2441 1233 ϋ-

1346 1259 1420 1289 Ιιιιιιι
1442 1260 1593 1288 consortio
1616 1267 1673 1288 non
1689 1261 1885 1296 separantur,
1908 1266 1976 1288 cum
1999 1262 2064 1288 orat
2086 1258 2221 1288 Ecclesia
2245 1266 2299 1296 pro

1347 1307 1487 1337 fidelibus
1508 1306 1666 1336 defunctis.
1690 1306 1807 1335 Fideles
1824 1306 1913 1344 igitur
1928 1309 1998 1335 sunt
2020 1315 2076 1336 non
2100 1310 2225 1345 propter
2242 1306 2300 1335 vir-

1348 1360 1457 1390 tutem,
1489 1355 1541 1385 sed
1576 1355 1644 1384 fidei
1676 1355 1915 1384 Sacramentum.
1952 1354 2037 1384 Unde
2074 1354 2380 1391 Augustiims⁷:1dem.

1351 1418 1363 1430 «
1380 1405 1559 1439 Parvulum,
1582 1404 1635 1433 etsi
1659 1398 1791 1433 nondum
1824 1403 1899 1432 fides
1932 1403 1997 1438 illa,
2024 1411 2103 1441 quae
2127 1403 2155 1432 in
2178 1403 2304 1432 creden-

1348 1454 1421 1483 tium
1446 1453 1599 1482 voluntate
1621 1452 1774 1487 consistit,
1798 1451 1856 1481 iam
1880 1455 1977 1480 tamen
2001 1451 2096 1490 ipsius
2117 1451 2185 1481 fidei
2202 1451 2305 1481 Sacra-

1350 1505 1501 1536 mentum,
1524 1501 1553 1530 id
1576 1504 1621 1530 est
1640 1501 1824 1539 baptismus,
1841 1500 1957 1530 fidelem
1981 1500 2069 1535 facit;
2092 1500 2171 1529 sicut
2186 1498 2304 1528 credere

1348 1550 1565 1588 respondetur,
1587 1549 1626 1579 ita
1649 1549 1738 1579 etiam
1759 1548 1859 1588 fidelis
1883 1552 2024 1584 vocatur,
2046 1556 2104 1578 non
2121 1556 2183 1578 rem
2208 1548 2304 1586 ipsam

1348 1603 1447 1629 mente
1479 1598 1654 1634 annuendo,
1688 1598 1740 1627 sed
1764 1598 1859 1636 ipsius
1881 1598 1924 1627 rei
1953 1597 2180 1627 Sacramentum
2212 1597 2306 1635 perci-

1348 1646 1460 1685 piendo
1477 1659 1503 1675 ».

1765 1743 1833 1773 CAP.
1857 1743 1891 1772 V.

1433 1841 1513 1878 Quid
1530 1840 1631 1880 prosit
1653 1839 1820 1880 baptismus
1842 1849 1910 1870 cum
1929 1839 1989 1879 fide
2011 1839 2226 1870 accedentibus.

1432 1940 1514 1969 Solet
1546 1939 1635 1969 etiam
1669 1939 1773 1977 quaeri
1806 1938 1844 1967 de
1874 1938 1932 1967 illis
1963 1938 2014 1976 qui
2046 1938 2103 1967 iam
2127 1937 2305 1967 sanctificati

1352 1988 1462 2027 spiritu
1491 1996 1559 2018 cum
1593 1987 1651 2017 fide
1674 1991 1702 2017 et
1724 1987 1850 2016 caritate
1871 1986 1909 2016 ad
1931 1986 2114 2025 baptismum
2141 1985 2307 2021 accedunt,

1352 2037 1426 2076 quid
1449 2037 1492 2067 eis
1524 2036 1657 2066 conferat
1690 2035 1868 2074 baptismus.
1899 2034 1980 2064 Nihil
2014 2034 2092 2064 onim
2124 2034 2243 2064 videtur
2265 2033 2308 2063 eis

1353 2090 1524 2124 praestare,
1547 2094 1631 2122 cum,
1648 2093 1702 2123 per
1718 2084 1806 2114 tidem
1823 2087 1851 2113 et
1866 2083 2075 2113 contritionem
2099 2083 2157 2112 iam
2174 2083 2307 2112 remissis

1353 2135 1501 2174 peccatis,
1518 2134 1670 2164 iustificati
1693 2134 1762 2163 sint.
1783 2149 1823 2155 —
1845 2132 1889 2162 Ad
1912 2132 1994 2171 quod
2015 2140 2087 2162 sane
2109 2131 2169 2161 dici
2193 2134 2307 2170 potest,
2322 2132 2437 2180 Qgigquffi-

1354 2192 1404 2213 eos
1427 2183 1550 2222 quidem
1573 2192 1627 2222 per
1650 2183 1738 2212 fidem
1762 2185 1791 2211 et
1813 2181 2022 2211 contritionem
2057 2180 2249 2215 iustificatos,
2279 2180 2307 2209 id
2358 2175 2363 2179 ⁸
2397 2173 2413 2179 ⁴'

1354 2236 1398 2262 est
1420 2241 1435 2262 a
1459 2232 1576 2262 macula
1607 2232 1723 2270 peccati
1758 2234 1901 2269 purgatos
1930 2234 1959 2259 et
1987 2238 2003 2259 a
2033 2229 2135 2259 debito
2168 2232 2309 2259 aeternae

1353 2288 1469 2318 poenae
1491 2279 1662 2315 absotutos‚
1679 2282 1777 2308 tamen
1794 2278 1894 2307 adbuc
1911 2277 2003 2307 teneri
2021 2277 2224 2307 satisfactione
2241 2280 2309 2306 tem-

1354 2329 1467 2367 porali,
1491 2329 1561 2367 quia
1584 2328 1772 2366 poenitentes
1793 2326 1924 2364 ligantur
1946 2326 1974 2356 in
1998 2326 2143 2356 Ecclesia.
2166 2325 2238 2355 Cum
2261 2334 2310 2355 au-

1354 2381 1413 2407 tem
1431 2377 1613 2415 baptismum
1631 2376 1816 2414 percipiunt,
1832 2378 1858 2405 et
1877 2384 1893 2405 a
1909 2375 2056 2413 peccatis,
2072 2375 2096 2404 si
2114 2382 2172 2413 qua
2189 2373 2308 2403 interim

1355 2430 1423 2465 post
1438 2426 1665 2455 conversionem
1683 2427 1915 2458 contraxerunt,
1936 2423 2119 2453 mundantur
2134 2426 2163 2452 et
2178 2422 2216 2452 ab
2232 2425 2311 2451 exte-

1355 2475 1425 2505 riori
1443 2474 1647 2504 satisfactione
1662 2473 1877 2510 absolvuntur,
1900 2477 1929 2502 et
1943 2473 2038 2510 gratia
2056 2472 2187 2502 adiutrix
2203 2471 2308 2500 omnis·

1356 2532 1415 2562 que
1432 2523 1526 2561 virtus
1541 2526 1677 2560 augetur,
1694 2526 1726 2551 ut
1742 2529 1812 2551 vere
1827 2530 1923 2550 novus
1939 2520 2027 2550 homo
2044 2523 2115 2549 tune
2130 2519 2188 2549 dici
2207 2519 2309 2558 possit.

1356 2573 1464 2602 Fomes
1486 2579 1607 2610 quoque
1630 2571 1746 2609 peccati
1772 2571 1800 2600 in
1824 2578 1859 2600 eo
1882 2569 2013 2608 amplius
2035 2569 2218 2598 debilitatur.
2241 2567 2309 2597 ldeo

1358 2620 1579 2659 Hieronymus8
1603 2620 1691 2655 dicit,
1715 2619 1794 2658 quod
1818 2619 1907 2654 tides,
1932 2626 2009 2657 quae
2037 2617 2139 2647 fideles
2166 2618 2252 2651 facit,
2279 2617 2467 2652 inntemnyums.

1358 2669 1445 2708 aquis
1468 2669 1609 2707 baptismi
1633 2668 1722 2698 datur
1745 2668 1791 2697 vel
1825 2667 1974 2703 nutritur3
2004 2667 2074 2705 quia
2099 2674 2156 2695 non
2188 2665 2309 2695 babenti

1359 2718 1522 2757 aliquando
1540 2718 1578 2747 ibi
1596 2717 1700 2753 datur,
1717 2721 1745 2747 et
1762 2717 1819 2746 iam
1844 2716 1983 2752 habenti,
2006 2719 2038 2745 ut
2060 2715 2179 2753 plenius
2202 2714 2312 2744 babea-

1360 2770 1416 2801 tur,
1433 2766 1529 2795 datur.
1555 2766 1603 2795 Sic
1627 2769 1655 2794 et
1676 2765 1712 2795 de
1735 2765 1801 2795 aliis
1824 2763 2049 2802 intelligendum
2073 2766 2125 2792 est.

414 2920 419 2935 1
442 2920 529 2944 Glossa
551 2920 575 2943 ιιι
597 2918 673 2943 llebr.
694 2919 723 2948 Γ),
749 2919 767 2942 t.
789 2918 858 2949 apud
888 2918 1032 2947 Lyranutm
1062 2916 1185 2941 sententia
1210 2918 1293 2939 sumta

341 2970 378 2989 est
398 2972 427 2989 ex
449 2964 554 2988 itabant»
575 2965 598 2987 in
620 2964 687 2987 bunc
708 2963 800 2987 locunt.
822 2976 855 2980 —-
876 2962 981 2986 inferius
1011 2961 1066 2985 Vat.
1097 2967 1155 2984 cum
1176 2959 1295 2990 pluribus

343 3009 402 3034 edd.
424 3016 471 3039 pro
487 3007 570 3033 rit-tas
590 3009 614 3032 et
634 3008 705 3038 ponit.
726 3006 823 3037 sistas,
840 3006 866 3031 [tl
880 3007 929 3036 est,
944 3009 968 3030 et
982 3005 1074 3030 deinde
1090 3008 1147 3036 post
1163 3003 1294 3036 poenitat-

344 3053 406 3078 liam
428 3052 487 3077 edd.
513 3053 531 3082 1,
554 3053 577 3082 Q,
599 3053 622 3080 3,
643 3051 667 3081 7,
688 3051 701 3071 R
722 3052 839 3075 omittunt
860 3049 978 3075 interius.

414 3097 423 3112 ‘2
445 3097 526 3121 Locus
542 3097 565 3119 in
581 3097 688 3125 August.
702 3101 749 3118 non
764 3099 800 3118 ost
814 3102 826 3118 a
843 3094 916 3119 nobis
927 3096 1058 3123 inu—ntus3
1070 3093 1115 3117 sed
1127 3092 1197 3123 apud
1209 3092 1295 3123 llugo-

346 3148 403 3165 nem
425 3141 451 3169 (l.
473 3140 504 3164 (le
525 3141 638 3164 Sacram.
658 3146 682 3169 p.
705 3138 745 3162 tx.
768 3146 790 3162 e.
810 3138 844 3169 Ξῖ.)
864 3142 902 3163 est
915 3138 1038 3162 sententia
1053 3136 1150 3161 similis.
1164 3149 1199 3153 -—
1212 3136 1295 3160 Locus

345 3185 492 3215 scripturae
512 3187 549 3208 est
570 3184 634 3207 ioan.
660 3183 696 3213 tt,
718 3182 759 3206 ⁴253,

415 3228 425 3243 3
445 3228 582 3258 (fulgent.)
603 3227 635 3251 ‹le
656 3226 715 3250 Fide
736 3226 768 3250 ad
790 3226 852 3250 l‘etr.
873 3234 894 3250 (κ
915 3227 937 3250 3,
960 3233 983 3250 ιι.
999 3225 1044 3256 43,
1066 3225 1108 3249 ubi
1124 3225 1215 3249 citatur
1229 3224 1294 3248 loan.

345 3272 368 3302 3,
389 3272 412 3296 ij.
434 3285 466 3288 —
487 3271 544 3302 ἔθει.
565 3271 637 3295 locus
656 3273 694 3294 est
714 3271 736 3293 in
752 3270 817 3294 libro
832 3270 955 3295 tiennadii
969 3269 1001 3294 de
1015 3269 1157 3294 Ecclesiast.
1179 3268 1295 3299 Dogmat.

346 3323 366 3341 c.
389 3316 429 3343 -ιι,
449 3320 473 3340 et
492 3315 518 3339 C.
546 3314 768 3340 Caret-immnuta„
799 3315 871 3345 (ζῆ),
902 3315 934 3339 tle
962 3314 1107 3339 Consecrat.
1134 3313 1191 3337 dist.
1219 3312 1242 3336 4..
1262 3325 1296 3329 —-

346 3361 448 3385 Tertius
468 3360 540 3384 locus
559 3364 595 3383 est
616 3358 677 3383 ibid.
699 3359 776 3389 paulo
796 3360 924 3389 superius.

416 3403 425 3419 ⁴
446 3403 509 3428 Edd.
529 3404 606 3428 solae.
636 3406 740 3433 excepta
775 3404 801 3434 ι,
831 3403 931 3427 addunt
956 3401 1118 3436 baptizandi.

1428 2915 1438 2930 5
1457 2914 1525 2939 Libr.
1547 2915 1581 2938 lll.
1603 2914 1750 2945 Quaestion.
1777 2913 1800 2937 in
1831 2912 1994 2936 Pentateucb.
2024 2918 2048 2943 q.
2070 2910 2112 2934 at.
2142 2910 2233 2938 (Lexit.
2264 2909 2311 2939 21,

1363 2958 1419 2989 tol).
1441 2959 1482 2982 Est
1500 2959 1576 2983 etiam
1597 2957 1667 2988 apud
1689 2957 1818 2987 Lyranum
1839 2955 1901 2980 ibid.
1922 2963 1946 2979 v.
1973 2955 2010 2979 12.
2031 2969 2064 2971 —
2080 2954 2186 2978 inferius
2206 2953 2313 2984 respici-

1360 3006 1437 3027 untur
1456 3004 1508 3026 Aet.
1535 3003 1572 3033 10,
1594 3001 1634 3026 44.
1655 3008 1727 3033 seqq.
1748 3004 1771 3025 et
1792 3001 1815 3031 8,
1841 3000 1877 3024 13.
1899 3006 1972 3031 seqq.

1427 3046 1438 3062 ὅ
1458 3047 1493 3071 De
1514 3046 1563 3071 tide
1583 3046 1615 3070 ad
1646 3047 1709 3070 l’etr.
1730 3052 1750 3069 c.
1772 3045 1813 3069 27.
1843 3051 1867 3068 n.
1898 3043 1939 3074 70,
1960 3047 1984 3068 et
2012 3042 2038 3068 C.
2068 3040 2233 3068 Firmissime
2258 3042 2313 3066 lene

1326 3087 1327 3091 ¹
1360 3091 1415 3121 (3.),
1437 3090 1468 3114 dc
1488 3089 1635 3115 Consecrat.
1656 3089 1712 3114 dist.
1734 3089 1758 3113 [ι.

1428 3134 1438 3149 ⁷
1458 3135 1535 3165 Epist.
1557 3135 1597 3158 (αθ.
1619 3133 1692 3165 (alias
1712 3134 1764 3163 ⁴23.)
1785 3132 1818 3157 ad
1847 3132 1959 3156 Bonifae.
1980 3138 2003 3156 n.
2026 3131 2066 3162 ftO,
2087 3134 2111 3155 et
2131 3129 2157 3154 C.
2184 3128 2258 3155 Nihil
2277 3129 2314 3153 est

1359 3177 1434 3203 allud
1452 3178 1525 3209 (76.)‚
1552 3177 1584 3202 de
1604 3177 1750 3202 Consecrat.
1771 3176 1828 3201 dist.
1850 3176 1880 3206 ιι,
1901 3176 1925 3200 ιιι
1955 3182 2007 3207 quo
2027 3177 2095 3199 textu
2118 3174 2172 3198 Vat.
2194 3177 2216 3197 et
2237 3172 2277 3197 ed.
2299 3173 2312 3196 8

1360 3229 1419 3247 cum
1439 3222 1556 3252 originali
1578 3222 1685 3252 August.
1706 3221 1805 3245 addunt
1824 3227 1888 3245 nam
1908 3222 1965 3244 ante
1985 3218 2061 3245 sicut,

1429 3265 1440 3281 ⁸
1460 3267 1509 3290 lam
1531 3265 1588 3290 eod.
1610 3265 1658 3289 lirf.
1679 3268 1794 3293 annotat,
1816 3265 1884 3289 bunc
1905 3264 1990 3288 locum
2011 3269 2060 3287 non
2081 3262 2190 3286 inveniri
2211 3262 2234 3285 in
2260 3261 2314 3285 [lie-

1361 3317 1478 3342 ronymo.
1498 3323 1533 3328 —
1553 3310 1658 3333 inferius
1678 3316 1725 3339 pro
1745 3308 1884 3338 habeatem
1904 3307 1986 3333 datm·
2005 3306 2073 3337 edd,
2100 3309 2205 3336 excepta
2230 3305 2248 3335 t,
2270 3303 2313 3329 ltd-

1362 3354 1431 3385 θεαί,
1456 3354 1545 3379 datur.
1568 3368 1599 3371 —
1620 3353 1653 3378 lbi
1675 3354 1812 3384 respicitur
1833 3353 1916 3377 Mattb.
1938 3352 1978 3382 25,
2000 3352 2040 3376 Ξῖ).
