2483 3882
323 2658 359 2679 Ad
373 2659 457 2685 opposi-

367 2687 416 2705 tum.

489 224 552 256 574

807 433 1299 489 COMMENTARIUS
1338 435 1407 489 IN
1444 436 1937 493 DISTINOTIONEM
1973 441 2133 496 XXII.

1144 565 1194 602 De
1223 565 1348 603 damno
1378 566 1600 604 consessionis
1630 568 1788 606 omissae.

1247 226 1530 259 SENTENTIARUM
1555 227 1622 259 LIB.
1646 229 1692 260 lv.

955 682 1099 725 Cumque
1123 683 1235 715 multis
1260 685 1516 717 auctoritatibus
1539 696 1646 728 snpra
1669 687 1712 719 sit
1735 692 1900 720 assertum
1925 694 1983 722 etc.

1310 809 1447 841 DIVISIO
1471 811 1625 843 TEXTUS.

570 915 601 947 ln
626 915 781 956 particula
804 917 1004 958 praecedenti
1030 918 1093 959 egit
1122 919 1266 960 Magister
1290 919 1329 951 de
1353 920 1434 951 utili-

478 970 541 999 tate
566 967 767 1000 confessionis
792 972 875 1001 recte
899 969 1006 1002 factae.
1039 970 1071 1001 ln
1106 970 1163 1002 liae
1187 975 1275 1012 parte
1299 972 1362 1013 agit
1394 972 1433 1004 de

480 1020 595 1051 damno
623 1021 825 1054 confessionis
856 1022 999 1054 omissae.
1032 1023 1118 1055 Unde
1150 1024 1290 1065 quaerit,
1324 1030 1431 1056 utrum

479 1076 608 1114 propter
632 1073 832 1106 omissionem
858 1075 1059 1107 confessionis
1084 1075 1214 1107 redeant
1240 1080 1365 1117 peccata
1391 1077 1434 1109 di-

479 1125 584 1157 missa.
610 1126 644 1157 Et
668 1126 762 1158 habet
798 1127 874 1159 haec
910 1136 983 1169 pars
1019 1133 1154 1169 quatuor
1186 1129 1366 1169 particulas.
1400 1130 1431 1161 In

478 1178 580 1219 prima
605 1183 709 1211 movet
734 1180 958 1221 quaestionem.
991 1180 1024 1211 In
1058 1181 1196 1213 secunda
1225 1183 1312 1223 ponit
1335 1192 1431 1215 unam

478 1231 656 1272 opinionem
681 1241 753 1263 cnm
778 1241 836 1264 sua
860 1232 1115 1271 confirmatione,
1134 1234 1192 1266 ibi:
1214 1234 1279 1274 inz'
1293 1244 1370 1267 vero
1387 1235 1433 1267 di-

477 1288 574 1322 cum,
595 1289 733 1325 peccata
757 1285 898 1317 dimissa
922 1290 979 1318 etc.
1005 1286 1037 1317 ln
1062 1287 1153 1319 tertia
1175 1287 1267 1319 solvit
1291 1297 1372 1330 quae
1390 1289 1432 1320 vi-

476 1337 591 1369 dentur
615 1337 716 1369 facere
742 1341 850 1370 contra
874 1339 1067 1379 praedictam
1093 1340 1264 1379 rationem,
1283 1340 1341 1372 ibi:
1360 1341 1430 1373 Illis

474 1390 731 1422 [auctoritatibus
756 1391 955 1423 innituntur.
974 1392 1004 1423 In
1023 1396 1136 1434 quarta
1154 1394 1239 1435 ponit
1256 1394 1348 1426 aliam
1367 1395 1430 1436 opi—

474 1442 616 1481 nionem,
642 1442 703 1475 ihi:
730 1443 794 1475 Sed
816 1443 897 1486 quia
920 1443 1081 1476 absonum
1113 1445 1263 1484 videtur,
1297 1450 1334 1478 ut
1359 1456 1430 1488 pec-

2480 832 2483 847 l

2480 852 2482 871 l

1498 925 1575 953 cata.
1603 925 1678 961 ete,
1708 922 1762 954 ubi
1794 924 1880 965 ponit
1910 924 2004 956 aliam
2037 925 2213 967 opinionem
2246 928 2344 970 magis
2376 933 2450 962 tem-
2480 922 2483 947 ¹

1498 977 1648 1014 peratam.
2482 988 2483 1020 l

1589 1026 1668 1058 Post
1687 1028 1863 1068 praedicta
1886 1033 1988 1061 restat
2013 1030 2221 1076 investigare.
2246 1033 2324 1066 Haec
2341 1038 2387 1066 est
2404 1035 2451 1066 ul·

1498 1079 1574 1111 tima
1598 1089 1672 1121 pars
1694 1080 1790 1113 huius
1814 1082 1929 1122 partis,
1954 1082 1985 1114 in
2010 1092 2073 1124 qna
2096 1085 2159 1125 agit
2183 1085 2221 1117 de
2244 1086 2447 1127 poenitentia,
2481 1086 2483 1131 i

1498 1132 1671 1163 secundum
1697 1133 1780 1174 quod
1807 1134 1900 1166 hahet
1924 1135 2075 1167 rationem
2100 1137 2196 1178 signi,
2222 1147 2302 1179 quae
2324 1139 2382 1171 fuit
2406 1140 2448 1172 di·
2482 1135 2483 1174 i

1498 1184 1563 1216 visa
1587 1188 1695 1216 contra
1720 1189 1814 1217 totam
1841 1191 1961 1227 partem
1976 1187 1992 1218 ¹.
2018 1189 2096 1220 Sunt
2112 1193 2216 1221 autem
2236 1191 2266 1222 in
2284 1191 2342 1224 hac
2359 1196 2447 1233 parte
2482 1191 2483 1241 ᾗ

1497 1237 1578 1269 dnae
1592 1237 1764 1278 particulae
1778 1239 1952 1271 secundum
1970 1240 2128 1281 duplicem
2146 1242 2334 1283 opinionem,
2351 1254 2445 1286 quam
2482 1245 2483 1275 l

1497 1290 1599 1330 ponit,
1616 1290 1691 1331 quid
1718 1291 1757 1323 sit
1779 1291 1809 1322 in
1835 1292 2023 1332 poenitentia
2045 1293 2187 1335 signum,
2204 1296 2325 1337 etquid
2348 1297 2448 1338 signa-

1496 1346 1573 1374 tum.
1599 1343 1733 1375 Primam
1758 1344 1844 1385 ponit
1868 1345 1930 1376 ibi:
1956 1346 2035 1378 Post
2055 1347 2230 1388 praedicta
2263 1353 2365 1381 restat
2388 1354 2445 1383 etc.

1496 1395 1670 1427 Secundam
1696 1396 1758 1428 ibi:
1787 1397 1931 1436 Quidem.
1955 1403 2065 1430 autem
2095 1399 2227 1438 dicunt,
2252 1402 2446 1434 exteriorem

1492 1448 1725 1489 poenitentiam
1749 1452 1805 1481 etc.

1211 1570 1420 1603 TRACTATIO
1445 1572 1718 1612 QUAESTlONUM.

564 1678 607 1710 Ad
644 1678 880 1720 intelligentiam
916 1680 1091 1721 praesentis
1127 1680 1334 1714 distinctionis
1370 1682 1430 1714 tria

474 1730 689 1772 principaliter
714 1736 922 1773 quaeruntur.

565 1783 666 1815 Primo
691 1785 855 1826 quaeritur
886 1790 1040 1827 qnantum
1073 1786 1114 1818 ad
1142 1787 1277 1828 primam
1307 1791 1428 1830 partem

474 1835 513 1867 de
539 1836 644 1868 reditu
668 1837 797 1877 peccati.

563 1889 705 1921 Secundo
730 1890 894 1931 quaeritur
918 1891 957 1923 de
981 1892 1172 1933 poenitentia
1193 1893 1223 1924 in
1242 1892 1361 1925 ratione
1378 1894 1428 1925 Sa-

473 1942 643 1980 cramenti‚
667 1946 697 1974 et
721 1942 780 1974 hoc
804 1947 957 1984 qnantum
982 1944 1022 1976 ad
1047 1945 1217 1977 secundam
1243 1949 1375 1988 partem.

1585 1684 1688 1715 Tertio
1712 1684 1752 1716 ad
1777 1684 2014 1727 intelligentiam
2032 1688 2127 1720 totius
2143 1689 2242 1730 partis
2259 1691 2447 1731 praeceden-

1494 1736 1533 1767 tis
1557 1737 1722 1777 quaeritur
1746 1737 1785 1769 de
1810 1738 1999 1779 poenitentia
2023 1740 2054 1772 in
2079 1741 2199 1773 ratione
2223 1742 2427 1775 fundamenti.

1583 1790 1741 1830 Quantum
1766 1791 1805 1822 ad
1830 1791 1968 1832 primum
1993 1798 2191 1834 quaeruntur
2216 1795 2288 1827 duo.

1582 1842 1684 1874 Primo
1708 1843 1889 1885 quaeritur,
1913 1849 2022 1877 utrum
2047 1850 2174 1887 peccata
2198 1848 2328 1880 redeant
2349 1858 2446 1890 quan-

1494 1897 1559 1926 tum
1584 1895 1623 1927 ad
1651 1896 1816 1928 maculam.

1581 1948 1741 1988 Secundo,
1766 1953 1874 1982 utrum
1900 1951 2030 1984 redeant
2054 1956 2207 1994 quantum
2231 1954 2270 1987 ad
2296 1959 2428 1988 reatum.

1302 2070 1567 2109 ARTICULUS
1592 2073 1617 2109 I.

1285 2173 1329 2204 De
1359 2173 1469 2205 reditu
1496 2174 1633 2215 peccati.

1348 2284 1531 2325 QUAESTIO
1556 2285 1576 2317 Ι.

929 2379 1046 2411 [strum
1069 2385 1204 2421 peccata
1228 2381 1369 2414 dimissa
1392 2382 1529 2414 redeant
1552 2388 1714 2426 quamam
1740 2385 1785 2416 ad
1808 2385 1988 2418 maculam.

561 2488 649 2528 Quod
674 2492 780 2520 autem
805 2489 936 2521 redeant
959 2494 1113 2531 quantum
1138 2491 1177 2523 ad
1199 2491 1368 2531 maculam,
1385 2492 1427 2524 vi-

471 2540 574 2572 detur.

563 2594 590 2624 l.
617 2593 737 2626 Primae
762 2594 841 2627 Petri
867 2595 1023 2636 quarto²z

473 2645 644 2678 titudinem
666 2652 902 2688 peccatorum;
926 2648 981 2680 sed
1006 2653 1126 2681 remoto
1150 2651 1359 2691 operimento,
1379 2661 1425 2683 re-

472 2702 576 2730 manet
600 2702 629 2730 et
652 2704 783 2741 apparet
808 2700 886 2732 illud
911 2701 994 2742 quod
1020 2702 1276 2743 cooperiebatur:
1299 2703 1323 2735 si
1349 2713 1424 2745 ergo

471 2754 633 2790 peccatum
659 2760 793 2793 sequens
811 2756 951 2785 removet
975 2754 1154 2793 caritatem⁷
1173 2755 1312 2794 videtur,
1337 2757 1421 2798 quod

471 2806 597 2843 peccata
630 2813 685 2844 per
716 2805 816 2845 ipsam
849 2805 979 2837 dimissa
1010 2806 1082 2838 facit
1111 2807 1141 2838 in
1174 2812 1343 2849 conspectu
1367 2809 1421 2841 Dei

470 2865 624 2897 apparere
648 2860 678 2888 et
702 2866 779 2889 esse.

560 2910 589 2940 2.
614 2909 708 2948 Item,
740 2910 821 2942 sicut
854 2919 886 2942 se
920 2910 1013 2943 habet
1044 2912 1137 2953 culpa
1169 2912 1209 2944 ad
1234 2914 1421 2946 mortifican-

469 2961 560 3000 dum,
592 2961 635 2993 ita
666 2971 699 2994 se
731 2962 825 2994 habet
857 2963 970 2995 caritas
1002 2963 1041 2995 ad
1074 2964 1316 3004 vivificandum,
1341 2969 1371 2998 et
1403 2975 1419 2998 e

470 3022 638 3052 conver503
655 3014 708 3046 sed
734 3015 847 3047 caritas
865 3015 1062 3057 subsequens
1086 3016 1223 3048 vivificat
1248 3026 1344 3058 opera
1360 3027 1418 3050 sua

1056 2596 1191 2628 Caritas
1215 2597 1321 2638 operit
1343 2598 1426 2629 mul·
1470 2599 1480 2604 ⁴

1492 2494 1715 2526 mortificata³z
1740 2504 1815 2536 ergo
1844 2496 1911 2537 pari
1937 2497 2056 2530 ratione
2086 2498 2178 2540 culpa
2203 2508 2337 2541 sequens
2368 2502 2443 2535 facit

1490 2546 1595 2578 redire
1621 2547 1701 2579 mala
1726 2548 1815 2589 prius
1839 2548 1950 2581 deleta.

1579 2599 1606 2631 3.
1634 2600 1728 2639 nem,
1754 2602 1869 2641 peccati
1895 2602 2009 2634 deletio
2033 2607 2080 2635 est
2097 2603 2225 2636 effectus
2249 2606 2367 2646 gratiae
2385 2606 2436 2639 im-

1489 2652 1658 2690 mediatus3
1683 2654 1737 2685 sed
1763 2658 1883 2686 remota
1900 2664 1994 2687 causa
2020 2657 2166 2697 proxima
2187 2661 2217 2690 et
2241 2659 2434 2699 immediata,

1489 2709 1669 2737 removetur
1697 2706 1825 2738 effectus
1843 2707 1870 2739 ⁴:
1896 2716 1970 2749 ergo
2003 2713 2122 2741 remota
2154 2711 2267 2751 gratia,
2293 2712 2437 2753 privatur

1486 2758 1600 2790 deletio
1617 2759 1737 2800 culpae.
1755 2759 1783 2791 Si
1809 2769 1883 2801 ergo
1901 2765 2063 2802 peccatum
2080 2763 2212 2803 gratiam
2238 2765 2355 2805 privat,
2380 2775 2439 2807 per

1487 2811 1577 2843 cuius
1601 2815 1704 2843 actum
1730 2816 1776 2844 est
1800 2813 1913 2845 deletio
1936 2815 2071 2855 peccati:
2090 2824 2164 2857 ergo
2188 2821 2313 2858 peccata
2330 2819 2454 2860 priora,

1486 2867 1648 2895 remanent
1673 2864 1816 2897 indeleta.

1574 2916 1604 2947 li.
1630 2916 1721 2954 ltem‚
1738 2917 1796 2949 ista
1813 2918 1876 2950 duo
1893 2922 1983 2957 sunt,
2000 2929 2080 2960 quae
2102 2930 2157 2962 per
2179 2921 2304 2963 culpam
2326 2923 2433 2955 consti-

1484 2968 1646 3006 tunniur⁵‚
1664 2969 1780 3001 scilicet
1797 2970 1977 3003 deformitas
1994 2976 2023 3004 et
2040 2973 2196 3014 pronitas;
2214 2974 2269 3006 sed
2288 2975 2433 3016 possibile

1482 3024 1545 3058 est,
1563 3024 1689 3061 peccata
1713 3022 1819 3062 priora
1836 3023 1939 3055 redire
1960 3029 2112 3066 quantum
2138 3026 2177 3058 ad
2203 3027 2429 3060 deformitatem
2482 3019 2483 3022 ¹

539 3180 546 3196 ¹
569 3182 651 3212 Supra
672 3182 695 3207 d.
712 3183 752 3207 ν17.
773 3190 797 3214 p.
814 3184 828 3207 l.
846 3183 938 3209 (liez'slo
959 3186 1055 3210 leoetus.
1076 3186 1201 3217 Superius
1219 3186 1278 3212 edd.
1299 3190 1324 3212 et
1343 3187 1418 3213 codd.

469 3224 530 3249 salso
561 3224 649 3251 minus
678 3227 849 3259 comperamm
877 3235 924 3259 pro
950 3228 1037 3262 vidais
1062 3230 1256 3262 tempel·ctl[1m;
1282 3231 1328 3256 csr.
1355 3232 1418 3256 infra

468 3274 490 3291 a.
515 3268 532 3291 1.
554 3275 577 3299 q.
600 3269 622 3293 rl.
642 3270 766 3295 indicium
786 3271 818 3296 (le
840 3272 862 3296 2.
883 3273 1011 3303 opinione.

539 3310 549 3326 2
569 3311 641 3336 Vers.
662 3314 685 3337 8.

539 3353 550 3369 ³
567 3353 616 3379 Csr.
637 3362 715 3386 snpra
740 3357 763 3381 d.
789 3357 825 3382 14.
846 3366 869 3389 p.
892 3360 916 3384 ll.
943 3367 964 3385 a.
986 3361 1008 3385 2.
1031 3368 1054 3393 q.
1082 3362 1104 3386 3.
1125 3375 1160 3380 —
1180 3363 1236 3388 Post
1262 3370 1343 3396 opera
1368 3370 1418 3389 seia

1484 3188 1575 3216 (codd.
1602 3190 1678 3215 FUZ
1704 3192 1823 3217 omittunt
1847 3199 1913 3224 sica,
1942 3200 1989 3225 pro
2016 3201 2068 3226 quo
2088 3194 2165 3220 codd.
2191 3195 2325 3221 ElllWaa
2351 3195 2433 3228 bona)
2482 3186 2483 3190 Ἰ

1483 3232 1541 3257 edd.
1563 3233 1661 3258 addunt
1679 3234 1766 3267 prius.

1554 3276 1563 3292 ⁴
1585 3278 1648 3303 Vide
1668 3286 1746 3309 supra
1766 3286 1825 3310 pag.
1846 3279 1909 3311 493,
1930 3284 1987 3305 nota
2008 3282 2032 3305 6.

1553 3320 1563 3336 ⁵
1583 3322 1615 3345 lta
1636 3322 1710 3347 codd.
1731 3324 1786 3348 KM
1799 3324 1887 3356 RST,
1909 3325 1934 3349 in
1954 3325 2009 3350 aliis
2033 3328 2057 3350 et
2083 3326 2142 3351 edd.
2163 3327 2248 3352 minus
2272 3327 2339 3352 bene
2364 3334 2429 3360 quae
2481 3339 2482 3349 ι

1482 3363 1590 3397 culpam
1609 3365 1780 3392 constituunt.
