2483 3882
716 250 808 282 DlST.
833 249 941 282 XLVll.
966 249 1047 281 ΛΒΤ.
1072 248 1104 280 ΙΙ.
1130 247 1282 289 QUAEST.
1307 247 1326 279 Ι.

39 343 124 379 reat;
141 340 185 372 sic
201 339 352 372 iudicium
370 339 553 380 angelorum
571 341 602 370 et
618 337 835 371 condemnatio
853 336 918 369 fieri
936 337 985 369 de-

39 393 98 426 bet.
130 410 174 415 ——
206 391 248 423 Ex
283 395 372 432 parte
400 391 529 433 ylom'ae
562 389 703 422 Christi:
736 390 809 431 quia
842 389 986 422 Christus

38 444 245 486 triumphavit
275 443 314 476 de
338 443 462 475 diabolo
486 447 516 475 et
540 442 696 475 iudicatus
719 442 778 474 fuit
801 451 819 474 a
845 441 986 474 membro

38 497 150 531 diaboli
168 500 199 529 et
221 496 261 528 ad
286 496 515 538 suggestionem
541 495 627 534 eius3
651 495 721 527 ideo
739 495 831 527 debet
855 494 987 527 auctori-

38 554 131 583 tatem
156 549 332 582 iudicialem
358 557 454 589 super
479 548 583 589 ipsum
607 548 757 589 accipere.
775 567 819 571 -
837 548 880 580 Ex
898 550 987 589 parte

38 601 165 635 meriti:
190 601 264 643 quia
287 601 369 633 enim
399 600 568 642 participes
592 600 720 632 fuerunt
743 600 855 642 culpae
879 600 987 632 liuma-

38 663 112 693 nae,
137 654 252 686 debent
274 657 304 686 et
320 652 487 695 participes
504 661 572 684 esse
589 652 796 684 contumeliae
813 656 843 684 et
859 661 986 693 poenae.

39 726 78 730 ——
104 707 147 739 Ex
181 710 269 748 parte
300 705 457 747 supplicii
487 705 762 737 consummandi.-
796 705 876 737 sicut
903 704 986 736 enim

36 769 144 793 omnes
168 759 310 791 homines
333 762 516 800 exspectant
541 757 692 790 iudicium
717 757 766 789 vel
788 758 827 789 ad
845 766 988 790 consum-

39 812 203 845 mationem
234 812 368 854 gloriae,
392 811 439 844 vel
466 819 605 853 poenae;
629 810 672 843 sic
696 814 726 842 et
751 810 920 843 daemones
944 810 988 842 iu-

38 864 155 898 dicium
186 873 246 896 non
280 864 395 896 debent
424 863 580 901 evadere3
606 866 639 894 ut
663 862 688 895 si
712 862 789 904 quid
814 871 986 904 poenarum

38 918 83 950 eis
106 917 210 955 deest,
242 916 427 958 suppleatur
460 915 561 957 plene.
591 915 677 947 Unde
701 914 926 947 involventur¹
953 914 989 947 si-

39 970 104 1002 mul
128 979 200 1002 cum
225 969 381 1002 damnatis
404 972 434 1000 et
459 968 553 1000 simul
570 967 862 1006 incarcerabuntur,
879 976 915 999 ac
932 976 988 1009 per

38 1024 97 1056 hoc
120 1023 159 1055 ad
185 1023 335 1055 iudicium
370 1021 568 1054 deducentur
592 1023 622 1053 et
647 1020 882 1059 iudicabuntur,
907 1020 988 1053 sicut

40 1075 174 1108 rationes
198 1075 375 1107 ostendunt.

130 1129 156 1159 1.
182 1129 212 1159 Ξ.
236 1127 279 1159 Ad
304 1126 381 1160 illud
414 1135 490 1168 ergo
513 1127 596 1168 quod
622 1126 784 1165 obiicitur,
810 1126 893 1168 quod
927 1126 988 1157 iam

1937 239 1999 277 975

1050 336 1206 369 iudicatus
1237 339 1300 374 est3
1332 335 1518 374 dicendum,
1551 334 1635 376 quod
1677 334 1845 366 iudicatus
1874 333 2160 393 dicitur,p{gitffirign3›p-

1050 390 1124 430 quia
1150 392 1284 430 potestas
1307 392 1354 421 est
1377 388 1403 420 ei
1429 387 1535 430 aliquo
1559 387 1652 419 modo
1669 387 1829 419 subtracta
1846 389 2000 427 quantum
2137 381 2140 386 '

1051 442 1090 473 ad
1117 442 1229 480 bonos,
1254 441 1309 473 sed
1334 450 1394 472 non
1418 440 1554 472 omnino.
1580 439 1650 472 ldeo
1674 442 1812 481 oportet,
1835 441 1909 470 tunc
1933 438 2001 470 eius

1051 494 1203 526 iudicium
1228 493 1458 532 consummari,
1490 493 1570 525 sicut
1604 491 1716 534 [πὶιῑε2
1749 492 1787 524 de
1820 490 2001 523 infidelibus

1051 549 1168 578 tactum
1194 549 1248 578 est.

1141 598 1169 631 3.
1195 599 1236 631 Ad
1263 598 1340 631 illud
1366 598 1449 640 quod
1474 598 1638 637 obiicitur,
1663 598 1747 640 quod
1772 606 1832 629 uon
1858 600 1905 629 est
1932 597 2004 629 affe-

1052 651 1185 683 rendum
1211 652 1240 683 in
1266 651 1398 683 dubium
1414 651 1443 690 ³,
1467 651 1551 693 quod
1576 655 1623 683 est
1647 655 1790 689 certum;
1815 650 2002 689 dicendum,
2018 658 2145 681 Notandum.

1052 704 1135 745 quod
1160 713 1220 736 non
1246 705 1423 737 adducetur
1447 704 1477 736 in
1503 704 1653 743 dubium,
1686 704 1740 736 sed
1771 704 1855 746 quod
1881 707 2001 736 certum

1052 760 1099 788 est
1123 757 1239 789 certius
1263 757 1353 789 faciet
1377 765 1445 789 esse
1469 757 1553 789 Deus
1577 760 1607 789 et
1631 757 1850 794 confirmabit3
1875 765 1932 789 uec
1956 758 2003 789 est

1053 812 1174 841 tantum
1206 809 1245 841 ad
1277 809 1514 842 certificandum
1547 809 1586 842 de
1618 809 1728 852 culpa,
1760 810 1813 842 sed
1839 810 1933 842 etiam
1963 809 2003 842 ad

1053 862 1332 894 consummandam
1358 871 1500 904 poenam.

1141 914 1170 946 [ι.
1196 915 1238 946 Ad
1264 914 1340 947 illud
1367 915 1450 956 quod
1475 915 1622 947 obiicitur
1643 915 1682 948 de
1699 915 1820 957 Angelis
1837 915 1945 955 bonis,
1962 915 2005 948 di-

1054 967 1211 1006 cendum,
1235 968 1319 1009 quod
1345 967 1449 1009 Angeli
1474 967 1544 999 boni
1570 968 1795 1001 iudicabuntur
1819 968 1934 1000 iudicio
1957 975 2146 999 re-uotaucium.

1056 1019 1245 1052 tributionis
1256 1033 1268 1058 ;
1292 1020 1563 1053 consummabitur
1587 1021 1669 1053 enim
1692 1021 1791 1062 gloria
1808 1021 1837 1053 in
1856 1020 1931 1062 ipsis
1949 1020 2006 1052 sal-

1054 1076 1115 1105 tem
1142 1077 1295 1114 quantum
1312 1073 1351 1105 ad
1370 1073 1570 1105 accidentale
1582 1074 1792 1115 praemium,
1817 1077 1847 1106 et
1872 1073 2006 1106 cessabit

1056 1125 1264 1158 ministerium
1280 1125 1301 1156 ⁴¹.
1328 1126 1362 1157 Et
1386 1126 1430 1158 sic
1453 1129 1538 1167 patet
1562 1129 1672 1158 totum.

855 1276 1118 1314 ARTICULUS
1148 1277 1190 1313 ll.

798 1379 843 1410 Dc
868 1379 941 1420 ‘igme
964 1377 1247 1420 conflagrationis.

127 1506 360 1546 Consequenter
384 1508 537 1546 quantum
555 1503 594 1536 ad
613 1503 782 1536 secundam
808 1507 930 1544 partem
948 1502 991 1535 di-

40 1557 212 1591 stinctionis
242 1557 406 1599 quaeritur
438 1556 476 1588 de
501 1556 588 1598 igne,
613 1555 665 1598 qui
691 1556 857 1597 praecedet
881 1555 990 1587 faciem

41 1610 170 1648 iudicis=
189 1619 243 1651 per
263 1618 356 1651 quem
377 1609 428 1641 fiet
445 1608 655 1649 conflagratio.
677 1609 710 1640 Et
726 1608 809 1640 circa
826 1608 884 1640 hoc
901 1616 993 1649 quae-

41 1667 156 1696 runtur
180 1667 326 1705 quatuor.

130 1716 231 1747 Primo
256 1715 420 1757 quaeritur
445 1715 484 1746 de
508 1714 576 1747 eius
600 1714 784 1756 quidditate.

1144 1502 1303 1541 Secundo,
1331 1502 1370 1534 de
1396 1502 1520 1534 virtute.

1145 1554 1265 1593 Tertio,
1290 1555 1328 1586 de
1352 1554 1544 1587 extensione.

1145 1607 1280 1648 Quarto,
1305 1607 1343 1639 de
1368 1606 1478 1639 ordine
1502 1607 1581 1648 ignis
1606 1607 1690 1639 illius
1714 1607 1752 1639 ad
1778 1616 1814 1639 ea
1837 1616 1916 1649 quae
1934 1607 2009 1640 fient

1057 1659 1087 1691 in
1112 1660 1236 1692 iudicio.

914 1832 1097 1874 QUAESTtO
1121 1833 1141 1864 1.

704 1932 749 1962 De
773 1930 954 1975 quidclz'tate
978 1930 1065 1972 tynis
1090 1929 1352 1972 conflagratoriz‘.

129 2058 286 2099 Quantum
319 2066 394 2098 ergo
417 2057 457 2089 ad
486 2056 624 2098 primum
658 2055 840 2098 proceditur
872 2055 933 2093 sic,
966 2058 996 2087 et

42 2111 231 2149 ostenditur,
256 2111 340 2152 quod
365 2110 418 2142 ille
442 2110 522 2152 ignis
547 2109 586 2142 sit
609 2109 817 2141 elementum.-

134 2165 160 2196 1.
194 2164 273 2205 Quia
305 2163 420 2195 dicitur
453 2163 580 2195 Genesis
611 2161 796 2195 secundo⁵:
830 2160 996 2204 Requievz'c

0 2218 132 2253 „tamus
156 2217 207 2249 die
230 2217 365 2258 septimo
389 2215 430 2248 ab
455 2215 546 2248 omni
568 2224 682 2257 opere;
706 2215 814 2247 Glossa
838 2218 868 2247 et
892 2213 993 2246 Sancti

45 2270 152 2302 dicunt
169 2270 228 2308 ibi,
253 2269 335 2311 quod
363 2269 421 2301 boc
446 2268 631 2309 intelligitur
653 2271 838 2309 «quantum
863 2267 903 2299 ad
928 2276 997 2309 pro-

46 2322 223 2355 ductionem
259 2330 411 2354 novarum
443 2324 709 2353 creaturarum»:
743 2329 817 2361 ergo
853 2319 995 2357 videtur,

47 2376 130 2417 quod
156 2379 229 2407 tuuc
255 2384 313 2407 non
341 2374 494 2416 producat
517 2373 619 2415 ignem
647 2382 773 2405 novum.

133 2429 161 2460 2.
187 2428 281 2465 Item,
312 2427 442 2458 ratione
475 2426 620 2458 videtur:
654 2425 728 2467 quia
757 2438 772 2454 «
789 2429 902 2457 natura
934 2434 995 2456 non

43 2481 113 2514 facit
138 2490 193 2522 per
218 2480 310 2521 plura
334 2479 417 2522 quod
444 2483 546 2521 potest
568 2479 671 2511 facere
695 2487 751 2520 per
774 2477 947 2519 paucioraG
964 2490 995 2515 »‚

44 2543 117 2576 ergo
143 2533 241 2565 multo
265 2533 377 2565 fortius
402 2541 458 2564 nec
483 2532 586 2571 Deus3
612 2531 666 2564 sed
693 2535 790 2563 totum
810 2534 911 2572 potest
929 2531 994 2562 fleri

44 2596 99 2628 per
125 2587 238 2618 istum:
264 2595 338 2627 ergo
363 2589 419 2617 etc.

133 2638 162 2670 3.
187 2638 280 2677 Item,
311 2637 440 2670 ratione
471 2636 647 2669 ostenditur
679 2645 735 2677 per
768 2636 889 2668 simile:
923 2636 997 2677 quia

45 2691 124 2724 sacta
155 2695 201 2723 est
234 2691 378 2732 purgatio
410 2690 518 2722 mundi
544 2698 601 2731 per
625 2698 759 2731 aquam3
784 2693 814 2721 et
838 2688 891 2720 illa
915 2697 996 2729 aqua

1060 2064 1120 2087 non
1146 2055 1205 2086 fuit
1229 2055 1267 2087 de
1292 2064 1372 2086 novo
1397 2059 1501 2087 creata
1525 2063 1581 2087 nec
1606 2055 1737 2087 alterius
1761 2059 1892 2087 naturae
1916 2065 2011 2097 quam

1061 2116 1160 2149 aqua,
1185 2116 1265 2148 quae
1290 2107 1406 2139 dicitur
1430 2107 1619 2139 elementum
1637 2107 1668 2138 ⁷:
1693 2116 1768 2148 ergo
1792 2111 1848 2139 etc.

1149 2161 1179 2192 [ι.
1205 2160 1296 2198 ltem,
1329 2160 1521 2201 Augustinus
1545 2160 1584 2192 de
1608 2160 1737 2192 Civitate
1764 2160 1936 2201 vigesimo⁸
1970 2161 2013 2192 di-

1061 2214 1121 2245 cit:
1153 2226 1168 2242 «
1184 2214 1297 2254 Figura
1314 2213 1409 2245 liuius
1426 2213 1534 2245 mundi
1555 2213 1787 2245 mundanorum
1807 2214 1924 2255 ignium
1943 2223 2012 2246 con-

1060 2266 1243 2307 flagratione
1268 2266 1398 2307 peribit,
1423 2266 1503 2297 sicut
1527 2266 1643 2297 sactum
1669 2270 1716 2298 est
1740 2275 1895 2307 aquarum
1926 2267 2013 2298 inun-

1060 2319 1184 2351 datione
1209 2318 1364 2350 diluvium
1383 2330 1412 2350 »:
1431 2327 1505 2360 ergo
1523 2318 1546 2350 si
1565 2318 1645 2359 ignis
1664 2318 1842 2351 mundanus
1859 2323 1906 2351 est
1921 2319 2011 2360 ignis,

1060 2372 1112 2413 qui
1137 2375 1184 2403 est
1209 2372 1247 2403 de
1272 2371 1379 2403 mundi
1405 2370 1640 2408 constitutione,
1665 2374 1695 2402 et
1719 2371 1769 2402 bic
1793 2375 1839 2403 est
1856 2371 1935 2412 ignis
1951 2371 2010 2403 ele·
2036 2397 2040 2400 .

1061 2428 1223 2461 menturn3
1248 2428 1332 2465 patet
1356 2428 1413 2456 etc.

1149 2477 1295 2509 CONTRA:
1325 2478 1351 2508 ¹l.
1384 2476 1465 2508 Nihil
1495 2486 1527 2508 se
1561 2477 1663 2517 ipsum
1695 2482 1828 2518 purgum
1854 2477 1906 2509 sed
1933 2478 2012 2518 ignis
2026 2489 2060 2511 Aa
2073 2490 2157 2517 oppost-

1061 2530 1251 2562 elementum
1278 2529 1466 2570 purgabitur
1491 2529 1544 2560 illo
1569 2530 1638 2570 igne
1655 2532 1685 2561 et
1701 2533 1914 2566 consumetur,
1932 2529 2012 2562 sicut

1061 2582 1136 2614 dicit
1159 2581 1263 2613 Glossa
1291 2581 1447 2613 secundae
1466 2582 1543 2613 Petri
1571 2581 1660 2613 tertio
1675 2581 1696 2619 ⁰,
1714 2581 1796 2622 quod
1821 2593 1835 2609 «
1853 2581 2012 2614 maximus

1063 2634 1113 2667 ille
1138 2635 1216 2675 ignis
1240 2638 1375 2676 quatuor
1401 2634 1554 2666 elementa
1578 2638 1740 2666 consumet
1756 2646 1785 2665 »ς
1811 2643 1886 2676 ergo
1910 2639 1967 2666 etc.

1151 2688 1180 2719 ⁶2.
1205 2687 1299 2725 item,
1318 2687 1373 2719 iste
1399 2687 1478 2728 ignis
1496 2691 1594 2719 totum
1613 2687 1840 2719 elementorum
1859 2688 2013 2720 ambitum

118 2894 123 2910 ¹
145 2895 293 2919 Secundum
314 2895 478 2926 Magistrum,
501 2895 563 2918 infra
586 2894 610 2920 d.
630 2895 656 2919 L.
678 2901 699 2919 c.
725 2895 754 2925 2,
775 2894 890 2925 suppleri
917 2895 1000 2924 potest

47 2938 157 2965 tenebris
176 2938 367 2968 mezerici-ibus,
390 2940 430 2963 vel
451 2942 478 2964 ut
497 2939 562 2963 intra
582 2945 603 2963 a.
630 2940 655 2963 2.
671 2946 695 2970 q.
711 2937 734 2962 4.
755 2938 779 2962 in
800 2945 871 2968 corp.
892 2937 997 2968 dicitur,

47 2981 105 3015 igne
123 2982 350 3015 confluqrutt'om's.
371 2997 404 3000 —
423 2982 504 3008 Codd.
520 2973 536 3006 F
547 2983 567 3006 H
579 2983 601 3007 K
615 2982 634 3006 V
647 2982 664 3006 Z
675 2981 711 3006 bb
725 2981 757 3013 (A
769 2982 775 3005 l
788 2982 915 3012 primitus)
930 2979 999 3005 uude

48 3025 71 3051 si
88 3026 263 3052 involventur.

117 3070 127 3086 ²
147 3070 249 3102 Quaest.
270 3070 389 3102 praeced.
411 3071 434 3094 in
456 3070 512 3095 fine.

116 3113 127 3130 ³
146 3114 208 3139 Cod.
229 3115 248 3139 U
269 3114 296 3139 iit
315 3113 444 3140 iudicium
464 3113 504 3139 uel
522 3112 641 3139 dubium.
665 3113 770 3137 lnserius
791 3119 837 3142 pro
857 3111 1000 3144 coufirma-

49 3155 83 3182 bz't
102 3158 178 3182 codd.
197 3159 217 3182 G
229 3158 235 3182 l
248 3158 296 3182 KP
308 3158 328 3189 Q
348 3156 550 3184 consummabit.

117 3201 127 3218 ⁴
147 3202 196 3227 Csr.
218 3203 242 3227 ll.
263 3203 331 3228 Seni.
354 3203 378 3227 d.
403 3203 440 3227 ll.
463 3210 485 3227 a.
507 3203 530 3227 2.
557 3209 582 3233 q.
608 3202 631 3225 2.

50 3245 81 3270 ad
105 3246 123 3270 l.
145 3247 220 3271 huius
240 3247 336 3271 articuli
357 3251 454 3278 quaest.

119 3290 129 3306 ⁵
150 3291 222 3315 Vers.
243 3292 272 3315 2:
293 3291 321 3315 Et
340 3291 465 3322 requievit
486 3289 526 3313 die
547 3289 656 3319 septimo
676 3287 708 3312 ab
724 3288 845 3312 universo
860 3294 938 3317 opere
952 3291 998 3311 otc.

53 3346 86 3350 —-
104 3333 205 3364 (nossa,
226 3340 292 3365 quae
312 3338 350 3358 est
369 3332 508 3358 orclt'mtrz‘ct
528 3332 598 3363 apud
619 3331 740 3356 Straburn
760 3335 785 3356 et
803 3331 948 3361 Lyranum⁷
963 3333 1000 3355 est

52 3378 194 3402 secundum
215 3379 331 3409 August.,
346 3378 387 3402 tv.
407 3377 440 3401 de
453 3376 514 3401 Gen.
529 3375 609 3400 adlit.
625 3382 645 3400 c.
662 3376 701 3399 42.
716 3382 741 3399 n.
757 3376 802 3406 22,
817 3378 842 3399 ct
855 3374 965 3405 Bedum,
981 3374 997 3399 l.

659 3208 712 3232 seq.
737 3213 771 3217 —
792 3199 856 3224 Vide
884 3199 998 3224 scholion

1065 2892 1199 2921 llexaen‘1.‚
1222 2892 1265 2923 qui
1285 2892 1360 2916 etium
1381 2891 1414 2915 ab
1434 2892 1487 2922 ipsn
1509 2891 1596 2916 Glossn
1618 2891 1766 2923 allegantur.
1782 2890 1831 2916 tsst‘r.
1848 2891 1927 2922 Beda,
1942 2891 2015 2917 Com-

1065 2940 1142 2960 nient.
1162 2936 1185 2959 iu
1206 2936 1267 2959 tien.
1290 2936 1318 2966 2,
1340 2936 1368 2967 2,
1389 2938 1411 2959 et
1433 2935 1464 2971 de
1490 2936 1536 2959 Sex
1558 2935 1661 2960 Dieruni
1688 2936 1814 2960 creatione
1835 2936 1910 2963 (inter
1935 2943 2013 2967 opera

1065 2979 1172 3010 Redeo),
1195 2986 1216 3003 c.
1236 2979 1266 3004 cle.
1286 2978 1332 3004 Dic
1352 2979 1463 3011 septima.
1482 2980 1517 3009 (iu
1538 2979 1746 3009 recapitulatione
1766 2986 1808 3004 sex
1828 2979 1949 3010 dierum).

1133 3023 1143 3039 6
1164 3024 1311 3048 Secundum
1333 3024 1448 3053 Aristot.;
1468 3023 1512 3047 cfr.
1534 3028 1593 3048 tom.
1615 3024 1651 3048 lll.
1673 3030 1732 3054 pag.
1754 3023 1816 3053 277,
1839 3026 1897 3048 nota
1916 3025 1934 3048 1.
1948 3024 2014 3049 Vide

1063 3069 1139 3092 etiam
1166 3074 1244 3098 supra
1271 3074 1330 3098 pag.
1363 3068 1405 3098 lt,
1427 3070 1485 3092 uota
1512 3067 1535 3091 2.
1557 3070 1581 3091 et
1601 3074 1662 3098 pag.
1686 3067 1748 3095 151,
1770 3070 1825 3091 nota
1847 3068 1870 3091 6.
1889 3081 1924 3085 -
1943 3067 2015 3093 Circa

1065 3112 1141 3136 tinem
1162 3118 1216 3142 arg.
1238 3114 1296 3142 post
1311 3118 1361 3143 per
1379 3110 1460 3136 istum
1480 3111 1504 3135 in
1524 3111 1580 3136 cod.
1601 3111 1636 3136 hh
1656 3111 1770 3136 secunda
1797 3118 1889 3136 manus
1914 3112 2015 3143 supple·

1065 3156 1101 3179 xit
1120 3155 1222 3188 ignem,
1242 3155 1295 3179 scil.
1315 3155 1506 3179 elementarem.

1135 3198 1145 3214 7
1167 3198 1217 3223 Cfr.
1239 3199 1264 3222 ll.
1287 3199 1350 3223 petr.
1372 3198 1400 3229 3,
1422 3198 1445 3222 5.
1466 3205 1537 3229 seqq.

1135 3241 1146 3257 ⁵³
1164 3240 1226 3272 Cap.
1255 3242 1291 3265 16.
1312 3242 1407 3266 Τυχιιιε
1427 3242 1557 3272 originalis
1578 3241 1706 3266 substituit
1723 3240 1877 3273 prurlere‘ln'l
1891 3248 1938 3273 pro
1949 3240 2016 3274 peri-

1066 3285 1114 3317 hit,
1135 3288 1159 3309 et
1179 3287 1235 3310 roci
1256 3292 1392 3318 aquarum
1413 3286 1550 3316 praemittit
1570 3284 1780 3311 mwzdanarmn.

1134 3329 1145 3345 9
1166 3329 1238 3354 Vei-s.
1261 3330 1299 3354 lO.
1320 3329 1409 3354 Glossu
1429 3333 1513 3354 sumta
1533 3336 1562 3354 ex
1584 3329 1651 3354 Beda
1671 3329 1706 3360 (in
1727 3329 1795 3354 liunc
1815 3329 1872 3360 loc.)
1893 3332 1930 3354 est
1949 3328 2017 3355 ordi-

1064 3373 1142 3399 naria
1163 3373 1233 3404 apud
1254 3372 1374 3398 Strabutn
1394 3376 1418 3397 et
1437 3373 1575 3404 Lyrunum.
