2483 3882
759 258 852 290 DIST.
878 257 971 290 XLIII.
998 257 1078 289 ART.
1102 257 1122 288 I.
1148 257 1299 298 QUAEST.
1325 257 1344 288 l.

1970 256 2033 288 883

891 411 1155 450 ARTICULUS
1184 413 1209 449 I.

841 517 844 518 ⁷
897 514 941 545 DC
957 513 1205 545 ΤθδίιθῪθθίῖΟΊῑθ.

939 623 1123 664 QUAESTIO
1146 624 1166 655 1.

771 719 888 751 Utrum
912 720 1113 751 resurrectio
1135 720 1179 752 sit
1201 719 1332 762 futuru.

157 821 315 862 Quantum
346 827 422 860 ergo
452 818 492 850 ad
524 818 662 859 primum
696 816 740 848 sic
772 815 964 858 proceditur,
989 819 1019 848 et

67 874 254 912 ostenditur,
277 872 362 915 quod
387 871 576 904 resurrectio
600 870 639 902 sit
662 870 786 902 futura:

158 928 185 958 1.
210 926 313 957 Primo
336 924 522 957 auctoritate
545 923 598 955 Iob
621 922 743 955 decimo
765 930 847 953 nono
862 921 893 953 ¹:
910 921 1020 953 Invio-

0 979 201 1011 iennaasissimo
226 978 277 1010 (tie
300 978 338 1010 cte
362 981 454 1009 terra
476 980 695 1008 surrecturus
718 984 803 1006 sum.

155 1033 184 1063 2.
208 1031 282 1062 item
294 1055 301 1068 ,
319 1029 441 1061 Ioannis
458 1028 624 1061 undecimo
637 1027 649 1045 2
667 1027 787 1059 Martha
803 1026 906 1059 fidelis
923 1026 1017 1058 dixit:

67 1084 153 1122 Scio,
163 1083 243 1126 quia
255 1086 406 1124 resmyct
418 1081 452 1113 in
465 1080 705 1113 resurreetione
718 1080 753 1111 in
766 1079 943 1111 novissimo
957 1079 1017 1110 dic.

155 1136 183 1168 3.
209 1137 304 1174 item,
328 1135 457 1167 ratione
482 1135 623 1167 videtur:
656 1134 730 1176 quia
762 1132 940 1175 praemium
972 1140 1019 1164 re-

66 1189 199 1231 spondet
223 1188 355 1221 merito:
380 1197 456 1229 ergo
479 1187 503 1220 si
529 1187 634 1219 anima
657 1190 799 1218 meretur
821 1185 852 1217 in
869 1193 1017 1226 corpore,

66 1242 158 1275 debet
182 1241 275 1274 etiam
308 1240 504 1273 remunerari
530 1239 561 1271 in
585 1240 653 1281 ipso
677 1246 829 1280 corpore;
855 1237 909 1270 sed
933 1237 1018 1269 Deus

65 1298 113 1328 est
144 1295 246 1327 iustus
277 1297 517 1327 remunerator:
543 1302 618 1334 ergo
642 1295 778 1334 oportet,
803 1291 888 1334 quod
913 1291 1018 1322 anima

65 1352 206 1381 resumat
229 1356 362 1389 corpus,
386 1350 415 1379 et
439 1346 508 1379 sic³
533 1350 590 1379 etc.

154 1401 184 1433 li.
209 1401 298 1437 item,
330 1401 434 1432 anima
457 1400 552 1431 habet
576 1398 752 1430 naturalem
777 1397 952 1439 appetitum
977 1396 1017 1428 ad

65 1463 197 1496 corpus3
221 1453 305 1495 quod
330 1456 431 1494 patet,
456 1452 530 1493 quia
555 1460 615 1483 non
640 1450 709 1483 vult
733 1449 891 1491 separari,
923 1448 1017 1480 etiam

65 1515 196 1548 corpore
220 1505 374 1538 existente
406 1504 569 1541 misero⁴;
594 1503 649 1536 sed
673 1502 834 1535 beatitudo
858 1504 905 1534 est
929 1501 1019 1543 quies

65 1559 206 1591 omnium
231 1558 481 1590 desideriorum:
508 1566 582 1598 ergo
605 1556 645 1588 ad
670 1556 747 1594 hoc,
772 1555 856 1597 quod
881 1554 1018 1596 perfecte

64 1611 261 1644 beatificetur
293 1611 415 1649 anima,
444 1618 570 1642 necesse
594 1612 658 1648 est,
683 1616 798 1649 corpus
822 1607 881 1639 sibi
907 1606 995 1639 reddi
1010 1618 1018 1645 3

65 1667 95 1696 et
119 1664 143 1696 si
169 1663 249 1702 hoc,
273 1666 357 1704 patet
380 1666 438 1695 etc.

155 1717 184 1748 5.
208 1716 300 1754 Item,
331 1715 499 1757 perfectior
523 1718 569 1747 est
600 1714 702 1746 forma
729 1713 890 1755 compositi
923 1721 1017 1754 quam

65 1769 171 1810 aliqua
195 1777 286 1810 pars,
311 1768 385 1810 quia
406 1771 511 1809 partes
527 1767 714 1799 ordinantur
731 1766 771 1798 ad
787 1766 921 1798 formam
939 1774 1020 1798 com-

64 1821 177 1864 positi:
210 1830 285 1862 ergo
316 1820 500 1863 completior
524 1823 554 1852 et
577 1819 744 1862 perfectior
768 1822 815 1851 est
838 1818 940 1850 forma
963 1818 1020 1850 hu-

65 1874 223 1906 manitatis
246 1882 342 1915 quam
366 1873 433 1914 ipsa
456 1872 574 1911 forma,
596 1880 677 1914 quae
701 1875 748 1903 est
771 1871 917 1903 anima⁵z
944 1879 1019 1911 ergo

65 1936 138 1959 cum
161 1926 311 1968 perfectio
335 1926 454 1968 gratiae
478 1929 509 1958 et
532 1925 649 1967 gloriae
671 1927 905 1966 praesupponat
922 1923 1019 1965 perfe-

65 1980 199 2012 ctionem
224 1983 376 2018 naturae:
401 1987 527 2011 necesse
551 1982 615 2018 est,
639 1981 739 2010 totum
757 1978 929 2017 hominem,
954 1986 1014 2009 non

65 2036 186 2065 tantum
211 2032 366 2071 animam,
391 2031 569 2073 glorificari.

155 2087 183 2118 6.
208 2085 301 2124 Item,
318 2085 358 2117 ad
375 2084 596 2126 perfectionem
614 2084 753 2116 universi
772 2084 931 2125 reperitur
949 2085 1020 2116 sub-

67 2138 179 2171 stantia
199 2137 372 2179 spiritualis
389 2141 419 2169 et
436 2137 609 2178 corporalis
633 2141 663 2169 et
690 2136 862 2178 composita
878 2145 919 2168 ex
936 2140 1021 2168 utra-

66 2201 147 2234 que:
173 2200 247 2232 ergo
271 2200 343 2223 cum
367 2191 552 2223 un1versum
577 2190 616 2222 sit
633 2189 889 2231 incorruptibile,
913 2193 944 2221 et
967 2189 1020 2221 ali-

66 2243 192 2285 quando
215 2246 275 2275 stet
299 2243 475 2284 generatio,
499 2246 535 2274 ut
559 2242 638 2274 infra
653 2241 663 2256 ‘³
689 2241 867 2279 videbitur;
892 2250 1019 2274 necesse

66 2299 129 2334 est,
153 2296 360 2337 compositum
385 2295 513 2336 aliquod
538 2304 579 2327 ex
603 2295 708 2327 anima
724 2299 755 2327 et
771 2303 903 2336 corpore
921 2303 1019 2326 rema-

65 2357 150 2381 nere.
174 2348 235 2380 Hoc
259 2352 365 2380 autem
390 2357 450 2380 non
468 2351 515 2380 est
540 2348 597 2380 nisi
623 2348 737 2379 homo:
763 2356 839 2388 ergo
863 2351 932 2388 post
949 2356 1019 2378 con-

29 2419 32 2422 <
67 2401 255 2434 sumtionem
281 2400 370 2433 istius
398 2400 595 2433 discretionis
619 2409 745 2432 necesse
770 2404 833 2438 est,
859 2399 1019 2431 hominem

2 2567 54 2595 posi-

0 2600 8 2614 1

67 2463 243 2496 resurgere.

155 2507 297 2539 CONTRA:
327 2507 353 2537 1.
378 2505 429 2537 Iob
454 2505 575 2538 decimo
599 2505 757 2546 quarto⁷2
787 2505 910 2542 Homo,
943 2514 1019 2536 cum

69 2559 258 2597 dormierit,
282 2568 348 2590 ‘non
372 2562 540 2600 resumet,
565 2558 664 2590 donec
688 2561 854 2589 accercitur
872 2557 1020 2595 caelum,-

67 2612 120 2645 sed
135 2612 256 2644 caelum
271 2619 432 2653 nunquam
447 2613 614 2649 atteretur,
628 2619 699 2643 cum
714 2611 753 2642 sit
766 2610 1018 2652 incorruptibile:

69 2674 142 2706 ergo
159 2664 253 2696 homo
269 2673 331 2696 non
349 2667 502 2705 resurget.

157 2719 186 2749 2.
211 2717 304 2756 Item,
321 2716 442 2758 primae
458 2716 499 2749 ad
523 2716 699 2748 Corinthios
724 2716 845 2748 decimo
870 2715 1017 2757 quinto⁸z

72 2769 157 2802 Caro
182 2773 210 2801 ct
233 2769 373 2811 sanquis
397 2778 537 2811 rcymtm
561 2769 622 2801 Dei
644 2778 709 2800 vion
733 2768 952 2810 possidebunt.

1172 816 1200 848 3.
1226 817 1319 856 Item,
1342 818 1471 850 ratione
1499 819 1641 851 videtur:
1667 820 1740 862 quia
1764 820 1887 853 nullum
1920 821 2034 853 instru-

1083 872 1223 900 mentum
1257 874 1480 902 remuneratur
1511 876 1639 913 propter
1663 872 1815 905 actionem
1840 873 1952 905 factam
1977 882 2033 915 per

1084 920 1186 961 ipsum
1201 921 1235 958 Β;
1260 922 1314 954 sed
1339 931 1454 964 corpus
1478 932 1511 955 se
1536 924 1629 956 habet
1645 925 1684 956 ad
1702 925 1838 957 animam
1863 929 1898 957 ut
1922 926 2035 958 instru-

1083 976 1245 1005 mentum:
1279 982 1353 1015 ergo
1377 978 1435 1006 etc.
1459 974 1497 1007 Si
1519 976 1631 1014 clicaS,
1661 977 1745 1018 quod
1771 978 1799 1009 in
1826 978 2034 1011 instrumento

1083 1025 1248 1058 coniuncto
1272 1035 1334 1058 non
1358 1030 1405 1059 est
1428 1036 1563 1067 verum;
1587 1033 1725 1061 contra:
1751 1031 1884 1072 Angelus
1900 1032 2033 1064 assumit

1083 1077 1141 1110 sibi
1166 1087 1297 1120 corpus,
1322 1088 1379 1120 per
1402 1080 1487 1121 quod
1512 1080 1685 1120 ministrat;
1702 1086 1732 1114 et
1748 1085 1851 1115 tamen
1877 1083 1954 1115 illud
1973 1093 2033 1116 non

1083 1134 1248 1172 resurget:
1273 1140 1349 1173 ergo
1373 1135 1429 1165 etc.

1172 1184 1203 1216 li.
1227 1184 1320 1221 Item,
1345 1185 1423 1216 nihil
1452 1185 1536 1227 quod
1570 1186 1699 1228 impedit
1724 1188 1805 1220 viam
1831 1189 2032 1229 perveniendi

1082 1237 1122 1268 ad
1147 1236 1391 1275 beatitudinem,
1409 1237 1501 1270 debet
1517 1240 1653 1278 resumi,
1671 1249 1741 1272 cum
1768 1245 1954 1282 perventum
1970 1242 2035 1274 fue-

1082 1289 1124 1321 rit
1146 1289 1187 1321 ad
1211 1289 1459 1328 beatitudinem3
1483 1291 1537 1323 sed
1563 1301 1678 1334 corpus
1702 1293 1848 1335 impedit,
1867 1295 1941 1336 quia
1965 1304 2036 1326 con-

1083 1342 1223 1384 cupiscit
1247 1342 1409 1374 adversus
1432 1343 1590 1384 spiritum
1600 1345 1638 1376 ¹⁰:
1656 1354 1730 1386 ergo
1753 1346 1877 1388 abipso
1901 1356 1961 1379 non
1984 1347 2035 1379 de-

1082 1394 1134 1427 bet
1158 1395 1289 1427 resumi.

1174 1449 1201 1479 5.
1216 1448 1302 1486 Item,
1320 1448 1448 1480 «anima
1463 1449 1538 1480 vivit
1551 1449 1623 1488 Deo,
1638 1450 1718 1481 sicut
1732 1459 1846 1492 corpus
1862 1451 1966 1483 anima
1977 1452 1993 1468 ¹¹
2005 1463 2036 1490 »ς

1083 1501 1138 1533 sed
1164 1500 1276 1533 merito
1300 1501 1417 1543 peccati
1443 1502 1592 1543 contingit
1616 1511 1672 1544 per
1694 1503 1832 1535 divinam
1851 1505 2035 1536 sententiam

1083 1554 1220 1586 animam
1254 1554 1393 1596 separari
1426 1563 1444 1586 a
1468 1564 1599 1596 corpore
1632 1556 1660 1587 in
1695 1560 1794 1588 morte
1826 1561 1975 1596 naturae,
2006 1561 2037 1590 et

1083 1606 1221 1638 animam
1245 1615 1263 1638 a
1288 1606 1351 1638 Deo
1383 1607 1413 1638 in
1446 1610 1547 1639 morte
1571 1608 1778 1640 damnationis
1801 1609 1947 1648 futurae,
1981 1610 2035 1642 sed

1083 1659 1188 1690 anima
1212 1659 1360 1691 damnata
1384 1668 1440 1700 per
1457 1660 1641 1692 sententiam
1659 1669 1821 1702 nunquam
1839 1661 2034 1694 vivificatur:

1083 1720 1158 1753 ergo
1183 1721 1239 1744 nec
1270 1721 1386 1754 corpus
1419 1716 1579 1745 mortuum
1605 1722 1661 1755 per
1686 1713 1823 1746 dlvinam
1849 1715 2034 1747 sententiam

1084 1764 1177 1797 debet
1201 1773 1364 1797 resumere
1388 1765 1494 1797 vitam.

1172 1818 1200 1850 6.
1225 1818 1318 1856 Item,
1342 1817 1466 1850 facilius
1490 1818 1724 1860 coniunguntur
1749 1828 1829 1861 quae
1846 1823 2036 1862 separantur

1084 1870 1261 1909 voluntate,
1285 1879 1381 1912 quam
1405 1880 1486 1913 quae
1510 1872 1711 1911 necessitate,
1737 1872 1791 1904 sed
1821 1872 1950 1914 spiritus
1975 1882 2037 1905 ma-

1084 1923 1134 1956 Ius
1158 1927 1324 1966 separatur
1347 1933 1365 1956 a
1389 1924 1453 1957 Deo
1477 1933 1533 1966 per
1568 1925 1780 1964 voluntatem,
1805 1930 1836 1958 et
1872 1926 1941 1958 ideo
1975 1936 2037 1959 non

1084 1980 1185 2019 potest
1208 1977 1235 2009 ei
1260 1977 1361 2009 uniri:
1386 1986 1461 2019 ergo
1485 1987 1542 2010 nec
1558 1978 1581 1992 ¹²
1606 1978 1711 2010 anima
1736 1982 1835 2020 potest
1865 1979 1947 2011 uniri
1973 1989 2037 2012 cor-

1084 2030 1170 2072 pori,
1196 2038 1276 2072 quae
1301 2034 1466 2071 separatur
1491 2030 1530 2062 ab
1555 2040 1592 2063 eo
1616 2031 1809 2064 necessitate.

1443 2127 1683 2151 CONCLUSIO.

1173 2206 1253 2238 Fide
1279 2210 1430 2243 testante,
1455 2206 1517 2237 erit
1539 2207 1740 2238 resurrectio
1764 2216 1943 2248 corporum

1461 2263 1662 2291 nostrorum.

1173 2347 1371 2378 Ruspounsso:
1397 2346 1588 2384 DIcendum,
1613 2347 1697 2388 quod
1730 2351 1815 2380 recta
1845 2348 1922 2380 fides
1946 2348 2037 2387 dicit,
2053 2360 2171 2382 eoneiusffo.

1084 2399 1347 2431 resurrectionem
1372 2408 1541 2440 corporum
1574 2403 1753 2432 nostrorum
1787 2409 1855 2433 esse
1883 2401 2034 2433 futuram.

1084 2471 1127 2475 ——
1152 2452 1185 2484 Et
1208 2452 1246 2484 ad
1272 2452 1330 2484 hoc
1363 2452 1556 2484 credendum
1589 2452 1758 2484 adiuvatur
1789 2461 1844 2494 per
1870 2453 1964 2486 fidem
1988 2463 2164 2496 re-anfirma-

1083 2504 1300 2536 surrectionis
1327 2503 1453 2536 Christi
1475 2504 1544 2536 iam
1567 2503 1687 2546 factae.
1712 2505 1742 2536 Si
1774 2506 1856 2537 enim
1890 2506 2034 2538 Christus
2065 2495 2093 2513 ¹¹⁰
2110 2493 2130 2513 ¹⁸

1084 2561 1130 2589 est
1154 2560 1266 2598 caput,
1283 2561 1313 2589 et
1336 2557 1480 2589 membra
1496 2557 1610 2589 debent
1627 2557 1815 2589 conformari
1833 2559 1924 2600 capiti
1939 2571 1946 2596 ς
1962 2568 2034 2591 cum

1084 2609 1227 2641 Christus
1253 2609 1481 2648 resurrexerit,
1507 2618 1701 2651 consequens
1725 2614 1788 2649 est,
1806 2614 1841 2642 ut
1865 2614 1894 2642 et
1918 2620 1974 2643 nos
1991 2620 2038 2643 re-

1085 2670 1262 2703 surgamus.
1295 2662 1332 2694 Ut
1359 2665 1465 2694 autem
1498 2662 1605 2694 credat
1637 2662 1738 2694 fidelis
1771 2663 2034 2696 resurrectionem
2079 2675 2196 2702 oupucuer

1085 2714 1209 2753 Christi,
1225 2723 1414 2755 persuasum
1432 2718 1478 2747 est
1494 2715 1552 2746 sibi
1571 2724 1626 2756 per
1646 2715 1743 2746 multa
1760 2715 1945 2747 testimonia
1962 2703 2194 2758 Apo-¹³e‘⁵⁸¹³⁰⁹²⁰“

1085 2767 1256 2806 stolorum,
1273 2768 1326 2809 qui
1351 2768 1443 2799 etiam
1470 2776 1526 2809 per
1551 2767 1650 2799 multa
1674 2771 1746 2799 sunt
1763 2772 1949 2809 argumenta
1973 2778 2037 2801 cer-

140 2959 147 2975 ¹
169 2960 241 2984 Vers.
263 2960 303 2985 25.

139 3003 149 3019 2
170 3004 242 3028 Vers.
262 3003 304 3028 24.

138 3046 149 3064 3
169 3047 300 3079 Damaso,
321 3048 361 3073 IV.
391 3048 423 3073 de
452 3048 511 3073 Fide
540 3048 643 3073 orthod.
665 3055 686 3073 c.
707 3048 754 3079 27,
777 3049 842 3074 inter
870 3049 917 3073 alia
947 3055 1020 3079 argg.

70 3091 145 3116 etiam
165 3092 213 3116 hoc
233 3092 337 3123 profert.
357 3105 392 3110 -—
416 3092 441 3116 ln
466 3091 565 3118 maiori
589 3099 637 3124 pro
662 3092 802 3126 respondet
827 3092 884 3117 cod.
904 3093 925 3116 G
950 3092 1022 3118 debet

70 3134 235 3168 respondere.

141 3178 151 3195 ⁴
169 3180 247 3210 Epist.
261 3180 287 3204 ll.
301 3179 360 3205 Cor.
377 3180 407 3212 5,
425 3180 453 3205 4:
467 3180 592 3205 Nolumus
610 3180 755 3212 exspoliari.
769 3179 818 3205 Csr.
834 3180 956 3211 August,
971 3180 1020 3205 Vll.

70 3222 103 3247 de
120 3223 182 3248 Gen.
203 3223 235 3248 ad
255 3223 289 3248 lit.
310 3231 331 3249 c.
352 3224 392 3248 27.
414 3231 437 3249 n.
459 3224 500 3249 38.
521 3224 583 3250 ibid.
605 3224 658 3249 XII.
679 3231 701 3249 c.
724 3223 764 3248 35.
785 3231 810 3248 n.
833 3224 874 3248 68.
896 3224 944 3248 hoc
962 3230 1018 3255 arg.

70 3265 212 3291 insinuatur
232 3267 303 3294 {vide
323 3270 383 3292 tom.
405 3268 440 3292 lll.
461 3274 521 3299 pag.
542 3267 605 3299 585,
628 3271 687 3292 nota
707 3267 750 3298 8.).

141 3309 152 3326 ⁵
169 3311 282 3342 Aristot,
302 3311 318 3336 I.
341 3311 409 3336 Polit.
430 3318 452 3336 c.
472 3311 495 3335 3.
516 3311 577 3343 (2.):
598 3311 657 3336 Pars
683 3311 751 3335 enim
779 3317 828 3335 non
855 3310 939 3335 solum
964 3311 1021 3336 alte-

71 3353 124 3378 rius
142 3356 179 3378 est
198 3361 273 3386 pars,
294 3353 340 3379 sed
361 3355 436 3379 etiam
458 3356 562 3380 omnino
582 3355 686 3379 alterius
705 3353 773 3387 [scil.
793 3352 891 3386 totins]

142 3396 152 3412 ⁶
171 3396 230 3422 Dist.
252 3396 294 3422 48.
315 3404 337 3422 a.
358 3398 383 3422 2.
405 3405 430 3430 q.
451 3399 474 3422 2.
494 3405 566 3430 seqq.
591 3412 626 3415 -
651 3397 686 3422 De
711 3396 824 3429 maiori,
846 3398 871 3421 in
897 3404 948 3429 qua
973 3404 1021 3428 pro

1086 2959 1220 2992 reperitur
1247 2959 1307 2984 edd.
1338 2958 1499 2992 requiritur,
1523 2958 1579 2983 cod.
1600 2958 1620 2982 U
1641 2957 1789 2991 requiritur·
1815 2957 1857 2984 vel
1883 2958 2033 2991 reperitur,

1086 3004 1132 3029 cfr.
1153 3006 1213 3029 tom.
1234 3003 1269 3028 lll.
1290 3010 1350 3034 pag.
1371 3003 1415 3033 39,
1436 3006 1494 3028 nota
1516 3003 1538 3026 3.
1558 3015 1593 3020 —
1612 3002 1660 3026 Pro
1679 3003 1727 3027 stet
1746 3002 1805 3027 edd.
1825 3009 1963 3033 perperam
1983 3009 2036 3028 non

1085 3049 1142 3073 stet.
1164 3047 1269 3072 Inferius
1289 3054 1336 3078 pro
1355 3045 1519 3072 discretionis
1538 3045 1595 3070 cod.
1616 3046 1636 3070 M
1651 3045 1845 3078 qeneratz'onis,
1861 3046 1922 3071 edd.
1938 3046 2037 3072 addunt

1086 3091 1127 3117 vel
1144 3090 1343 3124 seqreqationis.

1156 3135 1166 3151 ⁷
1187 3135 1258 3159 Vers.
1272 3135 1280 3158 l
1289 3134 1397 3159 ‘L—De
1407 3133 1507 3159 mitiori
1515 3134 1558 3159 cfr.
1573 3134 1597 3159 ll.
1609 3135 1676 3159 sent.
1689 3134 1714 3159 d.
1732 3134 1770 3159 it.
1785 3141 1808 3165 p.
1822 3134 1836 3159 1.
1849 3141 1871 3159 a.
1888 3135 1939 3166 l.q⁴
1955 3135 2035 3167 [seq.

1155 3178 1166 3195 8
1186 3179 1258 3203 Vers.
1279 3179 1325 3209 50,
1347 3178 1390 3203 ubi
1412 3178 1520 3209 Vulgata
1540 3177 1673 3211 possidere
1692 3184 1745 3203 ozon
1762 3180 1884 3211 possum.

1155 3221 1166 3238 9
1185 3222 1234 3247 Cl‘r.
1254 3223 1369 3253 Aristot,
1392 3222 1449 3247 Vlll.
1470 3222 1548 3247 Etliic.
1569 3229 1590 3246 c.
1616 3223 1653 3246 ll.

1158 3266 1178 3282 ¹0
1197 3266 1250 3291 Gal.
1271 3266 1301 3295 5
1328 3266 1366 3290 17.

1157 3310 1175 3326 ¹¹
1197 3310 1346 3335 Secundum
1371 3311 1493 3341 August.;
1520 3311 1564 3335 cfr.
1586 3313 1646 3335 tom.
1668 3311 1692 3336 lI.
1713 3318 1771 3342 pag.
1793 3311 1858 3342 633,
1880 3314 1938 3336 nota
1959 3311 1982 3336 5.
2004 3326 2037 3329 ——

1086 3353 1148 3378 Edd.
1164 3355 1204 3378 hic
1217 3356 1242 3378 ct
1261 3355 1284 3378 in
1305 3353 1379 3379 solut.
1399 3353 1512 3379 (mimae.
1533 3354 1596 3379 Cod.
1616 3361 1645 3379 aa
1665 3361 1721 3386 arg.
1742 3354 1795 3379 linit
1814 3353 1886 3380 debet
1897 3354 2034 3389 vivificari.

1156 3397 1177 3413 ¹2
1197 3396 1278 3422 Codd.
1299 3397 1317 3421 N
1329 3404 1358 3422 aa
1378 3404 1440 3430 erqo
1460 3397 1544 3423 mutto
1563 3397 1660 3431 fortius
1680 3405 1734 3424 nec.
