2483 3882
669 248 761 279 nisr.
787 247 886 280 xxiv.
912 247 941 278 P.
967 247 986 278 1.
1011 246 1093 278 Aur.
1118 246 1138 277 1.
1162 245 1314 287 QUAEST.
1340 245 1385 277 ιιι.
1947 252 2005 282 611

52 347 233 376 commune;
257 337 326 369 ideo
350 344 458 368 omnes
481 336 594 368 cleriei
616 338 856 376 nuncupantur,
881 338 911 367 et
927 344 996 367 con-

52 392 192 426 funditur
223 397 346 421 nomen.
371 389 456 420 Sicut
480 397 554 429 ergo
578 388 747 419 novitiatus
772 396 833 419 non
857 390 903 419 est
928 387 997 419 reli-

52 446 116 487 gio,
139 443 191 476 sed
217 442 256 474 ad
281 441 461 482 religionem
488 440 641 482 disponit3
663 444 693 472 et
717 440 996 472 catechumenatus

51 498 114 531 sive
137 494 335 529 catechizatio
358 503 419 525 non
448 497 495 525 est
530 493 721 534 baptismus,
747 492 801 524 sed
834 492 996 533 dispositio

0 555 81 584 simet
110 547 321 592 praeparatio:
354 547 397 579 sic
430 553 596 578 commune
628 544 825 585 signaculum
858 553 919 575 non
950 548 997 576 est

51 603 282 635 Sacramentum
308 607 364 630 nec
387 598 483 636 ordo,
507 597 562 629 sed
587 600 708 628 tantum
734 596 905 637 dispositio.

139 654 165 684 l.
189 652 232 683 Ad
257 651 336 683 illud
360 650 444 692 quod
469 649 632 688 obiicitur,
657 649 741 690 quod
763 652 809 681 est
826 657 933 681 sacrae
951 648 995 680 rei

3 723 36 745 op·
51 707 171 748 signum
182 717 190 742 3
215 703 400 741 dicendum,
426 702 509 744 quod
534 703 592 734 ista
616 711 677 733 non
694 705 740 734 est
758 705 825 733 tota
841 701 930 733 ratio
947 702 997 732 Sa-

51 757 215 795 cramenti‚
248 756 303 789 sed
334 755 471 797 amplius
502 757 624 796 oportet
654 754 782 786 addere.
815 754 880 785 Non
912 753 994 785 enim

51 810 162 843 sufficit
184 808 347 851 siquatio,
379 808 438 840 nisi
462 807 555 839 etiam
588 807 708 848 aliquid
732 806 772 838 ibi
799 806 996 844 conferatur3

50 862 131 905 quod
155 870 227 893 cum
251 870 313 892 non
337 860 390 891 fiat
416 860 445 891 in
470 868 601 898 corona,
634 859 708 900 quia
739 858 827 890 nulla
859 858 996 890 traditur

50 914 219 958 spiritualis
242 917 396 955 potestas,
420 916 522 954 patet,
547 912 632 954 quod
656 921 717 944 non
742 915 789 944 est
813 911 900 943 ordo.

136 969 164 999 2.
189 967 231 998 Ad
257 966 336 998 illud
365 966 448 1007 quod
482 965 644 1003 obiicitur,
676 964 760 1006 quod
794 973 854 996 non
879 964 914 995 fit
938 964 995 996 nisi

49 1022 174 1061 propter
197 1017 378 1059 spirituale;
395 1017 581 1055 dicendum,
599 1016 683 1058 quod
701 1025 812 1048 verum
830 1020 894 1055 est,
910 1016 994 1058 quod

0 1090 35 1106 nm.
49 1081 159 1106 corona
189 1071 225 1103 fit
256 1075 384 1113 propter
417 1070 598 1112 spirituale,
635 1079 696 1101 non
729 1073 833 1101 tamen
866 1073 996 1111 propter

49 1124 208 1167 spirituale
233 1122 397 1166 officium,
422 1122 507 1164 quod
532 1122 579 1154 ibi
601 1123 716 1160 detur,
741 1122 796 1154 sed
814 1122 897 1163 quod
914 1121 996 1163 βρα-

1059 338 1179 372 ratur,
1209 337 1239 365 et
1263 334 1302 366 ad
1328 333 1412 375 quod
1437 333 1530 365 homo
1554 333 1769 376 configuratur
1793 340 1823 368 et
1846 346 2012 380 praepara-

1060 387 1153 426 tur¹3
1177 390 1207 419 et
1231 386 1301 419 ideo
1325 395 1385 418 non
1410 386 1529 419 frustra
1553 386 1596 419 fit.

1150 439 1178 471 3.
1203 439 1246 471 Ad
1271 439 1349 471 illud
1374 440 1458 480 quod
1483 439 1646 480 obiicitur,
1674 442 1759 482 quod
1784 442 1878 475 datur
1901 453 1920 476 a
1943 453 2011 486 per-

1062 500 1136 523 sona
1160 491 1344 529 excellenti;
1369 491 1556 531 dicendum,
1581 494 1664 534 quod
1689 494 1829 527 eiusdem
1855 500 1902 528 est
1926 506 2011 537 prae-

1060 553 1173 584 parare
1202 544 1364 576 materiam
1390 548 1420 576 et
1443 544 1576 577 formam
1608 546 1784 586 adducere,
1808 552 1838 580 et
1862 550 2009 591 quoniam

1061 601 1228 638 praeparat
1251 597 1290 628 ad
1314 597 1434 629 ordinis
1457 598 1712 638 Sacramentum,
1736 600 1789 641 qui
1811 602 1898 642 ponit
1915 603 2012 635 homi-

1060 659 1131 682 nem
1162 649 1190 680 in
1220 654 1310 680 statu
1342 649 1562 689 excellentiae,
1587 654 1617 683 et
1648 652 1702 693 qui
1733 653 1850 685 etiam²
1874 656 2011 688 traditur
2050 644 2052 646 V

1060 712 1078 734 a
1102 702 1244 743 personis
1268 702 1513 741 excellentibus3
1531 703 1600 736 ideo
1617 708 1647 736 et
1663 714 1794 745 corona,
1812 716 1873 739 non
1890 709 2010 742 ratione

1061 756 1127 793 sui,
1152 755 1206 787 sed
1232 755 1350 786 ratione
1374 755 1443 787 eius
1466 756 1505 787 ad
1530 757 1614 797 quod
1639 757 1784 799 disponit.

1149 807 1179 838 li.
1205 807 1354 838 Ultimum
1390 808 1473 848 quod
1510 808 1632 847 obiicit,
1668 810 1729 842 iam
1765 811 2008 846 determinatum

1061 863 1124 898 est,
1149 859 1222 900 quia
1246 868 1303 891 nec
1328 858 1434 891 lateus
1458 864 1504 892 est
1522 862 1647 902 proprie
1669 872 1725 895 nec
1742 864 1936 903 ordinatus;
1955 867 2009 898 sed

1061 916 1164 944 tamen
1188 912 1288 952 magis
1313 920 1346 944 se
1370 915 1453 944 tenet
1477 922 1549 945 cum
1574 915 1746 947 ordinato.-
1771 917 1852 949 sicut
1873 919 2010 951 novitius

1060 963 1132 1005 plus
1156 964 1388 1005 appropinquat
1412 965 1451 997 ad
1477 969 1593 998 statum
1618 967 1776 1008 religionis
1808 974 1838 1002 et
1862 971 1942 1003 sicut
1967 972 2012 1003 di-

1060 1016 1142 1048 citur
1172 1016 1366 1058 retiyiosus,
1399 1018 1544 1058 quamvis
1576 1027 1637 1051 non
1667 1020 1839 1063 professus
1870 1024 2012 1063 dicatur3

1060 1069 1104 1101 sic
1133 1069 1252 1101 habens
1284 1078 1431 1101 coronam
1465 1070 1580 1102 dicitur
1612 1072 1769 1111 ctericus,
1803 1084 1873 1107 cum
1909 1081 2010 1109 tamen

1060 1131 1121 1153 non
1146 1122 1185 1154 sit
1210 1122 1387 1154 ordinatus
1399 1123 1418 1153 ³.
1445 1123 1480 1155 Et
1503 1123 1547 1155 sic
1571 1128 1655 1165 patet
1682 1129 1790 1158 totum.

905 1273 1088 1314 QUAESTIO
1112 1273 1157 1304 ΙΙΙ.

440 1393 557 1424 Utrum
582 1392 615 1424 iu
639 1392 842 1434 susceptione
865 1402 1006 1424 eorouae
1028 1392 1089 1434 siat
1113 1392 1359 1425 abrenuntiatio
1385 1395 1624 1436 temporalium.

133 1518 236 1550 Tertio
260 1517 441 1559 quaeritur,
465 1520 575 1549 utrum
600 1516 630 1548 in
649 1517 846 1558 susceptione
863 1526 996 1549 coronae

45 1570 98 1603 fiat
120 1570 350 1602 abrenuntiatio
367 1569 599 1611 temporalium.
618 1570 653 1601 Et
670 1570 753 1610 quod
772 1570 833 1608 sic,
852 1570 994 1602 videtur:

136 1624 163 1654 1.
188 1622 290 1654 Primo
314 1631 371 1664 per
396 1622 474 1654 illud
499 1622 584 1664 quod
609 1622 718 1654 dicunt
741 1622 772 1653 in
798 1623 995 1664 susceptione

0 1686 35 1708 osi·
48 1684 193 1708 coronae:
218 1675 380 1707 Dominus
400 1684 486 1716 pars
510 1674 701 1706 hereditatis
726 1684 815 1706 meae
836 1679 864 1706 et
881 1675 996 1707 calicis

49 1728 111 1761 mei
116 1740 128 1767 ;
151 1732 185 1760 tu
209 1737 259 1766 es,
277 1728 336 1770 qui
350 1728 502 1759 restitues
520 1726 731 1759 hereditatem
748 1737 855 1759 meam
872 1727 956 1759 milti
967 1727 976 1743 ⁴
986 1739 997 1765 ,-

49 1780 100 1813 sed
124 1789 184 1812 non
208 1780 416 1818 restituitur,
442 1779 501 1811 nisi
525 1779 609 1821 quod
628 1779 731 1811 datur
748 1783 778 1811 et
795 1779 995 1811 dimittitur:

47 1833 69 1865 si
94 1841 167 1874 ergo
191 1832 324 1865 clericus
348 1833 425 1874 petit
449 1832 686 1864 restitutionem
711 1832 912 1871 hereditatis,
942 1832 996 1863 im-

45 1885 136 1927 plicat
158 1885 227 1917 eius
250 1885 484 1916 dimissionem.

130 1940 158 1971 ⁶2.
184 1939 276 1976 Item,
310 1947 406 1980 super
431 1938 489 1970 hoc
522 1938 597 1970 dicit
627 1938 872 1980 Hieronymus⁵:
912 1938 996 1969 «Do-

46 1991 147 2024 minus
171 2000 243 2024 cum
267 1991 316 2023 his
341 1991 502 2032 partibus,
535 1991 652 2023 scilicet
683 1991 888 2030 transitoriis,
921 2000 995 2033 pars

45 2043 111 2076 fieri
135 2044 371 2085 dedignatum:
398 2047 494 2076 restat
518 2053 610 2085 ergo,
634 2044 716 2085 quod
743 2044 847 2076 Deum
872 2045 903 2076 in
927 2053 996 2086 par-

45 2101 104 2129 tem
129 2106 218 2129 suam
243 2106 303 2128 non
328 2096 481 2135 habeant,
505 2099 560 2128 aut
577 2095 753 2128 hereditate
770 2097 840 2129 alia
857 2101 994 2129 careant.

131 2149 160 2181 3.
184 2150 276 2188 ltem,
300 2149 387 2190 Hugo
416 2149 454 2181 de
487 2153 593 2181 sancto
626 2149 749 2182 Victore
780 2150 810 2181 in
844 2150 923 2182 libro
956 2150 994 2182 de

46 2202 286 2235 Sacramentis⁶:
329 2202 453 2233 «Aliam
491 2205 607 2234 terram
642 2211 704 2234 non
736 2203 828 2235 dehet
859 2203 994 2235 clericus

45 2255 158 2287 habere
181 2255 239 2287 nisi
265 2255 365 2287 Deum
397 2259 427 2286 et
457 2263 494 2286 ea
522 2264 602 2296 quae
633 2255 673 2287 ad
702 2255 802 2287 Deum
835 2260 975 2297 spectant
986 2268 993 2294 3

47 2309 93 2341 cui
117 2312 267 2340 statutum
293 2312 339 2340 est
363 2308 401 2340 de
434 2308 564 2340 decimis
592 2312 622 2340 et
653 2308 880 2348 oblationibus,
913 2318 993 2354 quae

45 2362 106 2395 Deo
129 2362 320 2400 offeruntur,
345 2362 513 2394 sustentari
528 2374 557 2393 ».

129 2415 159 2446 li.
183 2415 275 2452 item,
300 2414 340 2446 ad
366 2414 514 2446 maiorem
533 2414 754 2456 perfectionem
774 2418 919 2448 tenentur
937 2415 994 2447 cle-

46 2466 99 2499 rici
122 2467 190 2499 novi
217 2476 310 2508 quam
336 2467 451 2498 veteris
475 2467 651 2499 testamenti
676 2486 719 2490 —
742 2468 827 2500 unde
849 2468 993 2500 Matthaei

46 2519 188 2560 quint0⁷:
221 2518 297 2550 Nisi
323 2518 545 2550 abundaverit
575 2519 705 2551 iustitia
734 2524 844 2551 vestra
868 2523 926 2552 etc.
950 2538 994 2542 —

46 2571 98 2603 sed
121 2571 335 2604 sacerdotibus
359 2575 389 2603 et
414 2571 516 2602 levitis
541 2571 655 2603 dicitur
685 2572 918 2604 Deuteronomii
943 2573 993 2604 de-

46 2623 122 2656 cimo
145 2628 269 2656 octavo:
302 2623 376 2656 Nou
406 2622 568 2655 habebunt
599 2625 784 2656 sacerdotes
808 2629 835 2656 et
860 2624 992 2663 levitae,

46 2681 73 2708 et
94 2686 201 2708 omnes
224 2677 282 2719 qui
305 2677 343 2709 de
366 2677 478 2708 eadem
501 2677 605 2718 stirpe
627 2681 723 2715 sunt,
747 2682 876 2718 partem
900 2682 928 2709 et
946 2677 995 2709 lie-

46 2729 211 2761 reditatem
237 2739 311 2762 cum
336 2729 462 2772 reliquo
490 2729 609 2771 populo
642 2729 766 2762 Israel.-
799 2739 873 2771 ergo
898 2730 922 2762 si
949 2730 991 2762 illi

1061 1517 1101 1549 ad
1126 1517 1184 1549 hoc
1209 1518 1412 1557 tenebantur,
1446 1519 1545 1551 multo
1577 1519 1689 1553 fortius
1716 1521 1839 1554 videtur
1864 1523 1902 1555 de
1927 1524 2014 1556 cleri-

1062 1570 1106 1602 cis
1131 1570 1200 1601 novi
1227 1571 1414 1602 testamenti.

1152 1624 1179 1654 5.
1205 1623 1297 1662 item,
1321 1626 1451 1655 tonsura
1476 1624 1629 1665 significat
1654 1617 1873 1667 temporalium
1892 1629 2014 1661 abdica-

1061 1675 1195 1713 tionem,
1227 1679 1257 1707 et
1288 1685 1403 1708 corona
1431 1677 1637 1710 elevationem
1669 1679 1708 1711 ad
1741 1680 1903 1719 caelestia,
1934 1682 2015 1714 sicut

1062 1728 1136 1759 dicit
1153 1728 1298 1769 Magister
1315 1729 1345 1760 in
1364 1728 1501 1760 littera⁸:
1519 1738 1594 1770 ergo
1612 1730 1661 1762 vel
1678 1734 1724 1763 est
1741 1731 1855 1764 falsum
1874 1733 2014 1774 signum,

1062 1780 1110 1812 vel
1136 1780 1270 1812 clericus
1295 1790 1354 1812 non
1379 1781 1473 1813 debet
1496 1782 1613 1815 habere
1638 1784 1862 1824 patrimonium
1881 1786 1947 1818 sive
1964 1786 2016 1818 ali-

1061 1842 1156 1875 quam
1181 1834 1410 1875 possessionem
1435 1835 1667 1876 temporalium.

1150 1885 1293 1918 CONTRA:
1322 1888 1349 1918 1.
1372 1887 1519 1920 ieremias
1542 1888 1601 1920 fuit
1625 1889 1664 1921 de
1681 1890 1791 1923 ordine
1808 1892 2172 1931 sacerdotaliffiundamem,

1061 1938 1142 1970 sicut
1166 1942 1250 1980 patet
1280 1938 1310 1970 in
1340 1939 1533 1981 principio⁰z
1565 1941 1668 1973 Verba
1700 1942 1859 1975 Ieremiae
1891 1947 1958 1983 etc„
1983 1948 2012 1977 et

1061 1993 1165 2022 tamen
1190 1991 1306 2023 dicitur
1330 1992 1478 2025 Ieremiae
1502 1993 1664 2035 trigesimo
1688 1996 1840 2028 secundo:
1858 1997 1944 2029 Dixit
1962 1998 2013 2029 Ha-

1061 2044 1181 2076 nameel
1214 2045 1378 2077 Ieremiae:
1405 2046 1542 2078 Posside
1572 2056 1696 2089 aprum
1727 2058 1854 2087 meum,
1880 2050 1939 2093 qui
1968 2055 2015 2082 est

1061 2097 1096 2128 iu
1112 2096 1290 2136 Auatltoth,
1304 2098 1385 2141 quia
1402 2098 1461 2130 tibi
1476 2100 1626 2141 competit
1641 2099 1824 2134 hereditas:
1842 2111 1916 2144 ergo
1933 2112 2014 2136 com-

1060 2150 1186 2192 petebat
1210 2151 1271 2183 illis
1294 2151 1463 2184 hereditas.
1481 2152 1510 2184 Si
1529 2161 1604 2194 ergo
1620 2154 1736 2186 veritas
1754 2156 1921 2197 respondet
1937 2156 2014 2197 figu-

1061 2212 1131 2242 rae,
1156 2203 1282 2235 videtur
1307 2207 1363 2236 etc.

1150 2258 1178 2288 Ξ).
1204 2257 1296 2295 Item,
1315 2257 1440 2289 Levitici
1466 2258 1615 2299 vigesimo
1639 2259 1748 2300 quinto
1763 2260 1797 2290 ¹⁰:
1816 2260 1919 2292 Aedes
1941 2260 2012 2292 levi-

1062 2313 1194 2347 tarum,
1219 2319 1303 2352 quae
1327 2309 1362 2341 in
1385 2309 1524 2342 urbibus
1547 2315 1643 2350 sunt,
1668 2321 1794 2353 semper
1807 2318 1947 2354 possunt
1963 2323 2013 2345 re-

1060 2361 1162 2399 dimi;
1186 2362 1239 2394 sed
1266 2371 1326 2394 non
1352 2363 1395 2394 sic
1427 2367 1494 2395 erat
1526 2364 1564 2395 de
1595 2365 1727 2397 aedibus
1759 2365 1911 2398 aliorum:
1937 2375 2011 2407 ergo

1059 2415 1170 2446 maiori
1196 2414 1339 2447 libertate
1364 2416 1565 2457 possidebant
1590 2417 1701 2450 levitae
1726 2419 1810 2459 quod
1835 2419 2011 2458 habebant,

1060 2476 1154 2509 quam
1180 2467 1249 2499 alii:
1274 2476 1349 2509 ergo
1373 2472 1429 2500 etc.

1149 2520 1177 2552 3.
1203 2520 1295 2558 Item,
1327 2521 1431 2553 clerici
1457 2526 1587 2562 possunt
1612 2531 1730 2554 uxores
1763 2523 1896 2562 ducere,
1930 2523 2010 2556 filios

1059 2581 1226 2614 procreare
1249 2577 1320 2605 ante
1345 2583 1450 2606 sacros
1474 2574 1616 2606 ordines:
1643 2575 1668 2606 si
1693 2584 1768 2616 ergo
1784 2585 1845 2607 non
1863 2579 2010 2609 tenentur

1058 2625 1096 2657 ad
1123 2626 1314 2664 castitatem,
1338 2635 1413 2667 ergo
1436 2635 1493 2658 nec
1517 2627 1555 2659 ad
1582 2631 1815 2668 paupertatem:
1849 2637 1924 2670 ergo
1949 2633 2010 2661 non

1059 2681 1205 2709 tenentur
1229 2679 1416 2719 patrimonio
1441 2680 1633 2711 renuntiare.

1147 2731 1177 2762 [ι.
1201 2731 1294 2770 ltem,
1318 2732 1425 2764 nullus
1450 2736 1574 2764 tenetur
1591 2733 1629 2765 ad
1647 2742 1743 2775 opera
1764 2735 2011 2776 supererogatio-

113 2933 121 2949 ²
142 2934 203 2959 Edd.
224 2934 325 2966 legunt:
342 2934 414 2968 quod
432 2933 468 2959 ibi
485 2934 627 2968 siqui-etur,
650 2935 675 2960 et
692 2934 728 2960 ad
747 2934 803 2966 hoc,
826 2935 898 2968 quod
914 2935 992 2961 hoino

46 2976 224 3010 configuretur
242 2979 265 3003 et
283 2980 468 3012 praeparetur.

112 3021 122 3037 ²
141 3022 188 3047 Pro
207 3021 285 3047 etium
305 3023 361 3047 cod.
382 3023 388 3046 1
409 3023 437 3051 (Ρ
457 3030 469 3047 a
490 3022 603 3047 secunda
624 3024 713 3055 manu)
734 3023 799 3049 ordo
825 3023 878 3049 sive
897 3025 991 3049 status.

46 3063 70 3088 ln
95 3064 143 3089 fine
168 3066 240 3090 solut.
262 3070 319 3097 post
344 3065 459 3099 disponit
481 3066 549 3098 [Vnt.
570 3065 734 3099 disponitur]
755 3067 811 3092 cod.
833 3074 862 3092 aa
889 3068 992 3098 supplet

47 3106 160 3133 traditur
177 3108 210 3134 ab
229 3109 366 3135 excellenti
384 3116 507 3142 persona.

112 3150 123 3166 ³
141 3151 204 3177 Hinc
224 3154 310 3177 novitii
330 3157 354 3178 et
373 3154 457 3178 clerici
482 3154 597 3185 gaudent
621 3155 763 3185 privilegiis
782 3156 942 3186 respectivis.
957 3169 993 3173 —

45 3194 110 3219 Vide
128 3196 240 3221 scholion
261 3197 293 3221 ad
314 3198 513 3228 praecedentem
533 3201 631 3230 quaest.

115 3237 125 3253 ⁴
142 3239 232 3264 Psalm.
254 3240 301 3271 15,
322 3240 346 3265 5.

113 3281 125 3298 ⁵
142 3282 218 3314 Epist.
239 3283 279 3308 52.
300 3284 372 3315 (alias
393 3285 426 3315 2.)
448 3292 471 3309 n.
492 3284 515 3309 5.
535 3292 667 3315 exponens
681 3285 718 3309 Ps.
738 3285 780 3315 15,
795 3284 818 3309 5.
833 3286 878 3310 ait:
894 3285 991 3317 Quodsi

46 3325 177 3356 quippiam
190 3327 258 3352 aliud
278 3327 396 3353 habuerit
415 3327 550 3361 [clericus]
571 3332 671 3359 praeter
691 3328 844 3359 Dominum,
862 3336 923 3360 pars
936 3331 992 3354 eius

45 3374 95 3393 non
114 3370 161 3394 erit
187 3371 323 3404 Dominus,
350 3372 423 3397 verbi
450 3374 544 3404 gratia,
574 3373 594 3397 si
620 3380 727 3404 aurum,
752 3373 772 3397 si
793 3377 944 3404 argentum,
970 3375 990 3398 si

1057 2937 1247 2967 possessiones,
1268 2937 1287 2961 si
1312 2937 1410 2961 variam
1436 2937 1634 2967 supellectilem3
1655 2944 1714 2962 cum
1742 2938 1794 2962 istis
1822 2938 1939 2969 partibus
1965 2939 2012 2962 Do-

1058 2981 1143 3004 minus
1162 2987 1222 3011 purs
1241 2981 1297 3005 eius
1317 2980 1369 3004 fieri
1391 2986 1440 3004 non
1461 2980 1619 3011 dignabitur.

1127 3023 1137 3039 ⁶
1157 3023 1224 3048 Libr.
1246 3024 1271 3048 ll.
1292 3031 1316 3055 p.
1339 3024 1365 3048 ll.
1388 3031 1409 3048 c.
1431 3024 1453 3049 3.
1476 3024 1522 3048 Pro
1542 3023 1578 3049 ad
1596 3024 1680 3050 Deum
1710 3028 1792 3050 textus
1821 3025 1952 3057 originalis
1976 3024 2011 3050 ud

1055 3068 1159 3099 partem
1181 3067 1232 3092 Dei.

1127 3110 1137 3126 ⁷
1159 3110 1230 3135 Vers.
1251 3111 1291 3135 20.
1313 3125 1346 3128 -—
1366 3111 1425 3143 Seq.
1453 3111 1524 3136 locus
1548 3116 1586 3136 ost
1615 3112 1686 3137 Dent.
1712 3113 1754 3143 18,
1780 3113 1804 3143 l,
1826 3112 1869 3137 ubi
1899 3112 2010 3144 Vulgata

1058 3152 1128 3179 tribu
1148 3161 1195 3185 pro
1214 3153 1307 3187 stirpe,
1330 3156 1426 3179 omisso
1446 3155 1556 3180 subinde
1573 3155 1680 3188 populo.

1127 3197 1137 3213 8
1156 3198 1202 3222 Hic
1222 3205 1243 3222 c.
1264 3197 1286 3222 4.

1127 3242 1138 3258 9
1157 3241 1218 3273 Cap.
1244 3243 1266 3272 l,
1292 3243 1311 3267 1.
1331 3256 1365 3259 —
1384 3243 1442 3274 Seq.
1470 3243 1540 3268 locus
1568 3248 1606 3268 est
1632 3244 1693 3268 ibid.
1715 3244 1761 3275 3-2,
1788 3244 1817 3269 8:
1838 3245 1866 3270 Et
1887 3246 1957 3270 venit
1976 3245 2009 3270 ad

1057 3292 1098 3310 mc
1118 3286 1269 3317 Hanameel,
1292 3286 1357 3311 tilius
1377 3287 1459 3317 putrui
1481 3288 1556 3312 mei...
1576 3291 1601 3313 et
1620 3288 1653 3312 nit
1673 3287 1704 3312 ad
1719 3294 1774 3313 me:
1791 3288 1894 3313 Posside
1914 3296 2007 3320 agrum

1057 3336 1159 3358 meum,
1180 3330 1223 3361 qui
1243 3333 1280 3353 est
1299 3330 1322 3354 in
1343 3331 1470 3355 Anaihoth
1491 3331 1515 3355 in
1537 3335 1601 3356 terra
1623 3332 1768 3363 Beniamin,
1789 3333 1849 3364 quia
1870 3336 1918 3358 etc.

1128 3373 1149 3389 ¹⁰
1171 3373 1242 3398 Veis
1264 3374 1304 3398 3-2.
1325 3388 1359 3392 —
1379 3375 1414 3399 De
1432 3374 1533 3400 minori
1551 3375 1611 3401 vide
1631 3376 1693 3401 ibid.
1717 3384 1741 3401 v.
1763 3377 1803 3401 29.
1824 3384 1877 3409 seq.
