2483 3882
674 247 766 278 DlST.
792 247 887 280 XLIV.
913 247 942 278 P.
966 246 990 278 ΙΙ

43 334 209 376 Iosophos¹
227 352 270 357 -—
287 334 340 365 sed
366 337 413 366 est
436 343 553 375 ponere
569 334 740 376 perfectam
765 334 991 367 beatitudinem

43 390 73 422 in
97 388 196 430 patria
228 390 257 419 et
292 386 431 418 medium
457 390 573 419 statum
598 387 629 418 in
653 387 704 419 via
727 387 808 419 inter
829 387 993 419 beatitudi—

0 474 11 478 ,
43 450 112 475 nem
137 443 167 472 et
190 439 359 481 perfectam
387 439 561 471 miseriam:
587 448 661 481 ergo
685 442 732 472 est
755 440 992 481 ponereperfe-

43 497 122 527 ctam
140 492 296 524 miseriam
315 494 384 532 post
402 491 481 522 hanc
499 491 612 529 vitam:
629 491 709 523 hanc
726 496 830 524 autem
857 493 991 525 dicimus

20 570 22 573 »
42 545 218 578 infernum:
244 552 318 585 ergo
342 546 399 575 etc.

128 597 157 629 [ι.
182 597 275 634 Item,
308 598 471 637 peccatum
504 596 672 636 opponitur
698 596 809 629 merito
834 597 990 636 iustitiae3

41 651 94 684 sed
120 650 230 682 merito
254 649 388 681 debetur
412 648 512 690 gloria
535 652 680 687 aeterna,
705 650 879 682 secundum
905 651 989 692 quod

41 703 154 737 dicitur
171 701 327 735 secundae
344 701 383 733 ad
401 701 577 733 Corinthios
600 705 713 743 quarto
727 701 737 716 ²
753 714 759 733 :
786 711 860 744 ergo
876 707 906 735 et
923 713 990 744 pec-

41 760 107 790 cato
124 764 223 797 poena
239 752 380 793 aeterna,
403 763 458 795 per
476 753 581 785 locum
599 763 620 786 ct
637 758 839 787 commutata
853 765 990 797 propor—

7 808 12 814 '
42 809 142 846 tione,
167 808 232 839 sive
253 816 314 848 per
338 806 599 848 consequentiam
625 806 659 837 in
684 806 778 847 ips0;
801 808 892 848 quia,
909 808 989 840 sicut

39 871 71 895 se
96 861 189 893 habet
212 859 361 892 meritum
385 859 425 890 ad
449 859 645 899 praemium,
672 858 713 890 ita
734 859 922 891 demeritum
948 861 987 893 ad

39 913 250 956 supplicium3
274 917 304 944 et
328 912 468 949 iteruin,
500 911 555 943 «si
573 912 751 953 oppositum
778 912 807 943 in
832 914 988 954 opposito,

12 968 14 970 ’
39 971 68 1000 θῖ
90 965 285 1008 propositum
312 965 341 996 in
365 964 526 1006 proposito
541 963 551 978 ³
568 976 598 994 n.

127 1020 154 1050 5.
173 1018 265 1055 Item,
283 1017 336 1058 qui
353 1020 462 1058 peccat
483 1015 657 1048 mortaliter
682 1018 845 1058 praeponit
870 1018 986 1050 bonum

38 1070 258 1105 commutabile
282 1070 363 1102 bono
380 1073 507 1101 aeterno
524 1072 554 1101 et
571 1069 691 1101 infinito
702 1096 709 1108 ,
727 1079 802 1111 ergo
819 1071 988 1104 contemnit

37 1127 67 1157 et
89 1123 218 1156 offendit
246 1123 362 1154 bonum
389 1121 545 1154 infinitum
560 1134 567 1160 ;
594 1122 648 1155 sed
674 1126 759 1154 tanta
783 1127 829 1155 θεῖ
853 1124 987 1163 offensa,

37 1180 172 1220 quantus
195 1179 242 1208 est
266 1176 292 1208 is
316 1176 368 1217 qui
394 1176 583 1208 offenditur:
610 1184 684 1217 ergo
709 1185 782 1208 cum
806 1176 875 1218 ipse*
890 1177 928 1209 sit
947 1177 987 1209 in-

36 1231 159 1269 finitus,
184 1229 301 1262 offensa
330 1229 423 1261 debet
455 1228 586 1260 iudicari
620 1228 748 1260 infinita.
782 1230 858 1261 Cum
891 1230 987 1271 igitur

35 1291 133 1326 poena
150 1283 262 1314 debeat
275 1281 505 1323 proportionari
523 1281 668 1319 offensae,
686 1290 813 1314 necesse
830 1286 885 1321 est,
902 1283 985 1324 quod

34 1340 159 1379 peccato
185 1335 306 1367 mortali
326 1334 479 1366 reddatur
496 1343 596 1375 poena
614 1334 753 1372 infinita;
779 1335 833 1367 sed
859 1345 918 1367 non
937 1345 988 1377 po-

35 1392 93 1422 test
106 1388 194 1421 reddi
210 1387 329 1420 infinita
343 1387 532 1425 intensione,
547 1387 601 1419 sed
613 1387 623 1401 ⁴
639 1387 821 1419 duratione:
840 1397 915 1429 ergo
928 1392 985 1420 etc.

123 1443 150 1474 6.
177 1442 268 1479 item,
294 1441 374 1473 sicut
398 1440 482 1472 Deus
506 1443 553 1472 est
576 1448 700 1472 summe
724 1440 920 1479 misericors,
945 1442 986 1473 ita

34 1497 80 1528 est
103 1502 226 1527 summe
251 1494 374 1530 iustus3
398 1493 479 1524 sicut
510 1501 584 1533 ergo
617 1501 740 1524 summe
774 1493 985 1526 misericordis

33 1544 80 1580 est
103 1555 226 1579 summe
251 1544 393 1577 misereri
412 1547 442 1576 et
460 1544 708 1576 misericordiam
732 1553 821 1576 suam
840 1554 961 1577 summe
974 1546 984 1560 ⁵

33 1590 248 1635 manifestare,
277 1598 321 1630 sic
345 1601 375 1629 et
399 1606 523 1629 summe
547 1597 619 1628 iusti
645 1600 692 1629 θεῖ
717 1606 839 1629 summe
873 1599 984 1639 punire

34 1656 63 1685 et
86 1661 174 1685 suam
201 1651 351 1684 iustitiam
369 1650 569 1682 manifestare
594 1659 650 1691 per
674 1650 834 1682 effectum:
861 1651 885 1682 si
910 1660 984 1693 ergo

33 1705 152 1737 infinita
176 1704 293 1736 iustitia
317 1713 377 1735 non
403 1706 505 1745 potest
530 1703 721 1735 manifestari
748 1703 807 1735 nisi
833 1712 887 1745 per
916 1704 985 1736 effe-

33 1762 116 1791 ctum
134 1758 309 1794 infinitum,
327 1756 470 1795 videtur,
488 1756 571 1798 quod
588 1756 749 1797 aliquibus
766 1757 984 1798 peccatoribus

2 1807 6 1812 ’
32 1811 120 1844 reddi
145 1811 257 1843 debeat
281 1809 440 1842 cruciatus
464 1809 614 1841 infinitus.
642 1809 702 1841 Sed
720 1818 781 1841 non
798 1813 899 1851 potest
915 1820 983 1843 esse

33 1864 189 1897 cruciatus
205 1863 394 1895 immensus:
413 1871 488 1904 ergo
505 1871 630 1894 necesse
648 1866 704 1900 est,
721 1870 789 1894 esse
807 1863 981 1895 cruciatum

32 1919 216 1954 aeternum3
239 1915 324 1947 hunc
348 1918 453 1947 autem
479 1915 613 1947 dicimus
638 1914 815 1946 infernum:
833 1924 908 1956 ergo
925 1920 981 1947 etc.

385 2030 402 2052 c
411 2029 429 2053 o
438 2030 461 2052 N
469 2029 486 2052 c
496 2030 513 2052 L
523 2030 544 2052 U
553 2030 567 2051 s
578 2030 586 2051 1
597 2029 625 2052 o.

82 2128 123 2159 In
147 2126 278 2170 inferno
298 2127 471 2168 ponendus
495 2131 540 2158 est
564 2126 736 2159 eruciatus
760 2131 923 2158 aeternus.

119 2234 320 2265 RespoNnEo:
345 2232 388 2264 Ad
415 2232 647 2274 praedictorum
674 2233 909 2274 intelligentiam
935 2236 981 2265 est

13 2286 219 2324 -notandum‚
245 2285 328 2327 quod
353 2285 448 2327 aliqui
474 2290 687 2326 negaverunt,
712 2285 869 2317 infernum
895 2295 981 2325 esse,

32 2348 87 2380 pro
110 2347 146 2371 eo
169 2339 253 2380 quod
279 2338 444 2375 dixerunt,
461 2337 588 2369 nulium
615 2338 804 2370 cruciatum
826 2347 894 2370 esse
911 2342 981 2379 post

14 2391 110 2423 banc
134 2391 239 2423 vitam.
266 2410 306 2413 —
333 2391 366 2423 Et
390 2391 521 2423 istorum
548 2399 689 2423 errorem
722 2391 877 2423 convincit
901 2391 980 2423 ratio

32 2444 208 2483 manifesta,
233 2444 380 2485 quoniam
405 2444 547 2485 aequitas
571 2444 707 2477 iustitiae
731 2448 761 2476 et
785 2445 864 2476 ratio
896 2448 981 2477 recta

32 2497 72 2529 ita
95 2497 205 2536 dictat,
230 2497 314 2539 quod
348 2497 465 2528 malum
490 2506 550 2528 non
577 2497 670 2529 debet
694 2506 858 2529 remanere
881 2498 980 2538 impu-

32 2549 128 2582 nitum
144 2550 165 2581 ⁰.
190 2550 217 2582 Si
244 2559 318 2592 ergo
343 2550 432 2581 multi
458 2554 588 2591 peccant
613 2550 642 2582 in
673 2550 729 2582 bac
756 2551 835 2589 vita,
864 2551 916 2592 qui
950 2550 980 2581 in

33 2601 89 2634 bac
112 2591 174 2634 rita
198 2611 258 2634 non
284 2602 483 2640 cruciantur,
516 2602 612 2634 immo
645 2603 782 2643 gaudent
814 2605 844 2634 et
869 2601 981 2634 laetan-

994 271 999 278 .
1025 246 1105 279 ΛΒΤ.
1131 247 1150 278 l.
1175 247 1327 289 QUAEST.
1346 248 1373 279 ’1.
1940 252 2000 283 9⁰21

1056 338 1128 367 tur:
1153 343 1228 376 ergo
1251 344 1377 368 necesse
1401 339 1464 375 est,
1486 345 1538 369 eos
1555 340 1624 378 post
1641 337 1721 370 banc
1737 338 1832 369 vitam
1851 339 1983 371 cruciari
1997 365 2004 378 ,

1056 391 1111 420 aut
1134 389 1297 421 destruere
1321 389 1463 421 ordinem
1490 390 1645 429 universi,
1670 395 1725 423 aut
1748 391 1887 423 divinam
1921 392 2006 424 iusti—

1057 441 1131 473 tiam
1155 441 1362 483 negligentem
1380 446 1410 474 et
1427 443 1588 475 remissam
1608 452 1675 476 esse
1700 445 1782 477 circa
1807 445 1999 487 punitionem

1055 494 1182 535 peccati.
1420 502 1421 506 ¹

1144 546 1198 578 Alii
1216 555 1291 578 vero
1308 551 1512 588 negaverunt,
1530 548 1685 580 infernum
1703 558 1780 589 esse,
1796 559 1852 591 pro
1869 559 1905 582 eo
1917 551 2001 592 quod
2017 562 2080 583 Error
2094 563 2114 583 θ.

1055 603 1266 640 negaverunt,
1291 599 1403 641 impios
1427 600 1636 632 aeternaliter
1661 602 1833 640 emaciari,
1859 604 2003 644 quamvis

1055 651 1099 683 eis
1123 655 1192 692 post
1216 652 1295 684 hanc
1320 652 1415 683 vitam
1439 652 1552 694 aliquis
1578 658 1700 686 maneat
1724 655 1891 687 cruciatus.
1914 656 2004 688 Dixe-

1054 707 1128 735 runt
1152 704 1254 742 enim,
1278 704 1363 745 quod
1389 705 1446 736 boc
1467 713 1528 736 non
1546 709 1647 746 potest
1663 706 1769 738 divina
1787 708 2003 740 misericordia

1054 756 1225 794 sustinere,
1250 757 1334 798 quod
1359 761 1504 789 creatura
1528 767 1603 795 sua,
1627 768 1720 800 quam
1748 768 1806 791 non
1832 760 1914 798 odit,
1948 762 2001 793 sed

1054 808 1154 849 diligit
1169 809 1197 846 ²,
1221 809 1420 841 aeternaliter
1437 810 1476 841 sit
1494 810 1522 841 in
1541 811 1665 851 poenis.
1690 820 1760 843 cum
1788 812 1852 853 ipse
1874 822 1935 844 non
1953 814 2002 845 de-

1054 861 1184 893 lectetur
1210 862 1240 893 in
1264 862 1424 903 punitione
1441 867 1547 895 nostra
1572 872 1627 895 nec
1652 864 1782 896 satietur
1807 866 1998 898 cruciatibus

1053 914 1188 951 nostris;
1218 923 1274 946 nec
1304 914 1424 955 aliquid
1448 915 1594 953 obsistat.
1619 916 1693 957 quin
1721 917 1797 949 bene
1823 919 1918 958 possit
1949 927 2001 951 eos

1053 966 1105 1007 qui
1138 967 1330 1007 puniuntur,
1362 967 1427 999 sine
1457 968 1563 1009 aliquo
1593 969 1784 1010 praeiudicio
1818 970 1952 1003 liberare
1985 980 2002 1003 a

1052 1019 1169 1060 poenis.
1196 1019 1230 1051 Et
1253 1020 1277 1051 si
1303 1019 1472 1061 aliquando
1493 1021 1655 1062 Scriptura
1672 1022 1881 1054 comminatur
1898 1032 2001 1064 pecca-

1052 1071 1174 1103 toribus
1199 1081 1328 1113 poenam
1353 1076 1534 1111 aeternam3
1560 1074 1618 1106 boc
1643 1074 1750 1106 dicunt
1775 1084 1833 1106 non
1860 1085 1927 1108 esse
1960 1077 2002 1109 di-

1052 1128 1136 1156 ctum
1162 1125 1335 1157 secundum
1360 1126 1529 1158 veritatem
1550 1127 1802 1168 promissionis,
1821 1129 1874 1161 sed
1893 1138 2002 1161 secun-

1052 1177 1128 1209 dum
1162 1181 1320 1210 terrorem
1356 1179 1640 1218 comminationis,
1665 1190 1727 1222 qua
1752 1182 1883 1214 intendit
1916 1182 1999 1214 Deus

1052 1230 1150 1263 malos
1174 1231 1310 1263 liberare
1334 1241 1351 1263 a
1377 1232 1519 1272 peccatis.
1822 1242 1824 1244 ’

1140 1283 1197 1315 1εῖθ
1221 1287 1326 1315 autem
1351 1292 1440 1315 error
1465 1284 1631 1325 Origenis⁸
1664 1285 1721 1317 fuit
1745 1290 1776 1318 et
1800 1295 1930 1319 suorum
1957 1297 2001 1320 se·
2017 1304 2150 1332 Κερκώπη,

1051 1336 1215 1377 quamam,
1247 1336 1301 1378 qui
1332 1339 1417 1368 tanto
1449 1341 1496 1368 est
1524 1337 1709 1377 immanior,
1733 1343 1849 1380 quanto
1875 1340 1999 1373 videtur
2028 1331 2148 1359 ³⁰⁹¹i⁰i¹⁶¹²

1050 1396 1118 1420 esse
1150 1388 1254 1420 mitior
1282 1393 1313 1421 et
1337 1389 1585 1421 misericordior:
1611 1399 1668 1431 pro
1692 1399 1728 1422 eo
1752 1392 1834 1433 quod
1861 1392 1999 1425 divinam

1050 1441 1201 1473 iustitiam
1227 1441 1441 1483 blasphemat,
1466 1442 1541 1474 dum
1560 1451 1627 1474 eam
1653 1443 1817 1482 diminuit,
1843 1445 1919 1477 dum
1938 1450 2001 1477 tan—

1050 1496 1117 1525 tum
1142 1494 1194 1525 dat
1220 1494 1468 1533 misericordiae.
1502 1496 1585 1537 quod
1620 1505 1680 1527 non
1714 1497 1862 1539 relinquit
1896 1498 1998 1530 locum

1051 1546 1195 1578 iustitiae.
1224 1566 1267 1570 —-
1291 1548 1433 1579 Secundo
1457 1557 1549 1586 vero,
1574 1549 1647 1589 quia
1665 1558 1750 1590 spem
1775 1554 1913 1582 nostram
1931 1560 1999 1583 eva-

1049 1602 1129 1631 cuat.
1144 1600 1172 1631 Si
1191 1600 1273 1631 enim
1291 1600 1452 1641 Scriptura
1468 1601 1668 1642 supplicium
1686 1603 1902 1643 peccatoribus
1919 1613 1999 1636 com-

1050 1652 1187 1684 minatur
1212 1662 1271 1685 non
1289 1653 1464 1685 secundum
1484 1653 1663 1692 veritatem,
1688 1655 1743 1686 sed
1768 1660 1802 1687 ut
1826 1656 1996 1695 deterream

1048 1705 1123 1746 quid
1149 1714 1260 1737 causae
1284 1709 1348 1744 est,
1381 1714 1438 1738 cur
1469 1706 1560 1738 etiam
1587 1715 1646 1737 non
1674 1707 1883 1748 intelligamus
1903 1718 1998 1750 prae-

1047 1757 1117 1789 mia
1143 1758 1324 1798 promittere
1348 1767 1409 1789 non
1434 1758 1606 1790 secundum
1634 1760 1796 1792 veritatem
1810 1786 1817 1799 ,
1834 1761 1888 1793 sed
1906 1765 1940 1793 ut
1957 1762 1996 1794 ad

1048 1819 1126 1851 opus
1152 1811 1286 1843 iustitiae
1310 1811 1479 1843 alliciam?
1503 1812 1543 1843 Ac
1571 1821 1627 1853 per
1659 1812 1717 1844 hoc
1749 1813 1910 1855 Scriptura
1934 1817 1997 1846 tota

1048 1867 1077 1895 et
1101 1863 1179 1895 fides
1204 1866 1310 1895 nostra
1334 1873 1413 1895 vana
1437 1867 1467 1896 et
1490 1864 1602 1896 frivola
1625 1865 1740 1906 poterit
1764 1866 1907 1898 iudicari.

1137 1916 1171 1948 Et
1195 1916 1264 1948 ideo
1288 1919 1335 1948 est
1361 1916 1450 1948 tertia
1474 1917 1585 1958 positio
1608 1918 1802 1951 rationabilis
1826 1923 1856 1951 et
1877 1919 1996 1959 fidelis,
2012 1936 2130 1959 Conclusio,

1047 1969 1131 2010 quod
1156 1969 1194 2000 sit
1218 1977 1333 2009 ponere
1358 1969 1533 2001 cruciatum
1555 1972 1740 2007 aeternnm;
1765 1975 1795 2003 et.
1820 1972 1878 2004 boc
1902 1972 1997 2004 mani-

1046 2024 1122 2054 feste
1147 2021 1227 2053 (licit
1250 2021 1355 2053 divina
1377 2021 1573 2063 Scriptura,
1592 2022 1769 2064 confirmat
1784 2023 1864 2065 fides
1881 2029 1910 2057 et
1928 2035 1999 2057 oon-

1046 2075 1163 2106 cordat
1193 2074 1282 2106 ratio
1314 2079 1413 2106 reeta.
1449 2075 1482 2107 Et
1514 2076 1595 2118 quod
1631 2076 1809 2118 Scriptura.
1834 2078 1942 2116 diecti,
1967 2082 1997 2110 et

1046 2128 1130 2169 quod
1153 2127 1233 2168 fides
1257 2127 1452 2165 consentiat,
1472 2128 1528 2160 boc
1545 2129 1673 2170 planum
1697 2134 1743 2162 est
1759 2139 1798 2162 ex
1817 2131 1946 2163 obiectis
1962 2131 1996 2162 ¹⁰.

1045 2199 1088 2203 —
1105 2180 1193 2221 Quod
1211 2180 1302 2211 etiam
1321 2180 1409 2211 ratio
1426 2181 1614 2219 concordet,
1640 2182 1697 2213 boc
1720 2186 1819 2224 patet,
1838 2183 1912 2224 quia
1937 2184 1995 2216 boc
2010 2201 2092 2228 Duplex
2107 2209 2140 2224 m-

1046 2233 1141 2265 dictat
1173 2236 1202 2264 ct
1232 2241 1287 2273 per
1321 2232 1449 2264 modum
1482 2234 1702 2275 conprnitcttis
1726 2239 1756 2267 et
1783 2236 1993 2268 necessitatis.
2055 2229 2093 2250 ⁸⁰·

1045 2285 1223 2317 Cruciatum
1250 2285 1331 2317 enim
1356 2289 1518 2317 aeternum
1552 2296 1667 2327 ponere
1698 2287 1770 2319 facit
1801 2288 1839 2320 ad
1865 2289 1997 2330 comple-

1045 2343 1188 2370 mentum
1206 2338 1356 2369 ¹ztniversi
1371 2342 1400 2370 et
1417 2338 1541 2370 institvi
1559 2339 1721 2372 indicium
1735 2341 1802 2372 Dei.
1817 2341 1875 2373 Sed
1894 2342 1995 2383 prima

1045 2395 1091 2423 est
1114 2391 1193 2423 ratio
1218 2390 1454 2432 conprnitcttis,
1480 2392 1618 2424 secunda
1642 2393 1852 2425 necessitatis.

1135 2443 1326 2485 Conyrztnm
1350 2444 1431 2475 enim
1457 2448 1520 2481 est,
1538 2448 1572 2477 ut
1589 2445 1768 2486 pulcritudo
1787 2447 1924 2479 universi
1943 2447 1994 2480 de·
2008 2464 2069 2486 Ratio
2084 2471 2134 2487 eon-

1045 2501 1169 2528 coretur
1194 2496 1383 2537 quibusdam
1408 2497 1568 2529 antithetis
1583 2497 1617 2536 ¹¹,
1635 2502 1686 2536 ut,
1712 2499 1792 2530 sicut
1816 2499 1905 2532 bonis
1927 2501 1995 2532 red·
2022 2492 2126 2517 mnam·

1045 2549 1164 2581 duntur
1182 2549 1262 2580 bona
1278 2553 1414 2589 aeterna,
1429 2550 1469 2581 ita
1483 2554 1512 2582 et
1526 2550 1616 2582 malis
1633 2555 1759 2583 aeterna
1776 2553 1939 2594 supplicia.
1950 2572 1993 2576 —

1047 2601 1275 2633 Necessarium
1293 2605 1339 2634 est
1356 2602 1448 2634 etiam
1466 2602 1504 2634 ad
1522 2603 1712 2635 servandum
1738 2604 1880 2637 ordinem
1906 2606 1993 2638 iusti-
2009 2624 2069 2646 [4250
2082 2631 2154 2647 neces-

2022 2652 2099 2673 sitatis.

98 2760 105 2777 ¹
126 2760 192 2786 Vide
211 2763 272 2786 tom.
293 2761 320 2786 11.
342 2768 402 2792 pag.
425 2761 470 2793 42,
491 2764 550 2786 nota
571 2762 594 2786 2.
615 2764 640 2786 et
669 2762 691 2786 8.
720 2761 799 2786 verba
821 2762 922 2786 Aristot.
945 2776 978 2778 —

30 2804 54 2829 ln
73 2811 143 2838 seqq.
172 2806 228 2831 Vnt.
249 2807 306 2831 voci
325 2805 483 2839 perfectam,
504 2813 571 2838 quae
593 2810 631 2831 ter
652 2807 777 2837 occurrit,
800 2806 934 2836 subiungit
954 2807 977 2831 et

30 2849 171 2875 aeternam.

97 2892 108 2908 2
126 2893 198 2917 Vers.
222 2893 264 2918 17:
294 2893 319 2918 ld
347 2894 429 2925 enim,
452 2893 523 2925 quod
552 2894 576 2917 in
608 2894 735 2924 praesenti
765 2897 803 2918 est
834 2897 976 2918 monicula-

28 2941 132 2961 neum...
146 2937 171 2961 in
184 2937 339 2962 sublimitate
360 2941 492 2962 aeternum
513 2937 610 2968 gloriae
631 2937 734 2969 pondus
748 2942 870 2968 operatur
890 2939 914 2961 in
935 2944 977 2961 no-

31 2978 75 3004 bis.
87 2993 122 2998 —
134 2980 170 3005 De
189 2981 245 3006 loco
264 2989 280 3007 a
294 2982 458 3007 commutata
470 2982 641 3014 proportione
655 2983 699 3006 cfr.
715 2985 775 3007 tom.
792 2982 826 3006 111.
842 2989 901 3013 pag.
916 2981 976 3012 cst,

30 3026 86 3048 nota
105 3024 129 3056 3,
150 3026 175 3049 et
193 3024 223 3050 ile
242 3025 428 3059 consequentia
457 3025 484 3051 in
513 3025 568 3058 ipso
594 3027 649 3050 sive
678 3026 769 3050 ordino
799 3026 895 3050 directo
916 3025 976 3049 vide

30 3068 88 3092 tom.
108 3068 124 3092 1.
144 3075 205 3100 pag.
228 3069 292 3101 822,
313 3073 372 3094 nota
394 3070 418 3094 11.

96 3110 107 3127 ³
126 3113 241 3145 Aristot.⁷
263 3114 303 3139 lV.
325 3114 416 3145 Topic.
438 3121 459 3139 c.
481 3114 505 3139 t.

98 3154 108 3171 ⁴
126 3155 206 3181 Codd.
228 3157 273 3182 EL
285 3157 305 3182 N
319 3158 340 3182 Y
359 3164 437 3191 erqo,
460 3158 517 3183 Vat.
537 3157 583 3183 sed
601 3157 698 3184 solum.

97 3199 108 3215 ⁵
126 3199 187 3225 Cod.
208 3201 225 3225 L
245 3201 317 3227 addit
336 3203 360 3227 et
376 3201 503 3235 perfecte,
526 3209 556 3227 ac
575 3203 682 3227 interius
707 3204 764 3233 post
789 3201 918 3228 iustitiam
937 3209 977 3227 re-

30 3244 89 3273 petit
107 3250 218 3271 summe.
233 3246 296 3271 Edd.
311 3246 352 3271 liic
370 3246 472 3278 legunt:
487 3253 590 3272 summe
602 3245 775 3279 niunifestctre
784 3253 834 3279 per
847 3246 977 3279 effectum.

97 3286 108 3303 θ
126 3287 175 3313 Csr.
195 3295 274 3320 supra
294 3297 354 3321 pag.
375 3290 440 3322 356,
463 3293 521 3315 nota
546 3290 569 3314 6.
596 3304 630 3307 —
655 3290 701 3315 Hic
726 3297 798 3315 error
823 3290 977 3315 describitur

30 3329 87 3361 Sap.
108 3332 136 3363 2,
159 3332 180 3357 1.
201 3339 273 3365 seqq.
293 3333 342 3359 Cfr.
363 3333 425 3359 ibid.
446 3334 475 3365 5,
497 3335 520 3359 lt.
540 3341 612 3366 seqq.
630 3348 662 3351 —
677 3334 756 3359 Paulo
780 3335 901 3365 superius
921 3338 978 3366 post

30 3373 157 3400 convincit
173 3375 293 3401 dedimus
313 3377 448 3402 lectionem
469 3377 544 3403 codd.
564 3378 583 3402 B
594 3378 614 3402 D
626 3378 645 3402 G
656 3378 674 3402 L
687 3378 702 3402 Ρ
714 3378 734 3409 Q
746 3377 766 3402 Y
787 3377 815 3409 (E
835 3385 847 3402 a
863 3378 975 3403 secunda

167 3428 194 3455 S.
215 3429 314 3456 Bonav.
335 3445 369 3448 ——
389 3431 464 3455 Toni.
486 3431 525 3456 lV.

1043 2763 1147 2794 manu);
1166 2761 1207 2786 alii
1222 2769 1284 2786 voro
1298 2764 1323 2786 et
1336 2761 1394 2786 edd.
1409 2762 1528 2787 omittunt
1541 2762 1608 2787 ratio
1622 2762 1780 2796 manifesta,
1802 2764 1930 2797 quoniam
1949 2772 1993 2791 ue-

1042 2805 1129 2839 quz'tas
1148 2805 1263 2831 iustitiae
1282 2807 1319 2837 et,
1342 2809 1417 2838 atque
1438 2805 1536 2831 addunt
1555 2813 1624 2839 qnae
1644 2810 1701 2831 ante
1721 2806 1756 2833 ito
1777 2807 1865 2833 dictat.

1112 2850 1122 2865 ⁷
1142 2850 1201 2881 Sap.
1227 2850 1249 2874 11
1265 2870 1270 2881 ,
1293 2849 1339 2874 25:
1361 2850 1449 2881 Diligis
1468 2851 1535 2874 enirn
1557 2851 1641 2875 omnia
1656 2857 1723 2882 quae
1736 2855 1804 2883 sunt,
1820 2855 1845 2876 et
1860 2853 1919 2877 nibil
1936 2853 1991 2877 odi-

1042 2894 1072 2918 sti
1096 2900 1187 2918 eorum
1216 2900 1282 2925 quae
1312 2894 1390 2919 fecisti
1419 2896 1464 2918 etc.
1493 2907 1528 2912 -—-
1556 2894 1592 2919 De
1620 2902 1673 2927 seq.
1702 2902 1807 2927 propos.
1838 2897 1881 2921 cfr.
1912 2903 1991 2928 supra

1042 2944 1101 2967 pag.
1122 2937 1187 2968 352,
1210 2940 1267 2961 nota
1287 2937 1311 2961 G.
1332 2951 1365 2954 —
1385 2937 1519 2969 Aliquanto
1540 2938 1644 2962 inferius
1662 2945 1709 2969 pro
1722 2938 1906 2971 promissionis
1920 2939 1961 2964 ed.
1979 2941 1986 2964 11

1041 2979 1215 3013 impletionis,
1239 2982 1294 3005 Vat.
1313 2980 1471 3013 impletionis
1492 2981 1533 3006 vel
1548 2981 1743 3014 promissionis.

1111 3024 1122 3041 ⁸
1141 3025 1208 3050 Libr.
1230 3025 1245 3050 l.
1267 3026 1391 3049 l‘oriarcli.
1413 3032 1432 3049 (¹.
1449 3026 1471 3049 6.
1486 3033 1539 3057 seq.
1554 3025 1604 3050 Csr.
1620 3030 1679 3051 tom.
1695 3027 1720 3051 ll.
1737 3033 1795 3058 pag.
1815 3027 1874 3056 177,
1890 3032 1947 3052 nota
1964 3029 1991 3059 2,

1042 3069 1085 3094 nbi
1106 3070 1180 3094 etiam
1202 3069 1372 3100 allegavimus
1391 3070 1514 3101 Aiigiist.‚
1536 3069 1603 3094 XXl.
1618 3070 1650 3094 de
1669 3070 1723 3094 Civ.
1739 3070 1796 3102 Dei,
1811 3077 1832 3095 c.
1853 3071 1888 3096 17.
1903 3071 1989 3103 0123,

1041 3114 1065 3138 in
1086 3113 1181 3145 quibus
1202 3114 1264 3138 liaeo
1284 3114 1405 3138 sententia
1426 3114 1554 3138 refellitur.

1110 3158 1120 3173 ⁰
1141 3158 1290 3183 Secundum
1315 3158 1436 3189 drogon,
1458 3158 1574 3182 xxxw.
1596 3158 1682 3183 Moral.
1698 3165 1718 3183 e.
1740 3159 1775 3183 19.
1797 3166 1819 3183 n.
1841 3159 1881 3183 3“·3.
1903 3166 1988 3192 seqq,

1041 3205 1065 3226 et
1086 3202 1124 3226 lV.
1146 3202 1242 3232 Dizilog.
1264 3208 1284 3226 e.
1306 3201 1346 3226 sili.

1112 3245 1132 3261 ¹⁰
1152 3246 1211 3270 Sive
1231 3245 1410 3270 fundamentis.
1647 3263 1650 3267 .

1113 3289 1131 3305 1¹
1153 3289 1301 3313 Secundum
1323 3290 1437 3320 August,
1460 3290 1499 3313 Xl.
1521 3289 1553 3313 ‹lo
1573 3289 1626 3315 Civ.
1642 3290 1700 3321 Dei,
1723 3296 1743 3314 c.
1769 3291 1806 3315 18.
1828 3290 1878 3315 Cfr.
1895 3295 1954 3316 tom.
1972 3292 1988 3317 1.

1042 3340 1102 3364 pag.
1124 3333 1190 3364 736,
1213 3337 1269 3357 nota
1290 3334 1314 3358 7.
1482 3333 1484 3336 ’

1801 3434 1846 3458 116
