2483 3882
396 250 477 282 insili
1013 220 1018 224 ¹
1149 243 1432 276 SENTENTIARUM
1458 243 1524 274 tin.
1549 244 1594 274 lV.

762 443 1254 499 COMMENTARIUS
1293 443 1362 496 IN
1398 442 1892 496 DISTINOTIONEM
1930 442 1982 496 L.

1304 560 1384 591 PARS
1408 559 1440 590 ll.

699 647 747 684 De
777 652 867 683 statu
896 645 1134 682 damnatorum
1165 650 1243 681 ante
1271 643 1454 690 iudicium,
1487 643 1634 680 maxime
1663 642 1778 693 quoad
1807 643 2042 693 cognitionem.

964 752 1144 783 Praeterea
1169 750 1288 793 quaeri
1309 749 1402 787 solet,
1426 749 1458 781 si
1480 749 1697 791 reproborum
1721 753 1779 782 etc.

1007 858 1131 881 'rex'ruiii
1156 857 1302 880 MAGisriu
1325 858 1397 880 vmn
1420 856 1521 879 surim
1545 856 1616 879 PAG.
1644 846 1736 879 1034.

1215 959 1353 992 DIVISIO
1378 959 1532 991 TEXTUS.

476 1070 578 1111 Supra
610 1067 831 1101 determinavit
862 1067 1006 1108 Magister
1038 1070 1153 1098 statum
1183 1066 1342 1098 damnato-

389 1132 461 1156 rum
485 1126 555 1164 post
579 1117 730 1154 iudicium
756 1124 908 1162 quantum
934 1120 974 1151 ad
1003 1119 1154 1151 rationem
1180 1122 1211 1151 et
1235 1118 1342 1150 volun-

390 1179 492 1208 tatem.
518 1174 570 1207 Hic
594 1174 767 1206 incidenter
791 1172 979 1205 determinat
1014 1175 1130 1204 statum
1165 1174 1237 1203 ante
1265 1171 1342 1203 iudi-

389 1228 489 1266 cium,
507 1227 646 1259 maxime
664 1230 816 1269 quantum
838 1225 878 1258 ad
895 1225 1112 1266 cognitionem.
1140 1224 1173 1256 Et
1190 1223 1342 1256 dividitur

389 1281 465 1313 baec
489 1289 564 1322 pars
588 1280 618 1312 in
646 1284 716 1312 tres.
735 1279 766 1310 ln
792 1279 894 1320 prima
910 1277 1116 1315 determinat,
1141 1276 1276 1319 qualiter
1296 1285 1343 1308 co-

388 1333 484 1376 gnitio
508 1333 715 1376 reprobarum
745 1333 923 1365 animarum
949 1340 981 1364 se
1014 1331 1128 1363 babeat
1151 1330 1190 1362 ad
1218 1339 1284 1362 nos.
1309 1329 1342 1361 In

389 1386 525 1419 secunda
559 1395 650 1425 vero,
683 1385 817 1428 qualiter
849 1394 882 1417 se
914 1384 1028 1417 habeat
1059 1383 1099 1415 ad
1128 1383 1253 1421 Beatos,
1279 1382 1341 1414 ibi:

393 1439 518 1479 Quaeri
540 1439 639 1470 etiam
662 1438 759 1475 solet,
785 1442 900 1469 uuum
935 1436 1083 1469 vicissim
1107 1439 1164 1468 etc.
1189 1436 1221 1467 ln
1250 1435 1342 1467 tertia

391 1492 531 1534 quaerit,
564 1491 699 1533 qualiter
736 1500 768 1523 se
806 1491 941 1522 habeant
978 1489 1059 1522 Beati
1097 1489 1135 1521 ad
1173 1488 1342 1530 reprobos,

1408 1065 1469 1097 ibi:
1496 1065 1665 1097 Postremo
1694 1064 1882 1107 quaeritur,
1907 1074 1953 1096 an
1976 1064 2050 1096 visa
2079 1074 2185 1106 poena.
2209 1063 2358 1106 reprobo-

1406 1127 1485 1150 rum
1509 1121 1566 1150 etc.

1497 1170 1609 1202 Ultima
1633 1179 1707 1211 pars
1727 1170 1822 1202 habet
1841 1170 1921 1202 duas
1945 1173 2060 1212 partes.
2085 1170 2116 1202 In
2134 1170 2236 1212 prima
2260 1173 2359 1202 osten-

1407 1223 1466 1262 dit,
1491 1223 1574 1264 quod
1600 1232 1659 1255 non
1687 1223 1846 1255 minuetur
1870 1222 1969 1264 gloria
1993 1223 2148 1255 bonorum
2172 1232 2212 1255 ex
2229 1226 2358 1264 aspectu

1407 1284 1525 1317 poenae
1549 1276 1768 1307 damnatorum
1784 1275 1803 1307 ¹.
1827 1276 1859 1308 ln
1884 1276 2022 1308 secunda
2050 1275 2201 1317 exprimit
2224 1283 2359 1317 poenas,

1408 1338 1486 1371 quas
1504 1329 1666 1368 videbunt,
1680 1329 1797 1362 scilicet
1814 1338 1954 1361 vermem
1973 1332 2003 1361 et
2020 1329 2134 1370 ignem,
2152 1329 2209 1360 ibi:
2226 1328 2299 1360 Non
2316 1331 2362 1360 est

1407 1380 1518 1413 autem
1544 1381 1749 1419 intrandum,
1768 1381 1800 1413 si
1815 1381 1932 1414 Sancti
1952 1385 2028 1418 etc.;
2044 1381 2099 1414 ubi
2116 1381 2274 1414 concludit
2299 1389 2361 1413 ser-

1409 1443 1532 1467 monem
1565 1434 1751 1475 epilogando
1781 1434 1918 1466 breviter
1942 1443 2023 1476 quae
2057 1434 2087 1466 in
2116 1434 2175 1466 hoc
2207 1434 2287 1466 libro
2311 1433 2361 1466 de-

1408 1488 1574 1520 terminata
1599 1491 1672 1519 sunt
1696 1491 1726 1519 et
1749 1487 1844 1519 etiam
1870 1487 1901 1519 in
1925 1487 2072 1519 omnibus
2088 1486 2359 1529 praecedentibus.

1123 1613 1145 1644 T
1149 1613 1243 1644 RACT
1245 1613 1291 1644 AT
1294 1612 1332 1644 10
1355 1611 1627 1653 QUAESTIONUM.

477 1714 521 1746 Ad
546 1713 781 1755 intelligentiam
808 1713 904 1744 huius
928 1711 1027 1754 partis
1056 1712 1119 1743 duo
1144 1714 1343 1753 quaeruntur
1374 1714 1376 1792 y
1499 1709 1601 1741 Primo
1625 1710 1789 1751 quaeritur
1813 1709 1852 1741 de
1876 1708 2050 1750 cognitione
2073 1709 2141 1741 eius
2166 1718 2222 1750 per
2238 1717 2361 1750 compa-

391 1767 614 1809 principaliter.
1410 1762 1562 1794 rationem
1587 1762 1627 1794 ad
1652 1763 1800 1794 virtutem
1826 1765 2072 1804 cognoscentem.

479 1820 582 1851 Primo
599 1819 762 1860 quaeritur
780 1819 817 1850 de
835 1818 1009 1859 cognitione
1030 1816 1153 1849 animae
1171 1820 1342 1858 separatae.
1374 1793 1377 1871 i
1498 1815 1658 1854 Secunde,
1691 1823 1748 1856 per
1779 1815 2045 1856 comparationem
2076 1814 2114 1846 ad
2152 1817 2267 1846 statum
2300 1813 2362 1845 via-

478 1872 639 1911 Secundo,
664 1872 703 1903 de
728 1880 844 1903 verme.
1410 1872 1523 1900 torum.
2157 1893 2161 1896 .

479 1925 567 1958 Circa
591 1925 730 1967 primuni
755 1926 953 1965 quaeruntur
978 1923 1046 1954 tria.
1374 1873 1377 1962 i
1499 1921 1617 1959 Tertio,
1634 1929 1690 1962 per
1706 1920 1970 1962 comparationem
1989 1920 2028 1952 ad
2046 1924 2162 1953 statum
2183 1920 2362 1952 Beatorum.

1217 2032 1481 2070 ARTICULUS
1510 2033 1535 2068 Ι.

1069 2135 1114 2166 Dc
1138 2134 1320 2177 cognitione
1343 2134 1477 2166 animae
1500 2138 1686 2175 separatae.

1265 2245 1449 2286 QUAESTIO
1473 2245 1492 2275 1.

829 2346 947 2377 Utrum
972 2344 1088 2376 [anima
1111 2347 1271 2385 separata
1296 2342 1412 2375 lrabeat
1436 2352 1533 2375 usum
1556 2342 1719 2384 potentiae
1742 2341 1926 2373 sensicz'vac.

484 2447 641 2487 Quantum
666 2454 741 2486 ergo
764 2445 803 2476 ad
828 2443 968 2486 primum
986 2446 1033 2475 est
1056 2442 1212 2484 quaestiO,
1236 2445 1346 2474 utrum

393 2500 497 2531 anima
521 2502 665 2541 separata
689 2498 803 2530 habeat
827 2506 920 2529 usum
938 2495 1094 2538 potentiae
1118 2494 1293 2527 sensitivae.
1312 2494 1346 2526 Et

393 2552 477 2593 quod
502 2552 559 2590 sic,
584 2551 723 2583 videtur:

488 2606 512 2636 l.
547 2605 649 2636 Primo
681 2603 867 2635 auctoritate
899 2601 1075 2643 Evangelii,
1100 2602 1201 2633 Lucae
1226 2600 1347 2632 decimo

249 2669 380 2716 Adt‘iiffimi'
395 2657 523 2690 sexto-⁷:
549 2656 689 2688 Eteonos
713 2655 823 2687 oculos
846 2655 929 2686 ‘nictit
953 2655 1126 2686 Lazarum
1152 2657 1210 2686 etc.
1235 2652 1346 2685 Omnia

396 2711 465 2749 illa,
490 2719 570 2752 quae
596 2710 637 2741 ibi
664 2712 846 2751 tanguntur,
872 2708 980 2740 dicunt
997 2707 1204 2748 cognitionem
1229 2705 1348 2738 sensiti-

396 2772 466 2795 vam
492 2767 522 2795 et
546 2771 601 2803 per
627 2762 755 2794 modum
782 2770 908 2793 sensus:
935 2769 1010 2801 ergo
1034 2764 1090 2792 etc.

486 2817 515 2847 Ξ).
541 2816 633 2854 Item,
658 2814 862 2847 Cassiodorus
888 2814 916 2845 in
946 2813 1027 2844 libro
1055 2821 1112 2844 suo
1140 2812 1179 2844 de
1203 2811 1311 2843 Anima
1326 2811 1347 2849 ³,

398 2868 528 2909 loquens
560 2868 599 2900 de
623 2867 726 2899 anima
759 2870 919 2908 separata,
944 2866 1034 2897 dicit:
1066 2864 1209 2902 «Videt,
1241 2863 1347 2902 audit,

400 2921 497 2962 tangit
520 2930 555 2953 ac
580 2920 710 2961 reliquis
734 2919 878 2952 sensibus
903 2918 1060 2950 efficacius
1085 2917 1168 2949 valet
1183 2929 1212 2947 ».

487 2972 515 3005 3.
540 2973 633 3010 item,
657 2972 785 3004 racione
802 2971 947 3003 videtur:
973 2970 1047 3012 quia
1064 2973 1148 3001 tauto
1172 2968 1347 3001 substantia

1411 2450 1467 2483 per
1492 2441 1659 2482 potentiam
1679 2440 1792 2472 melius
1808 2444 1838 2472 et
1861 2439 1984 2472 facilius
2000 2443 2159 2481 operatur,
2184 2444 2301 2482 quanto
2317 2443 2363 2472 est

1412 2494 1540 2526 liberior
1564 2498 1594 2526 et
1618 2493 1657 2525 ab
1682 2502 1790 2525 errore
1814 2493 1999 2529 immunior3
2024 2492 2079 2524 sed
2104 2493 2278 2525 substantia
2301 2492 2364 2524 ani-

1412 2555 1480 2579 mae
1505 2546 1665 2578 rationalis
1690 2550 1835 2587 separata
1851 2545 1946 2577 habet
1971 2545 2139 2587 potentiam
2157 2545 2362 2586 cognitivam‚

1412 2599 1486 2640 qnia
1510 2598 1702 2640 impossibile
1727 2603 1788 2637 est,
1806 2599 1925 2630 destrui
1950 2598 2135 2639 potentiam,
2152 2606 2233 2639 quae
2256 2597 2365 2629 sunda-

1412 2657 1464 2684 tur
1489 2653 1519 2683 in
1544 2652 1719 2684 substantia
1742 2655 1904 2693 perpetua.
1930 2652 1965 2683 Et
1989 2651 2128 2688 iterum,
2153 2654 2199 2682 est
2224 2650 2365 2682 substan-

1413 2704 1476 2736 tia‘¹
1501 2704 1629 2737 liberior
1650 2709 1680 2736 et
1708 2704 1917 2745 spiritualior:
1940 2713 2014 2745 ergo
2038 2703 2077 2735 ad
2098 2707 2202 2735 actum
2220 2702 2365 2743 cognitio-

1412 2757 1459 2790 nis
1486 2757 1628 2789 liberior:
1654 2766 1729 2798 ergo
1753 2757 1866 2788 melius
1887 2761 1987 2798 potest
2010 2765 2046 2788 ea
2063 2756 2123 2794 uti,
2142 2761 2204 2788 tam
2224 2755 2363 2787 interiori

1412 2820 1505 2852 quain
1532 2810 1698 2848 exteriori,
1723 2818 1816 2851 quam
1842 2818 1934 2841 nunc.

1501 2863 1530 2894 li.
1554 2863 1645 2900 Item,
1663 2865 1800 2899 constat,
1818 2862 1902 2903 quod
1927 2862 2031 2893 anima
2048 2864 2191 2902 separata
2208 2860 2364 2901 cognoscit

1413 2925 1462 2948 res
1479 2915 1652 2947 abstractas
1669 2924 1687 2946 a
1707 2915 1938 2946 conditionibus
1957 2913 2186 2952 materialibus,
2207 2913 2363 2953 cognoscit

1413 2977 1464 3000 res
1481 2969 1540 3000 sub
1557 2967 1787 3000 conditionibus
1808 2966 2041 3004 materialibus,
2065 2966 2193 2998 absente
2214 2965 2363 3004 materia,

470 3153 476 3169 ¹
500 3154 532 3179 ltu
558 3154 615 3179 cod.
638 3154 670 3185 C,
694 3154 769 3178 codd.
790 3155 849 3177 <jan
871 3153 917 3180 (bb
943 3160 956 3177 a
982 3152 1094 3177 secunda
1124 3152 1213 3183 manu)
1242 3152 1349 3184 aspectu

400 3197 590 3223 (immutor-mn.
611 3198 677 3228 (cod.
698 3198 717 3222 U
732 3196 922 3230 reproborum,
939 3197 979 3221 alii
994 3196 1068 3221 codd.
1081 3197 1273 3229 poenotormn,
1289 3195 1349 3221 edd.

399 3241 565 3273 poenarum).
586 3241 691 3266 Inferius
711 3248 741 3266 cx
767 3241 841 3266 codd.
868 3241 1049 3272 supplevimus
1076 3240 1280 3271 propositionem
1305 3238 1351 3264 ubi

400 3283 557 3309 concludit...
573 3284 799 3317 praecedentibus.
1087 3280 1089 3282 ’

470 3327 480 3342 ‘³
500 3327 572 3352 Vors.
594 3329 640 3352 23:
661 3328 768 3352 Elei-uns
788 3331 874 3353 autem
895 3328 982 3353 oculos
1002 3335 1076 3359 suos,
1097 3335 1156 3352 cuni
1177 3330 1244 3353 esset
1263 3328 1288 3352 iu
1302 3330 1350 3352 lor-

402 3371 506 3402 inentis‚
527 3371 591 3396 vidit
611 3371 738 3396 Abrabam
759 3379 771 3395 a
794 3372 869 3402 longe
888 3375 913 3396 ct
932 3372 1057 3396 Lazarum
1077 3374 1124 3396 otc.

1483 3150 1494 3166 3
1513 3150 1574 3181 Cup.
1596 3151 1624 3174 2:
1647 3150 1716 3174 Vivit
1734 3148 1843 3182 [anima]
1862 3150 1889 3173 in
1909 3155 1936 3173 se
1954 3151 2012 3179 post
2032 3148 2108 3172 liuius
2131 3147 2224 3172 saeculi
2250 3147 2363 3171 amissio-

1415 3201 1499 3218 nem...
1519 3201 1599 3225 pura,
1622 3192 1734 3224 subtilis,
1755 3193 1817 3224 cita,
1837 3196 1952 3222 aeterna,
1973 3191 2057 3222 videt,
2080 3190 2164 3222 audit,
2184 3190 2263 3220 tangit
2283 3196 2312 3213 ac
2326 3196 2363 3214 re-

1414 3238 1490 3270 liquis
1509 3237 1628 3262 sensibus
1647 3237 1776 3262 efficacius
1795 3236 1871 3261 valet.
1893 3234 1943 3260 Csr.
1972 3234 2015 3259 tib.
2044 3234 2076 3259 de
2105 3235 2199 3265 Spiritu
2229 3235 2253 3258 et
2277 3233 2362 3258 anima

1415 3282 1490 3312 (inter
1508 3288 1585 3313 opera
1606 3282 1740 3312 August),
1763 3287 1783 3305 c.
1805 3280 1845 3304 30.
1866 3293 1900 3296 —
1920 3279 1967 3304 Ριό
1986 3277 2056 3304 valet
2079 3277 2136 3302 cod.
2162 3278 2181 3301 G
2201 3276 2283 3310 viget,
2306 3277 2361 3301 Vat.

1413 3325 1499 3351 utitur
1516 3324 1558 3351 vcl
1575 3324 1651 3358 oz‘qet.

1483 3368 1493 3384 ‘¹
1513 3368 1574 3394 Cod.
1595 3369 1615 3393 iit
1636 3368 1708 3393 addit
1725 3366 1856 3400 superior.
1877 3367 1935 3392 Post
1955 3359 2062 3391 liberior
2083 3365 2137 3390 Vnt.
2160 3362 2360 3397 adnectitquod.
