2483 3882
0 357 19 373 ss
32 350 51 371 t.

0 1659 43 1680 lum.

0 2342 48 2364 oba-

670 248 763 280 DlST.
788 248 888 281 XXIV.
914 248 943 279 P.
968 248 1001 280 11.
1025 248 1107 280 ART.
1133 249 1164 280 ll.
1189 248 1341 290 QUAEST.
1367 249 1415 282 lV.

66 336 162 369 duum
180 335 352 373 distinctio,
369 334 435 367 sive
451 338 580 376 propter
596 335 673 373 hoc,
689 336 774 377 quod
791 344 886 377 penes
903 336 1007 377 ipsum

64 388 204 422 membra
229 387 381 419 Ecclesiae
404 387 435 418 in
459 396 591 428 corpore
615 388 744 428 mystico
761 388 948 420 ordinantur
965 397 1010 420 se-

62 441 199 475 cundum
224 439 365 471 diversas
389 439 585 480 operationes
614 443 644 472 et
675 440 808 481 gratias,
833 441 1008 473 secundum

62 493 145 536 quod
180 491 254 524 dicit
287 491 451 532 Apostolus
485 491 606 532 primae
629 492 670 523 ad
694 492 870 525 Corinthios
893 492 1010 525 duode-

63 545 178 582 cimo¹;
202 543 268 575 sive
291 545 420 584 propter
443 543 519 582 hoc,
543 543 629 584 quod
653 544 827 576 secundum
852 544 931 576 illud
960 545 1010 576 Sa-

62 599 253 631 cramentum
278 595 494 636 configuratur
521 599 553 627 et
583 596 797 628 conformatur
828 596 1009 638 pulcritudo

62 649 211 684 Ecclesiae
236 648 397 680 militantis
420 648 627 690 pulcritudini
646 648 797 681 Ecclesiae
815 649 1010 691 triumphan-

61 703 114 741 tis3
138 701 203 734 sive
226 705 355 742 propter
379 701 454 740 hoc,
479 702 564 743 quod
600 701 685 734 istud
714 702 952 734 Sacramentum
977 703 1008 734 in

61 764 117 788 suo
140 763 288 795 supremo
312 753 397 795 ponit
421 757 452 786 et
475 754 612 796 disponit
637 754 797 786 hominem
817 754 855 786 ad
874 754 1007 796 gratiam

59 805 272 849 perfectionis,
297 810 327 838 et
350 806 450 847 gratia
485 806 623 847 perfecta
647 806 676 838 in
710 806 892 847 pluralitate
916 807 1010 839 dono-

60 867 129 892 rum
146 858 281 899 Spiritus
304 858 402 890 sancti
427 858 584 896 consistit;
602 858 667 891 sive
684 862 813 900 propter
831 859 906 898 hoc,
923 859 1007 900 quod

60 911 142 944 istud
174 911 409 943 Sacramentum
440 911 565 943 ordinat
595 911 636 943 ad
668 911 889 952 dignissimum
921 911 1010 943 mini-

60 963 206 1002 sterium,
235 963 318 1005 quod
343 966 391 995 est
414 963 606 996 consecratio
623 964 770 996 dominici
788 964 943 1006 corporis,
967 964 1007 996 ad

59 1024 152 1058 quam
175 1024 237 1047 non
260 1016 364 1047 statim
388 1018 435 1047 est
458 1016 707 1054 convolandum,
732 1016 787 1049 sed
811 1025 868 1058 per
889 1017 1008 1058 gradus

57 1068 214 1111 paulative
244 1068 497 1107 ascendendum,
530 1068 629 1101 cum2
662 1068 741 1101 illud
770 1069 1007 1101 Sacramentum

57 1124 183 1164 propter
207 1120 256 1153 sui
280 1120 473 1153 nobilitatem
499 1124 529 1153 et
553 1121 762 1154 reverentiam
780 1121 880 1154 multa
896 1122 1008 1155 debeat

59 1174 174 1206 habere
190 1174 363 1206 ministeria
379 1174 537 1206 inferiora.
551 1193 594 1197 —
607 1174 761 1207 Omnibus
778 1175 826 1207 bis
844 1175 945 1208 modis
960 1185 1008 1208 ac-

60 1226 171 1267 cipitur
191 1226 272 1258 ratio
293 1226 483 1267 pluralitatis
507 1227 537 1258 in
563 1227 714 1268 gradibus
734 1227 901 1266 ordinum3
918 1231 948 1259 et
965 1236 1009 1260 se-

59 1278 195 1311 cundum
220 1282 382 1320 aspectum
414 1279 454 1311 ad
486 1279 544 1311 has
568 1279 703 1312 rationes
734 1279 934 1321 plurificandi
959 1289 1008 1313 su-

59 1332 153 1364 mitur
184 1331 381 1374 sufficientia
403 1332 576 1373 yraduum
600 1332 883 1365 ecclesiasticorum
908 1333 1009 1365 diver-

59 1384 176 1417 simode
199 1393 217 1416 a
240 1383 384 1416 diversis.

143 1436 277 1477 Quidam
300 1436 383 1469 enim
408 1440 538 1469 sumunt
554 1445 649 1478 penes
666 1437 894 1470 distinctionem
913 1447 1008 1471 mem-

38 1489 186 1522 .brorum
210 1489 377 1527 Ecclesiae,
402 1498 482 1531 quae
510 1490 683 1522 attenditur
719 1491 893 1523 secundum
919 1492 1007 1524 dona

55 1542 267 1584 qratiarum,
292 1550 373 1584 quae
409 1542 599 1575 determinat
632 1543 798 1584 Apostolus
822 1544 943 1585 primae
967 1544 1007 1577 ad

57 1594 230 1627 Corinthios
259 1594 468 1627 duodecimo³
492 1595 611 1627 dicens:
637 1595 709 1627 Alii
731 1596 833 1628 datur
853 1606 915 1638 per
939 1596 1009 1638 Spi—

57 1646 158 1678 ritum
180 1656 288 1679 sermo
310 1647 496 1688 sapientiae
519 1651 595 1687 etc.;
616 1651 647 1680 et
670 1648 719 1680 isti
745 1649 871 1687 dicunt,
894 1659 1007 1681 novem

57 1708 123 1732 esse
146 1699 272 1732 ordines
296 1699 471 1732 secundum
496 1709 611 1741 genera
642 1701 835 1742 gratiarum,
859 1711 940 1743 quae
964 1702 1005 1734 ibi

57 1757 225 1795 ponuntur,
249 1761 330 1794 quae
351 1756 425 1784 sunt
441 1761 564 1785 novem.
582 1754 668 1786 Unde
685 1754 835 1795 adaptant
859 1754 919 1787 sic:
938 1755 1009 1787 Alii

58 1805 157 1837 datur
177 1814 238 1846 per
262 1805 427 1846 Spiritum
451 1815 559 1838 sermo
582 1806 783 1848 sapientiae,
808 1807 925 1840 scilicet
946 1808 1008 1849 epi-

56 1867 161 1900 scopog
185 1857 247 1889 alii
280 1867 388 1890 sermo
423 1858 598 1897 scientiae,
622 1859 739 1891 scilicet
763 1860 928 1900 sacerdoti,
952 1860 1006 1902 qui

57 1910 146 1943 debet
168 1911 249 1943 scire
273 1910 371 1952 ligare
395 1915 425 1943 et
450 1911 587 1951 solvere;
611 1911 673 1944 alii
693 1911 793 1953 sides,
811 1912 929 1945 scilicet
945 1913 1008 1945 dia-

57 1972 147 2002 cono,
170 1963 224 2005 qui
248 1963 341 1996 debet
365 1964 567 2005 Evangelium
591 1965 754 2004 nuntiare,
778 1965 809 1997 in
841 1975 904 2008 quo
927 1966 1007 1999 fides

56 2019 160 2048 nostra
191 2016 386 2055 continetur;
418 2017 564 2058 operatio
594 2017 757 2049 virtutum
797 2018 1007 2058 subdiacono,

58 2068 108 2110 qui
132 2069 315 2110 aggreditur
339 2078 435 2111 opera
459 2070 676 2111 perfectionis3
700 2071 927 2112 interpretatio
943 2082 1008 2104 ser-

56 2130 187 2153 monum
211 2121 372 2163 acolytho,
390 2123 480 2155 cuius
504 2127 551 2155 est
574 2123 652 2155 alios
668 2123 848 2156 illuminare
872 2128 903 2157 et
926 2128 1008 2157 tene-

59 2173 129 2206 bras
153 2174 309 2215 effugare3
327 2175 444 2217 qratia
466 2175 652 2208 sanitatum
675 2177 869 2216 exorcistae3
884 2187 1007 2220 genera

61 2226 252 2269 linyuarum
290 2228 491 2269 psalmistae;
525 2228 698 2270 prophetia
738 2230 868 2269 lectori3
900 2234 931 2263 et
962 2231 1008 2262 di-

60 2279 172 2311 scretio
206 2279 388 2321 spirituum
419 2281 563 2320 ostiario,
596 2282 650 2324 qui
682 2282 818 2315 admittit
849 2283 947 2315 bonos
978 2286 1008 2316 et

60 2332 180 2373 repellit
204 2333 311 2365 malos.
335 2351 379 2355 ——
402 2333 461 2365 Sed
487 2333 544 2366 iste
569 2334 682 2366 modus
706 2335 850 2367 sumendi
875 2344 936 2368 non
961 2340 1007 2368 est

40 2385 181 2424 ¹omnino
212 2389 409 2427 competens,
434 2386 581 2428 quoniam
615 2386 673 2419 ista
705 2387 808 2419 dona⁴
832 2388 1005 2429 gratiarum

8 2611 49 2626 mo-

60 2446 118 2469 non
134 2438 250 2470 eisdem
261 2463 268 2476 ‚
285 2438 340 2471 sed
358 2439 491 2471 diversis
507 2440 697 2472 conveniunt
713 2441 881 2479 membris;
898 2450 1007 2474 omnes

60 2493 161 2522 autem
185 2491 312 2523 ordines
335 2491 453 2523 eisdem
478 2492 604 2531 dantur,
628 2492 699 2525 licet
723 2493 909 2526 successive.

145 2544 278 2577 Secundi
301 2548 432 2576 sumunt
456 2545 687 2586 aliquantulum
704 2546 809 2587 aptius
826 2555 920 2587 penes
937 2556 1008 2578 eon-

60 2593 258 2636 formitatem
282 2596 420 2638 eoecnipli
435 2597 481 2628 ad
496 2597 715 2639 exemplatum
727 2598 754 2635 ἔ·;
778 2598 887 2630 dicunt
908 2599 1006 2637 enim,

9 2632 27 2652 2'
61 2647 142 2688 quod
166 2648 245 2681 sicut
269 2649 301 2680 in
336 2649 476 2690 angelica
500 2649 678 2681 hierarchia
709 2653 756 2682 est
780 2650 936 2683 distinctio
960 2660 1007 2682 or-

62 2698 167 2732 dinum
191 2709 286 2742 penes
306 2711 473 2744 puryare,
499 2701 691 2734 illuminare
719 2705 748 2735 et
771 2702 938 2744 perficere,
963 2704 1007 2736 sic

62 2753 91 2783 et
112 2751 143 2784 in
165 2753 382 2786 ecclesiastica.
402 2754 488 2786 Unde
504 2763 618 2786 novem
641 2759 715 2787 sunt
738 2755 882 2794 ordines,
900 2764 1007 2788 secun-

129 2927 137 2944 ¹
159 2929 230 2954 Vers.
251 2929 274 2955 4.
294 2937 367 2963 seqq.

127 2972 138 2988 ²
156 2973 203 2998 Pro
223 2980 283 2999 cum
297 2975 373 3000 codd.
394 2975 412 2999 ll
426 2976 442 2999 Ρ
456 2975 492 3001 ad
506 2975 709 3008 ostendendum,
726 2976 805 3010 quod.
822 2977 947 3008 Superius
961 2984 1008 3008 pro

62 3014 165 3041 ordinat
183 3017 241 3042 edd.
262 3017 413 3044 ordinatur.

128 3059 139 3075 3
159 3061 230 3086 Vers.
246 3062 269 3087 8.
283 3069 372 3095 seqq:
387 3063 432 3087 Alii
446 3063 553 3095 quidem
567 3071 613 3095 per
628 3065 750 3095 Spiritum
764 3065 840 3090 datur
859 3072 944 3091 sermo
958 3070 1006 3091 etc.

130 3102 139 3119 ⁴
157 3103 236 3130 Codd.
256 3106 276 3130 H
292 3106 311 3130 V
326 3106 362 3131 bb
382 3105 465 3137 dicta,
494 3106 552 3131 edd.
573 3106 735 3139 differentia,
764 3115 831 3140 quae
857 3110 933 3134 etiam
960 3117 1008 3141 pro

62 3145 217 3172 conveniunt
234 3148 391 3174 substituunt
404 3150 531 3176 conuenit.
548 3151 595 3175 Pro
615 3152 700 3182 primo
712 3150 809 3176 eisdem
825 3152 901 3176 codd.
916 3151 1006 3178 eidem.

129 3189 139 3206 ⁵
158 3190 237 3216 Codd.
257 3193 303 3216 EZ
322 3193 470 3226 πονηρίαν,
493 3195 580 3225 plures
599 3194 675 3219 codd.
696 3194 855 3227 emcmplum.

130 3232 141 3249 ⁶
160 3234 222 3260 Edd.
241 3237 361 3267 supplent
381 3236 520 3262 bonorum.

131 3276 141 3292 ⁷
161 3276 254 3311 Codd.,
274 3281 394 3311 superius
414 3288 461 3312 pro
481 3281 509 3306 iu
526 3280 648 3307 doctrina
662 3281 806 3314 apostolica
821 3284 904 3314 posito
917 3283 953 3309 ad
965 3283 1007 3309 clo-

64 3317 176 3345 ctrinam
195 3322 380 3355 apostolicam,
403 3325 444 3348 hic
463 3324 621 3349 substituunt
638 3324 674 3350 ad
692 3324 874 3358 propheticam
903 3326 971 3358 (cod.
991 3327 1008 3351 F

64 3363 117 3386 tum
136 3366 254 3395 superius
273 3370 327 3392 tum
347 3368 387 3392 hic
407 3369 498 3392 omittit
517 3367 567 3399 acl,
590 3372 691 3394 servato
712 3370 878 3401 accusativo).

1961 251 2024 283 635

1072 337 1148 369 dum
1182 337 1239 369 hos
1270 340 1335 369 tres
1369 339 1458 369 actus
1489 337 1670 379 triplicatos.
1703 337 1806 370 Primo
1834 337 1917 370 enim
1941 338 2024 370 actui
2041 349 2187 380 neaeiupnr.

1069 389 1284 431 puryationis
1315 390 1506 432 respondent
1537 394 1618 423 tres:
1643 391 1791 432 quoniam
1816 393 1871 423 aut
1894 392 2026 432 purgari
2054 376 2124 402 ³³⁰⁶*

1073 442 1167 474 habet
1191 442 1354 480 exterius,
1378 445 1433 474 aut
1457 442 1616 481 interius,
1640 446 1695 475 aut
1716 443 1845 484 partim
1861 443 1926 481 sic,
1949 453 2026 485 par-

1074 494 1131 525 tim
1154 494 1212 526 sic.
1236 495 1266 526 Si
1291 495 1436 527 exterius
1459 504 1516 537 per
1540 496 1787 537 segregationem
1806 497 2026 538 corporalem⁶

1072 555 1090 577 a
1115 546 1222 585 matis;
1247 547 1291 579 sic
1315 551 1361 580 est
1385 547 1550 587 ostiarius,
1568 549 1621 590 qui
1646 548 1782 581 admittit
1805 549 1903 582 bonos
1926 553 1957 581 et
1972 559 2025 582 ex-

1072 598 1171 630 cludit
1206 599 1314 631 malos.
1350 600 1379 632 Si
1412 600 1572 638 interius;
1595 601 1638 634 sic
1670 605 1717 634 est
1741 605 1920 643 postremus
1944 602 2025 634 inter

1073 649 1253 690 inferiores,
1286 652 1403 684 scilicet
1433 653 1615 694 acolythus,
1646 654 1721 696 quia
1753 655 1823 687 talis
1855 664 1916 687 non
1954 664 2026 696 pur-

1072 706 1123 743 gat
1156 703 1301 736 tenebras
1332 705 1529 746 corporales,
1554 715 1626 738 cum
1659 706 1765 739 lumen
1790 707 1869 739 serat
1893 707 1932 739 de
1956 707 2025 746 die,

1072 755 1127 787 sed
1152 755 1342 797 spirituales.
1360 757 1389 788 Si
1413 757 1539 798 partim
1562 758 1630 797 sic,
1644 759 1773 800 partim
1788 759 1857 797 sic;
1874 760 1917 792 sic
1935 769 2026 792 exor-

1072 807 1165 845 cista⁷
1190 807 1243 849 qui
1269 812 1382 849 purgat
1417 818 1435 841 a
1470 810 1636 843 vexatione
1671 811 1841 851 diabolica,
1866 821 1947 854 quae
1978 816 2026 845 est

1072 860 1210 901 quodam
1229 861 1321 893 modo
1338 861 1430 894 intra
1447 867 1592 905 respectu
1609 864 1759 906 corporis,
1777 865 1913 907 quodam
1932 866 2025 898 modo

1071 915 1168 944 ext-ra
1191 916 1338 954 respectu
1361 914 1498 953 animae,
1522 916 1597 957 quia
1620 926 1681 948 non
1715 917 1856 950 illabitur
1891 918 2025 950 daemon

1071 965 1211 1003 animae,
1236 965 1308 998 licet
1331 966 1473 999 obsideat
1496 976 1620 1009 corpus.
1637 988 1682 993 —-
1697 970 1845 1003 Similiter
1869 975 2023 1013 quantum
2038 980 2185 1011 nesciuntu-

1071 1017 1110 1049 ad
1136 1021 1241 1050 actum
1267 1018 1522 1052 illuminationis
1558 1025 1622 1053 tres
1657 1023 1784 1055 ordines
1808 1024 2024 1065 accipiuntur,
2053 1007 2155 1028 ¹¹¹¹¹¹³⁰d¹'

1072 1071 1247 1103 secundum
1272 1071 1357 1113 quod
1382 1072 1498 1114 triplex
1523 1076 1570 1105 est
1594 1073 1715 1113 lumen,
1740 1075 1857 1108 scilicet
1879 1077 2023 1118 plenum,

1071 1122 1268 1165 subsequens
1292 1127 1323 1156 et
1346 1124 1545 1157 antecedens.
1572 1127 1690 1159 Lumen
1704 1127 1839 1168 plenum
1856 1133 1903 1161 est
1927 1129 1957 1161 in
1975 1130 2028 1162 do-

1071 1175 1171 1207 ctrina
1195 1177 1390 1218 evangelica,
1408 1178 1525 1211 scilicet
1541 1179 1683 1212 doctrina
1707 1181 1839 1219 Christi,
1856 1191 1937 1223 quae
1960 1192 2026 1224 spe-

1071 1231 1133 1260 ctat
1157 1229 1197 1261 ad
1221 1229 1384 1268 diaconos;
1403 1230 1508 1263 lumen
1525 1231 1723 1275 subsequens
1739 1234 1770 1265 in
1788 1234 1930 1266 doctrina
1954 1244 2025 1277 apo—

1072 1281 1197 1319 stolica,
1221 1291 1303 1323 quae
1330 1287 1449 1325 spectat
1477 1285 1517 1316 ad
1546 1285 1772 1325 subdiaconos;
1800 1286 1907 1319 lumen
1931 1297 2026 1329 prac-

1072 1333 1185 1365 cedens
1210 1334 1240 1366 in
1265 1336 1487 1377 prophetica⁷‚
1513 1346 1594 1378 quae
1618 1342 1737 1380 spectat
1761 1339 1801 1372 ad
1825 1339 1967 1372 lectores.
1984 1359 2028 1364 —

1071 1386 1219 1419 Similiter
1243 1388 1419 1420 secundum
1443 1398 1524 1431 opus
1557 1389 1768 1432 perfectionis
1792 1392 1858 1424 sive
1881 1402 2024 1425 consum·
2038 1400 2188 1447 Deaetgper-

1070 1439 1216 1472 mationis
1247 1440 1364 1482 triplex
1396 1444 1443 1473 est
1478 1442 1573 1474 ordo:
1599 1443 1674 1485 quia
1704 1445 1860 1486 quaedam
1885 1449 1932 1477 est
1955 1455 2025 1478 con·
2052 1427 2146 1448 ‘imm’

1071 1493 1240 1524 summatio
1260 1493 1395 1534 prima,
1419 1497 1527 1536 utpote
1562 1504 1619 1537 per
1654 1497 1788 1538 gratiam
1823 1497 1970 1540 baptismi
1995 1502 2026 1531 et

1070 1545 1295 1586 poenitentiae,
1324 1546 1401 1579 haec
1437 1547 1571 1579 debetur
1606 1549 1839 1589 sacerdotibus3
1869 1551 2024 1592 quaedam

1070 1597 1286 1636 excellentior,
1303 1602 1334 1631 et
1358 1599 1435 1631 haec
1459 1600 1626 1642 episcopis,
1643 1610 1781 1642 quorum
1806 1607 1852 1635 est
1876 1604 2024 1637 ordinare

1071 1654 1102 1682 et
1125 1659 1311 1683 consecrare
1341 1651 1471 1684 abbates
1503 1656 1533 1684 et
1568 1653 1724 1694 virgines3
1748 1656 1904 1696 quaedam
1928 1657 2025 1689 excel-

1072 1703 1269 1740 lentissima,
1295 1707 1402 1745 utpote
1426 1713 1611 1738 consecrare
1635 1707 1798 1749 episcopos
1821 1712 1852 1740 et
1876 1709 2027 1752 archiepi-

1071 1764 1198 1797 scopos,
1222 1760 1253 1788 et
1277 1756 1354 1788 haec
1388 1757 1523 1798 pertinet
1557 1758 1596 1790 ad
1629 1758 1796 1792 Summum
1828 1761 2026 1802 Pontificem,

1071 1808 1145 1849 quia
1180 1812 1226 1841 est
1255 1812 1372 1850 «pater
1403 1810 1596 1851 patrum⁸»‚
1625 1811 1656 1842 in
1691 1821 1754 1854 quo
1785 1816 1832 1845 est
1863 1814 2026 1855 plenitudo

1070 1861 1274 1893 auctoritatis.
1293 1861 1327 1893 Et
1351 1861 1395 1894 sic
1418 1865 1519 1895 status
1542 1862 1633 1896 istius
1656 1864 1862 1898 ordinationis
1878 1876 2027 1899 consum-

1071 1917 1186 1945 matur
1209 1913 1241 1945 in
1265 1914 1385 1947 unitate
1421 1918 1451 1947 et
1483 1915 1647 1949 descendit
1673 1926 1731 1959 per
1755 1919 1874 1959 gradus
1898 1928 2025 1960 novem,

1071 1970 1106 1998 ut
1130 1966 1174 1999 sic
1198 1967 1412 2000 conformetur
1436 1968 1606 2001 Ierusalem
1631 1970 1766 2003 caelesti.
1793 1971 1827 2003 Et
1852 1972 1908 2004 iste
1932 1982 2024 2006 nove·
2042 1977 2170 1999 Notandum·

1071 2019 1180 2052 narius
1204 2020 1369 2052 reducitur
1393 2021 1433 2053 ad
1458 2022 1633 2054 ternarium
1657 2027 1782 2062 actum,
1799 2028 1835 2056 ut
1856 2025 1900 2057 sic
1923 2034 2028 2058 ascen·

1072 2072 1125 2104 dat
1149 2076 1179 2105 et
1203 2072 1419 2114 configuretur
1443 2073 1642 2107 beatissimae
1668 2076 1828 2109 Trinitati:
1853 2086 1927 2110 nam
1947 2088 2028 2120 pur-

1068 2125 1161 2167 9atio
1184 2126 1225 2158 ad
1249 2125 1439 2165 bonitatem,
1456 2126 1657 2160 illuminalio
1674 2137 1749 2161 vero
1773 2130 1813 2162 ad
1831 2130 2026 2172 sapientiam,

1072 2178 1126 2210 sed
1152 2178 1393 2211 consummatio
1416 2179 1455 2212 ad
1482 2183 1676 2220 potestatem.
1696 2181 1730 2213 Et
1754 2182 1798 2214 sic
1823 2192 1955 2224 regnum
1979 2185 2030 2217 Ec-

1072 2231 1184 2263 clesiae
1214 2240 1272 2272 per
1307 2232 1457 2273 Spiritum
1493 2236 1638 2265 sanctum
1673 2237 1703 2266 et
1736 2234 1845 2266 Filium
1877 2236 2027 2269 traditur

1071 2283 1136 2315 Deo
1161 2287 1189 2315 et
1212 2284 1315 2315 Patri
1324 2284 1346 2322 ⁹,
1368 2284 1445 2316 dum
1470 2285 1510 2317 ad
1536 2285 1636 2326 ipsam
1664 2295 1846 2328 supremam
1871 2292 1901 2320 et
1926 2292 2026 2329 pater-

1072 2346 1143 2368 nam
1168 2337 1320 2369 unitatern
1353 2338 1527 2375 reducitur,
1552 2339 1637 2371 ultra
1661 2349 1756 2381 quam
1790 2350 1850 2372 non
1875 2345 1922 2373 est
1945 2343 2025 2383 cogi-

1070 2391 1137 2421 tare
1161 2397 1337 2421 ascensum.
1353 2408 1398 2413 -
1414 2390 1449 2421 Et
1473 2390 1530 2422 iste
1548 2391 1661 2423 modus
1678 2396 1724 2423 est
1740 2393 1815 2424 satis
1831 2393 2005 2433 probabilis
2015 2406 2023 2433 3
2040 2398 2173 2446 Nogfggffiet

1071 2444 1175 2473 tamen
1199 2442 1304 2474 adhuc
1338 2442 1569 2484 aliquantulum
1606 2453 1624 2475 a
1660 2444 1851 2485 proprietate
1887 2446 2024 2485 recedit,
2053 2431 2066 2452 p
2150 2440 2155 2445 ’

1071 2494 1147 2525 dum
1172 2503 1232 2526 non
1257 2494 1410 2536 accipitur
1440 2495 1587 2527 ordinum
1620 2496 1776 2529 distinctio
1802 2506 1857 2538 per
1882 2497 1912 2530 id
1938 2499 2023 2540 quod

1071 2549 1117 2578 est
1136 2546 1315 2587 proprium
1340 2547 1397 2579 sibi
1423 2538 1718 2580 et'z‘ntrtnseezmzs

1159 2599 1253 2631 Tertii
1278 2599 1383 2632 adhuc
1407 2603 1537 2632 sumunt
1557 2600 1787 2642 aliquantulum
1805 2603 1910 2644 aptius
1927 2612 2022 2644 penes
2074 2609 2150 2656 M0d117³
2164 2610 2183 2630 3-

1067 2651 1237 2693 yratiam,
1261 2652 1307 2683 acl
1329 2661 1430 2694 quant
1466 2652 1601 2684 ordinat
1635 2654 1724 2685 ordo.
1751 2654 1904 2695 Quoniam
1938 2657 2021 2688 enim
2037 2641 2121 2683 gfnneesffs
2152 2641 2186 2656 ω’

1069 2703 1193 2735 ordinat
1209 2704 1249 2735 ad
1263 2704 1413 2746 qratiam
1435 2704 1636 2746 perfectam,
1653 2715 1734 2747 quae
1751 2708 1941 2749 septiformis
1958 2713 2021 2748 est;

1071 2756 1141 2788 ideo
1164 2756 1311 2788 ordinum
1336 2757 1618 2790 ecclesiasticorum
1642 2763 1760 2800 septeni
1784 2761 1932 2803 competit
1956 2771 2024 2795 esse

1143 2933 1154 2950 ⁸
1174 2934 1204 2959 Ut
1223 2934 1315 2960 dicitur
1336 2935 1376 2960 hic
1396 2936 1419 2959 in
1440 2935 1473 2960 lit.
1495 2935 1618 2966 Magistri,
1645 2943 1666 2961 c.
1695 2937 1704 2961 rt
1718 2937 1735 2961 l.
1762 2950 1797 2955 —
1824 2937 1870 2962 Pro
1896 2937 1959 2971 quia
1986 2940 2023 2964 est

1073 2977 1129 3002 cod.
1150 2978 1169 3002 G
1190 2977 1236 3011 qui
1253 2980 1299 3004 est.
1319 2979 1406 3004 Plures
1426 2978 1501 3003 codd.
1522 2980 1641 3005 omittunt
1654 2981 1742 3013 utpote
1756 2987 1913 3007 consecrare
1927 2981 2022 3014 episco-

1072 3028 1120 3054 pos
1138 3023 1163 3047 ct
1180 3021 1404 3055 archiepiscopos,
1427 3023 1540 3047 nonnulli
1561 3024 1680 3048 omittunt
1700 3031 1759 3048 cum
1780 3024 1840 3049 edd.
1860 3025 1886 3050 et
1903 3029 1960 3051 anto
1980 3032 2023 3050 ur-

1074 3065 1257 3098 cltiepiscopos.
1352 3061 1354 3063 ’

1143 3109 1154 3125 ⁹
1174 3110 1249 3140 Epist.
1271 3111 1288 3135 l.
1310 3109 1367 3135 Cor.
1393 3110 1436 3139 15,
1459 3110 1505 3135 24:
1532 3111 1628 3136 Deinde
1652 3111 1726 3143 finis,
1748 3119 1806 3137 cnm
1828 3113 1961 3139 tradiderit
1986 3121 2024 3139 re-

1074 3160 1155 3184 gnum
1175 3153 1227 3178 Dco
1252 3157 1276 3179 et
1300 3155 1379 3183 Patri,
1401 3161 1461 3179 cum
1481 3156 1646 3179 evacuaverit
1671 3162 1774 3180 omnem
1802 3157 1975 3188 principatum
1997 3161 2022 3183 et

1074 3199 1225 3227 potestatem
1246 3199 1271 3221 et
1289 3197 1419 3221 virtutem.
1439 3211 1473 3214 —
1494 3197 1551 3221 Post
1575 3204 1639 3223 num
1663 3198 1788 3231 puryatio
1814 3199 1874 3224 edd.
1900 3201 2020 3231 supplent

1070 3239 1184 3272 pertinet
1203 3246 1249 3264 seu
1262 3239 1407 3265 reducitur.
1422 3241 1557 3272 Aliquanto
1571 3242 1691 3273 superius
1706 3249 1753 3273 pro
1767 3243 1918 3269 ternarium
1931 3245 2021 3270 actum

1075 3283 1161 3314 piures
1190 3283 1266 3308 codd.
1297 3282 1446 3309 ternarium
1474 3285 1598 3315 actuum,
1625 3285 1683 3310 cod.
1706 3286 1723 3309 E
1744 3286 1894 3312 ternariam
1913 3289 2023 3313 actuum

1074 3333 1227 3352 numerum.
