2483 3882
213 1559 347 1581 Fundamen-

255 1588 306 1607 tum.

215 1824 250 1846 Ad
265 1825 348 1852 opposi-

256 1853 307 1872 tum.

359 236 378 267 10

383 236 399 267 v:

404 235 424 267 4>

1119 232 1404 264 SENTENTIARUM
1428 231 1495 263 [ΑΒ.
1520 231 1568 265 lV.

1095 413 1304 445 TRACTATIO
1328 412 1600 455 QUAESTIONUM.

444 528 488 560 Ad
513 527 750 568 intelligentiam
779 526 875 558 huius
899 525 998 566 partis
1023 524 1198 557 secundum
1230 525 1312 563 duo,

358 589 439 622 quae
463 579 652 613 determinat
682 579 846 620 Magister,
878 578 942 610 duo
973 577 1188 619 principaliter
1220 586 1314 619 quae-

358 637 484 666 runtur.

448 685 551 717 Primo
572 685 612 717 ad
634 684 870 729 intelligentiam
888 684 982 725 primi
1007 683 1171 725 quaeritur
1190 683 1229 716 de
1246 692 1314 725 spe-

359 739 484 777 ciebus,
508 739 539 770 in
564 737 681 780 quibus
704 746 788 769 nunc
813 737 936 770 conficit
964 736 1106 769 Ecclesia.

448 790 590 823 Secundo
637 789 800 831 quaeritur
848 789 887 821 de
926 789 1019 821 modo
1034 815 1041 828 ,
1080 799 1143 831 quo
1183 789 1314 822 confecit

359 844 512 876 Christus.

448 896 536 928 Circa
560 895 699 937 primum
725 898 923 937 quaeruntur
947 895 1085 927 breviter
1109 898 1254 936 quatuor.

1187 1032 1452 1070 ARTICULUS
1482 1032 1508 1069 1.

894 1150 940 1182 De
963 1148 1148 1190 speciebus,
1173 1148 1208 1180 iu
1232 1147 1350 1191 quibus
1374 1157 1463 1179 itanc
1487 1146 1617 1188 conficit
1641 1145 1799 1178 Ecclesia.

1234 1272 1417 1314 Quansrio
1443 1272 1464 1304 1.

809 1381 927 1413 Utrum
951 1379 1158 1413 eucharistia
1182 1379 1300 1421 confici
1323 1379 1433 1411 debeat
1457 1379 1492 1411 in
1516 1379 1620 1420 specte
1640 1379 1742 1420 petuis
1767 1383 1797 1410 et
1818 1378 1897 1410 vini.

450 1495 485 1526 Et
508 1494 594 1536 quod
626 1494 710 1526 istud
743 1494 980 1526 Sacramentum
1006 1493 1118 1525 debeat
1142 1492 1251 1524 confici
1284 1491 1315 1523 in

362 1548 464 1590 specie
488 1548 577 1589 panis
602 1551 632 1580 et
656 1547 737 1585 vini,
756 1547 822 1588 ipsa
838 1546 961 1578 Domini
987 1545 1140 1578 institutio
1164 1545 1230 1577 sive
1247 1554 1315 1577 con-

362 1601 514 1633 secratio¹
537 1604 567 1633 et
591 1600 744 1633 Ecclesiae
769 1599 940 1632 catholicae
961 1598 1138 1631 observatio
1163 1596 1319 1630 sufficien-

362 1658 425 1687 tem
450 1654 580 1696 praebet
604 1653 822 1686 auctoritatem
847 1656 877 1685 et
902 1652 1064 1684 rationem.
1086 1670 1128 1674 -
1149 1651 1208 1683 Sed
1231 1650 1316 1692 quod

362 1717 442 1747 non,
467 1707 616 1740 videtur:

455 1761 481 1791 1.
515 1760 594 1800 Quia
627 1759 801 1792 secundum
835 1758 919 1800 quod
953 1757 1027 1790 dicit
1058 1757 1186 1799 Hug02,
1224 1766 1318 1790 «cre-

363 1817 467 1845 scente
492 1812 632 1845 veritatis
650 1812 840 1853 cognitione,
859 1811 946 1852 signa
963 1810 1144 1843 debuerunt
1167 1818 1236 1842 esse
1258 1809 1320 1842 evi-

364 1866 552 1898 denti01²a»:
578 1874 652 1906 ergo
676 1874 747 1897 cum
774 1864 863 1906 panis
887 1867 917 1896 et
942 1864 1051 1895 vinum
1076 1863 1194 1895 fuerint
1214 1863 1320 1895 Sacra-

362 1922 467 1951 menta
492 1919 568 1960 legis
593 1922 742 1956 naturae,
766 1917 854 1950 nullo
875 1917 968 1949 modo
986 1916 1102 1949 debent
1123 1925 1190 1949 esse
1214 1916 1320 1948 Sacra-

363 1976 468 2004 menta
492 1971 568 2013 legis
585 1971 720 2013 gratiae³
740 1971 769 2002 in
787 1980 849 2013 qua
867 1974 989 2002 tantum
1007 1969 1168 2002 concurrit
1184 1969 1318 2010 cognitio

364 2025 514 2057 veritatis.

453 2080 481 2110 2.
508 2078 601 2116 Item,
626 2077 679 2109 lex
711 2077 827 2119 scripta
851 2076 924 2118 plus
953 2075 1137 2117 cognitionis
1170 2075 1265 2108 dabat
1290 2079 1320 2107 et

363 2131 500 2163 habebat
523 2140 618 2172 quam
643 2129 815 2162 naturalis:
843 2139 918 2171 ergo
943 2129 1012 2161 eius
1037 2129 1125 2170 signa.
1149 2132 1238 2161 erant
1254 2137 1318 2161 cer-

364 2184 443 2216 tiora
467 2188 497 2216 et
525 2183 745 2225 expressiora:
780 2192 854 2224 ergo
885 2182 983 2224 magis
1013 2182 1066 2214 lex
1097 2191 1179 2214 nova
1211 2182 1321 2214 debuit

364 2237 517 2269 conficere
541 2237 572 2268 in
597 2236 806 2269 sacramentis
831 2236 897 2268 sive
922 2235 1019 2277 signis
1037 2235 1161 2267 traditis
1178 2238 1320 2276 tempore

364 2290 441 2332 legis
466 2290 601 2332 scriptae
625 2299 721 2332 quam
748 2293 889 2331 tempore
914 2289 990 2330 legis
1023 2292 1173 2328 naturae,
1196 2288 1234 2320 de
1255 2288 1321 2330 qui-

364 2344 424 2376 bus
448 2347 521 2376 sunt
545 2343 665 2385 species
688 2343 778 2385 panis
803 2347 833 2374 et
858 2342 930 2374 vini.

454 2396 482 2428 3.
499 2396 593 2435 Item,
610 2396 670 2428 hoc
694 2396 798 2437 ipsum
825 2395 967 2433 videtur,
992 2395 1065 2436 quia
1094 2395 1125 2426 in
1158 2395 1226 2436 lege
1249 2394 1322 2427 scri-

365 2454 418 2491 pta
441 2458 542 2491 agnus
571 2453 601 2482 et
631 2449 699 2481 eius
731 2449 859 2490 sanguis
891 2448 1127 2487 offerebatur³3
1161 2448 1215 2480 sed
1248 2457 1321 2480 caro

365 2503 465 2544 magis
489 2503 640 2544 exprimit
664 2511 809 2540 carnem,
834 2505 864 2534 et
881 2501 1009 2543 sanguis
1026 2501 1227 2542 sanguinem:
1247 2510 1322 2542 ergo

366 2557 465 2597 magis
490 2556 520 2587 in
544 2556 598 2587 illa
623 2555 724 2597 specie
757 2555 850 2587 debet
874 2554 982 2587 confici
1008 2554 1245 2586 Sacramentum
1270 2562 1323 2585 eu-

367 2609 533 2641 charistiae
557 2617 652 2650 quam
678 2608 709 2639 in
734 2608 802 2640 ista.

455 2662 484 2693 [ι.
510 2662 603 2700 item,
628 2661 748 2703 species
773 2659 965 2692 Sacramenti
994 2659 1181 2691 naturaliter
1206 2658 1323 2690 babent

366 2714 646 2756 repraesentare⁴3
670 2714 725 2746 sed
750 2714 840 2755 panis
872 2716 902 2745 et
934 2713 1043 2745 vinum
1068 2712 1149 2744 fiunt
1172 2712 1320 2744 artificio:

368 2777 442 2809 ergo
466 2777 528 2799 non
552 2771 730 2808 congruunt
754 2768 965 2799 Sacramento.

456 2821 485 2852 5.
511 2821 604 2859 item,
639 2821 699 2852 hoc
732 2820 909 2861 specialiter
944 2819 1122 2851 ostenditur
1154 2818 1193 2850 de
1217 2827 1321 2860 poue,

368 2873 442 2915 quia
466 2873 497 2905 in
522 2873 579 2905 hoc
605 2873 805 2905 Sacramento
830 2872 1007 2914 specialiter
1036 2871 1129 2903 debet
1153 2870 1321 2912 significari

369 2927 512 2968 Christus
525 2934 648 2968 passus,
661 2925 746 2958 unde
764 2926 829 2967 ipse
847 2925 950 2958 dicit⁵z
963 2924 1033 2955 Hoc
1045 2923 1146 2966 suem
1164 2923 1197 2954 in
1215 2932 1322 2955 meum

1467 524 1569 556 Primo
1594 523 1774 564 quaeritur,
1799 526 1908 554 utrum
1933 523 1992 556 hoc
2009 523 2244 556 Sacramentum
2262 533 2331 556 con-

1378 577 1427 610 fici
1453 577 1565 609 debeat
1588 576 1618 607 in
1644 576 1747 617 specie
1770 576 1861 617 panis
1885 579 1916 608 et
1939 576 2013 607 vini.

1467 629 1627 668 SecundO,
1651 632 1760 661 utrum
1792 632 1927 670 utraque
1952 629 2066 661 barum
2091 629 2268 671 specierum
2292 630 2332 662 sit

1379 684 1418 716 de
1442 683 1619 724 integritate
1643 681 1845 714 Sacramenti.

1468 735 1571 767 Tertio
1596 734 1778 776 quaeritur,
1803 737 1912 767 utrum
1936 744 2018 777 aqua
2035 735 2075 767 sit
2091 735 2129 767 de
2154 735 2330 776 integritate

1379 787 1580 820 Sacramenti.

1468 841 1603 881 Quarto‚
1636 843 1744 872 utrum
1777 840 1809 871 in
1840 839 1924 872 omni
1956 849 2036 881 pane
2068 843 2098 872 et
2132 840 2205 872 vino
2236 840 2333 882 possit

1379 893 1489 926 confici
1514 893 1751 925 Sacramentum
1776 892 1845 925 hoc.

1382 1490 1740 1528 eommemorationem;
1765 1490 1819 1523 sed
1844 1490 1933 1532 panis
1958 1490 2078 1532 integer
2097 1500 2156 1522 non
2182 1490 2336 1533 significat

1381 1543 1574 1585 passionem:
1600 1551 1675 1584 ergo
1699 1552 1761 1575 non
1786 1543 1931 1584 congruit
1956 1543 2030 1576 huic
2054 1544 2263 1576 Sacramento.

1473 1597 1501 1628 6.
1527 1596 1616 1634 item,
1641 1596 1671 1627 in
1697 1595 1755 1628 hoc
1780 1596 1980 1628 Sacramento
1997 1597 2174 1628 continetur
2190 1596 2333 1630 Christus

1382 1653 1417 1682 ut
1441 1649 1530 1681 cibus
1554 1649 1780 1691 parvulorum,
1805 1649 1858 1691 qui
1883 1649 2072 1690 prius‘erat
2096 1649 2185 1682 cibus
2209 1650 2334 1691 Angelo-

1383 1712 1473 1740 rum;
1497 1702 1552 1735 sed
1577 1702 1667 1734 cibus
1690 1702 1900 1744 parvulorum
1925 1705 1973 1735 est
1996 1702 2042 1734 lac
2056 1702 2081 1734 6z
2107 1711 2182 1744 ergo
2203 1702 2234 1734 in
2257 1702 2336 1735 lacte

1382 1756 1512 1788 deberet
1535 1754 1655 1787 confici.

1472 1810 1501 1840 7.
1527 1808 1616 1846 item,
1633 1807 1780 1840 obiicitur
1804 1808 1843 1840 de
1867 1808 1958 1840 vino:
1977 1808 2050 1850 quia
2069 1808 2118 1840 hic
2140 1808 2336 1850 significatur

1383 1862 1527 1894 Christus
1552 1865 1588 1893 ut
1612 1860 1701 1893 cibus
1725 1861 1791 1893 sive
1808 1865 1902 1903 potus
1926 1870 2058 1899 sanans;
2075 1861 2130 1893 sed
2148 1861 2257 1893 vinum
2274 1870 2336 1893 non

1384 1915 1478 1947 datur
1502 1915 1652 1947 infirmis:
1678 1923 1752 1955 ergo
1778 1924 1839 1946 non
1865 1915 1957 1947 debet
1993 1915 2024 1946 in
2048 1914 2120 1946 vino
2145 1914 2253 1947 confici
2278 1915 2337 1948 boc

1384 1969 1634 2007 Sacramentum.
1659 1967 1743 2010 quod
1768 1970 1815 2000 est
1846 1967 2023 2000 sanativum
2053 1967 2244 1999 infirmitatis
2280 1968 2339 2009 spi-

1384 2021 1519 2053 ritualis.

1473 2075 1503 2106 8.
1528 2074 1622 2112 Item,
1647 2074 1777 2106 effectus
1812 2073 1903 2106 istius
1932 2074 2124 2106 Sacramenti
2149 2076 2195 2105 est
2224 2073 2340 2105 exstin-

1385 2137 1482 2170 guere
1510 2124 1655 2160 morbum
1681 2127 1970 2168 concupiscentiae3
1995 2127 2051 2159 sed
2075 2127 2137 2158 vini
2163 2130 2209 2159 est
2233 2135 2340 2159 accen-

1386 2181 1479 2219 dere,
1504 2181 1747 2213 Proverbiorum
1772 2180 1963 2222 vigesimo⁷:
1989 2180 2182 2212 Luxuriosa
2216 2189 2269 2211 res
2293 2183 2341 2212 cst

1385 2233 1516 2265 vinum:
1543 2243 1617 2275 ergo
1642 2237 1698 2265 etc.

1741 2347 1980 2371 CONCLUSIO.

1429 2445 1536 2478 Panis
1559 2450 1588 2477 et
1613 2445 1726 2477 ninum
1752 2453 1896 2486 conyrue
1919 2443 2113 2485 exprimunt
2136 2443 2298 2485 duplicem

1646 2508 1716 2530 rem
1741 2497 1841 2530 huius
1865 2497 2085 2530 Sacramenti.
2478 2514 2479 2538 1

1477 2606 1672 2638 REsroNnEo:
1698 2604 1890 2643 Dicendum,
1923 2603 2007 2645 quod
2033 2603 2123 2636 istius
2148 2603 2338 2636 Sacramenti
2479 2603 2481 2638 1,

1388 2658 1508 2701 duplex
1544 2661 1590 2690 est
1625 2666 1693 2696 res,
1730 2657 1848 2689 scilicet
1876 2665 1992 2698 corpus
2025 2656 2139 2688 Christi
2170 2665 2285 2687 verum
2309 2659 2339 2688 et
2368 2652 2481 2694 oupiexrgi

1386 2711 1606 2754 mysticum&
1635 2714 1665 2743 et
1700 2711 1774 2752 quia
1810 2710 1898 2751 signa
1930 2712 2003 2741 sunt
2040 2708 2180 2740 instituta
2209 2712 2338 2750 propter
2354 2691 2481 2712 &mmmm

1387 2763 1624 2805 expressionem
1650 2763 1695 2795 rei
1719 2761 1927 2804 significatae,
1953 2761 2026 2793 talia
2050 2761 2230 2793 debuerunt
2254 2770 2339 2800 esse,

1388 2826 1468 2858 quae
1493 2817 1531 2848 de
1564 2816 1611 2848 sui
1648 2819 1761 2850 natura
1792 2818 1866 2847 nata
1902 2818 2006 2846 essent
2040 2817 2214 2855 utrumque
2238 2814 2342 2855 expri-

1388 2878 1483 2901 mere.
1513 2887 1552 2891 —
1576 2869 1611 2900 Et
1635 2868 1782 2910 quoniam
1809 2876 1924 2909 corpus
1941 2867 2116 2910 mysticum
2143 2871 2246 2899 estex
2265 2867 2341 2899 mul-

1389 2922 1427 2954 tis
1451 2922 1628 2964 aggregatis
1652 2921 1683 2952 in
1708 2930 1825 2960 unum,
1851 2920 1924 2953 talia
1956 2921 2113 2953 elementa
2136 2929 2204 2952 esse
2229 2920 2342 2953 debue-

442 3117 449 3133 1
471 3117 521 3143 Csr.
535 3118 620 3142 Manli.
635 3118 675 3149 ‘267
688 3117 728 3142 26.
740 3124 812 3149 seqq.
824 3117 890 3141 Vide
900 3117 977 3142 etiam
989 3123 1067 3148 supra
1080 3123 1139 3147 pag.
1157 3116 1211 3147 194,
1224 3120 1282 3141 nota
1299 3117 1321 3140 11.

441 3161 450 3176 ³
471 3161 537 3186 Libr.
560 3162 574 3186 l.
596 3161 628 3186 de
648 3162 760 3186 Sacram.
781 3168 806 3192 p.
828 3161 870 3186 tx.
893 3168 914 3186 c.
936 3161 958 3185 G.
980 3160 1066 3185 Verba
1086 3160 1146 3185 vide
1160 3167 1238 3191 supra
1259 3159 1283 3185 d.
1300 3161 1322 3184 2.

371 3211 393 3228 a.
419 3205 437 3228 1.
458 3212 482 3235 q.
504 3206 527 3229 2.
549 3205 663 3229 fundam.
685 3206 707 3228 rl.
728 3219 762 3222 —-
782 3205 857 3236 Quod
878 3205 951 3236 panis
971 3208 995 3229 ot
1014 3205 1105 3229 vinum
1125 3204 1219 3229 suerint
1238 3204 1324 3228 Sacra-

372 3250 457 3272 menta
477 3248 540 3279 legis
560 3252 679 3280 naturae,
695 3250 838 3274 insinuatur
858 3256 936 3280 supra
957 3249 982 3273 d.
998 3249 1021 3273 8.
1037 3256 1062 3279 p.
1086 3248 1100 3273 Ι.
1122 3256 1144 3273 a.
1170 3248 1189 3273 1.
1210 3254 1234 3279 q.
1250 3248 1274 3272 2.
1291 3262 1324 3264 —

372 3292 398 3316 ln
420 3291 468 3316 fine
488 3298 542 3322 arg.
563 3299 611 3322 pro
631 3292 769 3318 eonem-rit
787 3293 863 3318 codd.
884 3293 958 3317 EFG
972 3293 989 3317 L
1010 3291 1097 3318 crea-it.

444 3335 454 3351 ³
473 3335 521 3361 Csr.
543 3343 620 3367 supra
641 3336 665 3361 d.
686 3337 710 3360 8.
733 3344 757 3367 p,
778 3337 794 3361 l.
815 3344 836 3361 a.
863 3338 882 3362 1.
905 3345 930 3369 (1.
951 3339 975 3362 2.

444 3379 454 3395 4
474 3379 504 3404 L‘t
522 3383 653 3404 ostensum
673 3384 711 3404 est
729 3387 807 3411 snpra
828 3381 852 3405 d.
878 3381 896 3405 1.
917 3388 942 3412 p.
964 3381 978 3405 l.
999 3388 1023 3413 (1.
1045 3382 1069 3405 2.

1458 3114 1469 3131 5
1488 3115 1548 3139 Luc.
1570 3115 1611 3145 22,
1638 3114 1674 3138 19.

1458 3158 1468 3174 6
1488 3159 1565 3190 Epist.
1586 3159 1600 3182 l.
1621 3157 1678 3183 Cor.
1700 3158 1723 3188 3,
1749 3158 1767 3182 1.
1788 3162 1857 3189 seq.:
1879 3156 2015 3188 Tanquam
2045 3155 2159 3188 parvulis
2188 3156 2211 3179 in
2239 3154 2339 3180 Christo

1388 3203 1426 3227 lac
1451 3202 1526 3227 vol)1s
1553 3206 1642 3233 potum
1668 3201 1740 3232 dedi,
1771 3208 1821 3226 non
1850 3207 1945 3226 escam.
1966 3214 1999 3217 —
2022 3200 2047 3224 ln
2074 3198 2179 3231 maiori,
2211 3206 2276 3231 quae
2302 3200 2340 3223 est

1387 3246 1531 3272 secundum
1557 3247 1676 3277 August„
1699 3246 1811 3270 Enarrat.
1832 3246 1856 3269 in
1878 3245 1917 3269 ΡΞ.
1940 3245 1980 3269 33.
2001 3246 2111 3269 enarrat.
2138 3244 2156 3268 1.
2185 3250 2208 3267 n.
2230 3243 2254 3274 6,
2283 3244 2341 3273 post

1387 3290 1567 3324 purvulorimz
1589 3291 1643 3315 Vat.
1664 3290 1736 3315 addit
1754 3291 1779 3316 et
1796 3288 1949 3315 humilium.

1458 3334 1469 3350 ⁷
1490 3334 1562 3359 Vers.
1589 3335 1607 3358 1.

1459 3378 1469 3395 3
1489 3378 1538 3404 Csr.
1559 3386 1638 3410 supra
1658 3378 1682 3403 (1.
1703 3379 1725 3402 3.
1747 3385 1771 3409 p.
1793 3378 1818 3402 ll.
1839 3384 1860 3402 a.
1883 3378 1906 3402 ²2.
1926 3384 1950 3409 q.
1977 3377 1996 3400 1.
