2483 3882
455 238 517 271 634
1211 232 1495 265 SENTENTIARUM
1520 232 1586 263 [ΑΒ.
1598 230 1602 232 ’
1613 232 1659 264 IV.

450 330 517 358 tum
534 326 659 357 ordines
677 324 913 364 dispensantur;
931 321 1115 359 dicendum,
1132 321 1216 362 quod
1238 328 1402 361 nunquam

306 390 435 411 Notandum.
450 380 577 419 possent
599 384 655 417 per
679 375 860 416 episcopum
886 373 1077 414 dispensari,
1095 372 1153 404 nisi
1171 372 1298 404 ordines
1314 371 1401 410 illos,

450 437 528 470 quos
552 428 728 468 dispensat,
752 426 900 463 haberet,
917 425 1056 457 maxime
1072 425 1131 457 nisi
1148 425 1279 456 haberet
1303 432 1402 456 sacer-

450 480 589 517 dotium;
614 483 643 511 et
668 478 737 510 ideo
761 477 897 509 concedo
922 477 1018 515 bene,
1035 477 1119 519 quod
1144 477 1342 518 episcopatus
1360 476 1402 507 in—

450 533 548 565 cludit
583 531 758 563 necessario
793 530 936 562 ordinem
972 529 1253 571 perfectissimum,
1285 528 1402 561 scilicet

451 583 679 621 sacerdotium,
696 586 727 614 et
749 582 794 614 illi
819 582 1005 624 superaddit
1020 581 1159 623 aliquam
1176 581 1402 618 eminentiam,

452 645 546 678 quam
571 639 602 667 et
625 635 729 677 ipsum
752 643 866 667 nomen
892 634 981 666 nobis
1006 634 1162 672 insinuat3
1186 633 1303 665 dicitur
1319 633 1402 665 enim

451 688 616 730 episcopus
640 688 679 719 ab
703 687 772 728 epi,
798 687 882 728 quod
907 690 954 719 est
978 695 1075 728 supra
1089 686 1107 717 ¹.

540 742 568 772 5.
593 740 636 772 Ad
661 739 740 772 illud
769 739 854 781 quod
877 739 1041 777 obiicitur,
1069 738 1153 780 quod
1177 738 1255 770 ordo
1290 742 1335 770 est
1368 737 1406 770 si-

451 793 619 835 gnaculum
631 818 638 832 ‚
655 793 686 824 in
704 802 766 834 quo
783 791 956 833 spiritualis
973 795 1109 833 potestas
1125 794 1200 829 etc.;
1218 791 1404 829 dicendum,

309 859 436 880 Notandum.
451 846 536 887 quod
561 846 759 886 episcopatus
784 844 889 876 deficit
912 847 1065 886 quantum
1089 844 1128 876 ad
1153 847 1321 886 utramque
1338 852 1406 885 par-

452 902 514 931 tem
540 897 738 930 definitionis.
763 897 866 929 Primo
890 905 1027 938 namque
1051 897 1155 929 deficit
1178 906 1196 928 a
1219 897 1340 928 ratione
1357 906 1406 928 or-

454 951 542 983 dinis
565 953 718 992 quantum
743 950 784 982 ad
809 950 885 988 hoc,
910 949 995 991 quod
1027 949 1143 981 dicitur
1173 949 1406 991 sipnacuium;

453 1004 527 1045 quia
551 1003 748 1044 signaculum
773 1002 816 1034 ibi
833 1002 986 1043 accipitur
1007 1011 1064 1043 pro
1081 1001 1292 1039 charactere,-
1309 1005 1338 1034 et
1356 1002 1406 1034 hic

454 1065 514 1088 non
550 1055 744 1097 imprimitur
780 1055 810 1086 in
842 1055 1043 1096 episcopatu,
1067 1054 1158 1086 cuius
1193 1055 1317 1096 signum
1342 1058 1405 1092 est,

453 1108 538 1150 quod
563 1118 623 1140 non
649 1112 750 1150 potest
773 1107 940 1149 episcopus
957 1107 1151 1145 consecrari,
1169 1107 1227 1139 nisi
1245 1107 1284 1139 sit
1308 1115 1408 1139 sacer-

454 1162 524 1200 dos,
549 1165 579 1194 et
604 1161 645 1193 ita
670 1170 725 1202 per
749 1170 782 1193 se
807 1161 1022 1193 characterem
1058 1169 1120 1191 non
1145 1160 1307 1201 imprimit.
1332 1160 1407 1191 Am-

452 1214 542 1256 plius
565 1213 684 1252 deficit,
710 1213 784 1255 quia
808 1222 868 1244 non
894 1212 988 1245 datur
1006 1212 1045 1244 ibi
1065 1221 1150 1244 nova
1170 1216 1333 1253 potestas,
1351 1212 1406 1244 sed

455 1267 556 1299 solum
582 1269 719 1308 potestas
743 1265 859 1307 ligandi
884 1269 914 1296 et
931 1264 1071 1297 solvendi
1088 1264 1273 1305 ampliatur,
1290 1268 1321 1296 et
1337 1264 1407 1296 ideo

456 1321 485 1351 in
511 1319 606 1351 huius
630 1318 755 1359 signum
781 1317 913 1349 baculus
938 1316 1104 1359 pastoralis
1121 1317 1303 1358 porrigitur.
1321 1317 1407 1349 Unde

455 1372 535 1404 sicut
558 1370 682 1403 collatio
706 1370 791 1412 pallii
816 1379 877 1401 non
902 1369 955 1401 dat
979 1378 1096 1401 novum
1122 1369 1265 1401 ordinem
1290 1369 1408 1401 archie-

454 1425 582 1466 piscopo
606 1423 690 1455 ultra
713 1422 894 1464 episcopum
908 1447 915 1460 ,
933 1422 976 1454 sic
1001 1430 1057 1453 nec
1082 1421 1205 1453 collatio
1221 1421 1336 1459 baculi,
1353 1425 1408 1453 aut

455 1476 557 1515 anuli,
582 1480 636 1508 aut
661 1476 789 1514 mitrae,
813 1478 868 1506 aut
891 1474 1025 1507 alicuius
1061 1473 1231 1506 consimilis
1255 1473 1335 1505 ultra
1364 1483 1408 1506 sa-

1466 319 1635 351 cerdotem.
1654 319 1739 350 Talia
1756 319 1838 351 enim
1856 319 1960 360 potius
1977 323 2049 351 sunt
2066 320 2303 352 sacramentalia
2319 320 2413 362 quam

1467 372 1684 410 Sacranienta;
1708 380 1769 403 non
1804 371 1887 403 enim
1923 371 2161 404 sacramentalia
2184 376 2305 404 tantum
2330 382 2416 414 prae-

1466 424 1583 456 cedunt
1607 424 1861 462 Sacramentum,
1886 424 1941 456 sed
1965 424 2059 456 etiam
2083 424 2171 465 sequi
2189 429 2327 465 possunt.
2478 435 2480 449 ¹

1556 477 1585 508 6.
1610 476 1652 508 Ad
1678 475 1756 508 illud
1781 476 1866 517 quod
1890 476 2049 515 obiicitur,
2074 477 2159 518 quod
2183 477 2351 510 solemnior
2372 482 2418 511 est

1468 528 1622 567 inunctio;
1647 529 1834 568 dicendum,
1859 529 1942 570 quod
1968 538 2079 561 verum
2105 532 2168 568 est,
2192 538 2249 570 pro
2273 539 2309 562 eo
2333 532 2417 572 quod

1467 581 1504 612 ad
1533 590 1693 613 summum
1730 581 1945 622 pontificatum
1981 581 2172 620 assumitur,
2196 585 2226 613 et
2258 581 2351 614 datur
2375 582 2418 615 ihi

1468 633 1635 666 eminentia
1660 637 1760 665 status
1783 637 1814 665 et
1837 633 1971 675 dignitas
1995 634 2177 675 pastoralis,
2193 634 2226 665 in
2243 643 2306 675 qua
2326 634 2418 667 debet
2432 645 2481 674 Nou,

1468 695 1536 719 esse
1560 686 1736 718 eminentia
1759 686 1967 724 sanctitatis;
1984 687 2067 718 unde
2085 687 2138 718 illa
2155 687 2326 719 sanctitatis
2347 687 2420 720 emi·
2480 676 2482 686 ¹

1470 739 1574 771 nentia
1589 748 1646 781 per
1664 739 1973 780 superabundantem
1991 739 2203 771 inunctionem
2220 740 2312 772 debet
2329 740 2418 782 signi-

1470 792 1576 830 ficari,
1601 792 1776 824 secundum
1800 791 1885 833 quod
1910 791 2046 824 dicitur²
2064 792 2102 824 de
2128 801 2252 824 summo
2276 793 2420 834 pontifice

1470 846 1587 876 Aaron:
1614 844 1707 876 Sicut
1730 848 1934 886 unquentum
1958 844 1993 876 in
2016 845 2122 886 eapite
2145 845 2234 883 eius,
2259 846 2346 888 quod
2373 846 2421 878 de—

1470 896 1594 928 scendit
1619 896 1654 927 in
1676 896 1835 934 barbam,
1861 895 2000 928 barbam
2033 898 2159 928 Aaron.
2185 897 2264 938 Quia
2287 898 2326 929 ad
2359 897 2422 929 offi-

1471 949 1555 981 cium
1580 948 1659 980 illud
1684 949 1795 980 maior
1819 949 1993 990 requiritur
2009 949 2183 987 sanctitas,
2201 959 2295 991 quam
2321 951 2421 992 requi-

1472 1005 1560 1033 ratur
1584 1001 1624 1033 ad
1642 1001 1786 1039 ordines;
1803 1001 1875 1033 hinc
1892 1005 1952 1040 est,
1978 1002 2062 1043 quod
2079 1003 2189 1034 maior
2213 1002 2248 1034 fit
2265 1002 2420 1035 inunctio.

1472 1055 1569 1095 Reges
1593 1053 1676 1086 enim
1701 1057 1731 1085 et
1755 1054 1911 1095 principes
1935 1058 2167 1086 consueverunt
2199 1054 2307 1096 inungi
2331 1055 2362 1087 in
2387 1055 2422 1088 si-

1472 1115 1569 1147 gnum
1602 1106 1778 1147 dignitatis,
1802 1105 1919 1147 quibus
1953 1115 2014 1138 non
2051 1107 2131 1138 ordo
2166 1107 2336 1145 confertur,
2369 1107 2422 1139 sed

1471 1158 1595 1200 reyalis
1618 1158 1785 1200 digynitas;
1810 1158 1854 1190 sic
1886 1162 1915 1190 et
1946 1159 2100 1200 episcopi,
2126 1159 2241 1201 quibus
2265 1159 2424 1192 confertur

1471 1211 1549 1243 ordo
1574 1211 1785 1243 sacerdotalis.
1804 1211 1838 1242 Et
1856 1214 1983 1253 propter
2000 1211 2059 1243 hoc
2076 1212 2155 1243 ratio
2179 1212 2232 1243 illa
2249 1221 2309 1244 non
2329 1213 2423 1252 valet,

1472 1263 1546 1305 quia
1570 1263 1708 1295 inunctio
1732 1272 1794 1295 non
1819 1263 1946 1305 respicit
1970 1264 2131 1303 ordinem,
2152 1264 2182 1296 in
2208 1269 2361 1306 quantum
2378 1269 2424 1298 est

1472 1316 1572 1353 ordo,
1597 1316 1652 1348 sed
1677 1316 1777 1357 magis
1800 1316 2003 1357 diynitatem.
2028 1317 2114 1349 Unde
2139 1321 2169 1349 et
2192 1317 2339 1350 sacerdos
2363 1327 2423 1350 non

1472 1369 1635 1410 inungitur
1660 1369 1700 1401 acl
1724 1368 1843 1400 ordinis
1867 1369 2103 1408 necessitatem,
2121 1370 2176 1402 sed
2202 1370 2300 1411 magis
2324 1370 2364 1402 ad
2380 1379 2425 1403 so-

1473 1421 1682 1459 lemnitatem,
1708 1424 1743 1453 ut
1767 1421 1859 1462 digne
1883 1421 1981 1463 possit
2005 1430 2120 1463 corpus
2145 1422 2259 1454 Christi
2285 1423 2424 1455 sacratis-

1472 1474 1586 1505 simum
1612 1474 1825 1506 censecrare3.

1313 1597 1496 1639 QUAESTIO
1520 1598 1567 1630 IV.

935 1709 1052 1740 Utrum
1077 1709 1209 1740 ordines
1233 1709 1299 1740 sint
1322 1712 1459 1750 septeni,
1485 1718 1529 1740 an
1549 1708 1677 1750 plures,
1701 1708 1749 1740 vel
1768 1709 1954 1750 pauciores.

545 1821 663 1862 Quarto
688 1820 869 1862 quaeritur,
894 1823 1002 1851 utrum
1028 1820 1154 1852 ordines
1186 1820 1247 1852 sint
1271 1823 1407 1861 septem,

456 1884 495 1905 an
513 1873 629 1915 plures,
644 1873 692 1905 vel
711 1873 883 1914 pauciores.
902 1873 935 1904 Et
953 1873 1037 1914 quod
1056 1877 1185 1904 tantuin
1201 1876 1319 1913 septem
1338 1871 1408 1910 sint,

548 1928 574 1958 1.
600 1927 659 1958 Hoc
685 1935 835 1967 expresse
860 1926 1008 1967 magister
1033 1925 1141 1966 Hug0⁴
1159 1925 1247 1963 dicit3
1265 1925 1408 1966 Magister

298 1980 549 2013 Fundamenta.etiam
574 1979 649 2011 dlClt
674 1979 704 2010 ll]
730 1978 842 2010 littera.

545 2033 574 2064 ⁰2.
599 2032 692 2070 ltem,
721 2031 850 2063 ratione
883 2031 1024 2063 videtur:
1051 2031 1124 2071 quia
1160 2030 1284 2070 signum
1317 2030 1410 2062 debet

457 2084 647 2126 respondere
672 2084 810 2122 veritati,
836 2084 890 2116 sed
915 2084 946 2115 in
971 2083 1171 2115 sacramento
1189 2083 1246 2114 isto
1271 2082 1411 2124 septifor-

458 2138 516 2169 mis
528 2137 628 2178 gratia
642 2136 776 2178 Spiritus
793 2136 890 2168 sancti
909 2136 1002 2168 datur
1015 2135 1040 2166 ⁵:
1056 2144 1130 2176 ergo
1148 2135 1283 2173 videtur,
1297 2134 1410 2176 quodsi

456 2190 574 2231 gradus
610 2190 640 2221 in
676 2189 786 2221 ordine
822 2188 1040 2229 assignantur,
1072 2188 1156 2229 quod
1191 2192 1310 2229 septem
1342 2196 1410 2220 esse

456 2242 579 2274 dehent.

545 2294 604 2326 Sed
628 2294 712 2335 quod
738 2293 872 2326 debeant
895 2302 963 2325 esse
989 2297 1117 2324 tantuin
1143 2297 1218 2330 tre&
1244 2292 1386 2324 videtur:

549 2349 575 2379 1.
601 2346 807 2379 Auctoi‘itate
828 2346 983 2387 Dionysii,
1001 2346 1039 2378 de
1058 2345 1270 2377 Ecclesiastica
1294 2345 1412 2376 Hierar-

312 2414 345 2435 Aa
360 2400 566 2439 oppos-chia&
590 2400 645 2431 uhi
669 2409 730 2431 non
763 2399 850 2440 ponit
884 2399 943 2431 nisi
969 2402 1032 2430 tres
1056 2398 1188 2439 gradus⁷
1218 2397 1335 2430 scilicet
1358 2397 1412 2429 mi-

352 2442 405 2460 mm'
457 2454 588 2491 nistros,
614 2453 791 2485 sacerdotes
815 2456 845 2484 et
869 2452 1040 2493 episcopos.

547 2507 576 2538 ⁹2.
602 2506 690 2543 item,
717 2505 775 2537 hoc
812 2505 938 2536 videtur
970 2504 1116 2536 ratione:
1147 2504 1220 2546 quia
1255 2503 1412 2536 distinctio

459 2559 618 2600 graduum
643 2558 736 2590 dehet
759 2566 827 2590 esse
862 2566 958 2599 penes
993 2561 1082 2589 actus
1107 2557 1320 2589 hierarchicos
1329 2569 1337 2595 3
1362 2557 1412 2588 isti

460 2615 565 2644 autem
590 2615 679 2643 actus
703 2615 777 2643 sunt
811 2614 875 2643 tres
907 2610 1142 2649 tantummodo,
1167 2610 1284 2642 scilicet
1313 2619 1414 2651 «pur-

461 2674 551 2705 gare,
575 2664 755 2696 illuminare
779 2667 809 2695 et
834 2664 1049 2705 perficerem:
1069 2672 1143 2704 ergo
1168 2663 1303 2701 videtur,
1328 2662 1413 2704 quod

462 2717 522 2749 sint
545 2721 666 2748 tantum
693 2721 756 2749 tres
780 2717 899 2757 gradus
923 2716 988 2748 sive
1012 2716 1147 2748 ordines.

550 2769 609 2801 Sed
634 2769 719 2810 quod
743 2770 804 2801 sint
824 2768 956 2810 plures,
982 2769 1123 2800 videtur:

551 2821 580 2853 3.
605 2821 758 2862 Quoniam
796 2821 929 2853 Ecclesia
962 2821 1098 2853 militans
1130 2821 1271 2852 imitatur
1307 2820 1415 2852 trium-

462 2873 628 2914 phantem,
653 2873 828 2905 secundum
864 2872 948 2914 quod
981 2872 1096 2904 dicitur
1130 2872 1227 2904 Exodi
1264 2872 1414 2913 vigesimo

1474 1818 1621 1860 quintoss:
1648 1819 1787 1861 Inspice,
1812 1823 1841 1851 et
1863 1819 1921 1861 fac
1944 1820 2125 1852 secundum
2146 1820 2324 1862 exemplar,
2342 1821 2427 1863 quod

1475 1871 1534 1903 tibi
1556 1876 1778 1903 monstratum
1802 1876 1848 1903 est
1871 1876 1947 1910 etc.;
1965 1873 2020 1905 sed
2037 1873 2068 1904 in
2086 1873 2139 1904 illa
2155 1877 2202 1905 est
2219 1873 2374 1905 distinctio
2396 1877 2426 1906 et

1475 1925 1593 1965 gradus
1617 1925 1649 1956 in
1674 1924 1796 1966 Angelis
1821 1925 1995 1957 secundum
2016 1934 2186 1957 numerum
2203 1926 2424 1958 novenarium:

1475 1986 1549 2018 ergo
1574 1981 1631 2009 etc.

1564 2030 1593 2062 h.
1618 2030 1708 2068 Item,
1733 2034 1850 2071 quanto
1874 2031 1973 2063 maior
1997 2035 2043 2063 est
2067 2040 2211 2064 recessus
2227 2041 2245 2063 a
2260 2031 2427 2073 principio,

1478 2086 1562 2114 tanto
1586 2082 1686 2123 magis
1709 2083 1849 2114 tenditur
1873 2083 1903 2114 in
1933 2083 2206 2122 multitudinem⁹3
2231 2084 2285 2116 sed
2311 2084 2427 2116 hierar-

1477 2135 1547 2167 chia
1579 2135 1788 2168 ecclesiastica
1821 2136 1892 2177 plus
1923 2136 2017 2168 distat
2041 2145 2058 2168 a
2083 2137 2236 2178 principio
2268 2137 2426 2176 omnium,

1477 2186 1540 2219 Deo
1565 2196 1706 2226 summo,
1724 2197 1818 2229 quam
1843 2188 2000 2229 angelica:
2018 2197 2093 2230 ergo
2108 2189 2255 2230 pluribus
2278 2189 2427 2230 gradibus

1477 2241 1508 2270 et
1531 2239 1696 2271 ordinibus
1731 2240 1823 2272 dehet
1859 2240 2008 2281 distingui
2044 2250 2138 2282 quam
2173 2241 2329 2282 angelica:
2354 2250 2426 2283 ergo

1478 2291 1585 2332 plures
1610 2292 1760 2324 deberent
1784 2301 1852 2325 esse
1876 2293 2003 2325 ordines
2027 2302 2121 2335 quam
2147 2302 2270 2326 novem.

1568 2345 1618 2376 Est
1642 2345 1738 2386 igitur
1761 2346 1919 2387 quaestio:
1943 2350 2073 2387 propter
2096 2346 2173 2387 quid
2197 2346 2226 2378 in
2252 2347 2311 2378 hoc
2327 2347 2428 2379 Sacra·
2440 2357 2477 2386 ρῳ

1479 2401 1583 2429 mento
1607 2398 1706 2439 magis
1731 2402 1778 2430 est
1801 2398 1959 2440 graduum
1996 2398 2152 2431 distinctio
2176 2408 2271 2440 quam
2296 2399 2326 2431 in
2351 2399 2426 2437 ali0;
2452 2382 2479 2404 ⁰¹⁶

1478 2454 1509 2482 et
1532 2454 1660 2492 propter
1685 2451 1761 2493 quid
1785 2451 1815 2483 in
1841 2460 1974 2486 numero
1998 2452 2200 2493 septenario?

1837 2565 2075 2588 CONCLUSIO.

1520 2661 1659 2693 Ordines
1682 2666 1761 2693 sunt
1782 2666 1900 2703 septeni
1925 2666 1953 2693 et
1976 2662 2022 2693 ad
2045 2672 2149 2693 unum
2173 2662 2395 2694 sacerdotium

1877 2714 2034 2746 ordinati.

1568 2818 1764 2849 RuspoNnno:
1782 2817 1974 2856 Dicendum,
1992 2818 2076 2859 quod
2100 2827 2208 2851 omnes
2233 2818 2264 2850 in
2288 2819 2346 2851 hoc
2362 2827 2427 2850 con·

1480 2871 1626 2909 cordant,
1644 2871 1760 2903 scilicet
1781 2871 1864 2912 quod
1883 2871 1955 2903 huic
1973 2872 2173 2903 sacramento
2194 2872 2340 2913 competit
2363 2880 2426 2913 gra·
2438 2879 2475 2900 eon

535 3040 542 3056 ¹
563 3040 613 3065 Csr.
634 3042 674 3065 hic
701 3041 735 3066 lit.
756 3041 880 3071 Magistri,
902 3047 922 3065 c.
946 3040 991 3072 15,
1011 3040 1055 3065 ubi
1081 3037 1220 3067 ἐπίσκοπος
1239 3040 1355 3065 redditur
1374 3047 1414 3065 su-

464 3084 645 3114 perintendens
665 3085 719 3109 sive
739 3084 892 3115 speculator.

532 3126 543 3143 ²
562 3127 654 3151 Psalm.
677 3128 737 3158 «132,
766 3128 789 3153 2.
816 3127 866 3152 Ct'r.
887 3127 1015 3152 lnnocent.
1041 3127 1076 3151 ΙΙΙ.
1097 3126 1124 3152 C.
1151 3126 1217 3152 Cum
1243 3126 1355 3152 venisset
1380 3126 1416 3151 ad

464 3170 642 3203 Apostolicam
661 3171 749 3197 sedani
769 3172 832 3202 (l.),
854 3172 885 3196 X.
907 3171 939 3196 de
956 3171 1032 3196 Sacra
1054 3172 1173 3197 unctione
1187 3171 1245 3202 (lib.
1266 3171 1281 3195 Ι.
1302 3172 1336 3196 tit.
1352 3172 1360 3195 l
1369 3171 1414 3203 5,).

466 3228 498 3231 —
517 3215 622 3239 Inferius
641 3222 689 3246 pro
711 3215 780 3246 Quia
799 3215 835 3240 ad
853 3215 913 3239 edd.
932 3214 1002 3240 unde
1022 3214 1085 3248 quia
1105 3214 1147 3240 ud.

535 3257 546 3273 ³
566 3258 631 3283 Vide
651 3259 766 3283 scholion
786 3259 819 3283 ad
843 3259 862 3283 l.
885 3259 960 3283 liuius
979 3259 1076 3284 articuli
1098 3262 1196 3291 quaest.

534 3300 544 3316 ⁴
564 3301 631 3326 Libr.
652 3302 677 3326 ll.
699 3302 730 3326 de
750 3303 863 3327 Sacram.
885 3310 909 3334 p.
930 3303 965 3327 ΙΙΙ.
986 3310 1008 3327 c.
1029 3303 1052 3327 5.
1074 3317 1107 3320 —
1132 3303 1251 3334 Magister
1276 3303 1316 3328 hic
1336 3303 1360 3327 in
1381 3303 1414 3327 lit.

466 3351 486 3369 c.
512 3345 532 3369 l.
554 3352 625 3376 seqq.

1548 3039 1559 3056 5
1578 3040 1610 3064 Ut
1629 3041 1772 3065 insinuatur
1791 3041 1832 3065 hic
1857 3041 1881 3064 in
1903 3041 1936 3065 lit.
1962 3040 2088 3071 Magistri,
2109 3047 2130 3065 c.
2158 3041 2181 3064 2.
2202 3042 2227 3065 et
2253 3041 2276 3065 3.
2297 3053 2330 3057 —
2349 3040 2426 3070 Supe-

1478 3084 1534 3108 rius
1554 3090 1601 3114 pro
1620 3083 1736 3115 intimae,
1753 3084 1824 3115 quod
1839 3083 1963 3114 praebent
1977 3083 2052 3108 codd.
2072 3084 2091 3107 G
2106 3083 2143 3108 {R
2156 3084 2177 3108 M
2190 3083 2209 3108 O
2222 3084 2237 3108 iJ
2249 3084 2282 3115 Q,
2299 3084 2338 3108 alii
2353 3081 2424 3107 codd.

1479 3131 1503 3152 ct
1522 3127 1581 3152 edd.
1601 3134 1712 3153 necesse.

1549 3171 1560 3187 ⁶
1580 3170 1640 3202 Cap.
1662 3171 1685 3195 5.
1706 3178 1731 3202 p.
1752 3172 1767 3195 l.
1787 3171 1802 3203 S
1822 3172 1847 3196 6.

1548 3214 1559 3230 ⁷
1579 3215 1728 3240 Secundum
1749 3215 1851 3246 Dionys.
1872 3215 1919 3239 loc.
1940 3215 1979 3239 cit.
2000 3214 2014 3246 S
2035 3215 2065 3246 3,
2085 3217 2109 3239 et
2129 3214 2161 3239 de
2180 3213 2286 3239 Caelesti
2299 3212 2423 3238 Hierarch.

1479 3265 1502 3283 c.
1525 3259 1548 3282 3.
1568 3258 1582 3290 2}
1603 3260 1626 3283 2.

1551 3301 1562 3317 8
1581 3303 1653 3327 Vers.
1677 3303 1716 3327 40.
1737 3302 1786 3328 cfr.
1806 3310 1886 3334 supra
1906 3309 1965 3334 pag.
1986 3301 2045 3333 614,
2068 3304 2126 3326 nota
2146 3302 2169 3326 2.

1548 3345 1559 3362 ⁹
1580 3346 1644 3371 Vide
1664 3354 1741 3377 supra
1763 3353 1822 3378 pag.
1843 3346 1908 3378 508,
1929 3350 1987 3371 nota
2008 3346 2048 3371 ἸΟ.
2068 3348 2092 3370 et
2113 3346 2153 3370 11.
