<?xml version="1.0" encoding="UTF-8"?>
<!DOCTYPE html PUBLIC "-//W3C//DTD XHTML 1.0 Transitional//EN"
    "http://www.w3.org/TR/xhtml1/DTD/xhtml1-transitional.dtd">
<html xmlns="http://www.w3.org/1999/xhtml" xml:lang="en" lang="en">
 <head>
  <title>
</title>
<meta http-equiv="Content-Type" content="text/html;charset=utf-8" />
  <meta name='ocr-system' content='tesseract 3.04.00' />
  <meta name='ocr-capabilities' content='ocr_page ocr_carea ocr_par ocr_line ocrx_word'/>
</head>
<body>
  <div class='ocr_page' id='page_1' title='image "./doctorisseraphic04bona_0906.png"; bbox 0 0 2483 3882; ppageno 0'>
   <div class='ocr_carea' id='block_1_1' title="bbox 347 1750 498 1772">
    <p class='ocr_par' dir='ltr' id='par_1_1' title="bbox 347 1750 498 1772">
     <span class='ocr_line' id='line_1_1' title="bbox 347 1750 498 1772; baseline -0.007 -1"><span class='ocrx_word' id='word_1_1' title='bbox 347 1750 498 1772; x_wconf 75' lang='lat' dir='ltr'>Fundamenta.</span> 
     </span>
    </p>
   </div>
   <div class='ocr_carea' id='block_1_2' title="bbox 360 2747 492 2795">
    <p class='ocr_par' dir='ltr' id='par_1_2' title="bbox 360 2747 492 2795">
     <span class='ocr_line' id='line_1_2' title="bbox 360 2747 492 2774; baseline 0.008 -7"><span class='ocrx_word' id='word_1_2' title='bbox 360 2747 393 2767; x_wconf 81' lang='lat' dir='ltr'>Ad</span> <span class='ocrx_word' id='word_1_3' title='bbox 408 2748 492 2774; x_wconf 82' lang='lat' dir='ltr'>opposi-</span> 
     </span>
     <span class='ocr_line' id='line_1_3' title="bbox 398 2775 448 2795; baseline 0.02 -1"><span class='ocrx_word' id='word_1_4' title='bbox 398 2775 448 2795; x_wconf 84' lang='lat' dir='ltr'>turn.</span> 
     </span>
    </p>
   </div>
   <div class='ocr_carea' id='block_1_3' title="bbox 511 273 572 305">
    <p class='ocr_par' dir='ltr' id='par_1_3' title="bbox 511 273 572 305">
     <span class='ocr_line' id='line_1_4' title="bbox 511 273 572 305; baseline -0.016 0"><span class='ocrx_word' id='word_1_5' title='bbox 511 273 572 305; x_wconf 82' lang='lat'>886</span> 
     </span>
    </p>
   </div>
   <div class='ocr_carea' id='block_1_4' title="bbox 505 353 1459 1292">
    <p class='ocr_par' dir='ltr' id='par_1_4' title="bbox 505 353 1457 819">
     <span class='ocr_line' id='line_1_5' title="bbox 510 353 1455 394; baseline -0.008 -3"><span class='ocrx_word' id='word_1_6' title='bbox 510 359 584 391; x_wconf 89' lang='lat' dir='ltr'>dicit</span> <span class='ocrx_word' id='word_1_7' title='bbox 609 358 805 394; x_wconf 73' lang='lat' dir='ltr'>transitum,</span> <span class='ocrx_word' id='word_1_8' title='bbox 831 366 891 388; x_wconf 89' lang='lat' dir='ltr'>non</span> <span class='ocrx_word' id='word_1_9' title='bbox 917 355 1111 391; x_wconf 75' lang='lat' dir='ltr'>terminum,</span> <span class='ocrx_word' id='word_1_10' title='bbox 1137 362 1193 386; x_wconf 87' lang='lat' dir='ltr'>nec</span> <span class='ocrx_word' id='word_1_11' title='bbox 1218 353 1292 385; x_wconf 89' lang='lat' dir='ltr'>dicit</span> <span class='ocrx_word' id='word_1_12' title='bbox 1314 357 1455 390; x_wconf 74' lang='lat' dir='ltr'>statum,</span> 
     </span>
     <span class='ocr_line' id='line_1_6' title="bbox 509 405 1456 450; baseline -0.007 -7"><span class='ocrx_word' id='word_1_13' title='bbox 509 411 563 443; x_wconf 80' lang='lat' dir='ltr'>sed</span> <span class='ocrx_word' id='word_1_14' title='bbox 580 415 687 442; x_wconf 69' lang='lat' dir='ltr'>statiis</span> <span class='ocrx_word' id='word_1_15' title='bbox 702 409 978 450; x_wconf 74' lang='lat' dir='ltr'>supplementum:</span> <span class='ocrx_word' id='word_1_16' title='bbox 1004 410 1039 439; x_wconf 89' lang='lat' dir='ltr'>ut</span> <span class='ocrx_word' id='word_1_17' title='bbox 1063 406 1136 448; x_wconf 87' lang='lat' dir='ltr'>quia</span> <span class='ocrx_word' id='word_1_18' title='bbox 1160 405 1325 447; x_wconf 88' lang='lat' dir='ltr'>praeclusa</span> <span class='ocrx_word' id='word_1_19' title='bbox 1342 408 1389 437; x_wconf 86' lang='lat' dir='ltr'>est</span> <span class='ocrx_word' id='word_1_20' title='bbox 1405 405 1456 436; x_wconf 86' lang='lat' dir='ltr'>ho-</span> 
     </span>
     <span class='ocr_line' id='line_1_7' title="bbox 509 458 1456 503; baseline -0.006 -9"><span class='ocrx_word' id='word_1_21' title='bbox 509 463 582 494; x_wconf 86' lang='lat' dir='ltr'>mini</span> <span class='ocrx_word' id='word_1_22' title='bbox 607 471 663 503; x_wconf 90' lang='lat' dir='ltr'>per</span> <span class='ocrx_word' id='word_1_23' title='bbox 689 464 819 492; x_wconf 85' lang='lat' dir='ltr'>mortem</span> <span class='ocrx_word' id='word_1_24' title='bbox 857 460 907 491; x_wconf 89' lang='lat' dir='ltr'>via</span> <span class='ocrx_word' id='word_1_25' title='bbox 932 458 1090 496; x_wconf 76' lang='lat' dir='ltr'>merendi,</span> <span class='ocrx_word' id='word_1_26' title='bbox 1115 461 1145 489; x_wconf 89' lang='lat' dir='ltr'>et</span> <span class='ocrx_word' id='word_1_27' title='bbox 1170 461 1333 499; x_wconf 86' lang='lat' dir='ltr'>peccatum</span> <span class='ocrx_word' id='word_1_28' title='bbox 1358 466 1456 489; x_wconf 88' lang='lat' dir='ltr'>rema-</span> 
     </span>
     <span class='ocr_line' id='line_1_8' title="bbox 508 510 1456 553; baseline -0.006 -6"><span class='ocrx_word' id='word_1_29' title='bbox 508 524 581 548; x_wconf 88' lang='lat' dir='ltr'>nere</span> <span class='ocrx_word' id='word_1_30' title='bbox 606 514 741 546; x_wconf 88' lang='lat' dir='ltr'>inultum</span> <span class='ocrx_word' id='word_1_31' title='bbox 774 521 829 544; x_wconf 85' lang='lat' dir='ltr'>nec</span> <span class='ocrx_word' id='word_1_32' title='bbox 861 515 982 553; x_wconf 85' lang='lat' dir='ltr'>poterat</span> <span class='ocrx_word' id='word_1_33' title='bbox 1006 520 1062 543; x_wconf 87' lang='lat' dir='ltr'>nec</span> <span class='ocrx_word' id='word_1_34' title='bbox 1094 510 1270 549; x_wconf 89' lang='lat' dir='ltr'>debebat¹;</span> <span class='ocrx_word' id='word_1_35' title='bbox 1296 510 1456 542; x_wconf 89' lang='lat' dir='ltr'>constituit</span> 
     </span>
     <span class='ocr_line' id='line_1_9' title="bbox 508 562 1457 605; baseline -0.006 -6"><span class='ocrx_word' id='word_1_36' title='bbox 508 567 658 599; x_wconf 83' lang='lat' dir='ltr'>Dominus</span> <span class='ocrx_word' id='word_1_37' title='bbox 685 565 807 603; x_wconf 88' lang='lat' dir='ltr'>locum,</span> <span class='ocrx_word' id='word_1_38' title='bbox 832 572 888 605; x_wconf 88' lang='lat' dir='ltr'>per</span> <span class='ocrx_word' id='word_1_39' title='bbox 912 572 1006 605; x_wconf 85' lang='lat' dir='ltr'>quem</span> <span class='ocrx_word' id='word_1_40' title='bbox 1030 563 1134 595; x_wconf 89' lang='lat' dir='ltr'>anima</span> <span class='ocrx_word' id='word_1_41' title='bbox 1164 562 1310 594; x_wconf 78' lang='lat' dir='ltr'>transiret</span> <span class='ocrx_word' id='word_1_42' title='bbox 1341 562 1381 594; x_wconf 86' lang='lat' dir='ltr'>ad</span> <span class='ocrx_word' id='word_1_43' title='bbox 1406 571 1457 603; x_wconf 82' lang='lat' dir='ltr'>pa-</span> 
     </span>
     <span class='ocr_line' id='line_1_10' title="bbox 506 615 1457 658; baseline -0.005 -7"><span class='ocrx_word' id='word_1_44' title='bbox 506 620 598 651; x_wconf 85' lang='lat' dir='ltr'>triam</span> <span class='ocrx_word' id='word_1_45' title='bbox 610 644 617 657; x_wconf 88' lang='lat'>,</span> <span class='ocrx_word' id='word_1_46' title='bbox 634 621 668 650; x_wconf 83' lang='lat' dir='ltr'>ut</span> <span class='ocrx_word' id='word_1_47' title='bbox 692 618 796 649; x_wconf 89' lang='lat' dir='ltr'>anima</span> <span class='ocrx_word' id='word_1_48' title='bbox 820 616 919 649; x_wconf 86' lang='lat' dir='ltr'>solvat</span> <span class='ocrx_word' id='word_1_49' title='bbox 943 620 1104 658; x_wconf 82' lang='lat' dir='ltr'>separata,</span> <span class='ocrx_word' id='word_1_50' title='bbox 1120 615 1205 657; x_wconf 88' lang='lat' dir='ltr'>quod</span> <span class='ocrx_word' id='word_1_51' title='bbox 1223 624 1282 647; x_wconf 89' lang='lat' dir='ltr'>non</span> <span class='ocrx_word' id='word_1_52' title='bbox 1300 615 1371 647; x_wconf 79' lang='lat' dir='ltr'>fecit</span> <span class='ocrx_word' id='word_1_53' title='bbox 1388 623 1457 646; x_wconf 90' lang='lat' dir='ltr'>con-</span> 
     </span>
     <span class='ocr_line' id='line_1_11' title="bbox 507 668 1455 712; baseline -0.006 -8"><span class='ocrx_word' id='word_1_54' title='bbox 507 673 628 709; x_wconf 80' lang='lat' dir='ltr'>iuncta3</span> <span class='ocrx_word' id='word_1_55' title='bbox 645 674 675 703; x_wconf 87' lang='lat' dir='ltr'>et</span> <span class='ocrx_word' id='word_1_56' title='bbox 699 671 773 712; x_wconf 80' lang='lat' dir='ltr'>quia</span> <span class='ocrx_word' id='word_1_57' title='bbox 796 670 854 702; x_wconf 90' lang='lat' dir='ltr'>hoc</span> <span class='ocrx_word' id='word_1_58' title='bbox 878 669 978 710; x_wconf 88' lang='lat' dir='ltr'>magis</span> <span class='ocrx_word' id='word_1_59' title='bbox 994 669 1069 701; x_wconf 85' lang='lat' dir='ltr'>dicit</span> <span class='ocrx_word' id='word_1_60' title='bbox 1084 668 1342 710; x_wconf 76' lang='lat' dir='ltr'>supplementum</span> <span class='ocrx_word' id='word_1_61' title='bbox 1360 676 1455 709; x_wconf 85' lang='lat' dir='ltr'>quam</span> 
     </span>
     <span class='ocr_line' id='line_1_12' title="bbox 508 720 1456 763; baseline -0.003 -7"><span class='ocrx_word' id='word_1_62' title='bbox 508 723 702 760; x_wconf 72' lang='lat' dir='ltr'>tei-minimi,</span> <span class='ocrx_word' id='word_1_63' title='bbox 728 723 797 754; x_wconf 90' lang='lat' dir='ltr'>ideo</span> <span class='ocrx_word' id='word_1_64' title='bbox 821 731 882 754; x_wconf 91' lang='lat' dir='ltr'>non</span> <span class='ocrx_word' id='word_1_65' title='bbox 907 725 1038 763; x_wconf 86' lang='lat' dir='ltr'>oportet,</span> <span class='ocrx_word' id='word_1_66' title='bbox 1064 721 1183 754; x_wconf 79' lang='lat' dir='ltr'>resumi</span> <span class='ocrx_word' id='word_1_67' title='bbox 1203 729 1328 762; x_wconf 86' lang='lat' dir='ltr'>corpus.</span> <span class='ocrx_word' id='word_1_68' title='bbox 1353 721 1388 753; x_wconf 88' lang='lat' dir='ltr'>Et</span> <span class='ocrx_word' id='word_1_69' title='bbox 1412 720 1456 753; x_wconf 88' lang='lat' dir='ltr'>sic</span> 
     </span>
     <span class='ocr_line' id='line_1_13' title="bbox 505 776 704 819; baseline -0.01 -10"><span class='ocrx_word' id='word_1_70' title='bbox 505 779 590 819; x_wconf 87' lang='lat' dir='ltr'>patet</span> <span class='ocrx_word' id='word_1_71' title='bbox 615 776 704 808; x_wconf 87' lang='lat' dir='ltr'>illud.</span> 
     </span>
    </p>

    <p class='ocr_par' dir='ltr' id='par_1_5' title="bbox 505 826 1458 1187">
     <span class='ocr_line' id='line_1_14' title="bbox 594 826 1456 869; baseline -0.002 -9"><span class='ocrx_word' id='word_1_72' title='bbox 594 830 623 861; x_wconf 73' lang='grc' dir='ltr'>[ι.</span> <span class='ocrx_word' id='word_1_73' title='bbox 649 829 692 860; x_wconf 73' lang='lat' dir='ltr'>Ad</span> <span class='ocrx_word' id='word_1_74' title='bbox 724 828 803 860; x_wconf 89' lang='lat' dir='ltr'>illud</span> <span class='ocrx_word' id='word_1_75' title='bbox 835 828 919 869; x_wconf 90' lang='lat' dir='ltr'>quod</span> <span class='ocrx_word' id='word_1_76' title='bbox 951 827 1111 867; x_wconf 84' lang='lat' dir='ltr'>obiicitur,</span> <span class='ocrx_word' id='word_1_77' title='bbox 1145 827 1229 868; x_wconf 87' lang='lat' dir='ltr'>quod</span> <span class='ocrx_word' id='word_1_78' title='bbox 1265 826 1456 859; x_wconf 87' lang='lat' dir='ltr'>resurrectio</span> 
     </span>
     <span class='ocr_line' id='line_1_15' title="bbox 506 879 1456 918; baseline -0.004 -4"><span class='ocrx_word' id='word_1_79' title='bbox 506 882 619 915; x_wconf 86' lang='lat' dir='ltr'>Christi</span> <span class='ocrx_word' id='word_1_80' title='bbox 638 885 684 914; x_wconf 89' lang='lat' dir='ltr'>est</span> <span class='ocrx_word' id='word_1_81' title='bbox 700 890 795 914; x_wconf 89' lang='lat' dir='ltr'>causa</span> <span class='ocrx_word' id='word_1_82' title='bbox 817 884 943 913; x_wconf 87' lang='lat' dir='ltr'>nostrae</span> <span class='ocrx_word' id='word_1_83' title='bbox 959 879 1199 912; x_wconf 86' lang='lat' dir='ltr'>resurrectionis</span> <span class='ocrx_word' id='word_1_84' title='bbox 1216 879 1245 911; x_wconf 91' lang='lat' dir='ltr'>in</span> <span class='ocrx_word' id='word_1_85' title='bbox 1263 879 1367 911; x_wconf 83' lang='lat' dir='ltr'>anima</span> <span class='ocrx_word' id='word_1_86' title='bbox 1383 883 1456 918; x_wconf 85' lang='lat' dir='ltr'>etc.;</span> 
     </span>
     <span class='ocr_line' id='line_1_16' title="bbox 506 932 1458 976; baseline -0.004 -9"><span class='ocrx_word' id='word_1_87' title='bbox 506 935 689 972; x_wconf 83' lang='lat' dir='ltr'>dicendum,</span> <span class='ocrx_word' id='word_1_88' title='bbox 706 934 791 976; x_wconf 84' lang='lat' dir='ltr'>quod</span> <span class='ocrx_word' id='word_1_89' title='bbox 808 943 869 966; x_wconf 92' lang='lat' dir='ltr'>non</span> <span class='ocrx_word' id='word_1_90' title='bbox 894 936 940 966; x_wconf 90' lang='lat' dir='ltr'>est</span> <span class='ocrx_word' id='word_1_91' title='bbox 964 933 1081 965; x_wconf 91' lang='lat' dir='ltr'>simile:</span> <span class='ocrx_word' id='word_1_92' title='bbox 1099 933 1172 975; x_wconf 88' lang='lat' dir='ltr'>quia</span> <span class='ocrx_word' id='word_1_93' title='bbox 1189 932 1379 964; x_wconf 84' lang='lat' dir='ltr'>resurrectio</span> <span class='ocrx_word' id='word_1_94' title='bbox 1395 932 1458 963; x_wconf 87' lang='lat' dir='ltr'>ani-</span> 
     </span>
     <span class='ocr_line' id='line_1_17' title="bbox 505 984 1457 1025; baseline -0.004 -6"><span class='ocrx_word' id='word_1_95' title='bbox 505 996 575 1020; x_wconf 90' lang='lat' dir='ltr'>mae</span> <span class='ocrx_word' id='word_1_96' title='bbox 599 990 645 1019; x_wconf 87' lang='lat' dir='ltr'>est</span> <span class='ocrx_word' id='word_1_97' title='bbox 670 990 790 1018; x_wconf 88' lang='lat' dir='ltr'>tantum</span> <span class='ocrx_word' id='word_1_98' title='bbox 815 986 855 1018; x_wconf 84' lang='lat' dir='ltr'>ad</span> <span class='ocrx_word' id='word_1_99' title='bbox 880 986 1012 1024; x_wconf 90' lang='lat' dir='ltr'>bonum,</span> <span class='ocrx_word' id='word_1_100' title='bbox 1030 985 1084 1017; x_wconf 91' lang='lat' dir='ltr'>sed</span> <span class='ocrx_word' id='word_1_101' title='bbox 1103 985 1293 1017; x_wconf 80' lang='lat' dir='ltr'>resurreetio</span> <span class='ocrx_word' id='word_1_102' title='bbox 1317 984 1457 1025; x_wconf 90' lang='lat' dir='ltr'>corporis</span> 
     </span>
     <span class='ocr_line' id='line_1_18' title="bbox 505 1037 1457 1077; baseline -0.004 -5"><span class='ocrx_word' id='word_1_103' title='bbox 505 1044 551 1072; x_wconf 80' lang='lat' dir='ltr'>est</span> <span class='ocrx_word' id='word_1_104' title='bbox 574 1040 613 1072; x_wconf 89' lang='lat' dir='ltr'>ad</span> <span class='ocrx_word' id='word_1_105' title='bbox 639 1039 755 1071; x_wconf 89' lang='lat' dir='ltr'>bonum</span> <span class='ocrx_word' id='word_1_106' title='bbox 781 1042 811 1071; x_wconf 87' lang='lat' dir='ltr'>et</span> <span class='ocrx_word' id='word_1_107' title='bbox 834 1039 873 1071; x_wconf 90' lang='lat' dir='ltr'>ad</span> <span class='ocrx_word' id='word_1_108' title='bbox 899 1038 1058 1077; x_wconf 43' lang='lat' dir='ltr'>malum&amp;</span> <span class='ocrx_word' id='word_1_109' title='bbox 1075 1041 1105 1070; x_wconf 87' lang='lat' dir='ltr'>et</span> <span class='ocrx_word' id='word_1_110' title='bbox 1121 1037 1311 1070; x_wconf 86' lang='lat' dir='ltr'>resurrectio</span> <span class='ocrx_word' id='word_1_111' title='bbox 1335 1037 1457 1069; x_wconf 88' lang='lat' dir='ltr'>animae</span> 
     </span>
     <span class='ocr_line' id='line_1_19' title="bbox 505 1090 1458 1133; baseline -0.003 -9"><span class='ocrx_word' id='word_1_112' title='bbox 505 1093 539 1125; x_wconf 81' lang='lat' dir='ltr'>fit</span> <span class='ocrx_word' id='word_1_113' title='bbox 564 1096 669 1125; x_wconf 87' lang='lat' dir='ltr'>nostra</span> <span class='ocrx_word' id='word_1_114' title='bbox 694 1092 871 1130; x_wconf 83' lang='lat' dir='ltr'>voluntate,</span> <span class='ocrx_word' id='word_1_115' title='bbox 896 1092 950 1124; x_wconf 89' lang='lat' dir='ltr'>sed</span> <span class='ocrx_word' id='word_1_116' title='bbox 984 1091 1124 1133; x_wconf 83' lang='lat' dir='ltr'>corporis</span> <span class='ocrx_word' id='word_1_117' title='bbox 1155 1091 1300 1132; x_wconf 77' lang='lat' dir='ltr'>exigente</span> <span class='ocrx_word' id='word_1_118' title='bbox 1333 1090 1458 1122; x_wconf 86' lang='lat' dir='ltr'>divinae</span> 
     </span>
     <span class='ocr_line' id='line_1_20' title="bbox 505 1142 1456 1187; baseline -0.004 -9"><span class='ocrx_word' id='word_1_119' title='bbox 505 1146 640 1178; x_wconf 89' lang='lat' dir='ltr'>iustitiae</span> <span class='ocrx_word' id='word_1_120' title='bbox 656 1146 825 1187; x_wconf 76' lang='lat' dir='ltr'>aequitate,</span> <span class='ocrx_word' id='word_1_121' title='bbox 840 1145 909 1177; x_wconf 92' lang='lat' dir='ltr'>ideo</span> <span class='ocrx_word' id='word_1_122' title='bbox 926 1145 984 1176; x_wconf 86' lang='lat' dir='ltr'>ista</span> <span class='ocrx_word' id='word_1_123' title='bbox 1000 1148 1047 1176; x_wconf 85' lang='lat' dir='ltr'>est</span> <span class='ocrx_word' id='word_1_124' title='bbox 1063 1143 1214 1182; x_wconf 89' lang='lat' dir='ltr'>omnium,</span> <span class='ocrx_word' id='word_1_125' title='bbox 1229 1143 1300 1175; x_wconf 83' lang='lat' dir='ltr'>licet</span> <span class='ocrx_word' id='word_1_126' title='bbox 1317 1152 1377 1174; x_wconf 90' lang='lat' dir='ltr'>non</span> <span class='ocrx_word' id='word_1_127' title='bbox 1394 1142 1456 1174; x_wconf 88' lang='lat' dir='ltr'>illa.</span> 
     </span>
    </p>

    <p class='ocr_par' dir='ltr' id='par_1_6' title="bbox 506 1195 1459 1292">
     <span class='ocr_line' id='line_1_21' title="bbox 595 1195 1459 1238; baseline -0.005 -8"><span class='ocrx_word' id='word_1_128' title='bbox 595 1200 623 1230; x_wconf 73' lang='grc' dir='ltr'>ὃ.</span> <span class='ocrx_word' id='word_1_129' title='bbox 648 1198 691 1230; x_wconf 79' lang='lat' dir='ltr'>Ad</span> <span class='ocrx_word' id='word_1_130' title='bbox 716 1198 793 1229; x_wconf 90' lang='lat' dir='ltr'>illud</span> <span class='ocrx_word' id='word_1_131' title='bbox 819 1197 904 1238; x_wconf 88' lang='lat' dir='ltr'>quod</span> <span class='ocrx_word' id='word_1_132' title='bbox 928 1196 1074 1229; x_wconf 85' lang='lat' dir='ltr'>obiicitur</span> <span class='ocrx_word' id='word_1_133' title='bbox 1103 1196 1141 1228; x_wconf 88' lang='lat' dir='ltr'>de</span> <span class='ocrx_word' id='word_1_134' title='bbox 1177 1195 1332 1237; x_wconf 88' lang='lat' dir='ltr'>parvulis,</span> <span class='ocrx_word' id='word_1_135' title='bbox 1357 1195 1459 1227; x_wconf 89' lang='lat' dir='ltr'>dicen-</span> 
     </span>
     <span class='ocr_line' id='line_1_22' title="bbox 506 1248 1456 1292; baseline -0.005 -9"><span class='ocrx_word' id='word_1_136' title='bbox 506 1252 601 1290; x_wconf 86' lang='lat' dir='ltr'>dum,</span> <span class='ocrx_word' id='word_1_137' title='bbox 626 1251 710 1292; x_wconf 87' lang='lat' dir='ltr'>quod</span> <span class='ocrx_word' id='word_1_138' title='bbox 735 1250 760 1282; x_wconf 90' lang='lat' dir='ltr'>si</span> <span class='ocrx_word' id='word_1_139' title='bbox 785 1250 889 1282; x_wconf 85' lang='lat' dir='ltr'>anima</span> <span class='ocrx_word' id='word_1_140' title='bbox 913 1259 973 1281; x_wconf 84' lang='lat' dir='ltr'>non</span> <span class='ocrx_word' id='word_1_141' title='bbox 999 1248 1112 1281; x_wconf 85' lang='lat' dir='ltr'>exierit</span> <span class='ocrx_word' id='word_1_142' title='bbox 1145 1249 1174 1280; x_wconf 86' lang='lat' dir='ltr'>in</span> <span class='ocrx_word' id='word_1_143' title='bbox 1204 1251 1327 1285; x_wconf 82' lang='lat' dir='ltr'>actum,</span> <span class='ocrx_word' id='word_1_144' title='bbox 1353 1252 1456 1279; x_wconf 87' lang='lat' dir='ltr'>tamen</span> 
     </span>
    </p>
   </div>
   <div class='ocr_carea' id='block_1_5' title="bbox 1364 1371 1616 1412">
    <p class='ocr_par' dir='ltr' id='par_1_7' title="bbox 1364 1371 1616 1412">
     <span class='ocr_line' id='line_1_23' title="bbox 1364 1371 1616 1412; baseline -0.008 -8"><span class='ocrx_word' id='word_1_145' title='bbox 1364 1371 1546 1412; x_wconf 79' lang='lat' dir='ltr'><strong>QUAESTIO</strong></span> <span class='ocrx_word' id='word_1_146' title='bbox 1572 1371 1616 1403; x_wconf 84' lang='lat'>111.</span> 
     </span>
    </p>
   </div>
   <div class='ocr_carea' id='block_1_6' title="bbox 990 1468 1993 1506">
    <p class='ocr_par' dir='ltr' id='par_1_8' title="bbox 990 1468 1993 1506">
     <span class='ocr_line' id='line_1_24' title="bbox 990 1468 1993 1506; baseline -0.004 -4"><span class='ocrx_word' id='word_1_147' title='bbox 990 1470 1106 1502; x_wconf 71' lang='lat' dir='ltr'>Utrum</span> <span class='ocrx_word' id='word_1_148' title='bbox 1131 1469 1331 1502; x_wconf 54' lang='lat' dir='ltr'>resurreetio</span> <span class='ocrx_word' id='word_1_149' title='bbox 1355 1469 1398 1501; x_wconf 75' lang='lat' dir='ltr'>sit</span> <span class='ocrx_word' id='word_1_150' title='bbox 1422 1469 1569 1501; x_wconf 76' lang='lat' dir='ltr'>omnium</span> <span class='ocrx_word' id='word_1_151' title='bbox 1592 1468 1712 1506; x_wconf 75' lang='lat' dir='ltr'>simul,</span> <span class='ocrx_word' id='word_1_152' title='bbox 1737 1478 1783 1499; x_wconf 80' lang='lat' dir='ltr'>an</span> <span class='ocrx_word' id='word_1_153' title='bbox 1805 1468 1993 1500; x_wconf 74' lang='lat' dir='ltr'>successive.</span> 
     </span>
    </p>
   </div>
   <div class='ocr_carea' id='block_1_7' title="bbox 502 1580 1458 2780">
    <p class='ocr_par' dir='ltr' id='par_1_9' title="bbox 506 1580 1454 1676">
     <span class='ocr_line' id='line_1_25' title="bbox 594 1580 1454 1624; baseline -0.005 -9"><span class='ocrx_word' id='word_1_154' title='bbox 594 1583 697 1615; x_wconf 90' lang='lat' dir='ltr'>Tertio</span> <span class='ocrx_word' id='word_1_155' title='bbox 722 1582 901 1624; x_wconf 82' lang='lat' dir='ltr'>quaeritur,</span> <span class='ocrx_word' id='word_1_156' title='bbox 918 1585 1026 1613; x_wconf 89' lang='lat' dir='ltr'>utrum</span> <span class='ocrx_word' id='word_1_157' title='bbox 1044 1581 1235 1613; x_wconf 89' lang='lat' dir='ltr'>resurrectio</span> <span class='ocrx_word' id='word_1_158' title='bbox 1252 1580 1291 1612; x_wconf 90' lang='lat' dir='ltr'>sit</span> <span class='ocrx_word' id='word_1_159' title='bbox 1314 1580 1454 1612; x_wconf 88' lang='lat' dir='ltr'>omnium</span> 
     </span>
     <span class='ocr_line' id='line_1_26' title="bbox 506 1633 1344 1676; baseline -0.004 -9"><span class='ocrx_word' id='word_1_160' title='bbox 506 1635 614 1674; x_wconf 81' lang='lat' dir='ltr'>simul,</span> <span class='ocrx_word' id='word_1_161' title='bbox 638 1645 676 1667; x_wconf 88' lang='lat' dir='ltr'>an</span> <span class='ocrx_word' id='word_1_162' title='bbox 702 1635 887 1667; x_wconf 81' lang='lat' dir='ltr'>successive.</span> <span class='ocrx_word' id='word_1_163' title='bbox 916 1634 948 1666; x_wconf 85' lang='lat' dir='ltr'>Et</span> <span class='ocrx_word' id='word_1_164' title='bbox 972 1634 1056 1676; x_wconf 84' lang='lat' dir='ltr'>quod</span> <span class='ocrx_word' id='word_1_165' title='bbox 1082 1633 1191 1671; x_wconf 86' lang='lat' dir='ltr'>simul,</span> <span class='ocrx_word' id='word_1_166' title='bbox 1208 1633 1344 1665; x_wconf 86' lang='lat' dir='ltr'>videtur.</span> 
     </span>
    </p>

    <p class='ocr_par' dir='ltr' id='par_1_10' title="bbox 505 1686 1456 1779">
     <span class='ocr_line' id='line_1_27' title="bbox 597 1686 1456 1728; baseline -0.003 -8"><span class='ocrx_word' id='word_1_167' title='bbox 597 1690 623 1720; x_wconf 87' lang='lat' dir='ltr'>l.</span> <span class='ocrx_word' id='word_1_168' title='bbox 641 1688 761 1720; x_wconf 82' lang='lat' dir='ltr'>Primae</span> <span class='ocrx_word' id='word_1_169' title='bbox 777 1688 817 1720; x_wconf 88' lang='lat' dir='ltr'>ad</span> <span class='ocrx_word' id='word_1_170' title='bbox 835 1687 1011 1719; x_wconf 76' lang='lat' dir='ltr'>Corinthios</span> <span class='ocrx_word' id='word_1_171' title='bbox 1028 1687 1150 1719; x_wconf 88' lang='lat' dir='ltr'>decimo</span> <span class='ocrx_word' id='word_1_172' title='bbox 1167 1687 1275 1728; x_wconf 88' lang='lat' dir='ltr'>quinto</span> <span class='ocrx_word' id='word_1_173' title='bbox 1290 1686 1318 1717; x_wconf 71' lang='grc'>6;</span> <span class='ocrx_word' id='word_1_174' title='bbox 1337 1686 1376 1721; x_wconf 88' lang='lat' dir='ltr'>In</span> <span class='ocrx_word' id='word_1_175' title='bbox 1392 1695 1456 1717; x_wconf 70' lang='lat' dir='ltr'>ino-</span> 
     </span>
     <span class='ocr_line' id='line_1_28' title="bbox 505 1740 968 1779; baseline -0.004 -6"><span class='ocrx_word' id='word_1_176' title='bbox 505 1745 625 1779; x_wconf 65' lang='lat' dir='ltr'>mento,</span> <span class='ocrx_word' id='word_1_177' title='bbox 651 1741 685 1772; x_wconf 85' lang='lat' dir='ltr'>in</span> <span class='ocrx_word' id='word_1_178' title='bbox 709 1741 777 1772; x_wconf 74' lang='lat' dir='ltr'>ictu</span> <span class='ocrx_word' id='word_1_179' title='bbox 801 1740 889 1772; x_wconf 71' lang='lat' dir='ltr'>oculi</span> <span class='ocrx_word' id='word_1_180' title='bbox 911 1744 968 1772; x_wconf 90' lang='lat' dir='ltr'>etc.</span> 
     </span>
    </p>

    <p class='ocr_par' dir='ltr' id='par_1_11' title="bbox 504 1791 1457 2046">
     <span class='ocr_line' id='line_1_29' title="bbox 594 1791 1456 1833; baseline -0.003 -8"><span class='ocrx_word' id='word_1_181' title='bbox 594 1795 623 1826; x_wconf 66' lang='grc' dir='ltr'>Ξ).</span> <span class='ocrx_word' id='word_1_182' title='bbox 648 1794 741 1831; x_wconf 86' lang='lat' dir='ltr'>Item,</span> <span class='ocrx_word' id='word_1_183' title='bbox 765 1793 894 1825; x_wconf 74' lang='lat' dir='ltr'>ratione</span> <span class='ocrx_word' id='word_1_184' title='bbox 918 1792 1057 1824; x_wconf 86' lang='lat' dir='ltr'>videtur:</span> <span class='ocrx_word' id='word_1_185' title='bbox 1083 1791 1157 1833; x_wconf 89' lang='lat' dir='ltr'>quia</span> <span class='ocrx_word' id='word_1_186' title='bbox 1182 1800 1266 1823; x_wconf 89' lang='lat' dir='ltr'>mors</span> <span class='ocrx_word' id='word_1_187' title='bbox 1290 1795 1321 1823; x_wconf 86' lang='lat' dir='ltr'>et</span> <span class='ocrx_word' id='word_1_188' title='bbox 1345 1791 1456 1823; x_wconf 84' lang='lat' dir='ltr'>incine-</span> 
     </span>
     <span class='ocr_line' id='line_1_30' title="bbox 505 1843 1456 1886; baseline -0.003 -8"><span class='ocrx_word' id='word_1_189' title='bbox 505 1847 584 1878; x_wconf 90' lang='lat' dir='ltr'>ratio</span> <span class='ocrx_word' id='word_1_190' title='bbox 608 1846 763 1878; x_wconf 88' lang='lat' dir='ltr'>debentur</span> <span class='ocrx_word' id='word_1_191' title='bbox 793 1845 903 1878; x_wconf 88' lang='lat' dir='ltr'>merito</span> <span class='ocrx_word' id='word_1_192' title='bbox 935 1845 1027 1886; x_wconf 86' lang='lat' dir='ltr'>primi</span> <span class='ocrx_word' id='word_1_193' title='bbox 1060 1844 1192 1886; x_wconf 83' lang='lat' dir='ltr'>peccati,</span> <span class='ocrx_word' id='word_1_194' title='bbox 1217 1854 1279 1886; x_wconf 89' lang='lat' dir='ltr'>quo</span> <span class='ocrx_word' id='word_1_195' title='bbox 1318 1843 1456 1886; x_wconf 86' lang='lat' dir='ltr'>peccavi-</span> 
     </span>
     <span class='ocr_line' id='line_1_31' title="bbox 505 1897 1456 1939; baseline -0.003 -8"><span class='ocrx_word' id='word_1_196' title='bbox 505 1908 576 1931; x_wconf 89' lang='lat' dir='ltr'>mus</span> <span class='ocrx_word' id='word_1_197' title='bbox 600 1899 630 1931; x_wconf 91' lang='lat' dir='ltr'>in</span> <span class='ocrx_word' id='word_1_198' title='bbox 656 1899 749 1931; x_wconf 79' lang='lat' dir='ltr'>Adam</span> <span class='ocrx_word' id='word_1_199' title='bbox 765 1899 794 1937; x_wconf 77' lang='lat'>⁷3</span> <span class='ocrx_word' id='word_1_200' title='bbox 818 1902 848 1931; x_wconf 86' lang='lat' dir='ltr'>et</span> <span class='ocrx_word' id='word_1_201' title='bbox 876 1907 984 1930; x_wconf 88' lang='lat' dir='ltr'>omnes</span> <span class='ocrx_word' id='word_1_202' title='bbox 1015 1897 1110 1930; x_wconf 91' lang='lat' dir='ltr'>simul</span> <span class='ocrx_word' id='word_1_203' title='bbox 1143 1897 1358 1939; x_wconf 74' lang='lat' dir='ltr'>peccavimus,</span> <span class='ocrx_word' id='word_1_204' title='bbox 1382 1897 1456 1938; x_wconf 86' lang='lat' dir='ltr'>quia</span> 
     </span>
     <span class='ocr_line' id='line_1_32' title="bbox 504 1949 1457 1992; baseline -0.003 -8"><span class='ocrx_word' id='word_1_205' title='bbox 504 1952 598 1985; x_wconf 91' lang='lat' dir='ltr'>simul</span> <span class='ocrx_word' id='word_1_206' title='bbox 623 1952 740 1984; x_wconf 85' lang='lat' dir='ltr'>fuimus</span> <span class='ocrx_word' id='word_1_207' title='bbox 764 1952 793 1983; x_wconf 91' lang='lat' dir='ltr'>in</span> <span class='ocrx_word' id='word_1_208' title='bbox 818 1951 931 1983; x_wconf 80' lang='lat' dir='ltr'>Adam:</span> <span class='ocrx_word' id='word_1_209' title='bbox 949 1960 1024 1992; x_wconf 88' lang='lat' dir='ltr'>ergo</span> <span class='ocrx_word' id='word_1_210' title='bbox 1049 1954 1079 1983; x_wconf 88' lang='grc' dir='ltr'>θῖ</span> <span class='ocrx_word' id='word_1_211' title='bbox 1103 1950 1133 1982; x_wconf 90' lang='lat' dir='ltr'>in</span> <span class='ocrx_word' id='word_1_212' title='bbox 1155 1950 1278 1982; x_wconf 79' lang='lat' dir='ltr'>Christo</span> <span class='ocrx_word' id='word_1_213' title='bbox 1295 1949 1389 1982; x_wconf 89' lang='lat' dir='ltr'>simul</span> <span class='ocrx_word' id='word_1_214' title='bbox 1407 1950 1457 1982; x_wconf 92' lang='lat' dir='ltr'>de-</span> 
     </span>
     <span class='ocr_line' id='line_1_33' title="bbox 504 2005 817 2046; baseline -0.003 -9"><span class='ocrx_word' id='word_1_215' title='bbox 504 2005 616 2037; x_wconf 87' lang='lat' dir='ltr'>bemus</span> <span class='ocrx_word' id='word_1_216' title='bbox 642 2013 817 2046; x_wconf 75' lang='lat' dir='ltr'>resurgere.</span> 
     </span>
    </p>

    <p class='ocr_par' dir='ltr' id='par_1_12' title="bbox 503 2055 1458 2362">
     <span class='ocr_line' id='line_1_34' title="bbox 593 2055 1458 2097; baseline -0.002 -8"><span class='ocrx_word' id='word_1_217' title='bbox 593 2058 622 2090; x_wconf 89' lang='lat'>3.</span> <span class='ocrx_word' id='word_1_218' title='bbox 646 2058 740 2096; x_wconf 88' lang='lat' dir='ltr'>Item,</span> <span class='ocrx_word' id='word_1_219' title='bbox 765 2057 879 2089; x_wconf 86' lang='lat' dir='ltr'>decens</span> <span class='ocrx_word' id='word_1_220' title='bbox 903 2060 966 2095; x_wconf 87' lang='lat' dir='ltr'>est,</span> <span class='ocrx_word' id='word_1_221' title='bbox 991 2060 1026 2088; x_wconf 85' lang='lat' dir='ltr'>ut</span> <span class='ocrx_word' id='word_1_222' title='bbox 1051 2056 1200 2088; x_wconf 85' lang='lat' dir='ltr'>habitatio</span> <span class='ocrx_word' id='word_1_223' title='bbox 1229 2060 1381 2097; x_wconf 77' lang='lat' dir='ltr'>congruat</span> <span class='ocrx_word' id='word_1_224' title='bbox 1406 2055 1458 2087; x_wconf 85' lang='lat' dir='ltr'>ba-</span> 
     </span>
     <span class='ocr_line' id='line_1_35' title="bbox 504 2108 1457 2151; baseline -0.003 -9"><span class='ocrx_word' id='word_1_225' title='bbox 504 2111 646 2143; x_wconf 85' lang='lat' dir='ltr'>bitatori:</span> <span class='ocrx_word' id='word_1_226' title='bbox 672 2119 746 2151; x_wconf 86' lang='lat' dir='ltr'>ergo</span> <span class='ocrx_word' id='word_1_227' title='bbox 771 2110 851 2142; x_wconf 90' lang='lat' dir='ltr'>sicut</span> <span class='ocrx_word' id='word_1_228' title='bbox 879 2109 1019 2141; x_wconf 88' lang='lat' dir='ltr'>mundus</span> <span class='ocrx_word' id='word_1_229' title='bbox 1051 2108 1211 2150; x_wconf 86' lang='lat' dir='ltr'>peioratus</span> <span class='ocrx_word' id='word_1_230' title='bbox 1243 2112 1306 2147; x_wconf 85' lang='lat' dir='ltr'>est,</span> <span class='ocrx_word' id='word_1_231' title='bbox 1332 2108 1457 2140; x_wconf 86' lang='lat' dir='ltr'>homine</span> 
     </span>
     <span class='ocr_line' id='line_1_36' title="bbox 504 2161 1458 2202; baseline -0.003 -7"><span class='ocrx_word' id='word_1_232' title='bbox 504 2164 582 2195; x_wconf 82' lang='lat' dir='ltr'>sacto</span> <span class='ocrx_word' id='word_1_233' title='bbox 608 2163 750 2202; x_wconf 75' lang='lat' dir='ltr'>mortali,</span> <span class='ocrx_word' id='word_1_234' title='bbox 775 2163 817 2194; x_wconf 84' lang='lat' dir='ltr'>ita</span> <span class='ocrx_word' id='word_1_235' title='bbox 841 2162 933 2194; x_wconf 83' lang='lat' dir='ltr'>debet</span> <span class='ocrx_word' id='word_1_236' title='bbox 958 2162 1133 2199; x_wconf 85' lang='lat' dir='ltr'>meliorari,</span> <span class='ocrx_word' id='word_1_237' title='bbox 1158 2161 1283 2193; x_wconf 86' lang='lat' dir='ltr'>homine</span> <span class='ocrx_word' id='word_1_238' title='bbox 1306 2161 1386 2193; x_wconf 82' lang='lat' dir='ltr'>sacto</span> <span class='ocrx_word' id='word_1_239' title='bbox 1403 2161 1458 2192; x_wconf 90' lang='lat' dir='ltr'>im-</span> 
     </span>
     <span class='ocr_line' id='line_1_37' title="bbox 503 2214 1457 2255; baseline -0.003 -7"><span class='ocrx_word' id='word_1_240' title='bbox 503 2216 627 2248; x_wconf 77' lang='lat' dir='ltr'>mortali</span> <span class='ocrx_word' id='word_1_241' title='bbox 643 2216 672 2254; x_wconf 60' lang='grc'>8;</span> <span class='ocrx_word' id='word_1_242' title='bbox 697 2216 752 2248; x_wconf 87' lang='lat' dir='ltr'>sed</span> <span class='ocrx_word' id='word_1_243' title='bbox 777 2224 836 2247; x_wconf 90' lang='lat' dir='ltr'>non</span> <span class='ocrx_word' id='word_1_244' title='bbox 862 2215 956 2247; x_wconf 87' lang='lat' dir='ltr'>debet</span> <span class='ocrx_word' id='word_1_245' title='bbox 983 2214 1160 2253; x_wconf 81' lang='lat' dir='ltr'>meliorari,</span> <span class='ocrx_word' id='word_1_246' title='bbox 1186 2214 1339 2255; x_wconf 89' lang='lat' dir='ltr'>quamdiu</span> <span class='ocrx_word' id='word_1_247' title='bbox 1363 2214 1457 2245; x_wconf 90' lang='lat' dir='ltr'>homo</span> 
     </span>
     <span class='ocr_line' id='line_1_38' title="bbox 503 2266 1458 2309; baseline -0.004 -8"><span class='ocrx_word' id='word_1_248' title='bbox 503 2273 549 2301; x_wconf 84' lang='lat' dir='ltr'>est</span> <span class='ocrx_word' id='word_1_249' title='bbox 573 2268 730 2300; x_wconf 83' lang='lat' dir='ltr'>mortalis:</span> <span class='ocrx_word' id='word_1_250' title='bbox 748 2277 823 2309; x_wconf 87' lang='lat' dir='ltr'>ergo</span> <span class='ocrx_word' id='word_1_251' title='bbox 847 2267 1000 2309; x_wconf 83' lang='lat' dir='ltr'>quamdiu</span> <span class='ocrx_word' id='word_1_252' title='bbox 1024 2266 1167 2299; x_wconf 83' lang='lat' dir='ltr'>homines</span> <span class='ocrx_word' id='word_1_253' title='bbox 1185 2267 1312 2305; x_wconf 84' lang='lat' dir='ltr'>vivunt,</span> <span class='ocrx_word' id='word_1_254' title='bbox 1329 2275 1390 2298; x_wconf 92' lang='lat' dir='ltr'>non</span> <span class='ocrx_word' id='word_1_255' title='bbox 1408 2266 1458 2298; x_wconf 93' lang='lat' dir='ltr'>de-</span> 
     </span>
     <span class='ocr_line' id='line_1_39' title="bbox 503 2320 1353 2362; baseline -0.004 -8"><span class='ocrx_word' id='word_1_256' title='bbox 503 2322 554 2354; x_wconf 89' lang='lat' dir='ltr'>bet</span> <span class='ocrx_word' id='word_1_257' title='bbox 578 2330 646 2354; x_wconf 88' lang='lat' dir='ltr'>esse</span> <span class='ocrx_word' id='word_1_258' title='bbox 670 2321 875 2353; x_wconf 86' lang='lat' dir='ltr'>resurrectio:</span> <span class='ocrx_word' id='word_1_259' title='bbox 900 2329 975 2362; x_wconf 88' lang='lat' dir='ltr'>ergo</span> <span class='ocrx_word' id='word_1_260' title='bbox 999 2321 1059 2352; x_wconf 90' lang='lat' dir='ltr'>erit</span> <span class='ocrx_word' id='word_1_261' title='bbox 1082 2320 1223 2352; x_wconf 84' lang='lat' dir='ltr'>omnium</span> <span class='ocrx_word' id='word_1_262' title='bbox 1249 2320 1353 2352; x_wconf 89' lang='lat' dir='ltr'>simul.</span> 
     </span>
    </p>

    <p class='ocr_par' dir='ltr' id='par_1_13' title="bbox 502 2372 1458 2678">
     <span class='ocr_line' id='line_1_40' title="bbox 592 2372 1458 2415; baseline -0.002 -9"><span class='ocrx_word' id='word_1_263' title='bbox 592 2375 621 2406; x_wconf 79' lang='grc' dir='ltr'>[ι.</span> <span class='ocrx_word' id='word_1_264' title='bbox 648 2374 740 2412; x_wconf 85' lang='lat' dir='ltr'>Item,</span> <span class='ocrx_word' id='word_1_265' title='bbox 765 2377 834 2415; x_wconf 90' lang='lat' dir='ltr'>post</span> <span class='ocrx_word' id='word_1_266' title='bbox 860 2373 1121 2406; x_wconf 77' lang='lat' dir='ltr'>resurrectionem</span> <span class='ocrx_word' id='word_1_267' title='bbox 1140 2375 1379 2405; x_wconf 83' lang='lat' dir='ltr'>consummatur</span> <span class='ocrx_word' id='word_1_268' title='bbox 1396 2372 1458 2414; x_wconf 82' lang='lat' dir='ltr'>glo-</span> 
     </span>
     <span class='ocr_line' id='line_1_41' title="bbox 502 2425 1458 2468; baseline -0.002 -9"><span class='ocrx_word' id='word_1_269' title='bbox 502 2428 563 2467; x_wconf 73' lang='lat' dir='ltr'>ria,</span> <span class='ocrx_word' id='word_1_270' title='bbox 589 2427 641 2460; x_wconf 88' lang='lat' dir='ltr'>sed</span> <span class='ocrx_word' id='word_1_271' title='bbox 667 2427 773 2468; x_wconf 80' lang='lat' dir='ltr'>Angeli</span> <span class='ocrx_word' id='word_1_272' title='bbox 798 2436 859 2458; x_wconf 88' lang='lat' dir='ltr'>non</span> <span class='ocrx_word' id='word_1_273' title='bbox 884 2426 1000 2458; x_wconf 83' lang='lat' dir='ltr'>babent</span> <span class='ocrx_word' id='word_1_274' title='bbox 1017 2426 1143 2457; x_wconf 90' lang='lat' dir='ltr'>omnino</span> <span class='ocrx_word' id='word_1_275' title='bbox 1159 2425 1291 2467; x_wconf 81' lang='lat' dir='ltr'>gloriam</span> <span class='ocrx_word' id='word_1_276' title='bbox 1316 2434 1458 2458; x_wconf 88' lang='lat' dir='ltr'>consum-</span> 
     </span>
     <span class='ocr_line' id='line_1_42' title="bbox 503 2477 1456 2520; baseline -0.003 -8"><span class='ocrx_word' id='word_1_277' title='bbox 503 2484 619 2512; x_wconf 85' lang='lat' dir='ltr'>matam</span> <span class='ocrx_word' id='word_1_278' title='bbox 651 2483 722 2511; x_wconf 86' lang='lat' dir='ltr'>ante</span> <span class='ocrx_word' id='word_1_279' title='bbox 753 2483 893 2512; x_wconf 85' lang='lat' dir='ltr'>nostram</span> <span class='ocrx_word' id='word_1_280' title='bbox 926 2478 1202 2520; x_wconf 82' lang='lat' dir='ltr'>glorificationem,</span> <span class='ocrx_word' id='word_1_281' title='bbox 1227 2487 1283 2510; x_wconf 85' lang='lat' dir='ltr'>nec</span> <span class='ocrx_word' id='word_1_282' title='bbox 1313 2477 1456 2510; x_wconf 88' lang='lat' dir='ltr'>similiter</span> 
     </span>
     <span class='ocr_line' id='line_1_43' title="bbox 503 2531 1457 2574; baseline -0.003 -9"><span class='ocrx_word' id='word_1_283' title='bbox 503 2533 670 2565; x_wconf 85' lang='lat' dir='ltr'>daemones</span> <span class='ocrx_word' id='word_1_284' title='bbox 695 2533 863 2574; x_wconf 55' lang='lat' dir='ltr'>poenamss:</span> <span class='ocrx_word' id='word_1_285' title='bbox 890 2541 965 2573; x_wconf 84' lang='lat' dir='ltr'>ergo</span> <span class='ocrx_word' id='word_1_286' title='bbox 989 2531 1013 2564; x_wconf 87' lang='lat' dir='ltr'>si</span> <span class='ocrx_word' id='word_1_287' title='bbox 1039 2532 1138 2563; x_wconf 88' lang='lat' dir='ltr'>maior</span> <span class='ocrx_word' id='word_1_288' title='bbox 1162 2535 1209 2564; x_wconf 89' lang='lat' dir='ltr'>est</span> <span class='ocrx_word' id='word_1_289' title='bbox 1233 2531 1388 2572; x_wconf 88' lang='lat' dir='ltr'>colligatio</span> <span class='ocrx_word' id='word_1_290' title='bbox 1405 2531 1457 2563; x_wconf 87' lang='lat' dir='ltr'>ho-</span> 
     </span>
     <span class='ocr_line' id='line_1_44' title="bbox 505 2583 1457 2626; baseline -0.002 -9"><span class='ocrx_word' id='word_1_291' title='bbox 505 2586 625 2617; x_wconf 89' lang='lat' dir='ltr'>minum</span> <span class='ocrx_word' id='word_1_292' title='bbox 643 2585 683 2618; x_wconf 85' lang='lat' dir='ltr'>ad</span> <span class='ocrx_word' id='word_1_293' title='bbox 700 2585 832 2617; x_wconf 89' lang='lat' dir='ltr'>invicem</span> <span class='ocrx_word' id='word_1_294' title='bbox 850 2594 945 2626; x_wconf 86' lang='lat' dir='ltr'>quam</span> <span class='ocrx_word' id='word_1_295' title='bbox 963 2584 1003 2616; x_wconf 89' lang='lat' dir='ltr'>ad</span> <span class='ocrx_word' id='word_1_296' title='bbox 1020 2584 1168 2625; x_wconf 79' lang='lat' dir='ltr'>Angelos,</span> <span class='ocrx_word' id='word_1_297' title='bbox 1186 2592 1246 2615; x_wconf 90' lang='lat' dir='ltr'>non</span> <span class='ocrx_word' id='word_1_298' title='bbox 1264 2583 1357 2615; x_wconf 86' lang='lat' dir='ltr'>debet</span> <span class='ocrx_word' id='word_1_299' title='bbox 1374 2592 1457 2615; x_wconf 87' lang='lat' dir='ltr'>unus</span> 
     </span>
     <span class='ocr_line' id='line_1_45' title="bbox 506 2636 1109 2678; baseline -0.003 -9"><span class='ocrx_word' id='word_1_300' title='bbox 506 2638 571 2670; x_wconf 87' lang='lat' dir='ltr'>sine</span> <span class='ocrx_word' id='word_1_301' title='bbox 595 2638 695 2669; x_wconf 89' lang='lat' dir='ltr'>altero</span> <span class='ocrx_word' id='word_1_302' title='bbox 720 2646 903 2678; x_wconf 82' lang='lat' dir='ltr'>resurgere:</span> <span class='ocrx_word' id='word_1_303' title='bbox 929 2640 960 2669; x_wconf 86' lang='lat' dir='ltr'>et</span> <span class='ocrx_word' id='word_1_304' title='bbox 983 2636 1027 2668; x_wconf 86' lang='lat' dir='ltr'>sic</span> <span class='ocrx_word' id='word_1_305' title='bbox 1051 2640 1109 2668; x_wconf 87' lang='lat' dir='ltr'>etc.</span> 
     </span>
    </p>

    <p class='ocr_par' dir='ltr' id='par_1_14' title="bbox 506 2688 1457 2780">
     <span class='ocr_line' id='line_1_46' title="bbox 593 2688 1457 2730; baseline -0.002 -8"><span class='ocrx_word' id='word_1_306' title='bbox 593 2690 735 2722; x_wconf 79' lang='lat' dir='ltr'>CONTRA:</span> <span class='ocrx_word' id='word_1_307' title='bbox 765 2691 792 2721; x_wconf 87' lang='grc'>1.</span> <span class='ocrx_word' id='word_1_308' title='bbox 818 2689 1014 2721; x_wconf 73' lang='lat' dir='ltr'>Resurrectio</span> <span class='ocrx_word' id='word_1_309' title='bbox 1038 2697 1208 2730; x_wconf 89' lang='lat' dir='ltr'>corporum</span> <span class='ocrx_word' id='word_1_310' title='bbox 1240 2688 1384 2729; x_wconf 88' lang='lat' dir='ltr'>sequitur</span> <span class='ocrx_word' id='word_1_311' title='bbox 1412 2697 1457 2720; x_wconf 90' lang='lat' dir='ltr'>re-</span> 
     </span>
     <span class='ocr_line' id='line_1_47' title="bbox 506 2741 1456 2780; baseline -0.002 -6"><span class='ocrx_word' id='word_1_312' title='bbox 506 2743 732 2775; x_wconf 78' lang='lat' dir='ltr'>surrectionem</span> <span class='ocrx_word' id='word_1_313' title='bbox 758 2742 954 2780; x_wconf 66' lang='lat' dir='ltr'>animarumg</span> <span class='ocrx_word' id='word_1_314' title='bbox 979 2741 1033 2774; x_wconf 87' lang='lat' dir='ltr'>sed</span> <span class='ocrx_word' id='word_1_315' title='bbox 1059 2741 1250 2774; x_wconf 88' lang='lat' dir='ltr'>resurrectio</span> <span class='ocrx_word' id='word_1_316' title='bbox 1278 2741 1456 2773; x_wconf 85' lang='lat' dir='ltr'>animarum</span> 
     </span>
    </p>
   </div>
   <div class='ocr_carea' id='block_1_8' title="bbox 1484 352 1494 1283">
    <p class='ocr_par' dir='ltr' id='par_1_15' title="bbox 1484 352 1494 1283">
     <span class='ocr_line' id='line_1_48' title="bbox 1484 352 1494 1283; baseline 0 0"><span class='ocrx_word' id='word_1_317' title='bbox 1484 352 1494 1283; x_wconf 95' lang='lat' dir='ltr'> </span> 
     </span>
    </p>
   </div>
   <div class='ocr_carea' id='block_1_9' title="bbox 1484 1633 1494 2780">
    <p class='ocr_par' dir='ltr' id='par_1_16' title="bbox 1484 1633 1494 2780">
     <span class='ocr_line' id='line_1_49' title="bbox 1484 1633 1494 2780; baseline 0 0"><span class='ocrx_word' id='word_1_318' title='bbox 1484 1633 1494 2780; x_wconf 95' lang='lat' dir='ltr'> </span> 
     </span>
    </p>
   </div>
   <div class='ocr_carea' id='block_1_10' title="bbox 1269 266 1713 298">
    <p class='ocr_par' dir='ltr' id='par_1_17' title="bbox 1269 266 1713 298">
     <span class='ocr_line' id='line_1_50' title="bbox 1269 266 1713 298; baseline 0 0"><span class='ocrx_word' id='word_1_319' title='bbox 1269 266 1551 298; x_wconf 69' lang='lat' dir='ltr'>SENTENTIARUM</span> <span class='ocrx_word' id='word_1_320' title='bbox 1575 266 1642 298; x_wconf 90' lang='lat' dir='ltr'>LIB.</span> <span class='ocrx_word' id='word_1_321' title='bbox 1666 266 1713 298; x_wconf 82' lang='lat' dir='ltr'>tv.</span> 
     </span>
    </p>
   </div>
   <div class='ocr_carea' id='block_1_11' title="bbox 1520 352 2483 1288">
    <p class='ocr_par' dir='ltr' id='par_1_18' title="bbox 1520 352 2483 1288">
     <span class='ocr_line' id='line_1_51' title="bbox 1520 352 2463 395; baseline 0.004 -12"><span class='ocrx_word' id='word_1_322' title='bbox 1520 352 1671 393; x_wconf 83' lang='lat' dir='ltr'>originale</span> <span class='ocrx_word' id='word_1_323' title='bbox 1697 353 1793 384; x_wconf 85' lang='lat' dir='ltr'>traxit</span> <span class='ocrx_word' id='word_1_324' title='bbox 1810 353 1840 384; x_wconf 91' lang='lat' dir='ltr'>in</span> <span class='ocrx_word' id='word_1_325' title='bbox 1858 361 1989 394; x_wconf 88' lang='lat' dir='ltr'>corpore</span> <span class='ocrx_word' id='word_1_326' title='bbox 2006 356 2036 385; x_wconf 87' lang='lat' dir='ltr'>et</span> <span class='ocrx_word' id='word_1_327' title='bbox 2052 362 2108 394; x_wconf 87' lang='lat' dir='ltr'>per</span> <span class='ocrx_word' id='word_1_328' title='bbox 2132 362 2246 395; x_wconf 82' lang='lat' dir='ltr'>corpus</span> <span class='ocrx_word' id='word_1_329' title='bbox 2257 366 2265 392; x_wconf 78' lang='lat'>3</span> <span class='ocrx_word' id='word_1_330' title='bbox 2282 357 2312 385; x_wconf 92' lang='lat' dir='ltr'>et</span> <span class='ocrx_word' id='word_1_331' title='bbox 2336 354 2405 386; x_wconf 89' lang='lat' dir='ltr'>ideo</span> <span class='ocrx_word' id='word_1_332' title='bbox 2421 355 2463 387; x_wconf 93' lang='lat' dir='ltr'>illi</span> 
     </span>
     <span class='ocr_line' id='line_1_52' title="bbox 1520 405 2466 448; baseline 0.004 -12"><span class='ocrx_word' id='word_1_333' title='bbox 1520 405 1602 437; x_wconf 90' lang='lat' dir='ltr'>uniri</span> <span class='ocrx_word' id='word_1_334' title='bbox 1621 405 1722 443; x_wconf 88' lang='lat' dir='ltr'>debet,</span> <span class='ocrx_word' id='word_1_335' title='bbox 1740 408 1784 443; x_wconf 85' lang='lat' dir='ltr'>ut,</span> <span class='ocrx_word' id='word_1_336' title='bbox 1802 405 1882 437; x_wconf 86' lang='lat' dir='ltr'>sicut</span> <span class='ocrx_word' id='word_1_337' title='bbox 1898 414 1939 437; x_wconf 85' lang='lat' dir='ltr'>ex</span> <span class='ocrx_word' id='word_1_338' title='bbox 1956 405 2172 437; x_wconf 85' lang='lat' dir='ltr'>coniunctione</span> <span class='ocrx_word' id='word_1_339' title='bbox 2188 406 2227 438; x_wconf 88' lang='lat' dir='ltr'>ad</span> <span class='ocrx_word' id='word_1_340' title='bbox 2246 414 2360 447; x_wconf 86' lang='lat' dir='ltr'>corpus</span> <span class='ocrx_word' id='word_1_341' title='bbox 2374 406 2383 421; x_wconf 84' lang='lat'>³</span> <span class='ocrx_word' id='word_1_342' title='bbox 2402 416 2466 448; x_wconf 87' lang='lat' dir='ltr'>pec—</span> 
     </span>
     <span class='ocr_line' id='line_1_53' title="bbox 1520 457 2466 499; baseline 0.003 -11"><span class='ocrx_word' id='word_1_343' title='bbox 1520 457 1615 495; x_wconf 84' lang='lat' dir='ltr'>cavit,</span> <span class='ocrx_word' id='word_1_344' title='bbox 1640 457 1682 489; x_wconf 83' lang='lat' dir='ltr'>ita</span> <span class='ocrx_word' id='word_1_345' title='bbox 1705 457 1799 489; x_wconf 91' lang='lat' dir='ltr'>simul</span> <span class='ocrx_word' id='word_1_346' title='bbox 1823 466 1895 489; x_wconf 80' lang='lat' dir='ltr'>cum</span> <span class='ocrx_word' id='word_1_347' title='bbox 1920 457 1973 489; x_wconf 92' lang='lat' dir='ltr'>illo</span> <span class='ocrx_word' id='word_1_348' title='bbox 1989 458 2142 489; x_wconf 88' lang='lat' dir='ltr'>multetur</span> <span class='ocrx_word' id='word_1_349' title='bbox 2170 467 2270 499; x_wconf 86' lang='lat' dir='ltr'>poena</span> <span class='ocrx_word' id='word_1_350' title='bbox 2294 458 2408 491; x_wconf 85' lang='lat' dir='ltr'>damni.</span> <span class='ocrx_word' id='word_1_351' title='bbox 2425 480 2466 484; x_wconf 93' lang='lat'><em>-</em></span> 
     </span>
     <span class='ocr_line' id='line_1_54' title="bbox 1521 510 2466 552; baseline 0.003 -10"><span class='ocrx_word' id='word_1_352' title='bbox 1521 510 1692 552; x_wconf 77' lang='lat' dir='ltr'>Amplius,</span> <span class='ocrx_word' id='word_1_353' title='bbox 1718 510 1928 542; x_wconf 85' lang='lat' dir='ltr'>remuneratio</span> <span class='ocrx_word' id='word_1_354' title='bbox 1952 519 2012 542; x_wconf 93' lang='lat' dir='ltr'>non</span> <span class='ocrx_word' id='word_1_355' title='bbox 2038 514 2084 542; x_wconf 87' lang='lat' dir='ltr'>est</span> <span class='ocrx_word' id='word_1_356' title='bbox 2109 514 2174 542; x_wconf 79' lang='lat' dir='ltr'>tota</span> <span class='ocrx_word' id='word_1_357' title='bbox 2191 511 2284 549; x_wconf 82' lang='lat' dir='ltr'>ratio⁷</span> <span class='ocrx_word' id='word_1_358' title='bbox 2302 520 2399 552; x_wconf 89' lang='lat' dir='ltr'>quare</span> <span class='ocrx_word' id='word_1_359' title='bbox 2415 512 2466 545; x_wconf 83' lang='lat' dir='ltr'>fiat</span> 
     </span>
     <span class='ocr_line' id='line_1_55' title="bbox 1520 562 2465 606; baseline 0.002 -12"><span class='ocrx_word' id='word_1_360' title='bbox 1520 563 1727 600; x_wconf 85' lang='lat' dir='ltr'>resurrectio,</span> <span class='ocrx_word' id='word_1_361' title='bbox 1745 562 1798 595; x_wconf 88' lang='lat' dir='ltr'>sed</span> <span class='ocrx_word' id='word_1_362' title='bbox 1817 562 1941 595; x_wconf 83' lang='lat' dir='ltr'>divinae</span> <span class='ocrx_word' id='word_1_363' title='bbox 1965 563 2169 595; x_wconf 88' lang='lat' dir='ltr'>ordinationis</span> <span class='ocrx_word' id='word_1_364' title='bbox 2187 563 2366 602; x_wconf 80' lang='lat' dir='ltr'>decretum3</span> <span class='ocrx_word' id='word_1_365' title='bbox 2383 565 2465 606; x_wconf 75' lang='lat' dir='ltr'>qui‘,</span> 
     </span>
     <span class='ocr_line' id='line_1_56' title="bbox 1521 614 2466 657; baseline 0.003 -11"><span class='ocrx_word' id='word_1_366' title='bbox 1521 615 1737 656; x_wconf 84' lang='lat' dir='ltr'>coniungendo</span> <span class='ocrx_word' id='word_1_367' title='bbox 1762 615 1898 646; x_wconf 88' lang='lat' dir='ltr'>animam</span> <span class='ocrx_word' id='word_1_368' title='bbox 1931 614 2140 647; x_wconf 88' lang='lat' dir='ltr'>immortalem</span> <span class='ocrx_word' id='word_1_369' title='bbox 2165 616 2306 657; x_wconf 81' lang='lat' dir='ltr'>corpori,</span> <span class='ocrx_word' id='word_1_370' title='bbox 2331 624 2387 657; x_wconf 90' lang='lat' dir='ltr'>per</span> <span class='ocrx_word' id='word_1_371' title='bbox 2411 617 2466 650; x_wconf 91' lang='lat' dir='ltr'>hoc</span> 
     </span>
     <span class='ocr_line' id='line_1_57' title="bbox 1521 667 2466 711; baseline 0.002 -11"><span class='ocrx_word' id='word_1_372' title='bbox 1521 667 1676 706; x_wconf 87' lang='lat' dir='ltr'>decrevit,</span> <span class='ocrx_word' id='word_1_373' title='bbox 1700 667 1779 699; x_wconf 90' lang='lat' dir='ltr'>illud</span> <span class='ocrx_word' id='word_1_374' title='bbox 1809 677 1924 709; x_wconf 85' lang='lat' dir='ltr'>corpus</span> <span class='ocrx_word' id='word_1_375' title='bbox 1956 670 2108 709; x_wconf 85' lang='lat' dir='ltr'>perpetuo</span> <span class='ocrx_word' id='word_1_376' title='bbox 2142 667 2301 700; x_wconf 84' lang='lat' dir='ltr'>vivificari.</span> <span class='ocrx_word' id='word_1_377' title='bbox 2334 668 2363 699; x_wconf 88' lang='lat' dir='ltr'>Si</span> <span class='ocrx_word' id='word_1_378' title='bbox 2395 677 2466 711; x_wconf 86' lang='lat' dir='ltr'>ergo</span> 
     </span>
     <span class='ocr_line' id='line_1_58' title="bbox 1521 720 2466 762; baseline 0.002 -10"><span class='ocrx_word' id='word_1_379' title='bbox 1521 720 1661 752; x_wconf 91' lang='lat' dir='ltr'>divinum</span> <span class='ocrx_word' id='word_1_380' title='bbox 1688 720 1850 752; x_wconf 85' lang='lat' dir='ltr'>decretum</span> <span class='ocrx_word' id='word_1_381' title='bbox 1875 729 1936 752; x_wconf 91' lang='lat' dir='ltr'>non</span> <span class='ocrx_word' id='word_1_382' title='bbox 1959 723 2060 761; x_wconf 86' lang='lat' dir='ltr'>potest</span> <span class='ocrx_word' id='word_1_383' title='bbox 2084 720 2255 758; x_wconf 77' lang='lat' dir='ltr'>infirmari3</span> <span class='ocrx_word' id='word_1_384' title='bbox 2273 729 2397 753; x_wconf 88' lang='lat' dir='ltr'>necesse</span> <span class='ocrx_word' id='word_1_385' title='bbox 2413 726 2466 762; x_wconf 91' lang='lat' dir='ltr'>est,</span> 
     </span>
     <span class='ocr_line' id='line_1_59' title="bbox 1520 772 2467 815; baseline 0.002 -11"><span class='ocrx_word' id='word_1_386' title='bbox 1520 772 1599 805; x_wconf 89' lang='lat' dir='ltr'>illud</span> <span class='ocrx_word' id='word_1_387' title='bbox 1623 781 1737 814; x_wconf 89' lang='lat' dir='ltr'>corpus</span> <span class='ocrx_word' id='word_1_388' title='bbox 1761 773 1883 804; x_wconf 89' lang='lat' dir='ltr'>animae</span> <span class='ocrx_word' id='word_1_389' title='bbox 1908 772 2109 811; x_wconf 84' lang='lat' dir='ltr'>revivificari,</span> <span class='ocrx_word' id='word_1_390' title='bbox 2133 776 2169 804; x_wconf 88' lang='lat' dir='ltr'>ut</span> <span class='ocrx_word' id='word_1_391' title='bbox 2193 773 2273 805; x_wconf 88' lang='lat' dir='ltr'>sicut</span> <span class='ocrx_word' id='word_1_392' title='bbox 2296 781 2410 815; x_wconf 88' lang='lat' dir='ltr'>corpus</span> <span class='ocrx_word' id='word_1_393' title='bbox 2426 783 2467 807; x_wconf 92' lang='lat' dir='ltr'>se-</span> 
     </span>
     <span class='ocr_line' id='line_1_60' title="bbox 1522 825 2465 867; baseline 0.001 -10"><span class='ocrx_word' id='word_1_394' title='bbox 1522 829 1666 866; x_wconf 87' lang='lat' dir='ltr'>paratum</span> <span class='ocrx_word' id='word_1_395' title='bbox 1684 828 1730 857; x_wconf 89' lang='lat' dir='ltr'>est</span> <span class='ocrx_word' id='word_1_396' title='bbox 1746 825 1786 857; x_wconf 86' lang='lat' dir='ltr'>ab</span> <span class='ocrx_word' id='word_1_397' title='bbox 1810 826 1913 857; x_wconf 85' lang='lat' dir='ltr'>anima</span> <span class='ocrx_word' id='word_1_398' title='bbox 1937 828 2066 867; x_wconf 87' lang='lat' dir='ltr'>propter</span> <span class='ocrx_word' id='word_1_399' title='bbox 2090 825 2238 857; x_wconf 80' lang='lat' dir='ltr'>divinam</span> <span class='ocrx_word' id='word_1_400' title='bbox 2261 825 2465 866; x_wconf 77' lang='lat' dir='ltr'>sentenciam,</span> 
     </span>
     <span class='ocr_line' id='line_1_61' title="bbox 1521 878 2467 921; baseline 0.002 -11"><span class='ocrx_word' id='word_1_401' title='bbox 1521 887 1601 919; x_wconf 90' lang='lat' dir='ltr'>quae</span> <span class='ocrx_word' id='word_1_402' title='bbox 1626 878 1812 919; x_wconf 85' lang='lat' dir='ltr'>respiciebat</span> <span class='ocrx_word' id='word_1_403' title='bbox 1835 878 1979 920; x_wconf 75' lang='lat' dir='ltr'>culpam3</span> <span class='ocrx_word' id='word_1_404' title='bbox 1997 878 2039 910; x_wconf 85' lang='lat' dir='ltr'>ita</span> <span class='ocrx_word' id='word_1_405' title='bbox 2063 879 2248 920; x_wconf 85' lang='lat' dir='ltr'>reiungatnr</span> <span class='ocrx_word' id='word_1_406' title='bbox 2264 879 2386 911; x_wconf 88' lang='lat' dir='ltr'>animae</span> <span class='ocrx_word' id='word_1_407' title='bbox 2402 889 2467 921; x_wconf 91' lang='lat' dir='ltr'>pro-</span> 
     </span>
     <span class='ocr_line' id='line_1_62' title="bbox 1522 930 2466 973; baseline 0.002 -11"><span class='ocrx_word' id='word_1_408' title='bbox 1522 935 1590 973; x_wconf 87' lang='lat' dir='ltr'>pter</span> <span class='ocrx_word' id='word_1_409' title='bbox 1622 930 1772 962; x_wconf 75' lang='lat' dir='ltr'>divinam</span> <span class='ocrx_word' id='word_1_410' title='bbox 1804 930 2067 972; x_wconf 74' lang='lat' dir='ltr'>dispositionem,</span> <span class='ocrx_word' id='word_1_411' title='bbox 2100 939 2180 972; x_wconf 88' lang='lat' dir='ltr'>quae</span> <span class='ocrx_word' id='word_1_412' title='bbox 2212 931 2256 963; x_wconf 87' lang='lat' dir='ltr'>sic</span> <span class='ocrx_word' id='word_1_413' title='bbox 2288 931 2466 964; x_wconf 84' lang='lat' dir='ltr'>decreverat</span> 
     </span>
     <span class='ocr_line' id='line_1_63' title="bbox 1521 983 2483 1029; baseline 0.001 -14"><span class='ocrx_word' id='word_1_414' title='bbox 1521 984 1711 1015; x_wconf 86' lang='lat' dir='ltr'>constituere</span> <span class='ocrx_word' id='word_1_415' title='bbox 1735 984 1906 1015; x_wconf 84' lang='lat' dir='ltr'>humanam</span> <span class='ocrx_word' id='word_1_416' title='bbox 1932 983 2148 1015; x_wconf 85' lang='lat' dir='ltr'>substantiam.</span> <span class='ocrx_word' id='word_1_417' title='bbox 2167 983 2292 1015; x_wconf 80' lang='lat' dir='ltr'>Ratione</span> <span class='ocrx_word' id='word_1_418' title='bbox 2314 983 2403 1016; x_wconf 88' lang='lat' dir='ltr'>cuius</span> <span class='ocrx_word' id='word_1_419' title='bbox 2420 984 2465 1017; x_wconf 88' lang='lat' dir='ltr'>de·</span> <span class='ocrx_word' id='word_1_420' title='bbox 2482 1023 2483 1029; x_wconf 20' lang='lat'>¹</span> 
     </span>
     <span class='ocr_line' id='line_1_64' title="bbox 1521 1031 2483 1079; baseline 0.001 -12"><span class='ocrx_word' id='word_1_421' title='bbox 1521 1036 1597 1068; x_wconf 87' lang='lat' dir='ltr'>creti</span> <span class='ocrx_word' id='word_1_422' title='bbox 1622 1044 1737 1077; x_wconf 86' lang='lat' dir='ltr'>corpus</span> <span class='ocrx_word' id='word_1_423' title='bbox 1762 1036 1937 1067; x_wconf 81' lang='lat' dir='ltr'>humanum</span> <span class='ocrx_word' id='word_1_424' title='bbox 1962 1035 2077 1068; x_wconf 88' lang='lat' dir='ltr'>dicitur</span> <span class='ocrx_word' id='word_1_425' title='bbox 2111 1035 2268 1067; x_wconf 73' lang='lat' dir='ltr'>ordinari</span> <span class='ocrx_word' id='word_1_426' title='bbox 2290 1040 2320 1067; x_wconf 83' lang='lat' dir='ltr'>et</span> <span class='ocrx_word' id='word_1_427' title='bbox 2343 1031 2483 1079; x_wconf 57' lang='lat' dir='ltr'>possint}</span> 
     </span>
     <span class='ocr_line' id='line_1_65' title="bbox 1522 1088 2483 1131; baseline 0.001 -11"><span class='ocrx_word' id='word_1_428' title='bbox 1522 1088 1640 1121; x_wconf 85' lang='lat' dir='ltr'>litatem</span> <span class='ocrx_word' id='word_1_429' title='bbox 1666 1089 1783 1121; x_wconf 86' lang='lat' dir='ltr'>babere</span> <span class='ocrx_word' id='word_1_430' title='bbox 1814 1089 1854 1120; x_wconf 87' lang='lat' dir='ltr'>ad</span> <span class='ocrx_word' id='word_1_431' title='bbox 1885 1089 2168 1129; x_wconf 78' lang='lat' dir='ltr'>incorruptionem,</span> <span class='ocrx_word' id='word_1_432' title='bbox 2194 1088 2338 1130; x_wconf 88' lang='lat' dir='ltr'>quamvis</span> <span class='ocrx_word' id='word_1_433' title='bbox 2362 1088 2391 1120; x_wconf 88' lang='lat' dir='ltr'>in</span> <span class='ocrx_word' id='word_1_434' title='bbox 2420 1089 2483 1131; x_wconf 63' lang='lat' dir='ltr'>sui}</span> 
     </span>
     <span class='ocr_line' id='line_1_66' title="bbox 1522 1137 2483 1182; baseline 0.002 -10"><span class='ocrx_word' id='word_1_435' title='bbox 1522 1145 1635 1173; x_wconf 85' lang='lat' dir='ltr'>natura</span> <span class='ocrx_word' id='word_1_436' title='bbox 1659 1141 1736 1172; x_wconf 85' lang='lat' dir='ltr'>nibil</span> <span class='ocrx_word' id='word_1_437' title='bbox 1761 1141 1874 1173; x_wconf 82' lang='lat' dir='ltr'>habeat</span> <span class='ocrx_word' id='word_1_438' title='bbox 1899 1141 1970 1182; x_wconf 88' lang='lat' dir='ltr'>plus</span> <span class='ocrx_word' id='word_1_439' title='bbox 1995 1141 2034 1173; x_wconf 90' lang='lat' dir='ltr'>de</span> <span class='ocrx_word' id='word_1_440' title='bbox 2058 1140 2352 1182; x_wconf 84' lang='lat' dir='ltr'>incorruptibilitate</span> <span class='ocrx_word' id='word_1_441' title='bbox 2376 1137 2483 1182; x_wconf 47' lang='lat' dir='ltr'>quam*</span> 
     </span>
     <span class='ocr_line' id='line_1_67' title="bbox 1522 1189 2483 1242; baseline 0.001 -17"><span class='ocrx_word' id='word_1_442' title='bbox 1522 1194 1583 1226; x_wconf 86' lang='lat' dir='ltr'>alia</span> <span class='ocrx_word' id='word_1_443' title='bbox 1607 1203 1739 1235; x_wconf 83' lang='lat' dir='ltr'>corpora</span> <span class='ocrx_word' id='word_1_444' title='bbox 1764 1194 1881 1232; x_wconf 79' lang='lat' dir='ltr'>mixta,</span> <span class='ocrx_word' id='word_1_445' title='bbox 1905 1197 1939 1225; x_wconf 92' lang='lat' dir='ltr'>ut</span> <span class='ocrx_word' id='word_1_446' title='bbox 1970 1193 2131 1235; x_wconf 74' lang='lat' dir='ltr'>patebit⁵3</span> <span class='ocrx_word' id='word_1_447' title='bbox 2156 1193 2329 1225; x_wconf 88' lang='lat' dir='ltr'>secundum</span> <span class='ocrx_word' id='word_1_448' title='bbox 2355 1189 2483 1242; x_wconf 52' lang='lat' dir='ltr'>statum}</span> 
     </span>
     <span class='ocr_line' id='line_1_68' title="bbox 1522 1246 2483 1288; baseline 0 -9"><span class='ocrx_word' id='word_1_449' title='bbox 1522 1250 1718 1288; x_wconf 83' lang='lat' dir='ltr'>praesentem</span> <span class='ocrx_word' id='word_1_450' title='bbox 1743 1246 1864 1288; x_wconf 82' lang='lat' dir='ltr'>loquor.</span> <span class='ocrx_word' id='word_1_451' title='bbox 2482 1246 2483 1262; x_wconf 65' lang='lat'>³</span> 
     </span>
    </p>
   </div>
   <div class='ocr_carea' id='block_1_12' title="bbox 2481 1467 2483 1561">
    <p class='ocr_par' dir='ltr' id='par_1_19' title="bbox 2481 1467 2483 1561">
     <span class='ocr_line' id='line_1_69' title="bbox 2482 1467 2483 1483; baseline 0 0"><span class='ocrx_word' id='word_1_452' title='bbox 2482 1467 2483 1483; x_wconf 75' lang='lat' dir='ltr'>l</span> 
     </span>
     <span class='ocr_line' id='line_1_70' title="bbox 2482 1490 2483 1508; baseline 0 0"><span class='ocrx_word' id='word_1_453' title='bbox 2482 1490 2483 1508; x_wconf 72' lang='lat' dir='ltr'>l</span> 
     </span>
     <span class='ocr_line' id='line_1_71' title="bbox 2481 1516 2483 1528; baseline 0 0"><span class='ocrx_word' id='word_1_454' title='bbox 2481 1516 2483 1528; x_wconf 70' lang='lat' dir='ltr'><em>A</em></span> 
     </span>
     <span class='ocr_line' id='line_1_72' title="bbox 2481 1529 2483 1547; baseline 0 0"><span class='ocrx_word' id='word_1_455' title='bbox 2481 1529 2483 1547; x_wconf 74' lang='lat' dir='ltr'>l</span> 
     </span>
     <span class='ocr_line' id='line_1_73' title="bbox 2482 1552 2483 1561; baseline 0 0"><span class='ocrx_word' id='word_1_456' title='bbox 2482 1552 2483 1561; x_wconf 67' lang='lat' dir='ltr'>i</span> 
     </span>
    </p>
   </div>
   <div class='ocr_carea' id='block_1_13' title="bbox 1520 1578 2483 2253">
    <p class='ocr_par' dir='ltr' id='par_1_20' title="bbox 1522 1578 2483 1673">
     <span class='ocr_line' id='line_1_74' title="bbox 1522 1578 2483 1621; baseline 0 -10"><span class='ocrx_word' id='word_1_457' title='bbox 1522 1583 1568 1611; x_wconf 81' lang='lat' dir='ltr'>est</span> <span class='ocrx_word' id='word_1_458' title='bbox 1592 1579 1770 1611; x_wconf 83' lang='lat' dir='ltr'>successiva</span> <span class='ocrx_word' id='word_1_459' title='bbox 1794 1583 1824 1611; x_wconf 90' lang='lat' dir='ltr'>et</span> <span class='ocrx_word' id='word_1_460' title='bbox 1841 1588 1900 1610; x_wconf 90' lang='lat' dir='ltr'>non</span> <span class='ocrx_word' id='word_1_461' title='bbox 1919 1579 2028 1611; x_wconf 85' lang='lat' dir='ltr'>simul:</span> <span class='ocrx_word' id='word_1_462' title='bbox 2047 1587 2122 1620; x_wconf 87' lang='lat' dir='ltr'>ergo</span> <span class='ocrx_word' id='word_1_463' title='bbox 2140 1583 2170 1611; x_wconf 89' lang='lat' dir='ltr'>et</span> <span class='ocrx_word' id='word_1_464' title='bbox 2194 1578 2383 1611; x_wconf 87' lang='lat' dir='ltr'>resurrectio</span> <span class='ocrx_word' id='word_1_465' title='bbox 2406 1586 2483 1621; x_wconf 55' lang='lat' dir='ltr'>cor-3</span> 
     </span>
     <span class='ocr_line' id='line_1_75' title="bbox 1522 1622 2482 1673; baseline -0.001 -10"><span class='ocrx_word' id='word_1_466' title='bbox 1522 1641 1645 1673; x_wconf 87' lang='lat' dir='ltr'>porum.</span> <span class='ocrx_word' id='word_1_467' title='bbox 2481 1622 2482 1639; x_wconf 56' lang='lat'>*</span> 
     </span>
    </p>

    <p class='ocr_par' dir='ltr' id='par_1_21' title="bbox 1520 1682 2482 1885">
     <span class='ocr_line' id='line_1_76' title="bbox 1610 1682 2482 1730; baseline 0.001 -15"><span class='ocrx_word' id='word_1_468' title='bbox 1610 1686 1638 1715; x_wconf 52' lang='grc' dir='ltr'>ᾖ.</span> <span class='ocrx_word' id='word_1_469' title='bbox 1668 1685 1757 1722; x_wconf 81' lang='lat' dir='ltr'>Item,</span> <span class='ocrx_word' id='word_1_470' title='bbox 1782 1684 1925 1716; x_wconf 86' lang='lat' dir='ltr'>Christus</span> <span class='ocrx_word' id='word_1_471' title='bbox 1950 1693 2011 1716; x_wconf 90' lang='lat' dir='ltr'>non</span> <span class='ocrx_word' id='word_1_472' title='bbox 2043 1685 2236 1725; x_wconf 80' lang='lat' dir='ltr'>exspectavit</span> <span class='ocrx_word' id='word_1_473' title='bbox 2266 1688 2402 1716; x_wconf 85' lang='lat' dir='ltr'>nostram</span> <span class='ocrx_word' id='word_1_474' title='bbox 2426 1682 2482 1730; x_wconf 65' lang='lat' dir='ltr'>re}</span> 
     </span>
     <span class='ocr_line' id='line_1_77' title="bbox 1521 1736 2482 1779; baseline 0 -11"><span class='ocrx_word' id='word_1_475' title='bbox 1521 1738 1766 1775; x_wconf 81' lang='lat' dir='ltr'>surrectionem,</span> <span class='ocrx_word' id='word_1_476' title='bbox 1790 1737 1844 1778; x_wconf 86' lang='lat' dir='ltr'>qui</span> <span class='ocrx_word' id='word_1_477' title='bbox 1862 1740 1907 1769; x_wconf 92' lang='lat' dir='ltr'>est</span> <span class='ocrx_word' id='word_1_478' title='bbox 1931 1740 2025 1778; x_wconf 82' lang='lat' dir='ltr'>caput</span> <span class='ocrx_word' id='word_1_479' title='bbox 2041 1741 2183 1769; x_wconf 84' lang='lat' dir='ltr'>nostrum</span> <span class='ocrx_word' id='word_1_480' title='bbox 2195 1763 2202 1776; x_wconf 87' lang='lat'>,</span> <span class='ocrx_word' id='word_1_481' title='bbox 2220 1740 2250 1769; x_wconf 90' lang='lat' dir='ltr'>et</span> <span class='ocrx_word' id='word_1_482' title='bbox 2266 1737 2319 1779; x_wconf 87' lang='lat' dir='ltr'>qui</span> <span class='ocrx_word' id='word_1_483' title='bbox 2337 1737 2433 1778; x_wconf 87' lang='lat' dir='ltr'>magis</span> <span class='ocrx_word' id='word_1_484' title='bbox 2447 1736 2466 1753; x_wconf 88' lang='lat'>¹⁰</span> <span class='ocrx_word' id='word_1_485' title='bbox 2481 1747 2482 1768; x_wconf 67' lang='lat'><em>3</em></span> 
     </span>
     <span class='ocr_line' id='line_1_78' title="bbox 1520 1790 2482 1832; baseline -0.002 -10"><span class='ocrx_word' id='word_1_486' title='bbox 1520 1790 1603 1822; x_wconf 82' lang='lat' dir='ltr'>fovet</span> <span class='ocrx_word' id='word_1_487' title='bbox 1627 1790 1750 1831; x_wconf 80' lang='lat' dir='ltr'>singula</span> <span class='ocrx_word' id='word_1_488' title='bbox 1774 1790 1932 1822; x_wconf 88' lang='lat' dir='ltr'>membra:</span> <span class='ocrx_word' id='word_1_489' title='bbox 1951 1799 2025 1832; x_wconf 87' lang='lat' dir='ltr'>ergo</span> <span class='ocrx_word' id='word_1_490' title='bbox 2042 1799 2098 1822; x_wconf 90' lang='lat' dir='ltr'>nec</span> <span class='ocrx_word' id='word_1_491' title='bbox 2117 1790 2295 1822; x_wconf 83' lang='lat' dir='ltr'>membrum</span> <span class='ocrx_word' id='word_1_492' title='bbox 2312 1793 2482 1831; x_wconf 64' lang='lat' dir='ltr'>exspectati</span> 
     </span>
     <span class='ocr_line' id='line_1_79' title="bbox 1521 1842 2163 1881; baseline 0 -7"><span class='ocrx_word' id='word_1_493' title='bbox 1521 1842 1784 1874; x_wconf 88' lang='lat' dir='ltr'>resurrectionem</span> <span class='ocrx_word' id='word_1_494' title='bbox 1810 1842 1959 1881; x_wconf 79' lang='lat' dir='ltr'>membri,</span> <span class='ocrx_word' id='word_1_495' title='bbox 1984 1846 2014 1874; x_wconf 89' lang='lat' dir='ltr'>et</span> <span class='ocrx_word' id='word_1_496' title='bbox 2038 1842 2082 1874; x_wconf 91' lang='lat' dir='ltr'>sic</span> <span class='ocrx_word' id='word_1_497' title='bbox 2106 1845 2163 1874; x_wconf 86' lang='lat' dir='ltr'>etc.</span> 
     </span>
    </p>

    <p class='ocr_par' dir='ltr' id='par_1_22' title="bbox 1521 1890 2481 2043">
     <span class='ocr_line' id='line_1_80' title="bbox 1611 1890 2481 1937; baseline 0.002 -10"><span class='ocrx_word' id='word_1_498' title='bbox 1611 1895 1639 1927; x_wconf 84' lang='lat'>3.</span> <span class='ocrx_word' id='word_1_499' title='bbox 1665 1895 1754 1934; x_wconf 88' lang='lat' dir='ltr'>ltem,</span> <span class='ocrx_word' id='word_1_500' title='bbox 1780 1896 1956 1937; x_wconf 86' lang='lat' dir='ltr'>praemium</span> <span class='ocrx_word' id='word_1_501' title='bbox 1981 1896 2149 1937; x_wconf 84' lang='lat' dir='ltr'>respondet</span> <span class='ocrx_word' id='word_1_502' title='bbox 2175 1895 2300 1927; x_wconf 88' lang='lat' dir='ltr'>merito:</span> <span class='ocrx_word' id='word_1_503' title='bbox 2327 1904 2399 1937; x_wconf 86' lang='lat' dir='ltr'>ergo</span> <span class='ocrx_word' id='word_1_504' title='bbox 2416 1890 2481 1937; x_wconf 57' lang='lat' dir='ltr'>quii</span> 
     </span>
     <span class='ocr_line' id='line_1_81' title="bbox 1521 1948 2465 1989; baseline 0.001 -10"><span class='ocrx_word' id='word_1_505' title='bbox 1521 1949 1613 1980; x_wconf 86' lang='lat' dir='ltr'>citius</span> <span class='ocrx_word' id='word_1_506' title='bbox 1645 1952 1831 1980; x_wconf 88' lang='lat' dir='ltr'>meruerunt</span> <span class='ocrx_word' id='word_1_507' title='bbox 1871 1949 1962 1981; x_wconf 82' lang='lat' dir='ltr'>citius</span> <span class='ocrx_word' id='word_1_508' title='bbox 1998 1949 2112 1981; x_wconf 87' lang='lat' dir='ltr'>debent</span> <span class='ocrx_word' id='word_1_509' title='bbox 2147 1948 2360 1980; x_wconf 87' lang='lat' dir='ltr'>remunerari:</span> <span class='ocrx_word' id='word_1_510' title='bbox 2396 1957 2465 1989; x_wconf 86' lang='lat' dir='ltr'>ergo</span> 
     </span>
     <span class='ocr_line' id='line_1_82' title="bbox 1523 2001 2120 2043; baseline 0.002 -11"><span class='ocrx_word' id='word_1_511' title='bbox 1523 2001 1667 2033; x_wconf 88' lang='lat' dir='ltr'>meliores</span> <span class='ocrx_word' id='word_1_512' title='bbox 1692 2002 1783 2034; x_wconf 89' lang='lat' dir='ltr'>citius</span> <span class='ocrx_word' id='word_1_513' title='bbox 1806 2001 1920 2033; x_wconf 84' lang='lat' dir='ltr'>debent</span> <span class='ocrx_word' id='word_1_514' title='bbox 1945 2010 2120 2043; x_wconf 83' lang='lat' dir='ltr'>resurgere.</span> 
     </span>
    </p>

    <p class='ocr_par' dir='ltr' id='par_1_23' title="bbox 1522 2054 2480 2253">
     <span class='ocr_line' id='line_1_83' title="bbox 1610 2054 2466 2096; baseline 0.001 -11"><span class='ocrx_word' id='word_1_515' title='bbox 1610 2055 1640 2086; x_wconf 78' lang='grc' dir='ltr'>[ι.</span> <span class='ocrx_word' id='word_1_516' title='bbox 1664 2054 1754 2093; x_wconf 84' lang='lat' dir='ltr'>Item,</span> <span class='ocrx_word' id='word_1_517' title='bbox 1773 2055 1871 2086; x_wconf 80' lang='lat' dir='ltr'>maior</span> <span class='ocrx_word' id='word_1_518' title='bbox 1895 2059 1942 2086; x_wconf 87' lang='grc' dir='ltr'>θεῖ</span> <span class='ocrx_word' id='word_1_519' title='bbox 1965 2055 2165 2087; x_wconf 86' lang='lat' dir='ltr'>conformitas</span> <span class='ocrx_word' id='word_1_520' title='bbox 2182 2064 2222 2086; x_wconf 81' lang='lat' dir='ltr'>ex</span> <span class='ocrx_word' id='word_1_521' title='bbox 2248 2058 2335 2096; x_wconf 81' lang='lat' dir='ltr'>parte</span> <span class='ocrx_word' id='word_1_522' title='bbox 2358 2054 2466 2086; x_wconf 84' lang='lat' dir='ltr'>anima-</span> 
     </span>
     <span class='ocr_line' id='line_1_84' title="bbox 1522 2107 2463 2149; baseline 0.001 -11"><span class='ocrx_word' id='word_1_523' title='bbox 1522 2116 1593 2139; x_wconf 86' lang='lat' dir='ltr'>rum</span> <span class='ocrx_word' id='word_1_524' title='bbox 1618 2116 1713 2148; x_wconf 89' lang='lat' dir='ltr'>quam</span> <span class='ocrx_word' id='word_1_525' title='bbox 1731 2116 1901 2148; x_wconf 88' lang='lat' dir='ltr'>corporum</span> <span class='ocrx_word' id='word_1_526' title='bbox 1919 2111 2047 2149; x_wconf 87' lang='lat' dir='ltr'>propter</span> <span class='ocrx_word' id='word_1_527' title='bbox 2064 2107 2226 2140; x_wconf 89' lang='lat' dir='ltr'>vinculum</span> <span class='ocrx_word' id='word_1_528' title='bbox 2244 2107 2397 2145; x_wconf 84' lang='lat' dir='ltr'>caritatis;</span> <span class='ocrx_word' id='word_1_529' title='bbox 2413 2107 2463 2139; x_wconf 88' lang='lat' dir='ltr'>sed</span> 
     </span>
     <span class='ocr_line' id='line_1_85' title="bbox 1522 2153 2480 2202; baseline 0.001 -11"><span class='ocrx_word' id='word_1_530' title='bbox 1522 2159 1706 2201; x_wconf 82' lang='lat' dir='ltr'>glorificatio</span> <span class='ocrx_word' id='word_1_531' title='bbox 1730 2160 1824 2192; x_wconf 89' lang='lat' dir='ltr'>unius</span> <span class='ocrx_word' id='word_1_532' title='bbox 1848 2160 1970 2192; x_wconf 90' lang='lat' dir='ltr'>animae</span> <span class='ocrx_word' id='word_1_533' title='bbox 2003 2170 2063 2192; x_wconf 87' lang='lat' dir='ltr'>non</span> <span class='ocrx_word' id='word_1_534' title='bbox 2094 2164 2255 2201; x_wconf 83' lang='lat' dir='ltr'>exspectat</span> <span class='ocrx_word' id='word_1_535' title='bbox 2279 2153 2480 2202; x_wconf 65' lang='lat' dir='ltr'>glorificatio-l</span> 
     </span>
     <span class='ocr_line' id='line_1_86' title="bbox 1522 2212 1946 2253; baseline 0 -10"><span class='ocrx_word' id='word_1_536' title='bbox 1522 2221 1593 2244; x_wconf 90' lang='lat' dir='ltr'>nem</span> <span class='ocrx_word' id='word_1_537' title='bbox 1618 2212 1764 2244; x_wconf 87' lang='lat' dir='ltr'>alterius:</span> <span class='ocrx_word' id='word_1_538' title='bbox 1792 2221 1866 2253; x_wconf 87' lang='lat' dir='ltr'>ergo</span> <span class='ocrx_word' id='word_1_539' title='bbox 1890 2216 1946 2245; x_wconf 85' lang='lat' dir='ltr'>etc.</span> 
     </span>
    </p>
   </div>
   <div class='ocr_carea' id='block_1_14' title="bbox 1877 2327 2114 2350">
    <p class='ocr_par' dir='ltr' id='par_1_24' title="bbox 1877 2327 2114 2350">
     <span class='ocr_line' id='line_1_87' title="bbox 1877 2327 2114 2350; baseline 0.004 -1"><span class='ocrx_word' id='word_1_540' title='bbox 1877 2327 2114 2350; x_wconf 87' lang='lat' dir='ltr'>CONCLUSIO.</span> 
     </span>
    </p>
   </div>
   <div class='ocr_carea' id='block_1_15' title="bbox 1546 2422 2441 2465">
    <p class='ocr_par' dir='ltr' id='par_1_25' title="bbox 1546 2422 2441 2465">
     <span class='ocr_line' id='line_1_88' title="bbox 1546 2422 2441 2465; baseline 0 -11"><span class='ocrx_word' id='word_1_541' title='bbox 1546 2423 1752 2455; x_wconf 71' lang='lat' dir='ltr'>Resurrectio</span> <span class='ocrx_word' id='word_1_542' title='bbox 1770 2433 1948 2465; x_wconf 72' lang='lat' dir='ltr'>corporum</span> <span class='ocrx_word' id='word_1_543' title='bbox 1965 2423 2028 2455; x_wconf 72' lang='lat' dir='ltr'>erit</span> <span class='ocrx_word' id='word_1_544' title='bbox 2043 2423 2154 2461; x_wconf 72' lang='lat' dir='ltr'>simul,</span> <span class='ocrx_word' id='word_1_545' title='bbox 2172 2432 2237 2455; x_wconf 83' lang='lat' dir='ltr'>non</span> <span class='ocrx_word' id='word_1_546' title='bbox 2253 2422 2441 2455; x_wconf 69' lang='lat' dir='ltr'>successiva.</span> 
     </span>
    </p>
   </div>
   <div class='ocr_carea' id='block_1_16' title="bbox 1522 2529 2464 2782">
    <p class='ocr_par' dir='ltr' id='par_1_26' title="bbox 1522 2529 2464 2676">
     <span class='ocr_line' id='line_1_89' title="bbox 1612 2529 2464 2570; baseline -0.002 -9"><span class='ocrx_word' id='word_1_547' title='bbox 1612 2530 1812 2561; x_wconf 68' lang='lat' dir='ltr'>Respounno:</span> <span class='ocrx_word' id='word_1_548' title='bbox 1838 2529 2030 2568; x_wconf 82' lang='lat' dir='ltr'>Dicendum,</span> <span class='ocrx_word' id='word_1_549' title='bbox 2048 2529 2131 2570; x_wconf 88' lang='lat' dir='ltr'>quod</span> <span class='ocrx_word' id='word_1_550' title='bbox 2157 2529 2345 2562; x_wconf 87' lang='lat' dir='ltr'>resurrectio</span> <span class='ocrx_word' id='word_1_551' title='bbox 2366 2536 2464 2570; x_wconf 89' lang='lat' dir='ltr'>corpo-</span> 
     </span>
     <span class='ocr_line' id='line_1_90' title="bbox 1522 2583 2463 2623; baseline -0.002 -8"><span class='ocrx_word' id='word_1_552' title='bbox 1522 2592 1592 2615; x_wconf 88' lang='lat' dir='ltr'>rum</span> <span class='ocrx_word' id='word_1_553' title='bbox 1618 2592 1679 2615; x_wconf 89' lang='lat' dir='ltr'>non</span> <span class='ocrx_word' id='word_1_554' title='bbox 1704 2584 1763 2615; x_wconf 86' lang='lat' dir='ltr'>erit</span> <span class='ocrx_word' id='word_1_555' title='bbox 1787 2583 1982 2621; x_wconf 84' lang='lat' dir='ltr'>successiva,</span> <span class='ocrx_word' id='word_1_556' title='bbox 2006 2583 2061 2614; x_wconf 90' lang='lat' dir='ltr'>sed</span> <span class='ocrx_word' id='word_1_557' title='bbox 2086 2583 2198 2620; x_wconf 85' lang='lat' dir='ltr'>simul;</span> <span class='ocrx_word' id='word_1_558' title='bbox 2224 2587 2254 2615; x_wconf 86' lang='lat' dir='ltr'>et</span> <span class='ocrx_word' id='word_1_559' title='bbox 2279 2583 2371 2615; x_wconf 76' lang='lat' dir='ltr'>liuius</span> <span class='ocrx_word' id='word_1_560' title='bbox 2402 2590 2463 2623; x_wconf 86' lang='lat' dir='ltr'>pos-</span> 
     </span>
     <span class='ocr_line' id='line_1_91' title="bbox 1522 2635 2170 2676; baseline -0.002 -9"><span class='ocrx_word' id='word_1_561' title='bbox 1522 2639 1594 2668; x_wconf 86' lang='lat' dir='ltr'>sunt</span> <span class='ocrx_word' id='word_1_562' title='bbox 1618 2645 1686 2668; x_wconf 86' lang='lat' dir='ltr'>esse</span> <span class='ocrx_word' id='word_1_563' title='bbox 1711 2635 1847 2668; x_wconf 84' lang='lat' dir='ltr'>rationes</span> <span class='ocrx_word' id='word_1_564' title='bbox 1871 2639 2079 2676; x_wconf 84' lang='lat' dir='ltr'>congruentes</span> <span class='ocrx_word' id='word_1_565' title='bbox 2103 2644 2170 2668; x_wconf 84' lang='lat' dir='ltr'>sex.</span> 
     </span>
    </p>

    <p class='ocr_par' dir='ltr' id='par_1_27' title="bbox 1522 2685 2462 2782">
     <span class='ocr_line' id='line_1_92' title="bbox 1612 2685 2462 2729; baseline -0.001 -10"><span class='ocrx_word' id='word_1_566' title='bbox 1612 2688 1713 2720; x_wconf 86' lang='lat' dir='ltr'>Prima</span> <span class='ocrx_word' id='word_1_567' title='bbox 1737 2691 1784 2720; x_wconf 88' lang='lat' dir='ltr'>est</span> <span class='ocrx_word' id='word_1_568' title='bbox 1807 2688 1964 2720; x_wconf 70' lang='lat' dir='ltr'>severitas</span> <span class='ocrx_word' id='word_1_569' title='bbox 1997 2688 2104 2719; x_wconf 77' lang='lat' dir='ltr'>(livini</span> <span class='ocrx_word' id='word_1_570' title='bbox 2126 2688 2263 2726; x_wconf 77' lang='lat' dir='ltr'>indicii,</span> <span class='ocrx_word' id='word_1_571' title='bbox 2287 2687 2368 2729; x_wconf 90' lang='lat' dir='ltr'>quod</span> <span class='ocrx_word' id='word_1_572' title='bbox 2393 2685 2462 2718; x_wconf 88' lang='lat' dir='ltr'>inssi-</span> 
     </span>
     <span class='ocr_line' id='line_1_93' title="bbox 1522 2739 2462 2782; baseline -0.001 -10"><span class='ocrx_word' id='word_1_573' title='bbox 1522 2741 1569 2772; x_wconf 84' lang='lat' dir='ltr'>xit</span> <span class='ocrx_word' id='word_1_574' title='bbox 1593 2750 1724 2782; x_wconf 87' lang='lat' dir='ltr'>poenam</span> <span class='ocrx_word' id='word_1_575' title='bbox 1750 2741 1982 2773; x_wconf 85' lang='lat' dir='ltr'>incinerationis</span> <span class='ocrx_word' id='word_1_576' title='bbox 2006 2741 2127 2782; x_wconf 89' lang='lat' dir='ltr'>corpori</span> <span class='ocrx_word' id='word_1_577' title='bbox 2161 2750 2261 2782; x_wconf 87' lang='lat' dir='ltr'>usque</span> <span class='ocrx_word' id='word_1_578' title='bbox 2291 2740 2329 2772; x_wconf 87' lang='lat' dir='ltr'>ad</span> <span class='ocrx_word' id='word_1_579' title='bbox 2357 2739 2462 2771; x_wconf 85' lang='lat' dir='ltr'>adven-</span> 
     </span>
    </p>
   </div>
   <div class='ocr_carea' id='block_1_17' title="bbox 1197 2848 1763 2852">
    <p class='ocr_par' dir='ltr' id='par_1_28' title="bbox 1197 2848 1763 2852">
     <span class='ocr_line' id='line_1_94' title="bbox 1197 2848 1763 2852; baseline 0 0"><span class='ocrx_word' id='word_1_580' title='bbox 1197 2848 1763 2852; x_wconf 95' lang='lat' dir='ltr'> </span> 
     </span>
    </p>
   </div>
   <div class='ocr_carea' id='block_1_18' title="bbox 502 2919 1458 3426">
    <p class='ocr_par' dir='ltr' id='par_1_29' title="bbox 502 2919 1458 3128">
     <span class='ocr_line' id='line_1_95' title="bbox 575 2919 1458 2951; baseline -0.001 -7"><span class='ocrx_word' id='word_1_581' title='bbox 575 2919 582 2935; x_wconf 84' lang='lat'><em>1</em></span> <span class='ocrx_word' id='word_1_582' title='bbox 604 2919 667 2944; x_wconf 81' lang='lat' dir='ltr'>Vide</span> <span class='ocrx_word' id='word_1_583' title='bbox 695 2927 773 2950; x_wconf 79' lang='lat' dir='ltr'>supra</span> <span class='ocrx_word' id='word_1_584' title='bbox 800 2927 859 2951; x_wconf 81' lang='lat' dir='ltr'>pag.</span> <span class='ocrx_word' id='word_1_585' title='bbox 887 2919 952 2951; x_wconf 69' lang='lat'>356,</span> <span class='ocrx_word' id='word_1_586' title='bbox 973 2924 1031 2944; x_wconf 80' lang='lat' dir='ltr'>nota</span> <span class='ocrx_word' id='word_1_587' title='bbox 1057 2920 1079 2944; x_wconf 83' lang='lat'>6.</span> <span class='ocrx_word' id='word_1_588' title='bbox 1101 2922 1125 2944; x_wconf 84' lang='lat' dir='ltr'>et</span> <span class='ocrx_word' id='word_1_589' title='bbox 1145 2919 1168 2944; x_wconf 93' lang='lat' dir='ltr'>d.</span> <span class='ocrx_word' id='word_1_590' title='bbox 1190 2920 1230 2943; x_wconf 72' lang='lat'>20.</span> <span class='ocrx_word' id='word_1_591' title='bbox 1252 2926 1276 2950; x_wconf 80' lang='lat' dir='ltr'>p.</span> <span class='ocrx_word' id='word_1_592' title='bbox 1299 2920 1313 2944; x_wconf 95' lang='grc' dir='ltr'>Ι.</span> <span class='ocrx_word' id='word_1_593' title='bbox 1334 2927 1358 2951; x_wconf 81' lang='lat' dir='ltr'>q.</span> <span class='ocrx_word' id='word_1_594' title='bbox 1380 2920 1402 2943; x_wconf 78' lang='lat' dir='ltr'>l.</span> <span class='ocrx_word' id='word_1_595' title='bbox 1423 2933 1458 2937; x_wconf 97' lang='lat'><strong>—</strong></span> 
     </span>
     <span class='ocr_line' id='line_1_96' title="bbox 504 2962 1456 2996; baseline -0.001 -8"><span class='ocrx_word' id='word_1_596' title='bbox 504 2965 552 2988; x_wconf 84' lang='lat' dir='ltr'>Pro</span> <span class='ocrx_word' id='word_1_597' title='bbox 572 2963 689 2989; x_wconf 75' lang='lat' dir='ltr'>inultum</span> <span class='ocrx_word' id='word_1_598' title='bbox 710 2963 797 2995; x_wconf 87' lang='lat' dir='ltr'>plures</span> <span class='ocrx_word' id='word_1_599' title='bbox 817 2963 891 2988; x_wconf 85' lang='lat' dir='ltr'>codd.</span> <span class='ocrx_word' id='word_1_600' title='bbox 913 2962 1082 2996; x_wconf 80' lang='lat' dir='ltr'>impunitum.</span> <span class='ocrx_word' id='word_1_601' title='bbox 1109 2963 1216 2988; x_wconf 74' lang='lat' dir='ltr'>inferius</span> <span class='ocrx_word' id='word_1_602' title='bbox 1242 2969 1289 2994; x_wconf 84' lang='lat' dir='ltr'>pro</span> <span class='ocrx_word' id='word_1_603' title='bbox 1308 2964 1339 2987; x_wconf 75' lang='lat' dir='ltr'>ut</span> <span class='ocrx_word' id='word_1_604' title='bbox 1364 2962 1456 2988; x_wconf 65' lang='lat' dir='ltr'>(zozima</span> 
     </span>
     <span class='ocr_line' id='line_1_97' title="bbox 502 3006 1455 3040; baseline -0.001 -8"><span class='ocrx_word' id='word_1_605' title='bbox 502 3008 607 3038; x_wconf 80' lang='lat' dir='ltr'>plurimi</span> <span class='ocrx_word' id='word_1_606' title='bbox 621 3007 696 3032; x_wconf 89' lang='lat' dir='ltr'>codd.</span> <span class='ocrx_word' id='word_1_607' title='bbox 711 3008 734 3033; x_wconf 81' lang='lat' dir='ltr'>et</span> <span class='ocrx_word' id='word_1_608' title='bbox 753 3007 854 3033; x_wconf 77' lang='lat' dir='ltr'>anima.</span> <span class='ocrx_word' id='word_1_609' title='bbox 872 3007 918 3032; x_wconf 79' lang='lat' dir='ltr'>Pro</span> <span class='ocrx_word' id='word_1_610' title='bbox 932 3006 1003 3040; x_wconf 77' lang='lat' dir='ltr'>quod</span> <span class='ocrx_word' id='word_1_611' title='bbox 1014 3013 1070 3032; x_wconf 79' lang='lat' dir='ltr'>non</span> <span class='ocrx_word' id='word_1_612' title='bbox 1083 3006 1142 3032; x_wconf 87' lang='lat' dir='ltr'>edd.</span> <span class='ocrx_word' id='word_1_613' title='bbox 1157 3006 1228 3039; x_wconf 77' lang='lat' dir='ltr'>quod</span> <span class='ocrx_word' id='word_1_614' title='bbox 1246 3008 1349 3038; x_wconf 80' lang='lat' dir='ltr'>tamen,</span> <span class='ocrx_word' id='word_1_615' title='bbox 1371 3010 1396 3032; x_wconf 84' lang='lat' dir='ltr'>et</span> <span class='ocrx_word' id='word_1_616' title='bbox 1408 3013 1455 3037; x_wconf 84' lang='lat' dir='ltr'>pro</span> 
     </span>
     <span class='ocr_line' id='line_1_98' title="bbox 502 3050 1455 3084; baseline 0 -9"><span class='ocrx_word' id='word_1_617' title='bbox 502 3058 556 3077; x_wconf 82' lang='lat' dir='ltr'>non</span> <span class='ocrx_word' id='word_1_618' title='bbox 576 3052 690 3084; x_wconf 76' lang='lat' dir='ltr'>oportet,</span> <span class='ocrx_word' id='word_1_619' title='bbox 714 3051 784 3083; x_wconf 87' lang='lat' dir='ltr'>quod</span> <span class='ocrx_word' id='word_1_620' title='bbox 808 3051 902 3076; x_wconf 83' lang='lat' dir='ltr'>babent</span> <span class='ocrx_word' id='word_1_621' title='bbox 922 3051 997 3076; x_wconf 88' lang='lat' dir='ltr'>codd.</span> <span class='ocrx_word' id='word_1_622' title='bbox 1018 3051 1037 3075; x_wconf 88' lang='lat' dir='ltr'><strong>N</strong></span> <span class='ocrx_word' id='word_1_623' title='bbox 1050 3058 1080 3076; x_wconf 81' lang='lat' dir='ltr'>aa</span> <span class='ocrx_word' id='word_1_624' title='bbox 1100 3050 1130 3083; x_wconf 84' lang='lat' dir='ltr'>(E</span> <span class='ocrx_word' id='word_1_625' title='bbox 1143 3058 1156 3076; x_wconf 82' lang='lat' dir='ltr'>a</span> <span class='ocrx_word' id='word_1_626' title='bbox 1171 3051 1285 3076; x_wconf 86' lang='lat' dir='ltr'>secunda</span> <span class='ocrx_word' id='word_1_627' title='bbox 1304 3051 1394 3083; x_wconf 85' lang='lat' dir='ltr'>manu)</span> <span class='ocrx_word' id='word_1_628' title='bbox 1415 3051 1455 3075; x_wconf 85' lang='lat' dir='ltr'>alii</span> 
     </span>
     <span class='ocr_line' id='line_1_99' title="bbox 503 3094 1455 3128; baseline -0.001 -8"><span class='ocrx_word' id='word_1_629' title='bbox 503 3095 578 3120; x_wconf 83' lang='lat' dir='ltr'>codd.</span> <span class='ocrx_word' id='word_1_630' title='bbox 599 3099 623 3121; x_wconf 85' lang='lat' dir='ltr'>et</span> <span class='ocrx_word' id='word_1_631' title='bbox 642 3095 701 3121; x_wconf 86' lang='lat' dir='ltr'>edd.</span> <span class='ocrx_word' id='word_1_632' title='bbox 722 3102 861 3127; x_wconf 83' lang='lat' dir='ltr'>perperam</span> <span class='ocrx_word' id='word_1_633' title='bbox 881 3096 990 3128; x_wconf 75' lang='lat' dir='ltr'>oportet.</span> <span class='ocrx_word' id='word_1_634' title='bbox 1173 3095 1184 3110; x_wconf 82' lang='lat'>2</span> <span class='ocrx_word' id='word_1_635' title='bbox 1203 3094 1252 3120; x_wconf 82' lang='lat' dir='ltr'>Csr.</span> <span class='ocrx_word' id='word_1_636' title='bbox 1274 3095 1340 3120; x_wconf 88' lang='lat' dir='ltr'>ioan.</span> <span class='ocrx_word' id='word_1_637' title='bbox 1361 3095 1391 3126; x_wconf 83' lang='lat'>5,</span> <span class='ocrx_word' id='word_1_638' title='bbox 1414 3095 1455 3119; x_wconf 75' lang='lat'>29.</span> 
     </span>
    </p>

    <p class='ocr_par' dir='ltr' id='par_1_30' title="bbox 574 3139 1248 3172">
     <span class='ocr_line' id='line_1_100' title="bbox 574 3139 1248 3172; baseline 0 -8"><span class='ocrx_word' id='word_1_639' title='bbox 574 3139 584 3156; x_wconf 80' lang='lat'>³</span> <span class='ocrx_word' id='word_1_640' title='bbox 603 3139 665 3165; x_wconf 85' lang='lat' dir='ltr'>Cod.</span> <span class='ocrx_word' id='word_1_641' title='bbox 687 3141 708 3165; x_wconf 64' lang='lat' dir='ltr'>l&lt;</span> <span class='ocrx_word' id='word_1_642' title='bbox 731 3140 748 3167; x_wconf 93' lang='lat' dir='ltr'>(l</span> <span class='ocrx_word' id='word_1_643' title='bbox 770 3147 783 3164; x_wconf 83' lang='lat' dir='ltr'>a</span> <span class='ocrx_word' id='word_1_644' title='bbox 804 3139 916 3164; x_wconf 80' lang='lat' dir='ltr'>secunda</span> <span class='ocrx_word' id='word_1_645' title='bbox 938 3140 1026 3171; x_wconf 86' lang='lat' dir='ltr'>mann)</span> <span class='ocrx_word' id='word_1_646' title='bbox 1048 3146 1109 3165; x_wconf 76' lang='lat' dir='ltr'>cnm</span> <span class='ocrx_word' id='word_1_647' title='bbox 1130 3146 1248 3172; x_wconf 79' lang='lat' dir='ltr'>corpore.</span> 
     </span>
    </p>

    <p class='ocr_par' dir='ltr' id='par_1_31' title="bbox 502 3183 1454 3348">
     <span class='ocr_line' id='line_1_101' title="bbox 573 3183 1454 3217; baseline 0.001 -9"><span class='ocrx_word' id='word_1_648' title='bbox 573 3183 582 3199; x_wconf 81' lang='lat'><strong>⁴</strong></span> <span class='ocrx_word' id='word_1_649' title='bbox 604 3185 658 3209; x_wconf 78' lang='lat' dir='ltr'>Vnt.</span> <span class='ocrx_word' id='word_1_650' title='bbox 679 3191 762 3217; x_wconf 76' lang='lat' dir='ltr'>quae,</span> <span class='ocrx_word' id='word_1_651' title='bbox 784 3184 975 3215; x_wconf 78' lang='lat' dir='ltr'>refragantibus</span> <span class='ocrx_word' id='word_1_652' title='bbox 996 3184 1080 3215; x_wconf 73' lang='lat' dir='ltr'>codd,</span> <span class='ocrx_word' id='word_1_653' title='bbox 1102 3185 1145 3216; x_wconf 78' lang='lat' dir='ltr'>qui</span> <span class='ocrx_word' id='word_1_654' title='bbox 1167 3191 1213 3216; x_wconf 83' lang='lat' dir='ltr'>per</span> <span class='ocrx_word' id='word_1_655' title='bbox 1233 3184 1365 3216; x_wconf 79' lang='lat' dir='ltr'>quandam</span> <span class='ocrx_word' id='word_1_656' title='bbox 1381 3190 1454 3216; x_wconf 78' lang='lat' dir='ltr'>syne-</span> 
     </span>
     <span class='ocr_line' id='line_1_102' title="bbox 502 3227 1454 3259; baseline 0 -7"><span class='ocrx_word' id='word_1_657' title='bbox 502 3227 541 3252; x_wconf 74' lang='lat' dir='ltr'>sin</span> <span class='ocrx_word' id='word_1_658' title='bbox 562 3229 693 3259; x_wconf 79' lang='lat' dir='ltr'>respicunt</span> <span class='ocrx_word' id='word_1_659' title='bbox 712 3227 904 3252; x_wconf 85' lang='lat' dir='ltr'>substantivum</span> <span class='ocrx_word' id='word_1_660' title='bbox 936 3227 983 3253; x_wconf 84' lang='lat' dir='ltr'>Dei</span> <span class='ocrx_word' id='word_1_661' title='bbox 1010 3229 1035 3252; x_wconf 87' lang='lat' dir='ltr'>in</span> <span class='ocrx_word' id='word_1_662' title='bbox 1064 3228 1194 3253; x_wconf 75' lang='lat' dir='ltr'>adiectivo</span> <span class='ocrx_word' id='word_1_663' title='bbox 1222 3228 1333 3254; x_wconf 71' lang='lat' dir='ltr'>divinae.</span> <span class='ocrx_word' id='word_1_664' title='bbox 1355 3242 1388 3245; x_wconf 91' lang='lat'>-—</span> <span class='ocrx_word' id='word_1_665' title='bbox 1408 3228 1454 3252; x_wconf 80' lang='lat' dir='ltr'>Ali-</span> 
     </span>
     <span class='ocr_line' id='line_1_103' title="bbox 503 3270 1448 3305; baseline 0.001 -11"><span class='ocrx_word' id='word_1_666' title='bbox 503 3275 597 3302; x_wconf 70' lang='lat' dir='ltr'>quanto</span> <span class='ocrx_word' id='word_1_667' title='bbox 612 3272 717 3295; x_wconf 77' lang='lat' dir='ltr'>interius</span> <span class='ocrx_word' id='word_1_668' title='bbox 731 3278 778 3302; x_wconf 86' lang='lat' dir='ltr'>pro</span> <span class='ocrx_word' id='word_1_669' title='bbox 792 3271 929 3305; x_wconf 80' lang='lat' dir='ltr'>infirmari</span> <span class='ocrx_word' id='word_1_670' title='bbox 942 3271 1000 3296; x_wconf 85' lang='lat' dir='ltr'>edd.</span> <span class='ocrx_word' id='word_1_671' title='bbox 1015 3270 1136 3304; x_wconf 70' lang='lat' dir='ltr'>infrinqi,</span> <span class='ocrx_word' id='word_1_672' title='bbox 1154 3275 1178 3297; x_wconf 87' lang='lat' dir='ltr'>et</span> <span class='ocrx_word' id='word_1_673' title='bbox 1192 3279 1239 3302; x_wconf 80' lang='lat' dir='ltr'>pro</span> <span class='ocrx_word' id='word_1_674' title='bbox 1253 3271 1359 3296; x_wconf 78' lang='lat' dir='ltr'>animae</span> <span class='ocrx_word' id='word_1_675' title='bbox 1373 3271 1423 3301; x_wconf 91' lang='lat' dir='ltr'>(ed.</span> <span class='ocrx_word' id='word_1_676' title='bbox 1440 3271 1448 3295; x_wconf 76' lang='lat' dir='ltr'>l</span> 
     </span>
     <span class='ocr_line' id='line_1_104' title="bbox 502 3313 1453 3348; baseline 0.001 -10"><span class='ocrx_word' id='word_1_677' title='bbox 502 3313 569 3338; x_wconf 80' lang='lat' dir='ltr'>bene</span> <span class='ocrx_word' id='word_1_678' title='bbox 583 3314 685 3346; x_wconf 76' lang='lat' dir='ltr'>anima)</span> <span class='ocrx_word' id='word_1_679' title='bbox 700 3314 860 3348; x_wconf 73' lang='lat' dir='ltr'>revivificari</span> <span class='ocrx_word' id='word_1_680' title='bbox 879 3315 936 3340; x_wconf 86' lang='lat' dir='ltr'>cod.</span> <span class='ocrx_word' id='word_1_681' title='bbox 955 3315 974 3339; x_wconf 83' lang='lat' dir='ltr'>N</span> <span class='ocrx_word' id='word_1_682' title='bbox 995 3315 1102 3341; x_wconf 76' lang='lat' dir='ltr'>animae</span> <span class='ocrx_word' id='word_1_683' title='bbox 1121 3315 1228 3340; x_wconf 74' lang='lat' dir='ltr'>reuniri</span> <span class='ocrx_word' id='word_1_684' title='bbox 1238 3315 1307 3347; x_wconf 74' lang='lat' dir='ltr'>(Vnt.</span> <span class='ocrx_word' id='word_1_685' title='bbox 1327 3314 1453 3347; x_wconf 69' lang='lat' dir='ltr'>reinnqi).</span> 
     </span>
    </p>

    <p class='ocr_par' dir='ltr' id='par_1_32' title="bbox 574 3358 1412 3391">
     <span class='ocr_line' id='line_1_105' title="bbox 574 3358 1412 3391; baseline 0.002 -9"><span class='ocrx_word' id='word_1_686' title='bbox 574 3358 584 3373; x_wconf 75' lang='lat'>⁵</span> <span class='ocrx_word' id='word_1_687' title='bbox 603 3358 704 3389; x_wconf 70' lang='lat' dir='ltr'>Qunost.</span> <span class='ocrx_word' id='word_1_688' title='bbox 725 3359 748 3383; x_wconf 84' lang='grc'><strong>·’5.</strong></span> <span class='ocrx_word' id='word_1_689' title='bbox 770 3373 803 3377; x_wconf 87' lang='grc'><strong>-</strong></span> <span class='ocrx_word' id='word_1_690' title='bbox 823 3359 888 3384; x_wconf 85' lang='lat' dir='ltr'>Vide</span> <span class='ocrx_word' id='word_1_691' title='bbox 907 3360 1021 3384; x_wconf 82' lang='lat' dir='ltr'>scholion</span> <span class='ocrx_word' id='word_1_692' title='bbox 1043 3359 1075 3384; x_wconf 87' lang='lat' dir='ltr'>ad</span> <span class='ocrx_word' id='word_1_693' title='bbox 1096 3359 1293 3390; x_wconf 75' lang='lat' dir='ltr'>praecedentem</span> <span class='ocrx_word' id='word_1_694' title='bbox 1314 3361 1412 3391; x_wconf 79' lang='lat' dir='ltr'>quaest.</span> 
     </span>
    </p>

    <p class='ocr_par' dir='ltr' id='par_1_33' title="bbox 574 3402 739 3426">
     <span class='ocr_line' id='line_1_106' title="bbox 574 3402 739 3426; baseline 0 0"><span class='ocrx_word' id='word_1_695' title='bbox 574 3402 584 3418; x_wconf 61' lang='grc' dir='ltr'><em>ὃ</em></span> <span class='ocrx_word' id='word_1_696' title='bbox 605 3402 676 3426; x_wconf 68' lang='lat' dir='ltr'>Ycrs.</span> <span class='ocrx_word' id='word_1_697' title='bbox 699 3402 739 3426; x_wconf 71' lang='lat'>52.</span> 
     </span>
    </p>
   </div>
   <div class='ocr_carea' id='block_1_19' title="bbox 1485 2920 1488 3429">
    <p class='ocr_par' dir='ltr' id='par_1_34' title="bbox 1485 2920 1488 3429">
     <span class='ocr_line' id='line_1_107' title="bbox 1485 2920 1488 3429; baseline 0 0"><span class='ocrx_word' id='word_1_698' title='bbox 1485 2920 1488 3429; x_wconf 95' lang='lat' dir='ltr'> </span> 
     </span>
    </p>
   </div>
   <div class='ocr_carea' id='block_1_20' title="bbox 1521 2916 2475 3038">
    <p class='ocr_par' dir='ltr' id='par_1_35' title="bbox 1521 2916 2475 3038">
     <span class='ocr_line' id='line_1_108' title="bbox 1591 2916 2460 2951; baseline -0.006 -7"><span class='ocrx_word' id='word_1_699' title='bbox 1591 2919 1602 2935; x_wconf 89' lang='lat'><em>⁷</em></span> <span class='ocrx_word' id='word_1_700' title='bbox 1621 2921 1682 2944; x_wconf 73' lang='lat' dir='ltr'>tien.</span> <span class='ocrx_word' id='word_1_701' title='bbox 1705 2920 1733 2950; x_wconf 88' lang='lat'>3,</span> <span class='ocrx_word' id='word_1_702' title='bbox 1755 2920 1801 2944; x_wconf 61' lang='lat' dir='ltr'>to:</span> <span class='ocrx_word' id='word_1_703' title='bbox 1822 2920 1886 2951; x_wconf 85' lang='lat' dir='ltr'>Quia</span> <span class='ocrx_word' id='word_1_704' title='bbox 1907 2920 1992 2950; x_wconf 73' lang='lat' dir='ltr'>pulvis</span> <span class='ocrx_word' id='word_1_705' title='bbox 2011 2926 2053 2950; x_wconf 75' lang='lat' dir='ltr'>es,</span> <span class='ocrx_word' id='word_1_706' title='bbox 2074 2922 2097 2943; x_wconf 85' lang='lat' dir='ltr'>et</span> <span class='ocrx_word' id='word_1_707' title='bbox 2117 2919 2140 2943; x_wconf 87' lang='lat' dir='ltr'>in</span> <span class='ocrx_word' id='word_1_708' title='bbox 2166 2918 2300 2950; x_wconf 78' lang='lat' dir='ltr'>pulverem</span> <span class='ocrx_word' id='word_1_709' title='bbox 2325 2916 2460 2942; x_wconf 83' lang='lat' dir='ltr'>reverteris.</span> 
     </span>
     <span class='ocr_line' id='line_1_109' title="bbox 1521 2963 1870 2996; baseline -0.003 -8"><span class='ocrx_word' id='word_1_710' title='bbox 1521 2963 1570 2988; x_wconf 79' lang='lat' dir='ltr'>Csr.</span> <span class='ocrx_word' id='word_1_711' title='bbox 1591 2964 1664 2988; x_wconf 81' lang='lat' dir='ltr'>Rom.</span> <span class='ocrx_word' id='word_1_712' title='bbox 1686 2963 1714 2995; x_wconf 80' lang='lat'>5,</span> <span class='ocrx_word' id='word_1_713' title='bbox 1737 2964 1776 2988; x_wconf 74' lang='grc'>12.</span> <span class='ocrx_word' id='word_1_714' title='bbox 1797 2970 1870 2996; x_wconf 78' lang='lat' dir='ltr'>seqq.</span> 
     </span>
     <span class='ocr_line' id='line_1_110' title="bbox 1590 3000 2475 3038; baseline -0.003 -7"><span class='ocrx_word' id='word_1_715' title='bbox 1590 3006 1601 3023; x_wconf 76' lang='lat'><strong>⁸</strong></span> <span class='ocrx_word' id='word_1_716' title='bbox 1620 3006 1682 3032; x_wconf 84' lang='lat' dir='ltr'>Cod.</span> <span class='ocrx_word' id='word_1_717' title='bbox 1703 3014 1733 3031; x_wconf 81' lang='lat' dir='ltr'>aa</span> <span class='ocrx_word' id='word_1_718' title='bbox 1752 3006 1900 3038; x_wconf 82' lang='lat' dir='ltr'>subiungit:</span> <span class='ocrx_word' id='word_1_719' title='bbox 1920 3008 1945 3032; x_wconf 80' lang='lat' dir='ltr'>et</span> <span class='ocrx_word' id='word_1_720' title='bbox 1962 3006 2011 3032; x_wconf 84' lang='lat' dir='ltr'>hoe</span> <span class='ocrx_word' id='word_1_721' title='bbox 2030 3006 2088 3032; x_wconf 74' lang='lat' dir='ltr'>vult</span> <span class='ocrx_word' id='word_1_722' title='bbox 2114 3006 2209 3032; x_wconf 78' lang='lat' dir='ltr'>Glossa</span> <span class='ocrx_word' id='word_1_723' title='bbox 2234 3012 2314 3038; x_wconf 80' lang='lat' dir='ltr'>super</span> <span class='ocrx_word' id='word_1_724' title='bbox 2338 3002 2396 3030; x_wconf 79' lang='lat' dir='ltr'>lsai.</span> <span class='ocrx_word' id='word_1_725' title='bbox 2415 3000 2475 3029; x_wconf 64' lang='lat' dir='ltr'>50.t</span> 
     </span>
    </p>
   </div>
   <div class='ocr_carea' id='block_1_21' title="bbox 1519 3045 2475 3303">
    <p class='ocr_par' dir='ltr' id='par_1_36' title="bbox 1519 3045 2475 3214">
     <span class='ocr_line' id='line_1_111' title="bbox 1521 3045 2475 3084; baseline -0.006 -7"><span class='ocrx_word' id='word_1_726' title='bbox 1521 3049 1615 3084; x_wconf 70' lang='lat'>[26.].·</span> <span class='ocrx_word' id='word_1_727' title='bbox 1635 3050 1695 3077; x_wconf 79' lang='lat' dir='ltr'>Erit</span> <span class='ocrx_word' id='word_1_728' title='bbox 1715 3050 1764 3076; x_wconf 57' lang='grc' dir='ltr'>[απ</span> <span class='ocrx_word' id='word_1_729' title='bbox 1783 3050 1854 3076; x_wconf 73' lang='lat' dir='ltr'>solis.</span> <span class='ocrx_word' id='word_1_730' title='bbox 1878 3051 1942 3076; x_wconf 83' lang='lat' dir='ltr'>Vide</span> <span class='ocrx_word' id='word_1_731' title='bbox 1961 3051 2078 3075; x_wconf 80' lang='lat' dir='ltr'>Glossam</span> <span class='ocrx_word' id='word_1_732' title='bbox 2098 3049 2295 3075; x_wconf 74' lang='lat' dir='ltr'>interlinearem</span> <span class='ocrx_word' id='word_1_733' title='bbox 2314 3052 2337 3073; x_wconf 83' lang='lat' dir='ltr'>et</span> <span class='ocrx_word' id='word_1_734' title='bbox 2362 3045 2475 3075; x_wconf 80' lang='lat' dir='ltr'>ordina-.</span> 
     </span>
     <span class='ocr_line' id='line_1_112' title="bbox 1519 3091 2475 3128; baseline -0.006 -9"><span class='ocrx_word' id='word_1_735' title='bbox 1519 3094 1591 3120; x_wconf 78' lang='lat' dir='ltr'>riam</span> <span class='ocrx_word' id='word_1_736' title='bbox 1611 3094 1679 3125; x_wconf 82' lang='lat' dir='ltr'>apud</span> <span class='ocrx_word' id='word_1_737' title='bbox 1700 3094 1820 3120; x_wconf 82' lang='lat' dir='ltr'>Strabum</span> <span class='ocrx_word' id='word_1_738' title='bbox 1846 3097 1870 3119; x_wconf 87' lang='lat' dir='ltr'>et</span> <span class='ocrx_word' id='word_1_739' title='bbox 1888 3095 2034 3125; x_wconf 85' lang='lat' dir='ltr'>Lyranum,</span> <span class='ocrx_word' id='word_1_740' title='bbox 2056 3101 2122 3126; x_wconf 85' lang='lat' dir='ltr'>quae</span> <span class='ocrx_word' id='word_1_741' title='bbox 2148 3095 2186 3118; x_wconf 83' lang='lat' dir='ltr'>est</span> <span class='ocrx_word' id='word_1_742' title='bbox 2205 3092 2347 3118; x_wconf 82' lang='lat' dir='ltr'>secundum</span> <span class='ocrx_word' id='word_1_743' title='bbox 2367 3091 2475 3128; x_wconf 39' lang='lat' dir='ltr'>Hieron&gt;y</span> 
     </span>
     <span class='ocr_line' id='line_1_113' title="bbox 1520 3133 2475 3168; baseline -0.007 -5"><span class='ocrx_word' id='word_1_744' title='bbox 1520 3139 1544 3162; x_wconf 89' lang='lat' dir='ltr'>in</span> <span class='ocrx_word' id='word_1_745' title='bbox 1565 3139 1633 3163; x_wconf 87' lang='lat' dir='ltr'>hunc</span> <span class='ocrx_word' id='word_1_746' title='bbox 1652 3139 1698 3163; x_wconf 85' lang='lat' dir='ltr'>loc.</span> <span class='ocrx_word' id='word_1_747' title='bbox 1721 3152 1753 3155; x_wconf 86' lang='lat'>—</span> <span class='ocrx_word' id='word_1_748' title='bbox 1768 3139 1815 3163; x_wconf 74' lang='lat' dir='ltr'>Pro</span> <span class='ocrx_word' id='word_1_749' title='bbox 1834 3137 1975 3164; x_wconf 73' lang='lat' dir='ltr'>meliorari</span> <span class='ocrx_word' id='word_1_750' title='bbox 1993 3137 2068 3163; x_wconf 90' lang='lat' dir='ltr'>codd.</span> <span class='ocrx_word' id='word_1_751' title='bbox 2088 3138 2137 3162; x_wconf 84' lang='lat' dir='ltr'>FG</span> <span class='ocrx_word' id='word_1_752' title='bbox 2155 3134 2325 3162; x_wconf 77' lang='lat' dir='ltr'>remunerari</span> <span class='ocrx_word' id='word_1_753' title='bbox 2352 3134 2403 3166; x_wconf 80' lang='lat' dir='ltr'>(cfr.</span> <span class='ocrx_word' id='word_1_754' title='bbox 2430 3133 2475 3168; x_wconf 69' lang='lat' dir='ltr'>in·]</span> 
     </span>
     <span class='ocr_line' id='line_1_114' title="bbox 1520 3182 2474 3214; baseline -0.003 -7"><span class='ocrx_word' id='word_1_755' title='bbox 1520 3183 1555 3207; x_wconf 77' lang='lat' dir='ltr'>fra</span> <span class='ocrx_word' id='word_1_756' title='bbox 1577 3182 1601 3207; x_wconf 86' lang='lat' dir='ltr'>d.</span> <span class='ocrx_word' id='word_1_757' title='bbox 1622 3182 1662 3207; x_wconf 71' lang='lat'>[18.</span> <span class='ocrx_word' id='word_1_758' title='bbox 1683 3190 1706 3208; x_wconf 87' lang='lat' dir='ltr'>a.</span> <span class='ocrx_word' id='word_1_759' title='bbox 1729 3183 1751 3207; x_wconf 70' lang='lat'>²2.</span> <span class='ocrx_word' id='word_1_760' title='bbox 1774 3190 1798 3214; x_wconf 80' lang='lat' dir='ltr'>q.</span> <span class='ocrx_word' id='word_1_761' title='bbox 1824 3183 1863 3211; x_wconf 88' lang='grc'>1.).</span> <span class='ocrx_word' id='word_1_762' title='bbox 2473 3197 2474 3201; x_wconf 69' lang='lat'>.</span> 
     </span>
    </p>

    <p class='ocr_par' dir='ltr' id='par_1_37' title="bbox 1519 3222 2473 3303">
     <span class='ocr_line' id='line_1_115' title="bbox 1588 3222 2473 3260; baseline -0.007 -8"><span class='ocrx_word' id='word_1_763' title='bbox 1588 3226 1599 3243; x_wconf 81' lang='lat'>⁹</span> <span class='ocrx_word' id='word_1_764' title='bbox 1618 3226 1667 3252; x_wconf 75' lang='lat' dir='ltr'>Ctr.</span> <span class='ocrx_word' id='word_1_765' title='bbox 1688 3227 1713 3251; x_wconf 88' lang='grc' dir='ltr'>ΙΙ.</span> <span class='ocrx_word' id='word_1_766' title='bbox 1734 3227 1801 3251; x_wconf 81' lang='lat' dir='ltr'>Sent.</span> <span class='ocrx_word' id='word_1_767' title='bbox 1822 3227 1846 3251; x_wconf 86' lang='lat' dir='ltr'>d.</span> <span class='ocrx_word' id='word_1_768' title='bbox 1867 3227 1891 3251; x_wconf 82' lang='lat'>6.</span> <span class='ocrx_word' id='word_1_769' title='bbox 1912 3234 1934 3251; x_wconf 80' lang='lat' dir='ltr'>a.</span> <span class='ocrx_word' id='word_1_770' title='bbox 1955 3227 1977 3251; x_wconf 71' lang='lat'>⁶2.</span> <span class='ocrx_word' id='word_1_771' title='bbox 1999 3234 2023 3258; x_wconf 64' lang='grc' dir='ltr'>(Ι.</span> <span class='ocrx_word' id='word_1_772' title='bbox 2050 3227 2073 3250; x_wconf 79' lang='lat'>2.</span> <span class='ocrx_word' id='word_1_773' title='bbox 2094 3228 2118 3250; x_wconf 83' lang='lat' dir='ltr'>ct</span> <span class='ocrx_word' id='word_1_774' title='bbox 2143 3225 2167 3250; x_wconf 88' lang='lat' dir='ltr'>d.</span> <span class='ocrx_word' id='word_1_775' title='bbox 2193 3226 2228 3249; x_wconf 86' lang='grc' dir='ltr'>ΙΙ.</span> <span class='ocrx_word' id='word_1_776' title='bbox 2249 3232 2270 3249; x_wconf 86' lang='lat' dir='ltr'>a.</span> <span class='ocrx_word' id='word_1_777' title='bbox 2292 3225 2315 3249; x_wconf 80' lang='lat'>2.</span> <span class='ocrx_word' id='word_1_778' title='bbox 2341 3230 2365 3255; x_wconf 81' lang='lat' dir='ltr'>q.</span> <span class='ocrx_word' id='word_1_779' title='bbox 2385 3222 2406 3246; x_wconf 77' lang='lat'>2.</span> <span class='ocrx_word' id='word_1_780' title='bbox 2428 3232 2473 3260; x_wconf 32' lang='grc'>-;</span> 
     </span>
     <span class='ocr_line' id='line_1_116' title="bbox 1519 3264 2457 3303; baseline -0.006 -7"><span class='ocrx_word' id='word_1_781' title='bbox 1519 3271 1566 3295; x_wconf 76' lang='lat' dir='ltr'>Pro</span> <span class='ocrx_word' id='word_1_782' title='bbox 1586 3271 1801 3296; x_wconf 74' lang='lat' dir='ltr'>consummatum</span> <span class='ocrx_word' id='word_1_783' title='bbox 1821 3270 1907 3301; x_wconf 77' lang='lat' dir='ltr'>plures</span> <span class='ocrx_word' id='word_1_784' title='bbox 1928 3269 2003 3295; x_wconf 80' lang='lat' dir='ltr'>codd.</span> <span class='ocrx_word' id='word_1_785' title='bbox 2025 3268 2227 3303; x_wconf 79' lang='lat' dir='ltr'>confirmatam,</span> <span class='ocrx_word' id='word_1_786' title='bbox 2248 3267 2307 3293; x_wconf 85' lang='lat' dir='ltr'>edd.</span> <span class='ocrx_word' id='word_1_787' title='bbox 2327 3264 2457 3299; x_wconf 77' lang='lat' dir='ltr'>confirma-</span> 
     </span>
    </p>
   </div>
   <div class='ocr_carea' id='block_1_22' title="bbox 1518 3313 2473 3433">
    <p class='ocr_par' dir='ltr' id='par_1_38' title="bbox 1518 3313 2473 3433">
     <span class='ocr_line' id='line_1_117' title="bbox 1519 3313 1875 3340; baseline 0 -1"><span class='ocrx_word' id='word_1_788' title='bbox 1519 3315 1573 3339; x_wconf 79' lang='lat' dir='ltr'>tum</span> <span class='ocrx_word' id='word_1_789' title='bbox 1593 3313 1634 3339; x_wconf 79' lang='lat' dir='ltr'>vel</span> <span class='ocrx_word' id='word_1_790' title='bbox 1652 3315 1875 3340; x_wconf 79' lang='lat' dir='ltr'>consummatam.</span> 
     </span>
     <span class='ocr_line' id='line_1_118' title="bbox 1590 3346 2473 3390; baseline -0.01 -7"><span class='ocrx_word' id='word_1_791' title='bbox 1590 3358 1611 3374; x_wconf 83' lang='lat'>1⁰</span> <span class='ocrx_word' id='word_1_792' title='bbox 1630 3358 1741 3389; x_wconf 76' lang='lat' dir='ltr'>supple:</span> <span class='ocrx_word' id='word_1_793' title='bbox 1762 3364 1840 3390; x_wconf 80' lang='lat' dir='ltr'>quam</span> <span class='ocrx_word' id='word_1_794' title='bbox 1861 3357 1995 3389; x_wconf 83' lang='lat' dir='ltr'>quodlibet</span> <span class='ocrx_word' id='word_1_795' title='bbox 2013 3356 2169 3382; x_wconf 87' lang='lat' dir='ltr'>membrum.</span> <span class='ocrx_word' id='word_1_796' title='bbox 2195 3355 2248 3380; x_wconf 86' lang='lat' dir='ltr'>Hoc</span> <span class='ocrx_word' id='word_1_797' title='bbox 2271 3361 2324 3386; x_wconf 81' lang='lat' dir='ltr'>arg.</span> <span class='ocrx_word' id='word_1_798' title='bbox 2347 3354 2369 3378; x_wconf 88' lang='lat' dir='ltr'>in</span> <span class='ocrx_word' id='word_1_799' title='bbox 2388 3346 2473 3377; x_wconf 49' lang='lat' dir='ltr'>codd!</span> 
     </span>
     <span class='ocr_line' id='line_1_119' title="bbox 1518 3393 2472 3433; baseline -0.003 -7"><span class='ocrx_word' id='word_1_800' title='bbox 1518 3403 1622 3433; x_wconf 90' lang='lat' dir='ltr'>ponitur</span> <span class='ocrx_word' id='word_1_801' title='bbox 1646 3402 1736 3427; x_wconf 86' lang='lat' dir='ltr'>ultimo</span> <span class='ocrx_word' id='word_1_802' title='bbox 1755 3402 1825 3433; x_wconf 82' lang='lat' dir='ltr'>loco,</span> <span class='ocrx_word' id='word_1_803' title='bbox 1846 3401 1892 3426; x_wconf 84' lang='lat' dir='ltr'>sed</span> <span class='ocrx_word' id='word_1_804' title='bbox 1911 3401 2003 3426; x_wconf 84' lang='lat' dir='ltr'>solutio</span> <span class='ocrx_word' id='word_1_805' title='bbox 2023 3402 2079 3426; x_wconf 88' lang='lat' dir='ltr'>eius</span> <span class='ocrx_word' id='word_1_806' title='bbox 2098 3400 2221 3425; x_wconf 88' lang='lat' dir='ltr'>secundo.</span> <span class='ocrx_word' id='word_1_807' title='bbox 2471 3393 2472 3401; x_wconf 59' lang='lat'>¹</span> 
     </span>
    </p>
   </div>
   <div class='ocr_carea' id='block_1_23' title="bbox 2471 2882 2476 3386">
    <p class='ocr_par' dir='ltr' id='par_1_39' title="bbox 2471 2882 2476 3386">
     <span class='ocr_line' id='line_1_120' title="bbox 2471 2882 2476 3386; baseline 0 0"><span class='ocrx_word' id='word_1_808' title='bbox 2471 2882 2476 3386; x_wconf 95' lang='lat' dir='ltr'> </span> 
     </span>
    </p>
   </div>
  </div>
 </body>
</html>
