2483 3882
0 2219 43 2241 ctio.

0 2324 44 2346 lum.

821 218 914 250 DlST.
938 218 1012 251 XVI.
1038 218 1067 250 P.
1092 218 1112 250 Ι.
1137 218 1256 250 ΒΗΒΙΑ.

1959 221 2022 253 397

712 395 822 428 DUssta
846 395 952 427 (ΗΒΕΑ
977 395 1163 428 LITTERAM
1185 395 1367 427 MAGISTRI.

474 520 551 552 Due.
575 520 594 551 1.

150 626 180 657 111
206 629 293 668 parte
319 626 376 658 ista
401 629 474 658 sunt
509 625 720 657 dubitationes
745 624 827 657 circa
852 625 1006 663 litteram,

60 684 88 713 et
112 679 213 721 primo
237 679 276 711 de
301 679 357 711 hoc
382 678 466 720 quod
491 678 635 720 Magister
664 678 739 711 dicit
768 678 796 709 in
823 678 940 709 littera:
967 678 1007 709 In

58 732 250 776 perfectione
263 736 373 764 autem
383 731 600 773 poenitentiae
614 732 681 764 tria
696 731 902 764 observanda
918 735 1005 763 sunt.

6 819 8 822 Α
59 786 224 829 Quaeritur
244 785 344 823 enim,
362 788 469 816 utrum
496 784 554 816 ista
576 785 634 816 tria
651 784 712 817 sint
728 788 834 826 partes
851 784 1006 826 poeniten-

6 843 7 873 ]
59 840 117 872 tiae
139 837 354 875 subtectivcte,
379 837 429 869 vel
454 837 630 879 integri-ates
645 837 663 868 ¹.
691 838 723 869 Et
748 837 830 879 quod
857 846 918 869 non
944 837 1006 868 sint

6 932 7 938 ἵ
60 890 249 933 tntaqrates,
283 890 424 922 videtur:
462 890 536 931 quia
572 893 673 921 totum
711 899 770 921 non
805 889 1005 930 praedicatur

59 945 96 978 de
118 948 207 986 parte
231 942 406 985 integrati,-
430 942 485 974 sed
511 942 636 974 conteri
650 946 697 974 est
721 942 898 984 poenitere,
924 941 1007 973 simi-

59 999 126 1031 liter
150 996 299 1038 confiteri
320 999 367 1028 est
391 996 552 1037 poenitere
576 994 926 1038 etscttz'.s·fcteere:e1·go
944 1003 1004 1026 non

58 1055 128 1085 sunt
150 1054 256 1092 partes
281 1049 458 1091 integrales.
483 1049 521 1081 St
545 1052 579 1080 tu
604 1049 716 1086 dicct-5,
742 1048 825 1090 quod
852 1047 935 1080 istud
953 1047 1006 1078 fal-

60 1105 93 1136 lit
116 1104 145 1135 in
170 1107 231 1134 toto
257 1101 460 1144 lmmoyeneo,
478 1101 552 1143 quia
568 1101 726 1143 quaelibet
749 1109 821 1142 pars
845 1100 934 1142 panis
959 1103 1006 1132 est

58 1157 160 1199 panis;
197 1155 369 1192 obiicitur,
406 1154 479 1196 quia
516 1158 617 1185 totum
650 1153 881 1195 lzomoyenettm
910 1152 1005 1184 habet

58 1213 160 1252 partes
184 1208 279 1240 unius
303 1211 452 1245 naturae3
477 1207 667 1248 poenitentia
695 1209 799 1238 autem
826 1215 885 1237 non
913 1205 1006 1237 habet

58 1266 160 1305 partes
184 1261 279 1293 unius
303 1264 434 1292 naturae
459 1264 489 1292 61
513 1259 691 1292 conformis.
715 1259 790 1290 Nam
815 1258 1006 1300 poenitentia

58 1315 189 1348 continet
213 1313 429 1346 contritionem
456 1317 485 1345 et
521 1312 746 1345 confessionem
773 1315 802 1344 et
827 1311 1006 1343 satisfactio-

58 1377 125 1401 nem
137 1393 144 1406 ,
168 1376 248 1408 quac
265 1370 338 1398 sunt
355 1366 480 1398 diversa
497 1366 672 1398 secundum
691 1365 833 1397 formam.
854 1382 891 1386 ——
912 1364 1006 1402 item,

57 1425 160 1464 partes
183 1419 359 1462 integyrcttes
394 1418 619 1450 constituentes
642 1417 770 1459 aliquod
796 1421 914 1455 totum,
940 1417 1005 1448 sive

58 1475 301 1515 homogeneum‚
334 1471 400 1503 sive
433 1467 695 1512 heterogeneum,
732 1470 847 1502 debent
875 1478 943 1502 esse
969 1470 1005 1501 si-

58 1527 139 1565 mul3
164 1525 217 1558 sed
251 1526 309 1557 liae
341 1528 446 1566 partes
472 1524 678 1566 poenitentiae
704 1532 764 1555 non
789 1526 863 1555 sunt
892 1522 1002 1554 simul:

56 1589 128 1622 ergo
151 1583 207 1611 etc.

144 1632 232 1673 Quod
257 1635 362 1663 autem
382 1640 442 1662 non
461 1631 523 1662 sint
538 1630 751 1666 subteettvae,
769 1629 911 1661 videtur:
930 1629 1005 1669 quia

58 1689 119 1718 tota
142 1688 255 1717 natura
291 1683 386 1716 totius
422 1683 611 1715 universalis
643 1682 786 1714 salvatur
810 1682 838 1713 in
864 1681 1005 1723 qualibet

57 1742 141 1781 parte
157 1757 201 1760 -—
217 1737 301 1769 unde
325 1736 405 1768 ratio
430 1740 492 1768 tota
517 1735 661 1767 animalis
682 1739 729 1767 est
746 1735 776 1766 in
794 1735 920 1767 homine
934 1733 945 1751 2
963 1753 1006 1758 -

58 1791 109 1824 sed
127 1791 269 1823 contritio
294 1799 355 1821 non
391 1793 438 1822 est
475 1793 538 1821 tota
573 1792 603 1820 et
626 1788 764 1830 perfecta
797 1787 1005 1829 poenitentia,

57 1853 111 1877 nec
135 1843 301 1876 confessio:
327 1851 401 1884 ergo
426 1852 486 1874 non
512 1844 585 1874 sunt
608 1841 814 1873 subjectivae.
844 1859 887 1863 —
911 1841 1004 1878 Item,

56 1897 226 1929 numeratis
250 1896 394 1938 partibus
409 1894 615 1932 subtectivz's,
634 1897 821 1926 numeratur
838 1897 953 1925 totum:
979 1893 1004 1925 si

57 1959 128 1992 ergo
151 1949 228 1982 istae
252 1953 325 1981 sunt
350 1952 455 1990 partes
472 1947 679 1989 poenitentiae
696 1946 914 1985 sztbz'ectz'oae,
932 1956 1003 1979 cum

58 2003 116 2035 sint
139 2006 219 2040 tres,
244 2006 309 2034 tres
333 2005 406 2034 sunt
437 2000 661 2042 poenitentiae:
698 2003 752 2032 aut
787 2009 861 2041 ergo
902 2000 1005 2041 poeni-

57 2054 168 2087 tentiae
192 2059 256 2087 tres
280 2054 430 2092 virtutes,
455 2057 510 2085 aut
534 2053 594 2085 tria
618 2054 838 2091 Sacramenta3
867 2061 1005 2094 quorum

57 2112 226 2149 utrumque
249 2107 363 2140 falsum
389 2110 445 2139 est.

142 2161 340 2193 RnspoNnEo:
368 2159 555 2198 Dicendum,
584 2159 669 2200 quod
698 2159 888 2200 poenitentia
912 2158 1006 2190 sumi-

57 2217 107 2246 tur
130 2213 314 2256 dupliciter‚
339 2213 456 2246 scilicet
480 2222 537 2254 pro
555 2211 877 2254 poenitentia-virtute
902 2215 932 2244 et
948 2220 1005 2253 pro

56 2266 478 2309 poenitentia-Sacramenta
516 2265 545 2297 Si
578 2265 747 2307 loquamur
780 2265 818 2297 de
850 2264 1007 2307 poeniten-

58 2319 246 2357 tia-virtute;
270 2319 313 2352 sic
349 2319 494 2351 contritio
530 2322 559 2351 et
591 2318 742 2350 confessio
778 2322 808 2350 et
836 2317 1005 2350 satisfactio

59 2381 117 2404 non
141 2376 213 2405 sunt
236 2376 342 2414 partes
366 2371 561 2414 integrales,
588 2371 641 2403 sed
656 2370 872 2413 potestativae
881 2371 901 2402 ³.
920 2371 1005 2402 Sicut

60 2425 139 2457 enim
163 2425 201 2457 ab
225 2434 288 2457 una
312 2425 447 2457 essentia
471 2425 580 2466 plures
605 2424 813 2466 egrediuntur
840 2423 1005 2465 potentiae,

60 2477 101 2510 sic
124 2478 162 2510 ab
187 2487 249 2510 uno
273 2478 384 2510 habitu
420 2477 529 2518 plures
553 2480 642 2509 actus
670 2479 916 2518 consequuntur.
941 2476 1007 2508 Vir-

59 2534 107 2563 tus
130 2531 211 2563 enim
235 2530 442 2573 poenitentiae
459 2530 584 2562 ordinat
601 2530 758 2561 hominem
770 2555 778 2568 ,
795 2533 830 2561 ut
846 2529 1006 2571 puniendo

59 2592 89 2615 se
112 2584 201 2616 faciat
225 2585 391 2616 emendam
418 2583 594 2615 secundum
618 2591 710 2614 omne
734 2582 857 2620 forum3
882 2587 912 2614 et
937 2582 1007 2614 ideo

60 2636 186 2678 quilibet
210 2638 325 2669 horum
351 2640 479 2669 actuum
516 2635 801 2668 denominationem
834 2635 944 2676 recipit
968 2635 1007 2667 ab

59 2689 184 2728 habitu,
207 2694 242 2722 ut
263 2689 427 2731 poenitere
451 2689 592 2727 dicatur3
616 2693 646 2720 et
670 2688 714 2720 sic
735 2688 866 2719 videtur
890 2687 1007 2720 habere

60 2742 207 2774 rationem
233 2743 371 2784 partium
403 2741 679 2778 sabieotz'varum,
705 2741 759 2773 sed
785 2749 818 2773 re
844 2749 919 2772 vera
943 2750 1008 2772 11011

60 2792 190 2832 habent,
215 2795 289 2836 quia
314 2794 466 2827 confessio
498 2798 528 2826 et
564 2794 754 2826 satisfactio¹
778 2802 839 2825 non
869 2797 916 2825 est
940 2803 1008 2835 poe-

61 2846 203 2886 nitentia,
228 2848 279 2880 sed
307 2851 396 2880 actus
421 2847 585 2889 egrediens
602 2856 620 2878 a
636 2847 836 2888 poenitentia⁷
862 2846 1008 2878 similiter

1071 520 1239 552 satisfactio
1273 525 1302 553 et
1338 521 1492 553 contritio.
1526 539 1567 544 —
1602 521 1632 553 Si
1657 525 1761 554 autem
1788 521 1957 563 loquamur
1982 522 2020 555 de
2037 529 2163 551 Notandum.

1071 572 1523 614 poenitentia·Sacramenta,-
1547 574 1590 606 sic
1615 577 1687 606 sunt
1717 578 1822 615 partes
1846 574 2022 616 inteyrcttes

1071 630 1224 667 quantum
1257 626 1295 658 ad
1328 636 1395 658 esse
1423 625 1767 668 perfectum—unde
1798 627 2022 660 rationabiliter

1072 678 1211 720 loquitur
1237 678 1397 720 Magister,
1422 688 1493 710 cum
1531 679 1623 718 dicit,
1648 680 1732 721 qnod
1766 680 1795 711 in
1827 678 2023 721 perfectione

1071 731 1277 772 poenitentiae
1301 735 1359 763 etc.
1372 736 1458 764 —et
1475 732 1519 764 sic
1536 736 1629 774 patet,
1647 733 1730 774 quod
1756 733 1881 765 nullum
1907 733 2020 765 borum

1070 788 1117 816 est
1142 784 1314 825 perfectum
1340 784 1578 816 Sacramentum
1604 785 1669 817 sine
1693 785 1763 817 alio.

1165 836 1200 868 Et
1223 836 1255 868 si
1277 840 1311 867 tu
1335 836 1493 875 obiicias,
1511 837 1594 878 quod
1614 846 1673 869 non
1692 838 1808 870 habent
1825 847 1892 871 esse
1910 839 2022 876 simulg

1071 889 1255 927 dicendum,
1280 889 1363 931 quod
1389 890 1535 931 quamvis
1559 899 1619 921 non
1645 890 1706 922 sint
1723 891 1816 923 simul
1842 896 1931 929 ((0111,
1949 895 2022 923 sunt

1071 945 1174 973 tamen
1200 942 1295 974 simul
1311 947 1395 980 voto,
1414 942 1462 974 vel
1480 942 1601 985 effectu.
1621 943 1706 975 Unde
1723 944 1849 985 quando
1866 945 1936 986 quis
1953 953 2022 977 con-

1072 994 1197 1033 teritur,
1222 994 1316 1027 babet
1340 995 1566 1027 confessionem
1591 999 1621 1027 61
1638 996 1879 1028 satisfactionem
1905 997 1933 1028 in
1948 1007 2023 1039 pro-

1067 1047 1195 1089 posito,-
1218 1051 1249 1079 et
1280 1048 1407 1089 quando
1442 1049 1513 1089 quis
1545 1048 1725 1087 satisfacitss,
1758 1049 1852 1081 habet
1884 1050 2021 1082 duorum

1071 1101 1327 1142 praecedentium
1353 1100 1509 1143 effectum.
1536 1102 1570 1133 Et
1594 1102 1638 1133 sic
1663 1106 1747 1143 patet.
1773 1102 1861 1135 illud.

1480 1207 1554 1239 Dnss.
1581 1207 1613 1238 ΙΙ.

1160 1313 1252 1351 Item.
1277 1313 1442 1354 quaeritur
1466 1313 1504 1345 dc
1530 1313 1588 1345 boc
1624 1313 1708 1355 quod
1733 1313 1824 1346 dicit:
1857 1314 1913 1352 Ut,
1938 1315 2023 1347 sicut

1073 1364 1179 1397 tribus
1205 1365 1310 1397 modis
1348 1366 1449 1397 Deum
1475 1364 1683 1408 offendimus,
1714 1366 1762 1398 ‘ita
1787 1367 1893 1399 tribus
1917 1368 2023 1400 11101113

1070 1417 1328 1460 satisfaciamus
1364 1418 1398 1449 in
1424 1419 1617 1450 contritione
1652 1423 1710 1451 etc.
1747 1420 1928 1452 Secundum
1964 1421 2023 1454 hoc

1071 1472 1152 1503 enim
1181 1472 1321 1510 videtur,
1347 1472 1431 1513 quod
1457 1472 1624 1504 satisfactio
1660 1481 1720 1504 non
1756 1473 1849 1505 debet
1873 1473 2023 1515 distingui

1071 1529 1179 1557 contra
1203 1524 1280 1556 alias
1316 1529 1431 1566 partes.
1456 1543 1499 1547 ——
1524 1525 1615 1563 116111,
1652 1525 1677 1557 51
1715 1525 1816 1557 tribus
1850 1527 1952 1559 modis
1976 1532 2021 1560 est

1071 1577 1250 1609 satisfacere
1286 1577 1461 1609 secundum
1497 1577 1651 1619 triplicem
1690 1578 1819 1610 modum
1855 1580 2022 1620 peccandi:

1071 1639 1146 1672 ergo
1170 1631 1223 1672 qui
1249 1630 1389 1671 peccavit
1413 1631 1444 1662 in
1469 1631 1581 1668 eorde,
1608 1640 1668 1663 non
1692 1631 1835 1669 videtur,
1866 1633 1949 1673 quod
1976 1633 2025 1666 de-

1072 1683 1142 1715 beat
1167 1683 1224 1715 sibi
1250 1683 1366 1724 imponi
1403 1692 1502 1724 poena
1538 1683 1568 1714 in
1605 1693 1725 1721 earne,
1758 1685 1913 1726 quia-per
1942 1695 2026 1728 quae

1071 1736 1145 1779 quis
1165 1740 1298 1778 peccat,
1322 1746 1381 1778 per
1405 1735 1484 1768 haec
1501 1741 1530 1768 et
1550 1737 1710 1778 punietur
1725 1737 1745 1768 ὃ.
1765 1738 1852 1770 Tunc
1876 1747 1951 1779 ergo
1968 1748 2025 1780 pro

1071 1789 1158 1821 nullo
1182 1793 1309 1830 peccato
1333 1789 1489 1831 spirituali
1515 1793 1562 1822 est
1586 1790 1775 1831 imponenda
1792 1790 1979 1829 satisfactio;
1996 1795 2027 1823 et

1071 1841 1149 1874 illud
1175 1846 1222 1874 est
1247 1842 1408 1874 manifeste
1433 1842 1566 1881 falsum,
1591 1852 1663 1875 cum
1696 1846 1823 1884 peccata
1849 1844 2026 1885 spiritualia

1072 1895 1132 1927 sint
1157 1895 1303 1937 graviora
1327 1896 1524 1928 carnalibus:
1550 1905 1625 1938 ergo
1650 1896 1779 1937 gravius
1807 1897 1984 1938 puniuntur
2008 1907 2026 1930 a

1071 1948 1134 1980 Deo
1151 1951 1181 1980 et
1206 1948 1335 1989 gravius
1359 1948 1474 1981 debent
1498 1949 1603 1990 puniri
1622 1959 1639 1980 a
1664 1950 1837 1982 sacerdote.

1161 2002 1359 2034 RESPONDEO:
1385 2002 1578 2042 Dicendum,
1604 2003 1686 2044 quod
1718 2003 1886 2035 satisfactio
1911 2004 2026 2036 dicitur

1072 2054 1250 2095 dupliciter.
1270 2055 1333 2086 Uno
1352 2055 1443 2086 modo
1468 2055 1636 2087 satisfactio
1658 2055 1774 2088 dicitur
1799 2056 1865 2098 ipsa
1885 2057 2028 2088 reconci-

1072 2106 1185 2144 tt'atz'o,·
1209 2111 1238 2139 et
1263 2107 1324 2146 sic,
1351 2108 1424 2149 quia
1449 2117 1558 2140 omnes
1590 2113 1696 2150 partes
1720 2109 1929 2150 poenitentiae
1953 2114 2026 2142 sunt

1071 2161 1110 2193 ad
1139 2161 1421 2193 reconciliationem
1447 2161 1619 2200 ordinatae,
1645 2162 1802 2204 quaelibet
1838 2166 1939 2204 potest
1964 2163 2025 2195 dici

1071 2214 1240 2247 satisfactio
1265 2215 1330 2247 sive
1355 2214 1570 2247 satisfactoria.
1595 2215 1659 2247 Alio
1684 2216 1777 2247 modo
1802 2216 1918 2249 dicitur
1941 2217 2026 2249 satis-

1071 2268 1164 2300 factio
1194 2267 1376 2309 persolutio
1408 2277 1532 2309 poenae
1568 2268 1711 2306 debitae;
1736 2273 1767 2301 et
1798 2269 1842 2301 sic
1879 2270 2027 2311 competit

1071 2321 1198 2362 proprie
1223 2321 1277 2352 uni
1304 2321 1383 2362 parti
1414 2321 1639 2362 poenitentiae,
1677 2330 1758 2363 quae
1794 2325 1841 2354 651
1876 2322 2027 2354 assumtio

1072 2373 1137 2405 sive
1162 2373 1344 2415 adimpletio
1369 2382 1486 2415 poenae
1510 2373 1677 2406 iniunctae.
1696 2374 1905 2406 Nihilonunus
1924 2379 2026 2406 tamen

1072 2426 1140 2458 aliis
1165 2426 1309 2467 partibus
1333 2426 1481 2467 competit
1503 2436 1562 2467 per
1587 2427 1758 2464 accidens,
1784 2430 1892 2469 utpote
1916 2427 2028 2459 contri-

1072 2479 1147 2510 tioni
1173 2479 1292 2511 ratione
1317 2479 1435 2511 doloris
1459 2480 1633 2517 coniuncti⁷
1652 2480 1705 2521 qui
1731 2484 1777 2512 est
1802 2480 1832 2511 in
1855 2484 1943 2521 parte
1961 2489 2026 2512 sen·

1073 2531 1194 2570 sibili⁷;
1220 2532 1364 2564 similiter
1399 2532 1583 2564 confessioni
1620 2532 1753 2568 ratione,
1777 2532 2023 2565 erubescentiae.

1074 2603 1113 2605 —
1141 2584 1175 2615 Et
1198 2584 1241 2616 sic
1266 2588 1350 2625 patet
1374 2584 1524 2625 primum.

1162 2636 1204 2668 Ad
1231 2636 1309 2668 illud
1346 2637 1428 2678 quod
1465 2637 1626 2675 obiicitur,
1663 2637 1747 2678 quod
1781 2646 1840 2669 non
1872 2637 2025 2671 debemus

1073 2688 1252 2720 satisfacere
1275 2688 1418 2720 exterius
1443 2698 1499 2729 pro
1536 2693 1662 2730 peccato
1687 2689 1814 2728 cordis;
1839 2690 2026 2729 dicendum,

1073 2742 1158 2782 quod
1182 2741 1259 2773 illud
1287 2741 1419 2773 verbum
1445 2742 1681 2783 ChrysostomiS
1705 2747 1736 2774 et
1759 2743 1903 2775 similiter
1926 2744 2027 2785 Augu—

1074 2794 1146 2826 stini
1167 2804 1228 2836 per
1252 2794 1559 2836 appropriationem
1576 2794 1778 2836 intelligitur:
1797 2796 1945 2837 quoniam
1969 2796 2026 2828 ista

1075 2847 1134 2878 tria
1159 2847 1350 2888 respondent
1372 2847 1455 2879 omni
1481 2851 1608 2889 peccato
1642 2848 1783 2887 mortali,
1809 2849 1882 2890 quia
1906 2849 2026 2890 quodli-

128 3015 135 3030 1
156 3015 204 3040 Ct'r.
226 3019 287 3041 tom.
308 3017 332 3041 11.
355 3024 414 3048 pag.
435 3017 499 3048 598,
527 3020 585 3041 nota
605 3018 628 3048 9,
649 3019 674 3041 ct
698 3017 812 3048 Aristot.‚
840 3016 871 3041 V.
898 3017 1008 3048 Metapb.

61 3060 116 3083 text.
136 3059 176 3084 30.
196 3067 249 3092 seq.
270 3060 326 3089 (lV.
348 3068 368 3085 c.
389 3060 432 3085 ⁶25.
451 3062 527 3092 seq).

129 3102 139 3118 ‘²
159 3102 220 3128 Cod.
240 3111 270 3129 aa
290 3103 317 3129 in
336 3103 451 3137 quolibet
471 3103 583 3129 homine.

129 3145 139 3162 ³
158 3147 222 3172 Vide
243 3152 303 3173 tom.
325 3148 352 3173 11.
375 3156 435 3180 pag.
456 3149 520 3179 600,
541 3151 599 3173 nota
622 3149 692 3172 1.-
706 3149 761 3172 Mox
782 3155 830 3179 pro
848 3147 881 3173 ab
900 3155 957 3173 una
974 3155 1010 3174 es-

61 3189 142 3215 sentia
162 3191 217 3216 cod.
239 3192 258 3216 ll
278 3191 311 3217 ab
330 3199 384 3218 11110
403 3193 465 3218 actu
485 3192 661 3224 (substantiali
681 3193 737 3217 sive
756 3193 860 3223 forma).

129 3232 139 3249 ⁴
157 3233 219 3260 Cod.
239 3236 270 3267 Ζ,
293 3237 333 3261 bic
353 3236 441 3261 addito
455 3237 478 3261 et
497 3235 634 3266 contritio,
657 3236 763 3260 inferius
777 3236 867 3261 omittit
886 3235 1010 3262 similiter

62 3276 204 3310 satisfactio
224 3280 247 3304 et
266 3279 396 3305 contritio.

129 3321 140 3337 ⁵
159 3322 244 3348 Plures
258 3323 333 3348 codd.
348 3323 506 3348 substituunt
519 3322 679 3354 conteritur,
694 3322 754 3347 cdd.
769 3322 916 3349 conteritur
929 3324 962 3349 et.
976 3338 1009 3341 —

62 3363 130 3389 Idem
150 3365 212 3391 dub.
234 3367 310 3392 solvit
330 3367 398 3392 Alex.
418 3367 481 3399 Hah,
496 3368 520 3392 S.
541 3374 566 3398 p.
582 3367 621 3391 lV.
642 3374 666 3399 q.
692 3367 728 3391 16.
743 3373 777 3392 m.
794 3368 815 3391 1.
836 3371 860 3392 61
880 3369 906 3398 23
927 3368 952 3392 B.
969 3368 1009 3392 Al-

1074 3016 1148 3048 bert.7
1172 3017 1212 3042 liic
1231 3024 1252 3041 a.
1274 3018 1298 3042 2.
1321 3024 1388 3049 scq.;
1410 3018 1434 3042 S.
1456 3017 1559 3047 Tliom¹⁷
1579 3017 1620 3041 liic
1639 3024 1663 3049 q.
1689 3017 1710 3042 1.
1731 3024 1753 3041 a.
1780 3017 1806 3048 l;
1832 3018 1897 3042 Petr.
1921 3025 1933 3042 a
1955 3017 2024 3049 Tar⁴⁷

1075 3061 1115 3086 liic
1135 3068 1157 3085 a.
1182 3062 1201 3085 1.
1223 3061 1382 3093 quacstiunc.
1409 3060 1465 3091 1-4;
1487 3060 1606 3085 Ricliard.
1627 3068 1639 3085 a
1662 3060 1735 3091 Med,
1756 3061 1797 3086 liic
1816 3068 1837 3085 a.
1860 3061 1882 3085 rl.
1903 3068 1927 3093 q.
1950 3062 1972 3086 l.

1144 3105 1155 3121 ⁶
1175 3106 1234 3136 Sap.
1260 3106 1302 3136 11,
1328 3105 1370 3135 17,
1391 3104 1435 3129 ubi
1457 3104 1566 3135 Vulgata
1593 3108 1617 3129 ct
1637 3104 1712 3129 codd.
1739 3104 1787 3129 Eli
1814 3105 1955 3138 torquetur
1979 3113 2026 3137 pro

1072 3148 1209 3181 punietur.

1143 3191 1154 3207 ⁷
1175 3192 1239 3217 Vide
1259 3199 1337 3223 supra
1358 3199 1380 3216 n.
1405 3192 1424 3216 1.
1445 3199 1469 3224 q.
1498 3193 1519 3216 l.
1540 3192 1576 3217 De
1596 3193 1757 3218 confessione
1782 3193 1827 3218 cfr.
1848 3194 1911 3218 intra
1932 3193 1956 3219 d.
1985 3194 2025 3219 17.

1073 3244 1099 3268 p.
1119 3236 1145 3261 ll.
1166 3244 1189 3262 a.
1215 3237 1234 3261 1.
1256 3244 1281 3268 q.
1307 3236 1326 3260 1.
1347 3235 1379 3260 ad
1401 3235 1423 3260 4.

1144 3280 1154 3296 8
1173 3281 1218 3305 Hic
1238 3281 1261 3304 in
1283 3280 1316 3305 lit.
1331 3280 1457 3312 Magistri,
1479 3287 1500 3305 c,
1520 3280 1544 3312 1,
1558 3280 1712 3313 allegatum,
1732 3281 1773 3306 cui
1787 3281 1863 3306 etiam
1883 3281 1964 3307 verba
1979 3283 2026 3307 Au-

1074 3325 1169 3355 gustini
1189 3323 1384 3348 subnectuntur.
1405 3338 1439 3341 —
1457 3324 1593 3356 Aliquanto
1612 3324 1718 3350 inferius
1737 3332 1767 3350 ex
1788 3325 1865 3351 codd.
1886 3325 1964 3351 FGH
1978 3326 2026 3358 DQ

1073 3367 1255 3399 supplex-imus
1273 3366 1389 3398 debetur,
1413 3374 1459 3398 pro
1480 3374 1532 3399 quo
1552 3367 1608 3393 cod.
1629 3368 1648 3393 B
1666 3368 1813 3402 respondet.

2067 2014 2186 2035 Satisfactio

2042 2040 2119 2062 dicitur
2149 2041 2186 2061 du-

2042 2067 2133 2094 pliciter.
