2483 3882
0 1745 45 1767 ›osi-

751 258 843 289 DIST.
870 257 942 288 xix.
967 257 1047 289 ΛΒΤ.
1072 257 1117 288 111.
1143 257 1293 298 QUAEST.
1320 257 1338 288 Ι.

64 347 155 380 tionis
193 345 371 386 assignatur
406 345 506 377 Causa
545 345 667 376 decima
701 348 806 383 sexta,
831 345 1012 386 quaestione

64 400 181 442 prima,
206 401 236 429 et
269 398 297 429 in
328 397 473 439 pluribus
505 397 639 429 decretis
664 401 842 429 sanctorum
875 398 1011 428 Patrum.

64 452 180 484 Habent
203 454 325 487 tamen,
350 449 430 481 sicut
454 449 568 480 ibidem
594 449 779 487 ostenditur,
804 448 1010 480 idoneitatem

64 513 103 537 ex
127 502 236 535 ordine
260 505 290 533 et
313 510 352 533 ex
380 501 460 532 vitae
485 501 614 538 merite,
639 501 687 532 cui
714 501 861 532 adiuncta
890 500 1013 532 iurisdi-

64 556 161 589 ctione
185 563 265 595 quae
287 554 412 591 dicitnr,
429 553 507 585 ordo
532 552 734 584 sacerdotalis
755 552 821 584 exit
843 552 872 583 in
896 556 1011 584 actum.

63 609 147 642 Unde
171 607 270 639 Causa
295 607 416 639 decima
448 609 551 643 sexta,
576 605 758 646 quaestione
790 605 892 646 prima
908 605 927 643 ¹,
954 606 1012 637 Leo

64 662 158 702 Papa:
189 659 374 697 «Monachi,
399 658 455 690 etsi
481 659 510 690 in
537 657 730 690 dedicatione
751 658 799 689 sui
818 657 1013 698 presbytera-

62 717 130 751 tus,
154 713 235 744 sicut
258 715 288 744 et
312 711 404 743 ceteri
436 710 631 748 sacerdotes,
664 709 883 751 praedicandi,
917 709 1012 750 bapti-

1963 262 2024 292 507

1077 344 1185 383 zandi,
1210 345 1430 386 poenitentiam
1455 345 1567 384 dandi,
1600 349 1726 387 peccata
1750 346 1944 385 dimittendi,
1976 347 2026 379 be-

1076 397 1194 429 neficiis
1218 397 1435 429 ecclesiasticis
1462 398 1643 439 perfruendi
1672 398 1729 431 rite
1758 403 1947 440 potestatem
1978 409 2026 432 ac-

1077 449 1209 490 cipiant,
1229 454 1330 482 tamen
1347 451 1582 482 eaeseeutiouem
1601 460 1675 483 suae
1699 452 1860 492 potestatis
1888 462 1948 484 non
1974 453 2025 484 ha-

1077 502 1167 540 bent,
1185 503 1242 534 nisi
1268 512 1285 534 a
1310 503 1426 544 populo
1443 504 1558 535 fuerint
1582 504 1670 536 electi
1696 508 1726 536 et
1750 505 1789 536 ab
1813 505 1958 546 episcopo
1982 514 2023 537 ex

1077 563 1230 586 consensu
1255 555 1376 587 abbatis
1400 556 1578 588 ordinati».

1167 608 1209 638 Ex
1235 608 1284 639 his
1308 612 1408 649 patet,
1434 609 1561 650 qnando
1593 609 1669 641 haec
1700 613 1836 651 potestas
1861 610 1969 649 datur,
1993 614 2024 642 et
2038 621 2145 647 Epilogus.

1077 659 1159 700 quod
1186 669 1346 701 nunqnam
1372 664 1524 701 quantum
1550 662 1588 693 ad
1612 662 1833 694 substanciam
1851 663 2026 702 auferatur,

1076 711 1129 742 sed
1155 711 1257 742 solun]
1283 716 1436 753 qnantum
1462 713 1501 744 ad
1526 714 1660 745 usum²⁸

868 833 1133 871 ARTICULUS
1162 835 1221 871 HI.

613 940 652 971 In
677 949 757 982 quos
781 939 887 971 claves
910 939 1131 971 sacerdotales
1155 939 1297 972 habeant
1319 939 1474 983 effectimt.

147 1054 378 1095 Consequenter
414 1054 567 1093 quantum
603 1051 642 1082 ad
678 1051 806 1082 tertium
838 1050 1008 1082 articulum

59 1106 239 1149 quaeritur,
258 1106 286 1137 in
304 1114 383 1147 quos
400 1104 535 1136 habeant
552 1103 761 1135 sacerdotales
790 1103 893 1135 claves
914 1112 1008 1135 usum

59 1160 107 1192 vel
131 1159 286 1192 effectum.
313 1158 346 1189 Et
370 1158 452 1189 circa
476 1157 535 1188 hoc
559 1156 623 1188 duo
647 1160 854 1198 quaeruntur.

146 1211 248 1243 Primo
272 1209 453 1251 quaeritur,
486 1212 594 1240 utrum
627 1208 790 1246 sacerdos,
824 1208 876 1249 qui
909 1210 1010 1249 potest

1073 1050 1237 1083 absolvere
1255 1051 1418 1084 subditum
1436 1061 1550 1091 unum,
1568 1053 1665 1094 possit
1681 1057 1711 1086 et
1728 1055 1899 1096 quemlibet
1916 1056 2023 1088 alium.

1163 1103 1320 1142 Secundo,
1338 1107 1446 1135 utrum
1472 1104 1619 1137 subditus
1643 1106 1788 1138 sacerdos
1810 1108 1907 1149 possit
1927 1108 2025 1140 absol-

1074 1164 1148 1188 vere
1172 1156 1348 1197 praelatum
1374 1165 1478 1189 suuni.

928 1319 1111 1360 QUAESTtO
1135 1319 1155 1350 Ι.

1291 1386 1301 1399 Χ

173 1419 288 1451 Utrum
314 1418 480 1454 sacerdos,
506 1417 564 1459 qut
582 1420 687 1458 potest
709 1416 875 1448 absolvere
897 1416 1067 1448 subditum
1091 1426 1212 1455 unum,
1234 1417 1339 1458 possit
1362 1421 1391 1449 et
1413 1418 1582 1460 quemlibet
1606 1419 1711 1451 attam
1736 1420 1910 1453 absolvere.

144 1530 232 1562 Circa
248 1529 387 1571 primum
405 1529 448 1560 sic
466 1528 647 1569 proceditur
664 1532 694 1560 et
710 1528 904 1566 ostenditur,
921 1528 1007 1569 quod

58 1584 220 1622 sacerdos,
244 1583 298 1624 qui
322 1582 353 1614 in
378 1590 477 1614 unum
495 1585 610 1623 potest,
635 1581 745 1613 eadem
771 1581 889 1612 ratione
907 1584 1008 1622 potest

57 1641 86 1670 et
110 1637 139 1668 in
164 1644 288 1667 omnem
313 1634 421 1666 alium.

147 1690 173 1720 1.
198 1687 323 1720 Levitici
359 1687 480 1719 declino
517 1686 632 1719 tertio³
657 1686 790 1718 dicitur:
816 1686 939 1723 Homo,
972 1685 1007 1717 iu

58 1742 153 1775 cuius
176 1745 247 1773 erate
270 1740 469 1782 apparuerit
490 1739 593 1781 playa
611 1739 737 1780 leprae,
760 1739 945 1771 adducetur
962 1739 1008 1770 ad

56 1796 170 1828 Aaron
194 1794 414 1831 sacerdotem,
439 1793 488 1825 vel
518 1793 563 1825 act
591 1802 696 1824 uuum
728 1791 898 1835 quemlibet
926 1791 1007 1833 silio-

55 1857 132 1880 γυνη
156 1847 247 1885 ez'us;
271 1856 311 1878 ex
337 1847 395 1878 hoc
419 1849 520 1887 patet,
545 1846 628 1886 quod
655 1845 786 1887 quilibet
810 1844 956 1877 sacerdos
975 1844 1006 1875 in

54 1900 151 1933 veteri
177 1900 243 1941 lege
268 1902 389 1940 poterat
414 1899 554 1930 iudicare
578 1898 617 1930 de
634 1897 780 1929 omnibus
802 1897 950 1929 fidelibus
967 1897 1006 1929 de

54 1954 169 1996 populo
193 1953 305 1991 lsrael,
331 1953 369 1984 de
393 1960 594 1993 quacumque
617 1954 699 1983 esset
723 1950 825 1987 tribu;
848 1950 903 1982 sed
921 1950 1005 1991 quod

53 2007 222 2049 praecessit
247 2007 276 2037 in
310 2005 412 2047 figura
444 2005 537 2037 debet
568 2004 654 2045 sequi
690 2004 719 2035 in
751 2003 898 2035 veritate:
931 2012 1005 2045 ergo

54 2060 196 2098 videtur,
221 2059 305 2101 quod
331 2058 379 2090 hic
405 2058 502 2099 possit
526 2057 658 2099 quilibet
683 2057 829 2089 sacerdos
854 2056 893 2088 de
918 2056 1005 2098 lepra

54 2113 220 2146 cuiuslibet
255 2112 405 2144 iudicare.
438 2111 471 2142 Et
505 2110 603 2142 multo
634 2110 746 2141 fortius
779 2109 828 2141 hic
860 2109 1005 2148 videtur,

54 2165 126 2207 quia
151 2165 249 2196 maior
273 2168 320 2196 est
351 2164 454 2195 unitas
486 2163 516 2194 in
551 2162 685 2194 Ecclesia
717 2166 747 2194 et
778 2167 931 2203 quantum
965 2162 1004 2193 ad

54 2218 265 2250 ministrantes
289 2218 489 2249 Sacramenta
524 2219 554 2248 et
584 2219 738 2257 quantum
770 2215 809 2246 ad
842 2215 1004 2246 caritatem

53 2270 212 2308 fidelium,
236 2279 331 2311 quain
357 2273 430 2301 tunc
454 2268 604 2309 temporis
628 2272 712 2305 erat;
742 2267 795 2299 sed
821 2271 895 2299 tunc
919 2267 1005 2308 qnod

53 2327 173 2364 poterat
196 2331 279 2354 unus
305 2325 448 2363 poterant
472 2330 597 2359 omnes,
630 2324 660 2352 ct
692 2321 722 2352 in
755 2329 848 2361 quem
883 2324 1005 2361 poterat

52 2384 151 2413 unus,
176 2379 206 2407 et
230 2384 354 2406 omnes:
381 2383 455 2415 ergo
479 2377 509 2406 et
534 2373 626 2405 modo
651 2373 744 2405 debet
765 2382 832 2404 esse
850 2373 1004 2404 similiter.

140 2429 170 2460 2.
195 2428 289 2466 Item,
313 2427 466 2459 Dominus
490 2426 640 2458 virtutem
667 2426 757 2458 istam
783 2425 848 2457 sive
874 2428 1005 2466 potesta-

53 2484 114 2512 tem
137 2480 223 2513 dedit
248 2480 358 2521 primis
382 2479 616 2517 sacerdotibus,
640 2483 670 2511 et
694 2479 868 2511 secundnm
887 2478 1005 2510 confor-

53 2533 189 2565 mitatem
215 2542 325 2565 eorum
351 2532 512 2565 descendit
536 2532 565 2563 in
592 2535 752 2573 posteros3
776 2531 830 2563 sed
852 2531 1007 2577 Dominus

54 2586 132 2618 dixit
156 2586 343 2627 generaliter
369 2585 490 2617 Ioannis
517 2584 708 2626 vigesimo⁴z
736 2584 883 2623 Quorum
910 2583 1005 2614 remi-

53 2639 160 2671 seritis
173 2643 328 2680 peccata,
346 2638 562 2670 remittuntur
586 2637 652 2674 eis,·
675 2640 705 2669 et
729 2637 786 2668 boc
812 2636 914 2677 ipsum
933 2636 1005 2668 dici-

53 2695 104 2723 tur
129 2692 298 2724 sacerdoti:
326 2700 400 2732 ergo
425 2691 568 2728 videtur,
593 2690 677 2731 quod
703 2690 795 2721 detur
820 2692 956 2730 potestas
974 2689 1003 2720 in

53 2753 175 2777 omnes:
201 2753 275 2786 ergo
299 2753 408 2776 omnes
434 2747 535 2785 potest
558 2743 732 2775 absolvere.

1163 1527 1191 1559 3.
1217 1529 1310 1567 Item,
1334 1529 1463 1561 ratione
1488 1530 1629 1562 videtur:
1655 1531 1803 1572 quoniam
1822 1532 1863 1563 ita
1880 1532 2025 1565 videmus

1073 1581 1102 1612 in
1128 1582 1377 1622 corporalibus,
1403 1583 1487 1623 quod
1513 1583 1609 1624 ignis.
1642 1584 1695 1625 qui
1725 1584 1883 1616 comburit
1907 1585 1937 1616 in
1962 1595 2025 1617 una

1073 1634 1221 1673 materia,
1246 1635 1403 1666 comburit
1427 1639 1457 1667 et
1481 1635 1510 1666 in
1536 1636 1675 1677 qualibet
1699 1637 1792 1668 simili
1824 1640 1854 1669 et
1883 1638 2024 1670 eiusdem

1072 1687 1204 1728 speciei,
1229 1691 1259 1718 et
1284 1687 1357 1725 lux,
1383 1696 1463 1728 quae
1487 1688 1575 1729 fugat
1599 1688 1761 1720 tenebram
1785 1689 1824 1721 de
1852 1699 1916 1722 uno
1940 1690 2024 1729 loco,

1072 1739 1216 1771 similiter
1240 1743 1271 1771 et
1295 1739 1333 1771 de
1357 1740 1418 1771 alio
1442 1740 1530 1781 pellit
1558 1740 1624 1772 sine
1656 1741 1818 1773 instantia:
1851 1751 1926 1783 ergo
1957 1743 2025 1783 pari

1072 1791 1190 1824 ratione
1215 1792 1341 1824 videtur
1366 1793 1397 1824 in
1428 1792 1604 1834 proposito,
1637 1794 1748 1835 quodsi
1781 1794 1895 1836 aliquis
1928 1803 2028 1827 sacer-

1071 1844 1128 1876 dos
1143 1848 1253 1886 potest
1276 1845 1440 1877 absolvere
1465 1855 1564 1878 unum
1584 1849 1778 1887 peccatorem
1796 1847 2025 1888 poenitentem,

1071 1898 1155 1940 quod
1180 1898 1247 1939 pari
1275 1898 1393 1930 ratione
1418 1899 1515 1940 possit
1539 1902 1569 1931 et
1593 1899 1766 1940 quemlibet
1791 1900 1995 1932 consimilem.

1159 1950 1189 1982 [ι.
1214 1951 1308 1989 Item,
1340 1951 1382 1982 ita
1411 1951 1557 1983 videmus
1589 1951 1619 1983 in
1652 1951 1907 1993 artificialibus,
1939 1953 2025 1994 quod

1070 2002 1185 2041 clavis,
1210 2012 1291 2045 quae
1314 2013 1411 2035 unam
1437 2013 1539 2036 seram
1572 2004 1690 2046 aperit,
1722 2005 1823 2046 aperit
1854 2009 1884 2038 et
1916 2014 2024 2038 omnes

1070 2065 1126 2097 per
1150 2065 1224 2088 eum
1249 2056 1379 2088 modum
1404 2057 1518 2095 factas,
1543 2060 1573 2089 et
1597 2066 1614 2089 e
1638 2066 1807 2096 converso,
1833 2058 1951 2090 multae
1968 2058 2027 2090 cla-

1070 2118 1124 2141 ves
1148 2109 1266 2141 similes
1291 2110 1321 2141 in
1346 2110 1520 2151 quantitate
1544 2113 1574 2142 et
1599 2110 1748 2152 qualitate
1781 2120 1876 2142 unam
1903 2120 2024 2143 seram:

1070 2161 1095 2194 si
1120 2171 1194 2203 ergo
1219 2162 1359 2195 debitum
1384 2163 1528 2204 peccati⁵
1554 2167 1600 2195 est
1630 2164 1789 2195 conforme
1823 2163 1852 2195 in
1878 2164 2025 2195 omnibus

1069 2215 1287 2257 peccatoribus
1311 2215 1559 2256 poenitentibus,
1584 2220 1614 2248 et
1639 2219 1775 2257 potestas
1806 2217 1967 2257 aperiendi
1994 2217 2024 2248 in

1070 2268 1216 2300 omnibus
1241 2268 1383 2300 clavibus
1408 2268 1674 2306 sacerdotalibus3
1698 2278 1772 2309 ergo
1797 2269 1851 2310 qui
1877 2272 1977 2309 potest
1994 2269 2022 2300 in

1070 2329 1186 2358 unum,
1212 2324 1242 2352 et
1266 2320 1296 2352 in
1321 2320 1494 2361 quemlibet
1517 2320 1625 2352 alium.

1160 2374 1187 2404 5.
1212 2373 1306 2412 ltem,
1331 2373 1373 2404 ita
1397 2373 1542 2405 videmus
1560 2373 1590 2405 in
1606 2373 1919 2414 supercaelestibus,
1938 2373 2022 2414 quod

1069 2425 1204 2467 Angelus
1228 2426 1348 2457 ordinis
1372 2426 1528 2457 inferioris
1553 2429 1655 2467 potest
1679 2425 1826 2466 purgari,
1849 2425 2020 2457 illuminari

1069 2482 1100 2510 et
1123 2478 1231 2520 pertici
1250 2488 1268 2510 a
1284 2479 1425 2520 quolibet
1442 2478 1556 2519 Angelo
1574 2479 1747 2520 superioris
1769 2478 1888 2510 ordinis
1903 2478 1930 2509 ⁶³:
1948 2487 2023 2519 ergo

1070 2532 1094 2563 si
1120 2532 1197 2563 haec
1223 2531 1399 2563 hierarchia
1425 2531 1508 2563 illam
1534 2531 1692 2569 imitatum
1718 2541 1789 2563 cum
1823 2531 1899 2563 ordo
1924 2540 2023 2563 sacer-

1069 2584 1181 2616 dotalis
1206 2584 1245 2616 sit
1270 2593 1366 2625 supra
1384 2584 1494 2622 laicos,
1513 2584 1655 2622 videtur,
1672 2584 1756 2624 quod
1774 2584 1905 2625 quilibet
1922 2584 2020 2616 laicus

1069 2646 1086 2668 a
1111 2636 1251 2678 quolibet
1274 2636 1435 2668 sacerdote
1460 2636 1557 2677 possit
1580 2636 1710 2667 absolvi.

1159 2690 1186 2720 6.
1213 2689 1305 2726 Item,
1329 2688 1354 2720 si
1380 2697 1440 2719 non
1467 2692 1566 2728 potest
1594 2688 1758 2720 absolvere
1791 2697 1916 2727 omnes,
1949 2698 2021 2720 cum

1068 2741 1165 2782 possit
1189 2749 1306 2777 unumg
1339 2749 1475 2781 quaero,
1506 2740 1590 2772 unde
1615 2741 1674 2772 hoc
1698 2740 1746 2772 sit.
1779 2741 1837 2772 Ant
1869 2741 1950 2773 enim
1976 2745 2024 2773 est

54 2914 119 2945 vita,
134 2914 168 2938 ita
189 2914 243 2938 sine
266 2914 421 2938 monasterio
441 2913 592 2937 monachus.
613 2912 705 2937 sedeat
725 2913 811 2944 itaque
830 2912 958 2936 solitarius
980 2914 1004 2936 et

55 2959 147 2988 taceat,
167 2958 226 2989 quia
245 2957 344 2982 mundo
363 2960 480 2981 mortuus
500 2959 551 2988 est,
573 2956 624 2980 Deo
645 2959 731 2980 aulem
750 2956 814 2980 vivit
833 2959 881 2980 etc.
910 2955 947 2979 Ad
968 2962 1004 2979 ra-

55 3001 148 3026 tionem
169 3001 281 3026 additam
303 3002 440 3032 respicitur
459 3001 483 3024 in
504 3007 558 3032 seq.
574 3001 758 3031 propositione.
778 3000 838 3024 Loc.
857 3000 897 3024 cit.
913 3003 965 3024 tam
979 3000 1003 3023 in

55 3044 267 3074 praecedentibus
286 3043 441 3075 canonibus,
457 3050 537 3075 quam
551 3044 575 3068 in
590 3050 662 3075 seqq.
682 3042 724 3074 (ex
738 3042 856 3068 Conciliis
870 3046 894 3067 et
907 3043 945 3067 Ss.
961 3043 1005 3067 Pa-

56 3086 135 3112 tribus
154 3088 273 3118 collectis)
289 3088 358 3113 idem
378 3088 479 3112 dicitur.

124 3131 133 3147 1
153 3132 237 3157 Potius
256 3132 367 3157 Gratiam.
387 3139 467 3163 super
487 3131 515 3157 C.
538 3130 684 3157 Adlicimus
703 3130 772 3156 illuct
790 3130 956 3163 etiam(19.)‚
974 3139 1004 3156 ex

55 3173 138 3199 Leone
156 3178 278 3200 sumtum.
300 3176 358 3200 Post
377 3174 547 3208 acclpiantin
563 3177 630 3199 textu
651 3175 768 3205 originali
789 3175 863 3205 plura
883 3174 1004 3199 adiiciun-

55 3219 104 3243 tur.
125 3231 160 3236 —
179 3219 203 3243 ln
222 3219 385 3250 praecedenti
406 3226 525 3250 propos.y
541 3220 566 3242 in
588 3225 638 3250 qna
658 3218 734 3243 valde
755 3218 900 3249 discrepant
921 3218 1004 3243 lectio-

56 3268 114 3293 nes,
136 3264 214 3287 secuti
234 3270 324 3288 sumus
344 3263 401 3288 cod.
423 3264 461 3295 Q;
482 3263 541 3287 edd.
562 3269 629 3295 quae
655 3261 782 3288 adiuncta
810 3261 1001 3294 iurisdictioni,

56 3309 136 3336 quam
154 3305 251 3338 expetit
269 3305 322 3331 siue
341 3305 459 3339 eoeqztz'rit
475 3305 541 3331 ordo
552 3315 563 3337 ‚·
576 3306 658 3330 maior
672 3312 732 3336 pars
746 3305 821 3330 codd.
838 3312 897 3330 cum
912 3305 968 3330 cod.
984 3305 1005 3336 Q

56 3353 123 3380 quae
141 3348 237 3375 dicitur
256 3348 285 3382 [i.
305 3357 327 3374 e.
347 3351 384 3375 sic
404 3349 497 3382 dicta],
518 3350 563 3374 sed
584 3349 662 3374 habet
681 3356 748 3382 quae
767 3356 815 3381 pro
829 3348 892 3381 cuz]
912 3349 968 3374 cod.
985 3350 1004 3373 H

53 3391 148 3415 omittit
174 3398 241 3424 quae
268 3392 388 3424 dicitur,-
413 3392 470 3418 cod.
498 3392 518 3417 Y
547 3399 629 3425 quae,
660 3392 788 3418 adiuncta
811 3391 1002 3423 iurisdictione,

1069 2917 1137 2944 quae
1156 2909 1278 2943 competit
1295 2909 1385 2943 [etiam
1406 2909 1481 2934 codd.
1502 2910 1523 2934 tlt
1536 2909 1555 2933 O
1575 2909 1695 2934 exhibent
1718 2909 1853 2943 competit]
1873 2910 1963 2935 ordini
1981 2917 2021 2936 sa-

1070 2954 1211 2986 cerdotali,
1233 2953 1290 2979 emit
1306 2953 1334 2979 in
1353 2955 1450 2979 actttm.
1471 2953 1495 2977 ln
1520 2953 1569 2978 tine
1598 2953 1673 2978 solut.
1703 2960 1751 2984 pro
1780 2953 1816 2978 acl
1842 2952 2020 2979 substantiam

1068 2998 1127 3024 cdd.
1148 2997 1183 3023 ad
1200 2997 1353 3030 potentiam.

1138 3042 1149 3058 ²
1169 3042 1234 3067 Vide
1253 3042 1368 3067 scholion
1389 3041 1422 3066 ad
1442 3041 1639 3072 praecedentem
1660 3044 1759 3073 quaest.

1139 3086 1150 3103 3
1169 3087 1243 3112 Vers.
1266 3087 1297 3111 2:
1318 3087 1414 3117 Ilomo,
1435 3086 1459 3109 in
1480 3086 1553 3110 cuius
1573 3088 1630 3109 cute
1650 3088 1673 3110 et
1693 3092 1769 3110 carne
1795 3088 1866 3110 ortus
1886 3085 1961 3111 suerit
1981 3086 2019 3111 di-

1070 3137 1160 3155 versus
1180 3130 1251 3155 color
1270 3131 1325 3154 sive
1344 3129 1461 3160 pustula,
1484 3132 1527 3153 aut
1546 3129 1620 3160 quasi
1640 3128 1728 3153 lucens
1753 3129 1905 3160 quidpiam,
1933 3129 1959 3154 id
1984 3132 2022 3154 est

1069 3175 1144 3205 plaga
1165 3174 1253 3205 leprae
1272 3176 1318 3198 etc.
1334 3187 1367 3191 ——
1380 3173 1450 3198 Circa
1467 3173 1543 3197 sinen]
1558 3180 1612 3204 arg.
1629 3176 1685 3204 post
1699 3173 1764 3198 tunc
1784 3172 1908 3206 tenpora—
1926 3173 1984 3198 cod.
2000 3174 2020 3198 A

1069 3219 1160 3243 omittit
1179 3218 1251 3248 erat,
1275 3224 1321 3248 pro
1341 3224 1393 3249 quo
1413 3217 1454 3241 alii
1474 3216 1551 3241 codd.
1572 3218 1645 3242 esset.
1860 3216 1870 3232 ⁴¹
1891 3217 1963 3242 Vers.
1979 3218 2020 3242 23.

1139 3262 1150 3277 ⁵
1169 3261 1251 3286 Codd.
1273 3262 1292 3284 Α
1304 3268 1333 3285 aa
1345 3260 1379 3285 bb
1398 3261 1583 3293 peccatorum,
1605 3261 1692 3292 plures
1712 3261 1752 3285 alii
1772 3260 1848 3285 codd.
1869 3261 1909 3286 vel
1929 3267 2021 3294 pecca-

1069 3304 1122 3330 tori
1140 3305 1180 3329 vol
1200 3303 1355 3337 peccatoris.

1138 3348 1149 3364 ⁶
1169 3348 1317 3373 Secundum
1338 3348 1459 3380 Dionys„
1479 3347 1511 3373 de
1531 3347 1637 3373 Caelesti
1658 3348 1789 3374 Hierarcb.
1812 3355 1832 3374 c.
1854 3349 1876 3374 3.
1897 3349 1950 3381 32.
1965 3356 2019 3381 seq.

1069 3395 1093 3417 et
1113 3399 1134 3417 c.
1155 3392 1179 3416 8.
1201 3391 1216 3423 ‘5
1236 3392 1259 3416 ⁴2.
