2483 3882
673 266 766 298 DIST.
791 266 887 299 XLIV.
911 268 941 300 P.
966 269 986 301 l.
1012 269 1093 302 ART.
1118 270 1150 302 ΙΙ.
1175 271 1327 313 QUAEST.
1352 273 1384 305 ΙΙ.

44 354 121 380 porro
141 348 228 378 docet,
243 350 410 375 mutationem
424 351 487 376 situs
501 352 587 384 quoad
607 353 737 379 secundas
756 357 857 380 mutare
875 355 992 382 identita-

44 395 94 417 tem
112 394 137 417 et
154 391 287 425 partium,
303 396 328 417 et
346 395 422 418 etiam
442 394 529 427 totius,
555 405 566 418 α
579 397 600 421 si
619 397 750 429 loquimur
769 398 802 424 de
821 396 938 430 partibus
957 407 992 427 es-

43 434 211 468 sentialibus,
228 443 278 461 non
292 440 392 469 autem,
408 438 428 462 si
443 438 575 470 loquimur
594 440 625 465 de
646 441 761 472 partibus
774 442 988 476 accidentalibus,

10 475 13 486 ³
44 480 108 505 siout
126 482 186 504 sunt
204 480 287 511 capilli
306 483 331 505 et
351 487 451 512 ungues
466 491 488 506 ι).
509 482 606 508 Tamen
626 485 713 516 quoad
733 489 819 516 partes
838 486 993 521 homoqenei

44 524 149 548 mutatio
172 524 249 555 situs,
273 528 298 549 ut
324 524 392 549 idem
419 524 493 557 dicit,
523 527 620 551 nullum
644 533 779 559 generaret
802 531 990 561 praeiudicium

1944 283 2007 314 913

1056 358 1186 384 identitati.
1207 373 1242 379 —
1260 360 1326 385 Scot.
1347 360 1399 392 (bic
1419 369 1442 394 q.
1465 363 1487 387 sl.
1515 370 1538 388 n.
1561 364 1612 396 ⁴9.)
1636 367 1720 398 putat,
1741 373 1790 391 non
1817 368 1848 392 ita
1875 372 2005 401 constare,

1055 404 1188 428 materiam
1207 405 1367 435 singularum
1387 407 1498 437 partium
1518 407 1551 433 ad
1570 408 1675 434 easdem
1695 410 1837 437 redituram
1856 420 1920 438 esse.

1126 446 1161 471 De
1179 447 1270 472 eadem
1291 449 1314 473 2.
1334 451 1484 481 quaestione
1503 455 1605 483 praeter
1624 453 1756 480 laudatos:
1784 456 1810 480 B.
1829 456 1938 489 Albert.‚
1966 459 2006 483 liic

1054 497 1077 514 a.
1100 491 1123 514 9.
1144 505 1177 508 -—
1198 492 1260 516 petr.
1281 499 1295 516 a
1315 492 1387 525 Tar.y
1419 494 1465 519 loc.
1490 496 1530 520 cit.
1551 503 1573 520 a.
1595 497 1618 521 3.
1637 510 1672 515 —
1692 498 1810 524 Richard.
1831 506 1843 524 a
1866 500 1944 533 Med„
1965 503 2005 527 liic

1055 540 1076 558 a.
1099 534 1123 559 sl.
1145 542 1169 567 q.
1190 534 1213 560 5.
1235 549 1267 552 —
1288 535 1418 569 Durand.‚
1439 539 1479 564 liic
1500 546 1524 571 q.
1547 540 1568 564 l.

904 659 1087 700 QUAesrio
1111 661 1143 693 ιι.

171 748 288 781 Utrum
304 749 448 781 maceria
464 750 726 794 imtuseuiasqae
743 754 881 786 membri
895 761 1052 798 resur-yae
1067 757 1102 789 in
1118 768 1190 796 suo,
1207 769 1250 792 an
1269 760 1491 804 indifferenter
1508 765 1541 796 in
1558 766 1695 808 quolibet
1711 769 1864 802 membro.

127 858 270 890 Secundo
293 860 468 900 quaeritur,
485 861 559 902 quid
586 861 616 893 iu
638 871 700 903 quo
724 868 870 905 resurgat
894 875 990 907 quan⁴

39 914 106 943 tum
130 910 170 942 ad
188 911 347 950 membra,
372 916 480 944 utrum
502 912 619 945 scilieet
636 915 767 947 materia
792 917 989 951 uniuscuius-

39 972 99 1004 que
123 963 256 995 membri
282 964 312 995 in
336 973 412 1002 suo,
436 973 475 996 an
500 965 715 999 indifferenter
732 968 762 999 in
788 970 936 1010 quolibet.
956 971 989 1003 Et

40 1016 122 1057 quod
139 1025 204 1048 uon
229 1016 263 1047 in
286 1026 366 1048 suo.-

128 1070 155 1100 1.
180 1068 311 1101 Videtur
328 1070 519 1111 Augustinus
543 1072 665 1112 dicere,
689 1077 719 1105 et
737 1074 871 1107 babetur
896 1077 926 1108 in
944 1077 990 1109 lit-

13 1130 26 1146 ·-
40 1121 141 1160 tera1,
165 1122 248 1163 quod
266 1131 327 1153 non
352 1122 464 1161 refert,
481 1127 591 1156 utrum
616 1134 690 1166 pars
707 1127 857 1160 materiae
880 1129 989 1161 redeat

39 1173 68 1205 in
92 1182 185 1206 suum
211 1173 329 1213 locum,
355 1174 435 1207 sicut
458 1179 505 1208 est
529 1176 559 1207 in
584 1176 705 1216 fusione
730 1182 859 1211 statuae.

87 1227 153 1258 s2,
179 1226 271 1265 Item,
295 1227 333 1259 ad
360 1227 419 1259 hoo
442 1231 488 1260 est
512 1229 601 1261 ratio
626 1231 800 1269 ostensiva,
826 1234 900 1274 quia
925 1244 987 1266 ma-

37 1279 114 1311 teria
137 1279 189 1310 illa
213 1283 259 1311 est
284 1280 311 1311 in
337 1280 474 1320 perfecta
497 1281 674 1314 obedientia
696 1289 841 1325 respectu
866 1285 987 1318 Creato-

36 1332 95 1364 ris:
113 1340 187 1373 ergo
212 1332 236 1364 si
261 1332 328 1373 ipsa
350 1333 426 1364 nibil
443 1338 592 1374 operatur
607 1334 628 1373 2,
646 1339 676 1367 et
693 1335 819 1368 Creator
836 1347 897 1369 non
914 1339 987 1372 facit

35 1385 113 1423 vim,
137 1385 194 1417 nisi
219 1386 301 1426 quod
322 1389 420 1417 totum
447 1391 614 1427 reparetur
639 1392 669 1420 et
692 1389 813 1428 debite,
838 1391 918 1423 siout
936 1392 986 1424 bo-

35 1446 94 1470 nus
117 1437 248 1476 artifex;
273 1447 347 1479 ergo
373 1439 512 1478 videtur,
536 1441 621 1481 quod
639 1441 705 1473 sine
730 1442 906 1476 differentia
924 1455 985 1477 ma-

35 1490 112 1522 teria
135 1490 230 1522 unius
254 1491 386 1523 membri
413 1492 442 1523 in
468 1492 529 1524 alio
553 1494 650 1534 possit
676 1503 850 1537 resurgere.

121 1542 150 1574 3.
175 1542 264 1576 Item.
288 1543 349 1575 alia
365 1545 445 1575 ratio
476 1545 516 1577 ad
549 1546 607 1577 boc,
631 1550 695 1585 est,
720 1548 794 1589 quia
822 1549 984 1591 dispositio

34 1595 229 1627 contrahitur
253 1596 284 1627 in
308 1605 439 1637 corpore
464 1598 501 1629 ad
537 1600 767 1640 resurgendum
793 1610 834 1633 ex
866 1603 982 1636 unione

34 1648 72 1680 ad
95 1648 249 1679 animam:
275 1657 350 1689 ergo
382 1658 453 1681 oum
479 1651 636 1691 quaelibet
668 1662 742 1693 pars
774 1654 827 1686 toti
860 1656 983 1689 animae

33 1700 169 1738 uniatur,
186 1701 260 1742 quia
276 1701 381 1733 anima
405 1705 468 1734 tota
485 1706 531 1735 est
552 1703 582 1735 in
600 1704 739 1745 qualibet
755 1710 843 1747 parte
855 1707 875 1746 ³,
892 1718 984 1749 quae-

34 1752 107 1784 libet
130 1761 204 1794 pars
228 1753 321 1785 habet
346 1754 587 1787 indifferentiam
612 1756 651 1788 ad
677 1760 786 1789 totum.

120 1806 149 1837 [ι.
175 1805 268 1844 Item,
294 1807 317 1838 si
349 1815 476 1839 necesse
500 1812 563 1847 est,
597 1810 682 1850 quod
707 1809 737 1841 in
767 1811 895 1850 eodem3
928 1814 982 1845 sed

1 1881 4 1885 .
34 1861 114 1896 esto,
131 1858 346 1900 quod-aliquis
367 1859 481 1892 habeat
497 1860 590 1893 nimis
607 1870 757 1903 magnum
777 1868 890 1907 eaput,
908 1868 982 1898 tunc

32 1899 159 1943 necesse
180 1915 262 1943 esset
290 1921 457 1954 resurgere
489 1913 520 1945 in
544 1914 654 1947 eadem
687 1916 902 1957 deformitate3
927 1920 979 1951 sed

32 1964 90 1996 hoo
112 1968 159 1996 est
183 1964 412 1998 inconveniens.

117 2018 176 2048 San
201 2026 340 2049 CONTRA:
371 2019 397 2050 ’1.
424 2019 592 2052 Ezechielis
622 2021 781 2062 trigesimo
810 2024 980 2065 septimo⁴:

2 2069 247 2101 ia-Accesserzmt
271 2079 347 2102 ossa
370 2071 417 2102 ad
440 2081 538 2110 osset,
563 2074 819 2117 unumquodque
843 2076 888 2108 ad
911 2077 982 2108 izm-

32 2124 161 2154 ccuram
185 2132 303 2155 suam.-
328 2132 403 2167 ergo
427 2125 452 2156 si
478 2129 525 2157 est
548 2126 770 2159 convenienter
794 2128 835 2160 ibi
861 2129 981 2170 signata

29 2173 127 2206 forma
150 2176 391 2209 resurrectionis
415 2177 559 2217 futurae,
584 2182 669 2220 patet
692 2183 749 2211 eto.

31 2266 33 2268 Ι
115 2228 145 2259 2.
170 2228 262 2266 Item,
287 2229 417 2261 ratione
441 2230 579 2263 videtur:
612 2232 685 2273 quia
710 2235 901 2266 resurrectio
933 2239 980 2268 est

29 2279 185 2317 eiusdem;
210 2281 265 2313 sed
283 2281 306 2312 si
334 2291 445 2314 manus
462 2282 551 2315 fieret
575 2293 616 2316 ex
635 2286 765 2317 materia
790 2287 893 2327 pedis,
917 2297 978 2320 non

26 2335 107 2367 esset
130 2332 291 2371 eiusdem3
316 2334 360 2366 sio
384 2344 441 2367 neo
457 2336 519 2368 alia
542 2337 649 2378 aliqua
666 2347 757 2379 pars,
783 2340 807 2371 si
835 2339 922 2384 fieret
940 2341 978 2373 de

29 2382 103 2423 alia,
127 2388 157 2416 et
180 2385 223 2417 sic
248 2394 304 2417 nee
329 2390 428 2419 totum
460 2388 558 2420 idem:
589 2398 664 2431 ergo
689 2400 760 2422 cum
788 2392 845 2424 boo
870 2392 909 2425 sit
936 2393 978 2424 in-

29 2438 213 2479 conveniens
228 2439 249 2477 ⁵,
273 2443 357 2480 patet
380 2444 436 2472 eto.

114 2490 142 2522 3.
168 2491 257 2532 Item,
283 2493 474 2525 resurrectio
509 2499 556 2527 est
591 2495 630 2527 ad
668 2495 976 2537 remunerationem3

28 2543 81 2576 sed
104 2544 269 2586 contingit,
295 2554 394 2578 unum
412 2547 591 2580 membrum
617 2557 685 2581 esse
709 2550 845 2582 nobilius
861 2551 975 2590 altero,

28 2598 59 2627 et
78 2596 228 2637 ulterius,
246 2599 344 2640 magis
368 2600 483 2632 mereri
509 2610 571 2632 uno
596 2611 690 2643 quam
716 2602 831 2635 altero:
849 2612 925 2645 ergo
949 2605 973 2636 si

27 2656 85 2680 non
110 2649 202 2682 debet
225 2651 318 2683 alicui
343 2652 570 2693 praeiudicari,
596 2654 649 2686 illa
672 2664 747 2696 pars
771 2657 919 2689 materiae
944 2658 974 2689 in

27 2708 62 2732 eo
85 2702 226 2734 membro
250 2698 343 2736 debet
367 2713 551 2746 resurgere,
576 2716 657 2748 quae
682 2708 770 2749 prius
795 2708 836 2740 ibi
863 2709 929 2741 fuit.

111 2754 140 2786 li.
165 2755 258 2793 ltem,
283 2756 364 2788 sicut
387 2765 420 2789 se
438 2757 532 2790 habet
556 2762 654 2791 totum
674 2769 790 2801 corpus
814 2761 853 2793 ad
878 2765 973 2794 totam

27 2805 177 2846 animam,
201 2808 245 2840 sic
269 2809 380 2841 oculus
404 2810 442 2842 ad
468 2812 640 2852 potentiam
664 2812 813 2852 visivam,
842 2818 876 2846 nt
900 2814 975 2847 dicit

1054 868 1300 911 Philosoplius⁶3
1324 873 1376 905 sed
1403 882 1528 908 necesse
1552 880 1615 915 est,
1634 879 1796 912 materiam
1823 882 1916 914 totius
1937 892 2003 916 eor-

1054 922 1138 961 poris
1162 924 1261 964 aptari
1283 925 1405 958 animae
1422 927 1509 966 huic,
1535 929 1576 961 ita
1600 931 1683 971 quod
1708 941 1768 964 non
1786 934 1854 966 alii:
1880 944 1955 977 ergo
1972 941 2002 969 et

1054 975 1216 1007 materiam
1240 978 1395 1018 potentiae
1426 980 1544 1013 visivae
1568 982 1654 1021 huie,
1687 987 1717 1016 et
1746 994 1805 1017 non
1838 987 1945 1027 alteri:
1970 994 2001 1022 et

1053 1027 1096 1058 sic
1120 1029 1251 1060 materia
1276 1030 1371 1063 huius
1395 1033 1528 1065 membri
1554 1034 1583 1066 in
1606 1035 1663 1068 boe
1688 1038 1830 1070 membro
1855 1040 1999 1074 determi-

1053 1083 1124 1111 nate
1140 1086 1293 1123 resurget.

1406 1199 1644 1225 CONCLUSIO.

1051 1290 1231 1324 Membrum
1257 1296 1510 1339 unumquodque
1525 1297 1768 1340 reformabitm·
1784 1312 1823 1334 ex
1846 1313 1911 1337 sua
1925 1314 2006 1347 pro:

1135 1345 1216 1385 pria
1239 1347 1398 1385 materia,
1415 1353 1577 1391 quatenus
1593 1356 1640 1382 est
1655 1352 1693 1383 (Ze
1708 1353 1778 1385 eius
1794 1355 1998 1397 substantia,

1137 1407 1203 1429 uon
1226 1398 1264 1429 de
1288 1400 1524 1441 superfluitate.

1138 1502 1335 1536 RnsroNDEo:
1354 1505 1542 1547 Dicendum,
1560 1511 1643 1551 quod
1663 1511 1691 1543 in
1718 1513 1860 1546 membro
1885 1515 1950 1548 sive
1967 1517 1997 1549 in

1048 1553 1117 1585 eius
1142 1555 1272 1587 materia
1295 1560 1342 1588 est
1373 1557 1489 1599 aliquid
1525 1562 1740 1602 considerare,
1771 1566 1854 1607 quod
1880 1572 1926 1600 est
1958 1569 1997 1601 de
2012 1581 2134 1604 nanneno.

1047 1605 1235 1639 substantia
1259 1612 1289 1639 et
1312 1609 1518 1650 perfectione,
1543 1613 1679 1655 aliquid,
1705 1617 1787 1657 quod
1814 1622 1859 1649 est
1884 1619 1922 1651 de
1947 1630 1999 1651 szt-

1043 1658 1251 1699 pernicitate,
1288 1661 1368 1693 sicut
1391 1662 1497 1705 aliqua
1532 1667 1675 1699 membra
1710 1669 1782 1710 plus
1807 1671 1923 1703 babent
1958 1673 1997 1705 de

1048 1712 1195 1749 materia,
1231 1723 1325 1754 quam
1362 1717 1548 1749 conveniens
1581 1720 1620 1751 sit
1644 1720 1761 1754 formae
1798 1724 1941 1756 membri.
1967 1726 1997 1758 Si

1044 1764 1155 1804 primo
1180 1766 1289 1805 modo,
1314 1767 1357 1799 sic
1389 1768 1476 1808 dieo,
1500 1771 1584 1811 quod
1617 1775 1868 1817 unumquodque
1900 1786 2156 1815 mem-conclusiol.

1047 1815 1139 1847 brum
1165 1825 1204 1849 ex
1230 1827 1286 1849 sua
1318 1821 1445 1861 propria
1469 1823 1600 1855 materia
1633 1825 1876 1867 reformabitur3
1901 1830 1996 1861 refor-

1046 1869 1142 1901 matio
1165 1870 1247 1901 enim
1273 1873 1439 1912 respondet
1463 1874 1648 1908 formationi.
1668 1878 1753 1911 Unde
1775 1880 1917 1913 eiusdem
1932 1883 1942 1898 ⁷
1966 1887 1997 1915 et

1047 1921 1085 1952 de
1109 1922 1218 1954 eodem
1244 1927 1290 1955 est
1313 1924 1521 1966 reformatio,
1545 1928 1636 1961 cuius
1652 1933 1682 1962 et
1704 1931 1742 1963 de
1759 1941 1822 1973 quo
1846 1933 1904 1965 fuit
1928 1934 1996 1976 for-

1046 1974 1157 2005 matio.
1175 1993 1219 1997 —
1235 1976 1263 2006 Si
1289 1980 1394 2009 autem
1412 1982 1564 2019 quantum
1589 1981 1628 2013 ad
1645 1983 1905 2024 superfluitatem
1917 2012 1926 2025 ,
1952 1987 1995 2019 di·
2011 2002 2122 2024 Conclusio
2134 2005 2155 2025 2,

1046 2027 1179 2059 cendum
1205 2032 1295 2067 tuno,
1320 2031 1403 2071 quod
1429 2031 1506 2064 illud
1526 2035 1692 2074 materiae,
1716 2037 1801 2078 quod
1825 2042 1871 2070 est
1889 2049 1995 2081 super-

1045 2079 1146 2111 fluum
1171 2080 1200 2112 in
1226 2090 1289 2113 una
1312 2087 1418 2123 parte,
1443 2093 1500 2125 per
1532 2089 1630 2118 totum
1656 2088 1866 2130 dispergetur,
1891 2096 1926 2124 ut
1950 2094 1994 2125 sic

1045 2141 1105 2163 non
1130 2133 1269 2165 abundet
1294 2143 1392 2166 unum
1417 2137 1596 2170 membrum
1621 2140 1660 2172 ab
1684 2141 1796 2181 altero,
1822 2144 1880 2176 nisi
1900 2154 1995 2186 quan-

1045 2188 1111 2216 tum
1136 2185 1237 2217 debet.

1138 2238 1161 2268 l.
1190 2238 1223 2270 Et
1247 2239 1289 2270 sic
1315 2239 1454 2281 loquitur
1481 2243 1690 2284 Augustinus,
1715 2248 1799 2288 quod
1824 2252 1929 2289 patet;
1954 2250 1994 2281 lo-
2021 2266 2102 2288 5010210
2116 2273 2154 2294 ορ.

1043 2289 1151 2330 quitur
1175 2291 1256 2322 enim
1291 2292 1329 2323 de
1358 2298 1669 2335 superexcrescentia
1701 2307 1810 2332 eorum
1835 2311 1916 2343 quae
1942 2303 1991 2335 de·
2008 2293 2135 2320 ‘³⁰⁵³²⁰¹'⁰¹¹¹'

1042 2341 1116 2373 bent
1140 2351 1306 2384 resurgere
1320 2344 1339 2376 ⁸.

1131 2396 1158 2426 2.
1184 2396 1227 2428 Ad
1252 2397 1330 2429 illud
1366 2399 1634 2441 quod-obiicitur,
1659 2405 1743 2445 quod
1779 2408 1910 2439 materia
1939 2408 1993 2440 illa

1041 2450 1087 2479 est
1112 2448 1141 2479 in
1166 2448 1303 2489 perfecta
1333 2451 1530 2492 obedientia3
1555 2454 1742 2496 dicendum,
1767 2460 1851 2500 quod
1876 2469 1989 2493 verum

1041 2504 1104 2538 est;
1129 2505 1232 2533 tamen
1256 2502 1383 2535 Creator
1407 2514 1468 2537 non
1493 2507 1561 2539 vult
1584 2508 1702 2548 facere,
1728 2511 1785 2543 nisi
1811 2513 1895 2553 quod
1921 2522 1991 2546 con-

1040 2553 1124 2594 gruit
1141 2554 1242 2595 ipsum
1266 2555 1385 2595 facere;
1402 2561 1433 2589 et
1457 2560 1618 2600 congruit,
1635 2563 1719 2603 quod
1737 2567 1988 2608 unumquodque

1040 2605 1219 2637 membrum
1236 2606 1289 2638 fiat
1306 2607 1345 2640 de
1361 2617 1418 2640 sua
1436 2612 1574 2643 materia.
1588 2631 1632 2636 —
1646 2614 1679 2646 Et
1695 2616 1822 2656 quidam
1849 2619 1987 2652 reddunt
2003 2635 2066 2657 nano
2080 2637 2132 2658 3]ῑο-

1039 2657 1078 2689 de
1102 2658 1160 2690 lioo
1184 2660 1336 2692 rationem
1360 2670 1399 2693 ex
1424 2667 1512 2704 parte
1529 2665 1737 2700 diversorum
1761 2672 1987 2711 appetituum,
2040 2668 2096 2684 ‘¹¹¹⁰‘

1038 2710 1090 2750 qui
1116 2714 1189 2742 sunt
1213 2712 1243 2743 in
1269 2713 1407 2753 pulvere.
1426 2716 1585 2758 Quidquid
1607 2722 1710 2752 tamen
1736 2722 1775 2753 sit
1791 2722 1829 2755 de
1855 2724 1928 2763 boo,
1948 2729 1987 2757 ta-

1037 2771 1109 2796 men
1135 2764 1192 2796 boo
1226 2766 1308 2798 venit
1343 2767 1382 2798 ab
1406 2769 1601 2803 ordinatione
1631 2774 1757 2813 perfecti
1782 2776 1928 2816 artificis,
1953 2783 1988 2811 ut

1038 2820 1163 2857 reparet
1186 2817 1225 2850 de
1249 2819 1357 2852 eadem
1385 2823 1514 2854 materia
1538 2828 1568 2856 et
1591 2826 1700 2858 eodem
1726 2828 1836 2861 ordine
1849 2830 1868 2861 ⁹.

94 2991 102 3007 ¹
122 2992 167 3017 Hic
187 2999 208 3018 c.
229 2995 252 3019 2.

93 3034 104 3051 ²
121 3035 170 3061 Cfr.
190 3043 268 3068 supra
289 3045 348 3070 pag.
378 3039 443 3072 273,
464 3045 522 3066 nota
552 3042 577 3066 3.
607 3043 631 3067 in
662 3042 719 3068 fine.
739 3057 775 3062 —
800 3044 863 3069 Edd.
883 3052 972 3076 prose-

28 3080 154 3109 quuntur:
175 3081 198 3105 et
217 3082 358 3108 creaturae
376 3090 431 3109 non
449 3083 515 3117 facit
533 3089 580 3111 etc.

93 3163 104 3181 4
121 3166 194 3192 Vers.
214 3167 239 3193 7.

92 3208 103 3225 ⁵
121 3210 186 3235 Vide
206 3218 283 3243 supra
304 3213 328 3238 d.
345 3213 386 3239 43.
407 3222 429 3239 a.
446 3215 468 3240 rt.
483 3223 507 3248 q.
524 3215 546 3240 4.
562 3230 595 3234 —
610 3216 633 3241 ln
659 3217 758 3243 maiori
777 3221 835 3250 post
854 3218 970 3246 eiusdem

27 3250 79 3276 cod.
98 3259 127 3277 aa
146 3253 279 3286 subiungit
297 3263 419 3283 numero.

92 3294 102 3311 ⁶
120 3296 187 3322 Libr.
208 3298 233 3323 ll.
255 3299 287 3324 de
305 3300 409 3332 Anima,
431 3304 488 3327 text.
510 3303 532 3327 9.
554 3302 586 3335 (c.
611 3304 657 3335 l.):
678 3304 702 3328 Si
716 3305 784 3329 enim
800 3309 866 3331 esset
880 3307 971 3331 oculus

26 3337 126 3371 animal,
147 3342 231 3367 anima
250 3344 338 3376 utique
358 3345 406 3376 ipsi
426 3346 499 3371 visus
518 3350 610 3372 esset...
632 3346 738 3378 Oportet
758 3349 836 3380 igitur
852 3351 970 3381 accipere

25 3381 92 3411 quod
110 3386 148 3408 est
166 3385 191 3409 in
217 3389 304 3419 parte,
330 3388 355 3412 in
384 3391 436 3414 toto
464 3390 568 3415 vivente
600 3397 723 3423 corpore;
744 3393 970 3423 proportionaliter

161 3436 188 3463 S.
207 3438 307 3465 Bonae.
328 3454 362 3458 —
381 3442 456 3467 Tom.
476 3443 518 3468 lV.

1037 3009 1148 3035 namque
1168 3011 1195 3029 se
1215 3004 1304 3037 habet,
1321 3008 1386 3031 sicut
1404 3015 1464 3039 pars
1484 3009 1515 3033 nd
1537 3014 1650 3044 partemy
1666 3015 1733 3038 totus
1747 3021 1838 3040 sensus
1857 3016 1888 3041 ad
1905 3019 1985 3042 totum

1036 3052 1131 3078 corpus
1144 3049 1308 3080 sensitivum,
1323 3051 1465 3076 secundum
1481 3053 1550 3084 qnod
1571 3055 1728 3081 huiusmodi.
1743 3072 1776 3075 —
1791 3058 1854 3083 lbid.
1869 3062 1927 3085 text.
1943 3061 1984 3085 26.

1036 3089 1068 3120 (c.
1089 3090 1123 3121 2.)
1144 3091 1286 3116 insinuatur
1306 3092 1403 3119 minor.

1104 3133 1115 3150 ⁷
1135 3134 1197 3159 Edd.
1218 3142 1277 3160 cum
1297 3137 1416 3167 pluribus
1435 3139 1512 3164 codd.
1540 3140 1631 3167 eadem
1651 3142 1778 3173 (nonnulli
1799 3145 1874 3170 codd.
1896 3145 1926 3171 de
1946 3153 1986 3172 ea-

1034 3175 1118 3209 dem),
1141 3179 1245 3203 inferius
1269 3181 1352 3211 posito
1377 3181 1433 3207 eius
1459 3183 1583 3213 (nonnulli
1604 3185 1679 3211 codd.
1700 3186 1755 3212 eius
1774 3188 1814 3220 et)
1835 3195 1883 3220 pro
1907 3189 1984 3215 onius

1034 3223 1065 3246 et.
1086 3222 1200 3247 Subinde
1214 3223 1288 3248 codd.
1305 3224 1322 3248 lt
1335 3225 1350 3249 S
1363 3225 1383 3250 T
1395 3226 1414 3250 U
1426 3226 1448 3250 X
1469 3226 1503 3252 bb
1518 3229 1637 3254 omittunt
1649 3230 1786 3263 materiae,
1803 3235 1826 3257 et
1841 3236 1900 3264 post
1913 3233 1985 3267 quod

1033 3265 1092 3290 edd.
1113 3266 1211 3291 addunt
1230 3267 1316 3299 modo,
1339 3276 1368 3293 ac
1388 3273 1445 3301 post
1465 3272 1548 3297 lotum
1567 3274 1689 3305 supplent
1708 3281 1814 3309 corpus.

1105 3308 1116 3325 ⁸
1133 3308 1182 3334 Cir.
1203 3311 1265 3335 infra
1286 3311 1348 3337 dub.
1370 3312 1392 3337 4.
1414 3328 1446 3331 —-
1466 3315 1590 3346 Superius
1618 3324 1667 3348 pro
1695 3318 1733 3344 sic
1752 3319 1828 3345 codd.
1849 3322 1868 3345 Α
1882 3321 1981 3347 FHIK

1033 3358 1061 3376 aa
1083 3351 1129 3381 (bb
1149 3360 1161 3376 a
1182 3354 1293 3379 secunda
1315 3358 1403 3388 manu)
1423 3356 1451 3382 in
1470 3357 1519 3384 hoc
1538 3366 1611 3385 casu.

1102 3395 1113 3411 ⁹
1134 3396 1197 3421 Vide
1217 3402 1315 3430 quaest.
1336 3401 1455 3430 praeced.
1475 3405 1499 3427 ct
1519 3402 1543 3428 d.
1565 3403 1605 3428 43.
1625 3411 1647 3429 a.
1674 3406 1693 3431 1.
1713 3413 1738 3438 q.
1759 3406 1782 3431 5.
1803 3407 1836 3432 ad
1856 3409 1880 3433 6.

1793 3460 1838 3485 115
