2483 3882
318 515 349 534 De
361 514 462 534 ministris

331 541 445 561 Ecclesiae.

352 706 460 732 Origenes.

478 228 540 260 730

476 315 607 350 scendit‚
630 324 687 344 non
711 316 808 352 potest
830 314 867 342 ab
890 313 936 342 liis
960 312 1011 350 qui
1027 311 1235 349 coniugalibus
1250 310 1340 348 paulo
1357 312 1425 339 ante

476 364 601 393 haesere
623 362 841 400 complexibus,
864 360 969 390 violari
993 363 1083 398 atque
1099 359 1248 395 contingi?
1263 359 1328 388 Non
1344 358 1425 396 quod

477 411 596 449 nuptias
618 411 865 445 condemnemus,
881 408 934 438 sed
955 407 1037 446 quod
1060 416 1094 437 eo
1118 410 1269 445 tempore,
1285 415 1344 446 quo
1361 414 1427 436 ear-

476 467 528 488 nes
544 459 617 496 Agni
642 457 850 487 manducaturi
874 464 994 492 sumus,
1010 463 1119 485 vacare
1135 463 1149 484 a
1167 454 1340 484 carnalibus
1356 462 1428 492 ope-

476 506 560 535 ribus
573 506 736 534 debeamus
749 517 774 532 ».
784 504 894 533 —Hoc
906 503 1071 542 capitulum
1085 503 1208 541 proprie
1221 502 1258 532 ad
1275 502 1427 531 ministros

477 554 630 583 Ecclesiae
652 553 803 591 pertinere
826 552 961 587 videtur,
983 551 1095 590 quibus
1117 559 1175 581 non
1209 551 1319 581 licebat
1340 558 1427 580 sacra

478 602 575 632 officia
608 600 762 630 celebrare
794 603 885 638 atque
917 600 1061 638 mysteria
1095 603 1230 637 tempore
1262 598 1428 636 coniugalis

476 649 643 688 amplexus,
659 657 718 687 quo
735 648 824 678 etiam
847 648 1017 686 praesentia
1039 647 1169 685 Spiritus
1191 646 1286 676 sancti
1303 654 1360 676 non
1377 646 1429 676 da-

477 702 533 728 tur.
556 697 640 726 Unde
663 697 741 726 ldem
764 696 821 726 ait:
843 695 1022 725 «Connubia
1038 695 1171 733 legitima
1186 698 1289 725 carent
1305 694 1427 733 quidem

476 749 617 785 peccato,
640 753 695 775 nec
718 748 815 775 tamen
838 748 974 783 tempore
997 744 1063 779 illo,
1079 752 1138 782 quo
1155 743 1328 781 coniugales
1343 747 1429 772 actus

476 797 636 833 geruntur,
658 793 829 831 praesentia
858 792 989 831 Spiritus
1017 792 1112 822 sancti
1134 792 1269 827 dabitur,
1292 791 1380 821 etiam
1404 791 1428 820 si

477 842 626 881 propheta
648 850 713 871 esse
735 842 873 871 videatur
902 841 954 879 qui
988 840 1087 870 officio
1120 839 1320 877 generationis
1343 839 1428 868 obse-

477 891 581 929 quitur
593 890 601 904 ¹
616 902 641 919 ».

1235 224 1519 256 SENTENTIARUM
1543 224 1611 255 LIB.
1636 224 1682 255 IV.

1898 309 1965 339 Cap.
1988 310 2034 340 IV.

1535 404 1648 441 Quibus
1671 404 1856 444 [emporibus
1877 405 2002 444 uupcz‘ae
2023 414 2087 435 uon
2107 405 2169 435 siut
2190 405 2393 437 celebrandae.

1572 501 1633 531 Nec
1654 501 1750 531 solum
1774 501 1802 530 in
1826 509 1918 539 opere
1939 501 2050 531 carnali
2075 501 2263 531 observanda
2285 505 2354 531 sunt
2373 506 2441 533 tem-

1494 557 1578 587 pora,
1600 550 1652 579 sed
1676 549 1765 580 etiam
1798 550 1827 578 in
1858 549 2048 579 celebrandis
2071 549 2192 588 nuptiiS,
2224 550 2390 580 seeundum
2411 551 2441 581 il-

1493 598 1560 628 lud:
1591 598 1679 627 «Non
1702 600 1820 636 oportet
1843 606 1859 627 a
1881 597 2108 636 Septuagesima
2131 606 2227 636 usque
2248 598 2277 627 in
2299 597 2440 629 Octavam
2452 607 2483 630 εει

1494 646 1627 675 Paschae
1649 649 1678 675 et
1708 645 1803 675 tribus
1835 645 2077 675 hebdomadibus
2108 649 2176 675 ante
2208 645 2315 675 festum
2348 647 2441 677 sancti

1493 694 1611 723 Ioannis
1633 697 1662 723 et
1684 693 1721 723 ab
1743 693 1881 723 Adventu
1904 693 2021 723 Domini
2036 701 2132 731 usque
2152 697 2221 732 post
2241 694 2441 732 Epiphaniam

1494 742 1615 779 nuptias
1636 741 1800 771 celebrare.
1817 741 1900 776 Quod
1917 741 1942 770 si
1957 741 2068 771 sactum
2085 741 2189 778 fuerit,
2204 744 2382 780 separentur
2393 742 2404 757 ²
2416 755 2441 772 n.

1494 790 1565 819 Item
1589 789 1731 819 Nicolaus
1753 790 1849 827 Papa:
1877 789 1963 819 «Nec
1986 797 2110 819 uxorem
2133 789 2245 819 ducere
2267 798 2322 819 nec
2344 790 2483 821 contu-ri<

1494 838 1542 875 gia
1564 838 1663 868 facere
1684 837 1936 876 quadragesimali
1953 841 2087 876 tempore
2103 838 2265 867 convenire
2280 846 2368 876 posse
2383 838 2441 869 ullo

1495 886 1584 916 modo
1606 885 1775 916 arbitror».

771 1082 1265 1138 COMMENTARIUS
1305 1081 1374 1134 IN
1411 1080 1905 1134 DISTINGTIONEM
1942 1081 2149 1134 XXXH.

1124 1213 1174 1249 De
1204 1211 1419 1249 matrimonio
1449 1211 1564 1261 quoad
1593 1210 1695 1248 fidem
1724 1210 1798 1247 tori.

842 1332 1018 1365 Sciendum
1044 1335 1093 1363 est
1115 1331 1233 1369 eliam,
1258 1331 1345 1373 quod
1368 1340 1442 1362 cum
1468 1331 1501 1362 iu
1527 1330 1678 1362 omnibus
1703 1330 1780 1362 aliis
1805 1330 1859 1362 vir
1880 1330 2009 1372 praesit
2031 1335 2086 1362 ete.

1305 1468 1442 1501 DIVISIO
1466 1469 1621 1501 TEXTUS.

566 1612 667 1652 Supra
691 1611 753 1652 egit
770 1610 914 1651 Magister
932 1609 970 1641 de
988 1608 1077 1640 bonis
1095 1607 1283 1639 matrimonii
1303 1607 1332 1638 in
1350 1615 1430 1639 com-

479 1665 574 1697 muni.
601 1664 652 1696 Hic
681 1663 857 1705 specialiter
893 1662 972 1704 agit,
998 1661 1156 1704 quomodo
1188 1660 1236 1692 vir
1272 1660 1430 1701 obligatur

478 1717 590 1755 uxori⁷
615 1720 645 1748 et
669 1725 686 1748 e
710 1724 878 1753 converso,
903 1717 1058 1755 quantum
1090 1713 1130 1745 ad
1167 1712 1355 1744 solutionem
1381 1711 1431 1743 de-

478 1770 544 1802 biti.
569 1769 664 1802 Habet
688 1772 793 1801 autem
820 1769 896 1800 haec
921 1776 995 1809 pars
1024 1767 1113 1799 duas.
1149 1767 1179 1798 ln
1204 1766 1306 1807 prima
1331 1765 1431 1797 deter-

479 1822 593 1861 minat,
619 1831 699 1863 quae
727 1821 766 1853 sit
790 1820 937 1862 obligatio
974 1820 1054 1852 inter
1090 1828 1224 1851 uxorem
1260 1822 1290 1851 et
1326 1818 1429 1850 virum

479 1879 633 1917 quantum
658 1875 698 1906 ad
723 1874 817 1906 fidem
842 1873 911 1905 tori.
937 1873 969 1904 ln
988 1872 1126 1905 secunda
1143 1871 1340 1909 determinat,
1359 1879 1432 1912 quo-

479 1928 572 1960 modo
597 1931 627 1960 et
651 1927 786 1969 qualiter
809 1927 887 1958 haec
911 1926 990 1958 fides
1014 1925 1109 1958 fuerit
1134 1925 1163 1956 in
1189 1924 1333 1956 Patribus
1357 1924 1432 1955 anti-

479 1981 559 2022 quis,
585 1981 665 2012 infra
689 1979 887 2012 distinctione
919 1979 1079 2019 trigesima
1111 1977 1220 2009 tertia:
1249 1976 1431 2017 Quaeritur

480 2033 532 2066 ltz'c
556 2034 593 2065 {Ie
617 2032 764 2076 antiquis
788 2032 951 2064 Patribus
975 2036 1032 2064 etc.

568 2086 671 2118 Prima
695 2094 769 2127 pars
794 2085 889 2117 habet
913 2085 992 2117 duas
1017 2087 1131 2125 partes.
1157 2083 1188 2115 In
1213 2083 1316 2124 prima
1333 2082 1433 2114 deter-

479 2139 577 2171 minat
600 2139 639 2171 de
665 2138 757 2170 modo
781 2137 987 2178 obligationis.
1013 2137 1044 2168 ln
1063 2135 1201 2168 secunda
1218 2135 1257 2167 de
1281 2138 1431 2176 tempore,

479 2192 510 2223 in
534 2200 596 2233 quo
621 2191 714 2223 debet
736 2190 877 2222 debitum
896 2189 975 2231 peti,
993 2188 1052 2221 ibi:
1072 2189 1110 2220 Et
1128 2188 1199 2220 lieet
1222 2187 1364 2219 debitum
1379 2197 1432 2228 po-

479 2244 582 2277 scenti
603 2244 647 2276 sit
669 2253 795 2285 semper
818 2242 1008 2274 solvendum
1033 2245 1089 2274 etc.
1118 2242 1218 2273 Prima
1242 2250 1316 2283 pars
1338 2241 1432 2272 habet

1495 1606 1584 1638 duas.
1601 1607 1633 1638 ln
1650 1606 1752 1648 prima
1768 1606 1918 1645 ostendit,
1935 1600 2018 1648 quod
2036 1606 2084 1637 vir
2101 1609 2131 1638 et
2148 1615 2231 1638 uxor
2256 1606 2285 1638 in
2304 1606 2362 1638 hac
2378 1606 2442 1648 lege

1495 1660 1560 1691 sive
1584 1659 1646 1691 fide
1681 1659 1861 1691 iudicantur
1896 1659 1937 1691 ad
1962 1659 2066 1700 paria,
2091 1663 2122 1691 et
2145 1659 2230 1700 quod
2262 1668 2345 1691 unus
2380 1659 2443 1692 sine

1496 1712 1656 1744 voluntate
1680 1711 1810 1744 alterius
1834 1712 1992 1744 continere
2023 1721 2084 1744 non
2116 1712 2227 1744 valeat.
2253 1712 2285 1744 ln
2309 1712 2444 1745 secunda

1495 1765 1735 1797 auctoritatibus
1759 1764 1941 1803 confirmat,
1966 1764 2025 1797 ibi:
2053 1765 2147 1805 Quod
2177 1774 2253 1797 vero
2284 1764 2354 1796 sine
2377 1774 2444 1796 eon-

1495 1828 1593 1850 seusu
1617 1817 1736 1850 uxoris
1758 1821 1815 1850 etc.

1588 1872 1626 1902 Et
1650 1870 1721 1902 licea
1744 1870 1887 1902 debitum
1920 1870 2067 1912 poscenti
2092 1870 2137 1902 sit
2170 1880 2297 1912 semper
2329 1870 2445 1902 solven-

1496 1924 1586 1956 dum.
1611 1924 1690 1956 Haec
1713 1927 1759 1955 est
1784 1923 1922 1956 secunda
1946 1932 2036 1965 pars,
2063 1923 2092 1955 in
2118 1932 2180 1965 qua
2204 1924 2392 1956 determinat
2407 1923 2444 1956 de

1497 1980 1656 2018 tempore,
1681 1986 1743 2017 qno
1768 1976 1940 2017 petendum
1965 1979 1996 2008 et
2020 1976 2204 2008 solvendum
2224 1979 2270 2008 est
2295 1976 2444 2015 debitum⁷

1496 2033 1526 2061 et
1552 2030 1627 2061 baec
1650 2038 1725 2071 pars
1748 2029 1842 2061 habet
1866 2029 1955 2061 duas.
1972 2029 2004 2060 In
2022 2029 2124 2070 prima.
2141 2029 2345 2066 determinat,
2362 2028 2444 2070 quod

1497 2091 1557 2114 non
1582 2090 1706 2123 semper
1731 2085 1777 2114 est
1812 2081 1953 2114 debitum
1990 2081 2178 2122 petendum,
2202 2081 2347 2123 quamvis
2371 2089 2445 2113 sem-

1496 2144 1553 2176 per
1577 2135 1617 2166 sit
1647 2134 1844 2166 solvendum.
1869 2134 1900 2165 In
1926 2134 2065 2166 secunda
2100 2134 2272 2166 incidenter
2304 2133 2444 2166 determi-

1496 2191 1567 2226 nat,
1592 2187 1676 2229 quod
1700 2197 1761 2219 non
1786 2187 1870 2219 omni
1895 2191 2037 2229 tempore
2061 2190 2107 2219 est
2125 2187 2393 2226 contrahendum,
2416 2189 2444 2219 et

1497 2240 1556 2272 hoc
1581 2240 1639 2272 ibi:
1666 2239 1731 2271 Nee
1754 2239 1861 2271 solum
1885 2239 1919 2271 z'u
1945 2248 2039 2281 opere
2062 2239 2197 2271 carnali·
2219 2242 2276 2271 etc.

1214 2392 1423 2424 TRACTATIO
1448 2391 1721 2432 QUAESTIONUM.

569 2537 611 2570 Ad
638 2537 874 2579 intelligentiam
893 2536 988 2568 huius
1006 2535 1104 2577 partis
1122 2534 1286 2577 quaeritur
1304 2535 1342 2566 de
1360 2534 1434 2566 obli-

481 2591 603 2633 gatione
639 2590 806 2632 coniugum
843 2592 996 2631 quantum
1034 2589 1073 2621 ad
1109 2588 1295 2620 solutionem
1326 2587 1432 2620 debiti.

481 2643 569 2675 Circa
593 2643 677 2684 quod
702 2646 838 2684 quatuor
863 2642 1001 2674 breviter
1026 2643 1149 2682 oportet
1173 2640 1292 2682 quaeri.

571 2696 672 2727 Primo
696 2695 859 2737 quaeritur
884 2694 923 2726 de
947 2693 1134 2735 obligatione
1151 2701 1207 2735 per
1232 2692 1434 2734 comparatio-

482 2758 552 2781 nem
577 2749 616 2780 ad
641 2751 748 2780 votum
775 2747 989 2780 continentiae.

569 2800 728 2838 Secundo,
754 2809 810 2841 per
835 2799 1100 2841 comparationem
1136 2798 1176 2830 ad
1211 2798 1356 2830 accidens
1385 2806 1434 2829 su-

482 2852 677 2895 perveniens.

572 2905 692 2944 Tertio,
718 2914 772 2946 per
798 2904 1061 2945 comparationem
1088 2904 1126 2935 ad
1153 2907 1291 2944 tempus⁷
1317 2904 1346 2934 in
1372 2912 1433 2944 quo

484 2959 625 2991 debitum
651 2958 743 2990 debet
769 2958 829 2999 peti
855 2961 885 2989 et
910 2957 998 2989 solvi.

1586 2534 1717 2574 Quarto,
1743 2533 1781 2565 de
1806 2536 1961 2575 tempore,
1986 2533 2017 2565 in
2042 2541 2104 2574 quo
2128 2533 2242 2565 debent
2258 2532 2384 2574 nuptiae
2401 2540 2444 2564 ce·
2482 2525 2483 2529 ¹

1499 2586 1624 2619 lebrari.

1586 2639 1673 2671 Circa
1697 2639 1835 2681 primum
1862 2639 1925 2671 duo
1949 2642 2155 2680 quaeruntur.
2416 2642 2420 2645 '
2481 2644 2483 2659 ν

1588 2691 1691 2723 Primo
1715 2691 1880 2733 quaeritur
1892 2717 1899 2730 ,
1916 2695 2025 2723 utrum
2042 2694 2111 2732 post
2127 2689 2285 2723 carnalem
2302 2688 2442 2732 copulam

1498 2745 1596 2786 possit
1621 2745 1668 2776 vir
1693 2744 1869 2783 continere,
1894 2753 1996 2776 uxore
2020 2743 2153 2776 nolente.

1587 2797 1747 2835 Secundo,
1771 2800 1880 2829 utrum
1919 2796 2015 2838 possit
2050 2796 2226 2835 continere,
2262 2803 2362 2828 uxore
2396 2802 2443 2826 no-

1499 2850 1599 2889 lente,
1623 2853 1694 2882 ante
1719 2850 1875 2882 carnalem
1902 2850 2167 2882 commixtionem.

557 3300 563 3315 ¹
586 3300 702 3331 Origen„
724 3302 796 3325 Hom.
827 3302 850 3325 (3.
880 3309 903 3325 in
924 3302 1049 3326 Numeros
1071 3308 1092 3325 n.
1115 3301 1142 3327 3:
1164 3300 1190 3326 C.
1212 3299 1349 3326 Comzubia
1374 3299 1433 3332 leffi-

486 3342 548 3367 timcz
571 3343 634 3374 (4,),
655 3343 681 3368 C.
703 3345 742 3368 32.
763 3352 786 3375 q.
808 3346 831 3368 2.

1569 3299 1578 3315 2
1599 3298 1658 3324 Can.
1679 3299 1740 3325 Non
1760 3299 1862 3331 oportet
1880 3298 1961 3331 (lo),
1982 3298 2008 3323 C.
2029 3298 2069 3323 33.
2091 3305 2115 3330 q.
2137 3297 2158 3322 li.
2180 3298 2238 3329 Seq.
2259 3297 2329 3322 loeus
2345 3294 2370 3320 C.
2389 3293 2439 3320 Neo

1495 3349 1610 3368 umorem
1630 3342 1712 3374 (lh),
1733 3342 1794 3367 ibid.
2475 3340 2476 3349 ¹
