2483 3882
11 820 109 848 Quaestio
123 819 154 839 in—

45 848 125 869 cidens.

11 1137 161 1159 Fundamenta.

31 2354 122 2376 Effectus
136 2354 156 2376 3.

13 2459 123 2482 Conclusio
138 2460 157 2482 1.

826 248 922 280 DIST.
948 247 994 280 lV.
1020 247 1050 278 P.
1075 247 1095 278 1.
1120 247 1201 278 ΑΒΤ.
1227 247 1248 278 l.
1273 246 1426 287 QUAEST.
1452 246 1496 278 ΙΙΙ.

256 340 284 370 2.
310 338 402 376 ltem,
421 336 549 368 ratione
574 336 718 369 videtur:
737 337 812 378 quia
835 336 1011 378 baptismus
1036 334 1122 366 resti-

166 391 226 423 tuit
249 390 421 432 quemlibet
445 390 484 421 ad
509 389 634 431 plenam
662 389 886 427 innocentiam,
904 388 945 420 ita
961 387 1044 430 quod
1071 387 1122 419 ba-

166 444 301 486 ptizatus
325 443 428 475 statim
455 442 610 481 evolaret,
629 443 653 474 si
672 446 869 479 morereturg
886 441 940 474 sed
959 450 1042 473 unus
1060 449 1120 472 non

166 501 213 529 est
235 497 334 529 altero
359 495 552 528 innocentior
567 496 595 527 ¹:
621 504 696 537 ergo
720 499 777 528 etc.

255 549 283 581 3.
309 549 402 586 item,
428 547 604 589 baptismus
622 548 716 580 habet
741 548 911 580 efficaciam
936 557 954 579 a
978 546 1122 588 passione

165 601 301 639 Christi3
326 601 380 633 sed
406 600 550 632 Christus
575 600 749 641 aequaliter
771 609 803 632 se
821 600 934 632 obtulit
954 609 1010 641 pro
1027 598 1123 630 omni-

166 654 247 686 bus:
276 662 351 694 ergo
383 656 413 685 et
444 653 680 685 Sacramentum
707 653 881 694 aequaliter
905 652 999 684 habet
1023 651 1124 684 effica-

167 707 246 739 ciam
272 707 302 738 in
328 706 486 737 omnibus.

256 760 350 797 ltem,
375 767 509 801 quaero:
530 759 559 790 in
577 768 639 800 quo
656 759 807 791 maiorem
826 759 920 791 habet
937 758 1122 790 efficaciam.

168 816 223 845 aut
247 813 278 844 in
296 821 332 844 eo
349 812 402 853 qui
420 811 530 853 mayis
547 812 706 853 peccavit,
723 815 778 844 aut
804 812 832 843 in
858 821 894 844 eo
915 811 968 853 qui
987 810 1123 843 minus?

168 865 258 907 Quod
277 865 305 896 in
331 874 367 897 eo
392 865 444 906 qui
464 865 591 906 inagyis,
610 865 753 897 videtur:
779 865 853 907 quia
879 865 1004 906 utrique
1018 867 1122 895 totum

166 918 355 951 remittitur.
374 921 404 949 et
423 917 464 949 illi
484 918 601 958 magis,
619 918 671 959 qui
691 918 831 959 peccavit
847 917 994 958 amplius.
1008 935 1051 939 —
1064 916 1122 948 Sed

167 972 252 1014 quod
278 972 307 1003 in
333 980 369 1003 eo
394 971 447 1012 qui
473 971 605 1008 minas,
629 971 774 1003 videtur:
801 971 875 1012 quia.
893 971 943 1002 ille
961 974 1008 1002 est
1025 970 1125 1011 gratia

167 1025 312 1066 dignior:
337 1033 413 1065 ergo
438 1028 494 1056 etc.

258 1077 405 1108 Conana:
434 1078 460 1108 l.
486 1076 606 1108 Dicitur
632 1077 776 1108 Matthaei
802 1076 953 1117 vigesimo
975 1075 1122 1117 quint02:

172 1129 265 1161 Dedit
289 1129 469 1171 unicnique
485 1129 667 1161 secandam
682 1129 859 1170 propriam
875 1129 1051 1166 virtutem
1069 1127 1123 1159 sed

167 1191 252 1215 unus
276 1187 323 1214 est
347 1183 420 1224 plus
437 1182 609 1224 dispositus
626 1192 721 1224 quam
740 1182 839 1214 alter:
858 1191 932 1223 ergo
950 1191 1034 1213 unus
1052 1181 1124 1222 plus

167 1236 279 1277 accipit
303 1245 318 1267 a
346 1236 408 1268 Deo
435 1236 463 1267 in
489 1236 644 1277 baptismo
669 1245 763 1277 quam
789 1236 878 1267 alter.

256 1290 285 1320 ²2.
313 1289 404 1327 ltem,
430 1289 680 1321 [minascenusssz
713 1301 727 1317 «
745 1289 945 1320 l'eccatnrum
976 1288 1123 1319 omnibus

167 1342 312 1374 similiter
347 1351 403 1383 per
439 1342 631 1384 baptismum
668 1341 758 1374 venia
795 1341 907 1379 datur,
936 1341 1037 1382 gratia
1072 1350 1124 1372 au·

167 1399 229 1427 tem
254 1395 429 1427 secundum
455 1395 688 1436 proportionem
724 1394 795 1426 fidei
828 1398 858 1426 et
891 1393 1125 1435 praepurgatio-

167 1458 282 1481 nem».

256 1501 284 1533 3.
312 1502 404 1539 Item,
439 1501 521 1533 Deus
554 1504 600 1533 est
632 1501 723 1533 dator
747 1501 866 1542 gratiae
892 1501 922 1532 in
946 1499 1126 1541 baptism03

167 1557 304 1593 constat,
337 1553 421 1595 quod
456 1553 654 1585 voluntarius
686 1556 716 1585 et
748 1553 930 1591 rationalis3
957 1552 1011 1585 sed
1045 1552 1125 1584 ratio

167 1607 280 1646 dictat,
306 1616 378 1639 eum
404 1607 457 1649 qui
488 1607 600 1645 donat,
625 1607 801 1639 secundum
827 1606 911 1648 quod
939 1606 1051 1638 melius
1083 1606 1126 1637 in-

166 1660 252 1692 venit
277 1659 415 1701 aliquem
441 1660 646 1701 dispositum,
665 1660 736 1701 plus
753 1659 781 1691 ei
807 1660 942 1691 donare:
968 1667 1043 1700 ergo
1067 1661 1125 1690 etc.

526 1791 768 1815 CONCLUSIO.

169 1907 310 1951 Effectus
347 1907 504 1949 baptismi
542 1907 653 1950 quoad
691 1905 899 1938 characteris
938 1906 1125 1948 impressio-

256 1970 330 1993 nem
354 1965 382 1992 et
414 1960 619 1992 innocentiae
649 1960 888 1992 restitutionem
913 1959 948 1991 in
973 1959 1126 1991 omnibns

257 2014 407 2057 aequalis
431 2018 501 2051 est;
524 2023 685 2045 mensura
707 2017 816 2045 tamen
830 2013 965 2054 cratiae
982 2013 1017 2045 in
1034 2013 1127 2045 aaut·

258 2068 299 2099 tis
322 2067 504 2099 secundnm
529 2076 644 2098 eornm
669 2066 916 2108 dispositionem
940 2071 986 2098 cst
1014 2067 1125 2099 maior

257 2120 305 2152 oei
327 2120 456 2157 minor,
476 2123 512 2151 at
527 2120 641 2151 eadem
663 2120 781 2161 pratia
798 2119 923 2157 omnia,
941 2119 1041 2151 etiam
1055 2119 1128 2161 pla-

258 2173 360 2212 i‘inta,
384 2177 520 2215 peccata
545 2173 633 2205 delet.

260 2298 458 2329 RESPONnEo:
484 2296 677 2335 Dicendum,
701 2296 804 2338 quod,
830 2296 911 2328 sicut
940 2295 1060 2337 supra⁴
1084 2295 1128 2328 di-

173 2353 259 2382 ctum
277 2353 342 2388 est,
359 2349 463 2391 prima
479 2358 530 2381 res
546 2349 694 2391 baptismi
711 2352 758 2381 est
774 2347 969 2386 character,
987 2349 1127 2381 secunda

173 2406 221 2436 est
245 2401 372 2445 insit-sio
387 2402 540 2444 gratiae,
559 2401 651 2434 tertia
667 2405 714 2433 est
730 2401 894 2433 restitutio
912 2401 1126 2433 innocentiae.

173 2456 333 2497 Quantum
357 2454 398 2487 ad
422 2453 649 2486 characterem
670 2463 732 2486 non
754 2456 801 2486 est
818 2454 917 2495 magis
934 2454 984 2486 vel
1002 2454 1127 2493 minus3

171 2779 332 2811 afferuntur).
352 2779 378 2803 ln
398 2778 455 2803 libr.
475 2778 506 2803 V.
527 2778 604 2803 liuius
623 2778 711 2809 operis
731 2784 752 2802 c.
774 2777 815 2802 tt.
836 2785 859 2802 n.
892 2778 929 2802 16.
950 2778 984 2802 ait
1004 2777 1127 2808 August:

172 2823 225 2848 Dici
245 2825 330 2854 potest
348 2823 413 2847 alius
442 2823 492 2848 alio
522 2822 621 2848 doctior
649 2823 674 2847 ir.
701 2822 756 2854 ipsa
783 2822 899 2847 doctrina
925 2822 1042 2851 salutari,
1063 2821 1128 2846 alius

172 2869 259 2891 autem
278 2867 327 2891 alio
347 2867 432 2898 magis
452 2867 572 2891 minusve
592 2866 737 2898 baptizatus
756 2866 807 2891 dici
832 2873 882 2891 non
903 2868 999 2897 potest,
1020 2866 1076 2890 sive
1095 2865 1128 2890 ab

173 2911 293 2935 inferiore
321 2911 376 2935 sive
404 2918 418 2935 a
449 2911 546 2936 maiore
575 2910 728 2942 baptizetur.
749 2924 784 2928 «-
803 2911 929 2942 Superius
955 2913 1013 2941 post
1038 2916 1129 2936 omnes

173 2954 250 2979 codd.
271 2955 323 2979 TU
343 2955 465 2980 omittunt
484 2956 521 2986 et,
544 2962 591 2986 pro
612 2962 664 2987 quo
684 2954 742 2980 cod.
763 2955 785 2979 M
805 2953 892 2980 etiam.

245 2998 252 3014 ¹
274 2999 339 3030 Quia
359 2998 512 3025 innocentia
532 2999 592 3024 dicit
623 2999 715 3030 culpae
744 2999 916 3030 privationem
938 2998 993 3029 (cfr.
1014 2999 1039 3023 ll.
1060 2999 1129 3024 Sem.

174 3042 198 3067 d.
220 3043 260 3067 19.
280 3050 302 3067 a.
324 3043 347 3067 3.
368 3050 392 3075 q.
415 3043 437 3067 l.
458 3042 490 3067 ad
511 3043 561 3075 3.);
576 3043 736 3074 privationes
755 3045 841 3067 autem
862 3050 912 3067 non
933 3043 1061 3074 recipiunt
1078 3049 1130 3067 ma-

173 3085 213 3117 gis
232 3089 258 3111 et
276 3087 370 3111 mInus.
391 3086 457 3112 Vide
476 3090 537 3111 tom.
560 3087 586 3111 11.
607 3093 666 3118 pag.
694 3087 748 3118 tlt,
769 3089 828 3111 nota
849 3087 872 3110 3.

245 3130 256 3146 ‘-'
274 3130 349 3155 Vers.
375 3130 412 3154 15.

244 3173 255 3189 3
274 3173 343 3199 Libr.
364 3174 404 3199 lV.
426 3173 458 3199 de
477 3173 538 3199 Fide
558 3174 660 3199 orthod.
689 3181 710 3199 c.
731 3175 755 3199 9.
781 3174 877 3200 Textus
896 3175 1042 3206 originalis,
1072 3178 1131 3206 post

173 3217 264 3251 qratia
291 3219 382 3243 autent
410 3217 498 3243 addito
518 3217 651 3251 Spiritus,
674 3225 723 3250 pro
741 3218 996 3252 praepttryationem
1020 3219 1089 3251 (cod.
1110 3220 1130 3244 U

173 3261 418 3295 praeparationem)
433 3261 565 3287 substituit
581 3261 817 3295 praepuraationis
831 3261 890 3295 [τῆς
903 3260 1114 3296 προκαθάρῧεως]
1124 3282 1130 3294 ,

176 3306 247 3338 quod
267 3313 335 3331 nova
354 3306 441 3331 versio
461 3305 513 3338 (ed.
533 3306 628 3338 Migne)
648 3305 734 3331 reddit
750 3306 877 3339 praeviae
894 3306 1071 3340 purqationis.

246 3349 257 3366 ⁴
276 3350 338 3376 Dist.
359 3350 382 3375 3.
403 3357 428 3382 p.
448 3350 464 3375 1.
485 3357 507 3375 a.
530 3350 552 3375 1.
573 3357 598 3382 q.
620 3350 642 3375 st.
662 3350 696 3375 ad
716 3349 740 3375 4.

246 3394 257 3410 ⁵
277 3394 340 3420 Cod.
360 3393 380 3419 Ο
400 3394 505 3426 supplet
522 3393 620 3427 qratia.
641 3394 688 3419 Pro
705 3395 847 3427 praeterea
866 3394 926 3420 edd.
945 3396 1096 3429 propterea.

2104 249 2143 279 99

1186 343 1270 366 unus
1294 334 1378 366 enim
1403 333 1465 365 alio
1490 343 1551 365 non
1576 337 1623 366 est
1650 334 1748 375 magis
1772 334 1959 376 baptizatus.
1985 335 2143 375 Quantum
2158 348 2269 369 conotus-‚50
2284 348 2304 369 ρ.

1185 387 1224 419 ad
1251 386 1398 425 tertium,
1432 386 1550 418 scilicet
1578 387 1820 425 innocentiam,
1845 387 2037 429 aequaliter,
2070 388 2144 429 quia

1185 448 1269 471 unus
1293 448 1355 470 non
1379 442 1426 471 est
1452 439 1551 478 magis
1576 439 1723 471 innocens
1747 440 1818 472 alio.
1844 440 2002 481 Quantum
2025 440 2064 471 ad
2083 449 2143 472 me·
2158 453 2270 474 ctmeiusio
2284 454 2303 474 3.

1186 492 1275 524 dium
1309 501 1399 531 vern,
1432 492 1516 534 quod
1550 497 1597 524 est
1623 492 1759 534 qratia,
1785 493 1970 531 dicendum.
1988 494 2072 535 quod
2098 496 2143 525 est

1186 545 1297 587 noeayis
1330 549 1360 577 et
1391 545 1513 576 mimis.
1548 564 1591 568 —
1618 546 1675 577 Sed
1707 546 1824 587 qratia
1856 546 2015 588 duplicem
2049 546 2144 579 habet

1186 602 1310 636 actum,
1336 598 1454 630 scilicet
1479 598 1582 630 delere
1603 604 1774 640 peccatum
1793 603 1823 631 et
1842 598 2018 631 habilitare
2034 600 2081 632 ad
2098 600 2146 632 bo-

1186 660 1277 682 nnm.
1310 651 1470 691 Quantum
1496 651 1535 683 ad
1561 652 1748 689 deletionem
1775 653 1891 693 peccati
1919 653 2069 685 maiorem
2095 653 2146 684 lia·
2161 664 2272 685 Conclusio
2285 664 2305 685 t.

1188 704 1239 736 bet
1263 702 1410 745 effectam
1436 704 1465 735 in
1491 713 1527 735 eo
1553 705 1605 746 qui
1632 705 1725 746 plura
1750 706 1926 740 commisit:
1952 706 2006 738 sed
2040 710 2143 738 tamen

1188 765 1247 788 non
1274 760 1404 797 propter
1430 757 1488 788 boc
1513 762 1559 788 est
1582 758 1712 795 nmior,
1737 759 1811 799 quia
1838 758 1958 790 modica
1977 759 2077 799 gratia
2095 768 2145 800 po-

1188 813 1247 841 test
1272 809 1378 842 delere
1403 819 1529 842 omnem
1554 810 1690 851 culpam.
1717 811 1876 851 Quantum
1903 820 1977 843 vero
1998 812 2038 843 ad
2056 811 2144 843 lzaht'-
2159 823 2269 844 Conci-ism
2286 823 2304 843 r..

1189 862 1370 894 litationem
1396 863 1442 894 att
1459 862 1598 900 bomini,
1617 863 1647 894 in
1665 872 1701 895 eo
1719 863 1771 905 qui
1791 863 1890 905 magis
1915 873 1947 896 se
1972 864 2145 905 disposuit,

1188 915 1350 947 maiorem
1376 916 1470 948 babet
1503 915 1698 958 efficaciam,
1724 920 1753 948 et
1779 921 1942 957 praeterea
1967 917 2041 958 ipsa
2057 917 2067 931 ⁵
2100 921 2147 949 est

1191 968 1307 1007 mai0r3
1340 969 1414 1010 quia
1445 978 1485 1000 ex
1521 969 1577 1000 liar
1612 973 1700 1010 parte
1732 969 1906 1001 attei‘iditur
1931 974 2147 1012 anymcntnm

1187 1022 1332 1064 qratiae.

1279 1074 1307 1106 3.
1335 1075 1390 1106 Per
1416 1074 1473 1106 boc
1503 1078 1609 1116 patent
1633 1076 1738 1106 omnia
1764 1079 1888 1116 praeter
1913 1076 1991 1108 illud
2017 1077 2056 1108 sle
2082 1085 2148 1117 pas·
2176 1088 2307 1118 s0iut100p-

1189 1128 1295 1166 sione3
1320 1128 1360 1159 ad
1386 1128 1469 1169 quod
1495 1128 1681 1167 dicendum,
1715 1129 1799 1170 quod
1832 1129 1890 1161 etsi
1915 1129 2058 1162 Christus
2090 1139 2147 1171 pro
2163 1116 2286 1141 mmmm

1188 1180 1336 1212 omnibus
1362 1189 1474 1221 passus
1499 1184 1562 1212 cst.
1588 1189 1649 1211 non
1677 1184 1779 1212 tamen
1798 1181 1892 1212 habet
1909 1181 2012 1222 passio
2030 1182 2097 1213 eius
2117 1182 2145 1213 in

1188 1233 1336 1265 omnibus
1361 1233 1562 1276 efficaciam,
1589 1234 1660 1275 quia
1688 1243 1748 1265 non
1767 1243 1875 1266 omnes
1900 1243 1933 1267 se
1957 1235 2146 1276 disponunt3

1188 1287 1249 1325 sic,
1267 1287 1322 1319 etsi
1349 1287 1522 1328 aequaliter
1547 1296 1660 1328 passus
1684 1291 1746 1325 est⁷
1766 1297 1825 1319 non
1853 1292 1956 1320 tamen
1981 1288 2077 1320 babet
2098 1298 2148 1320 ac-

1189 1340 1317 1382 qnalem
1331 1340 1361 1371 in
1376 1340 1523 1372 omnibus
1537 1340 1725 1379 efficaciam,
1742 1341 1815 1382 quia
1833 1350 1893 1372 non
1911 1350 2020 1373 omnes
2037 1350 2149 1382 aequa-

1190 1393 1260 1424 liter
1285 1401 1317 1425 se
1343 1393 1534 1434 disponunt;
1559 1394 1611 1425 sed
1639 1394 1691 1435 qui
1717 1393 1927 1435 propinquius
1949 1394 2069 1426 accedit
2087 1404 2148 1426 ma-

1190 1447 1236 1487 gis
1261 1446 1390 1487 accipit,
1416 1446 1497 1478 sicut
1521 1446 1561 1478 atl
1587 1446 1723 1487 igncmff.

1282 1500 1309 1530 l.
1335 1500 1364 1530 z).
1388 1499 1509 1531 Primae
1539 1499 1621 1531 duae
1648 1499 1783 1531 rationes
1808 1503 1943 1532 currunt
1968 1500 2145 1532 secundum

1191 1552 1277 1584 illam
1302 1552 1405 1590 viam,
1427 1552 1603 1584 secundum
1630 1562 1724 1593 quam
1750 1556 1797 1585 est
1822 1553 2005 1594 aequalitas,
2031 1553 2149 1586 scilicet

1191 1604 1399 1636 characteris
1423 1608 1453 1637 et
1478 1605 1692 1637 innocentiae.

1280 1658 1323 1690 Ad
1350 1658 1429 1690 illud
1460 1658 1545 1699 quod
1570 1658 1753 1699 quaeritur,
1779 1659 1828 1691 cui
1854 1659 1927 1701 plus
1951 1660 2063 1697 donat,
2096 1660 2146 1692 vel
2161 1669 2194 1699 Aa
2210 1671 2294 1699 qumi.

1191 1711 1219 1743 ei
1244 1710 1297 1752 qui
1322 1711 1395 1752 plus
1420 1714 1541 1752 peccat,
1571 1711 1619 1743 vel
1653 1711 1679 1742 ei
1713 1711 1766 1753 qui
1800 1712 1926 1749 minus;
1960 1713 2147 1751 dicendum,
2178 1695 2281 1716 ¹n⁰¹d⁰'¹''

1191 1764 1276 1805 quod
1301 1767 1454 1805 quantum
1480 1763 1520 1795 ad
1545 1764 1772 1796 remissionem
1794 1764 1910 1806 cnlpae
1934 1769 1964 1797 et
1988 1765 2150 1798 dimissio-

1190 1826 1265 1848 nem
1288 1826 1410 1857 pocnae
1447 1817 1473 1849 ei
1499 1817 1553 1858 qui
1575 1816 1661 1858 plns.
1688 1818 1846 1858 Quantum
1872 1827 1948 1850 vero
1972 1819 2012 1851 ad
2037 1818 2151 1851 habili-

1193 1869 1348 1901 tationem
1372 1869 1419 1901 acl
1443 1869 1561 1901 bonnm
1586 1873 1689 1912 potest
1713 1879 1780 1902 esse
1805 1874 1835 1902 et
1858 1871 1907 1903 sic
1924 1875 1954 1903 et
1970 1871 2086 1910 aliter,
2105 1881 2150 1904 se-

1192 1923 1331 1955 cundum
1359 1923 1443 1964 quod
1469 1923 1569 1965 magis
1594 1932 1627 1955 se
1652 1924 1806 1965 disponit,
1831 1928 1861 1956 et
1885 1924 1970 1957 Deus
1991 1930 2148 1967 acceptat;
2165 1933 2295 1955 Notandum.

1192 1976 1266 2018 quia
1296 1976 1497 2018 frequenter,
1529 1976 1588 2008 nbi
1618 1976 1803 2009 almndaoit
1835 1977 2007 2016 delictum,
2040 1988 2151 2021 snper-

1191 2029 1375 2061 abundavit
1399 2033 1426 2061 et
1447 2030 1565 2071 qratia
1577 2031 1597 2062 ⁷.
1616 2030 1732 2062 Tamen
1757 2031 1870 2063 ceteris
1892 2031 2023 2073 paribus
2048 2032 2150 2064 minor

1190 2082 1391 2124 praeparatio
1428 2083 1496 2114 eius
1532 2083 1587 2124 qui
1620 2083 1724 2115 minus
1756 2083 1913 2124 peccavit,
1947 2093 2004 2125 pro
2040 2084 2149 2116 maiori

1178 2135 1368 2176 reputanda
1387 2138 1433 2167 est
1450 2135 1476 2168 ei
1491 2148 1499 2174 3
1517 2136 1601 2168 unde
1619 2136 1714 2168 credo
1738 2144 1811 2168 eum
1838 2137 1937 2178 magis
1962 2137 2150 2179 dispositum

1191 2189 1231 2221 ad
1257 2190 1400 2230 gratiam.
1428 2190 1461 2221 Et
1485 2189 1516 2221 si
1540 2194 1575 2221 tn
1600 2189 1760 2222 obiicias.-
1786 2190 1843 2221 cni
1867 2190 1945 2231 plns
1970 2190 2150 2222 dimittitur

1188 2241 1266 2283 plns
1290 2241 1418 2284 diligit,
1439 2242 1538 2274 Lucae
1556 2242 1689 2284 septimo
1705 2243 1736 2281 8;
1755 2243 1943 2282 dicendum,
1961 2244 2046 2285 quod
2071 2244 2150 2276 illud

1192 2304 1253 2327 non
1278 2295 1424 2337 ponitur,
1449 2296 1524 2337 quia
1550 2296 1591 2327 ita
1616 2296 1655 2327 sit
1679 2304 1823 2337 semper,
1848 2297 1904 2329 sed
1921 2297 1995 2338 quia
2012 2297 2051 2329 de
2069 2297 2150 2329 bono

1192 2351 1222 2380 et
1246 2357 1347 2390 aequo
1373 2348 1466 2381 debet
1498 2349 1570 2390 plus
1602 2349 1734 2390 diligere
1759 2358 1799 2381 ex
1825 2349 1977 2388 dimisso3
2002 2350 2054 2382 sed
2089 2359 2149 2382 non

1191 2404 1331 2442 oportet,
1364 2401 1449 2443 quod
1481 2401 1554 2443 plus
1586 2402 1695 2443 diligat
1728 2411 1768 2434 ex
1801 2403 1882 2434 bono
1915 2402 1988 2435 dato
2017 2407 2047 2435 et
2071 2412 2152 2435 com-

1192 2454 1297 2486 misso.
1315 2473 1359 2477 —
1378 2455 1410 2486 Et
1435 2454 1479 2487 sic
1503 2458 1611 2496 patent
1634 2455 1740 2487 omnia
1764 2456 1847 2488 circa
1871 2455 1948 2487 haec
1973 2456 2114 2497 quaesita
2129 2455 2150 2486 ⁹.

1263 2776 1273 2792 6
1293 2775 1356 2802 Cod.
1376 2777 1397 2801 U
1417 2776 1483 2802 bone
1502 2776 1590 2802 addit:
1611 2776 1658 2810 qni
1672 2776 1854 2810 propinquius
1883 2776 1982 2803 accedit
2002 2777 2090 2811 inaqis
2109 2785 2150 2804 ca-

1194 2820 1254 2855 lefit.
1274 2821 1400 2852 Superius
1419 2821 1475 2846 cod.
1497 2821 1514 2845 F
1534 2822 1626 2846 omittit
1644 2820 1695 2852 sic,
1720 2821 1792 2853 quod
1816 2821 1873 2846 Vat.
1894 2828 1954 2846 cum
1976 2822 2148 2853 praecedente

1193 2865 1370 2896 propositione
1390 2865 1530 2896 coniungit.
1551 2864 1667 2889 Subinde
1691 2864 1873 2890 substituimus
1901 2872 1932 2890 ex
1961 2865 2037 2891 codd.
2064 2866 2150 2891 HKO

1193 2910 1213 2935 R
1226 2910 1246 2934 T
1258 2917 1288 2935 aa
1308 2910 1336 2935 in
1356 2908 1479 2935 omnibus
1499 2916 1547 2940 pro
1567 2908 1595 2934 in
1608 2915 1707 2934 omncs.
1748 2900 1751 2902 ,

1264 2954 1274 2970 7
1294 2954 1368 2979 Rom.
1389 2954 1413 2983 5,
1434 2954 1474 2978 20.
1490 2967 1523 2971 --
1536 2953 1661 2985 Superius
1686 2960 1733 2984 pro
1753 2955 1777 2979 et
1795 2953 1833 2980 sic
1858 2955 1882 2979 et
1906 2953 1985 2980 aliter
2010 2954 2087 2980 codd.
2108 2954 2149 2979 Gl

1193 3005 1206 3024 e
1225 3004 1353 3024 converso
1374 2999 1399 3023 et
1416 2997 1467 3028 sic,
1496 2997 1555 3022 cdd.
1582 2998 1702 3023 omittunt
1727 2998 1752 3023 ct
1769 2997 1807 3024 sic
1826 2999 1857 3023 et.
1884 2998 1991 3023 {userius
2015 2999 2150 3024 auctorita-

1194 3045 1244 3067 tem
1264 3043 1400 3074 sequimur
1419 3041 1476 3066 cod.
1492 3041 1507 3072 l⁷
1522 3040 1706 3066 substituentes
1719 3041 1775 3067 esus
1790 3048 1837 3073 pro
1851 3041 1888 3073 ei,
1905 3042 2036 3074 simulque
2053 3042 2152 3067 adden-

1195 3089 1231 3111 tes
1256 3085 1281 3112 ei
1300 3089 1358 3118 post
1376 3085 1527 3119 reputanda
1552 3086 1603 3116 est,
1626 3086 1686 3118 quia
1712 3085 1746 3110 ibi
1773 3087 1850 3110 ctiam
1870 3085 1946 3110 codd.
1973 3088 1993 3110 A
2006 3086 2085 3110 EGll
2098 3086 2149 3111 LV

1194 3130 1294 3156 addunt
1314 3130 1345 3156 ei.

1265 3174 1275 3191 3
1296 3175 1369 3200 Vers.
1391 3174 1437 3199 47:
1458 3175 1631 3199 Remittuntur
1644 3175 1666 3198 ci
1688 3177 1791 3205 peccata
1812 3174 1905 3206 multa,
1921 3175 2044 3206 quoniam
2065 3174 2152 3200 dilexit

1195 3220 1314 3245 multum.
1329 3219 1375 3245 Cui
1389 3222 1475 3244 autem
1489 3220 1575 3244 minus
1595 3218 1741 3249 dimittitur,
1755 3220 1842 3244 minus
1861 3218 1951 3250 diligit.
1966 3218 2016 3244 Crr.
2031 3220 2150 3251 August.⁷

1195 3264 1277 3289 Serm.
1304 3264 1345 3289 99.
1373 3263 1445 3294 (alias
1471 3263 1512 3287 23.
1532 3270 1562 3287 ex
1589 3263 1701 3288 homiliis
1721 3263 1774 3295 50.)
1799 3270 1821 3288 c.
1848 3263 1871 3288 lt.
1899 3270 1922 3288 n.
1944 3263 1967 3288 li.
1992 3270 2080 3296 seqq,
2106 3263 2150 3288 ubi

1195 3308 1259 3332 baec
1278 3307 1359 3332 verba
1379 3309 1551 3338 exponuntur.

1266 3351 1277 3368 ⁹
1297 3351 1362 3376 Vide
1381 3351 1495 3376 scholion
1516 3350 1548 3375 ad
1574 3351 1593 3376 1.
1614 3352 1691 3376 liuius
1710 3351 1808 3376 articuli
1829 3355 1928 3383 quaest.
