2483 3882
715 241 808 272 DIST.
833 240 931 272 XXIII.
957 240 1037 272 ART.
1063 240 1082 271 I.
1108 240 1260 280 QUAEST.
1285 239 1330 270 III.

394 337 631 360 CONCLUSIO.

154 410 326 440 Extremae
349 406 514 438 unctionis
537 406 681 437 materia
705 409 750 437 est
774 406 879 437 oleam

277 462 504 490 consecratam
530 457 571 489 ab
596 457 753 498 episcopo.

132 539 331 570 Responnno:
356 536 399 568 Ad
425 536 658 578 praedictorum
684 535 919 577 intelligentiam
945 539 991 567 est

0 591 232 628 annotandum,
256 589 340 631 quod
361 588 456 634 aliqui
475 588 579 620 dicere
604 588 790 626 voluerunt,
815 588 899 628 quod
924 597 991 619 ma-

47 643 127 677 teria
151 642 181 673 in
206 642 263 673 boc
288 641 489 673 sacramento
506 643 553 672 θεῖ
569 639 692 678 oleum,
717 639 771 671 sed
789 640 990 671 consecracio

44 694 224 738 episcopalis
259 694 484 734 superveniens
516 692 589 724 facit
622 701 690 724 esse
715 692 991 729 Sacramentmm

43 748 95 782 sed
130 746 275 778 inunctio
305 754 499 787 consequens
532 748 579 777 est
603 745 793 777 Sacramenti
819 754 901 776 usus
924 745 990 777 sive

43 799 238 842 dispensatio.

129 852 187 884 Sed
212 851 360 892 quoniam
386 851 470 883 istud
496 853 650 892 repugnat
667 849 869 882 nominationi
887 851 991 882 Sacra-

12 904 134 939 etmenti
167 908 198 936 et
232 904 324 936 etiam
351 903 509 935 communi
531 903 691 944 opinioni;
716 902 785 934 ideo
811 903 923 934 melius
948 903 991 935 di-

0 950 15 966 >-

5 2393 38 2414 01]-

42 960 145 996 catur,
169 956 252 998 quod
274 956 355 988 sicut
380 965 458 997 aqua
492 956 522 987 in
539 955 695 996 baptismo
719 958 765 987 est
789 955 989 994 elementum,

42 1010 84 1043 sic
107 1009 137 1041 in
161 1008 395 1041 confirmatione
420 1008 558 1040 cluisma
591 1011 621 1040 et
653 1008 683 1039 in
712 1007 859 1039 unctione
883 1008 988 1039 oleum

42 1065 254 1095 consecratum
279 1061 318 1092 ab
342 1061 496 1102 episcopo.

126 1113 211 1145 Ratio
235 1117 339 1145 autem
366 1113 447 1145 sumi
473 1116 574 1154 potest
595 1122 613 1144 a
629 1116 718 1154 parte
743 1112 907 1155 efficientis
925 1113 990 1145 sive

23 1166 248 1203 .instz‘tacntz's,
266 1169 296 1198 et
313 1166 405 1197 etiam
424 1174 442 1197 a
459 1168 548 1207 parte
572 1165 659 1207 sinis.
677 1165 697 1196 A
716 1169 804 1207 parte
822 1165 991 1197 instituen-

44 1220 99 1253 tis:
117 1218 263 1261 quoniam
281 1218 363 1250 enim
381 1218 525 1250 Christus
542 1227 598 1259 per
616 1219 820 1259 semetipsum
839 1218 989 1256 instituit,

42 1271 92 1313 qui
109 1279 165 1312 per
181 1269 385 1311 semetipsum
403 1270 505 1311 potuit
522 1270 726 1309 sanctificare,
752 1270 941 1311 baptismum
960 1274 991 1302 et

42 1322 282 1360 eucharistiam3
306 1322 376 1354 ideo
400 1331 461 1354 non
486 1326 533 1355 est
556 1322 617 1354 alia
642 1322 834 1354 consecratio
862 1332 990 1364 praepa-

41 1385 112 1410 rans
134 1375 327 1413 necessaria,
353 1375 407 1408 sed
433 1375 535 1407 solum
570 1375 610 1407 ad
647 1375 875 1408 solemnitatem
908 1376 989 1408 facit.

42 1429 98 1461 Sed
123 1429 180 1460 hoc
204 1429 439 1460 Sacramentum
465 1428 600 1469 Spiritus
624 1431 750 1461 sanctus
775 1429 909 1460 instituit
933 1438 990 1470 per

41 1480 214 1521 Apostolos,
249 1480 302 1521 qui
339 1489 399 1512 non
436 1483 580 1521 poterant
616 1480 810 1512 sanctificare
842 1480 900 1512 nisi
933 1489 990 1522 per

41 1533 159 1571 Deu1n3
184 1532 253 1564 ideo
277 1533 408 1564 materia
439 1536 486 1565 est
517 1542 578 1564 non
612 1532 746 1574 simplex
781 1533 989 1572 elementum,

42 1584 94 1617 sed
117 1584 219 1616 oleum
245 1593 301 1626 per
326 1584 459 1616 verbum
485 1588 515 1616 et
545 1584 771 1617 invocationem
805 1585 902 1617 sancti
927 1585 990 1627 Spi-

43 1637 121 1670 ritus
144 1640 360 1669 consecratum
372 1663 379 1675 ,
404 1640 434 1669 et
458 1637 516 1669 boc
533 1646 590 1678 per
606 1637 740 1669 verbum
758 1637 989 1679 episcoporum,

42 1689 93 1731 qui
116 1692 187 1721 sunt
212 1698 409 1721 successores
432 1689 673 1730 Apostolorum,
691 1693 740 1728 ut,
759 1690 839 1722 sicut
856 1690 990 1731 Spiritus

43 1745 164 1775 sanctus
187 1742 322 1774 instituit
346 1750 402 1784 per
426 1742 604 1784 Apostolos,
629 1742 673 1774 sic
697 1743 791 1774 etiam
816 1752 898 1774 nunc
923 1752 994 1775 con-.

45 1799 141 1829 secret
163 1804 219 1837 per
242 1795 404 1836 episcopos
418 1795 435 1826 ¹.
460 1814 505 1818 —-
527 1795 549 1826 A
574 1798 663 1836 parte
682 1794 761 1836 finis
784 1795 921 1827 sumitur
946 1805 992 1827 ra-

44 1848 103 1881 tio:
128 1848 275 1890 quoniam
300 1848 352 1880 hic
376 1848 470 1880 datur
494 1848 594 1889 gratia
618 1857 731 1880 sanans
748 1848 916 1890 languores
933 1849 992 1890 spi-

42 1901 167 1934 rituales
178 1928 185 1940 ,
202 1905 232 1934 et
248 1901 342 1934 datur
360 1901 460 1943 gratia
477 1901 627 1934 ordinans
648 1901 689 1933 ad
711 1901 873 1934 sanitatem
894 1901 990 1943 perfe-

43 1957 137 1993 ctam,
161 1963 241 1995 quae
258 1954 386 1995 quidem
405 1957 451 1986 est
468 1954 585 1996 gloriae
599 1966 607 1993 ;
624 1953 694 1986 ideo
711 1954 804 1986 debet
820 1954 989 1996 significari

42 2014 95 2047 per
118 2005 240 2044 oleum,
264 2007 349 2048 quod
374 2010 421 2038 est
445 2006 635 2045 curativum,
657 2006 777 2038 ratione
802 2007 991 2045 curationis,

43 2061 71 2090 et
92 2068 147 2100 per
170 2059 274 2091 oleum
299 2063 540 2097 consecratum,
565 2059 685 2091 ratione
713 2059 918 2092 ordinationis
949 2060 988 2092 ad

43 2111 323 2153 supereminentem
347 2111 559 2150 curationem,
585 2115 615 2143 et
639 2120 695 2153 per
712 2111 817 2143 oleam
834 2112 991 2153 simplex,

46 2173 105 2196 non
140 2164 292 2203 mixtum,
317 2165 391 2206 quia
414 2165 454 2196 ad
479 2165 657 2206 ingressum
682 2165 711 2196 in
736 2165 868 2207 gloriam
892 2166 996 2207 requi-

44 2215 121 2248 ritur
145 2220 175 2248 et
199 2216 313 2249 sufficit
338 2217 419 2249 bona
442 2217 630 2249 conscientia

49 2269 103 2301 cile
126 2272 171 2301 est
195 2269 317 2302 solvere
340 2270 380 2302 ad
405 2270 535 2302 obiecta.

133 2323 159 2353 1.
183 2323 226 2354 Ad
252 2322 329 2354 illud
346 2323 445 2356 venim
477 2323 562 2364 quod
587 2323 734 2355 obiicitur
759 2323 797 2355 de
822 2324 994 2355 communi-

48 2377 107 2407 tate
131 2377 294 2414 materiae,
318 2376 502 2414 dicendum,
528 2377 612 2418 quod
636 2376 721 2409 istud
745 2385 806 2408 non
828 2380 875 2408 est
891 2377 996 2408 Sacra-

45 2431 179 2459 mentum
203 2428 421 2466 necessz'cacis;
437 2432 467 2460 et
480 2432 673 2469 practerea,
698 2428 858 2460 modicum
877 2428 915 2460 de
932 2428 992 2459 ele-

44 2483 144 2513 mento
167 2481 297 2520 sufficit,
322 2485 352 2514 et
379 2482 438 2513 boc
455 2485 557 2523 potest
574 2482 692 2523 ubique
709 2481 851 2513 locorum
870 2481 995 2519 haberi,

44 2535 74 2564 et
95 2533 162 2565 ideo
184 2543 244 2566 non
269 2538 315 2567 est
339 2535 516 2576 periculum
541 2534 678 2576 aliquod.
704 2535 904 2571 Praeterea,
929 2534 988 2565 evi-

45 2585 116 2617 tatio
138 2587 266 2627 periculi
289 2596 349 2619 non
368 2587 460 2619 debet
477 2586 696 2629 praeiudicare
714 2586 856 2628 dignitati
874 2590 904 2618 et
921 2595 990 2617 con-

46 2637 168 2678 gruitati
191 2639 393 2672 Sacrainenti.

644 2217 665 2248 2.
689 2236 733 2240 —
756 2217 807 2249 His
837 2217 929 2256 visis,
954 2218 995 2249 fa-

1943 243 2005 275 593

1144 329 1173 359 ⁶2.
1198 327 1240 359 Ad
1266 327 1345 359 iliud
1378 327 1462 368 quod
1495 327 1651 367 obiicitur,
1676 329 1760 370 quod
1792 330 1921 363 deberet
1953 332 2023 363 mi·-

1055 380 1134 411 sceri
1159 389 1230 411 cum
1257 379 1413 418 balsam0‚
1442 380 1521 412 sicut
1554 381 1582 412 in
1616 381 1873 422 confirmatione3
1906 384 2007 416 dicen-

1055 432 1148 468 dum,
1173 433 1257 473 quod
1282 442 1342 464 non
1371 436 1417 465 est
1449 433 1569 465 simile:
1603 435 1676 476 quia
1702 435 1731 466 in
1755 436 2005 477 confirmatione
2020 444 2147 466 Notandum-

1055 484 1149 515 datur
1173 484 1272 524 gratia
1296 485 1335 516 ad
1361 485 1565 526 pugnandum
1591 486 1620 518 in
1640 487 1716 525 vita,
1734 496 1790 528 per
1806 498 1901 529 quam
1919 498 2008 531 opor-

1056 539 1098 567 tet
1122 536 1286 568 ambulare
1310 546 1371 568 non
1398 537 1498 569 solum
1537 539 1711 571 secundum
1748 540 1933 581 placentiam
1966 543 2006 575 ad

1057 587 1179 624 Dema,
1204 596 1315 619 verum
1340 588 1433 620 etiam
1451 589 1489 621 ad
1504 590 1696 630 proximum
1712 603 1722 628 ;
1739 592 1793 623 sed
1811 592 1841 624 in
1860 594 2006 626 unctione

1055 639 1149 671 datur
1173 641 1272 680 gratia
1296 641 1335 672 ad
1360 642 1570 674 resistendum
1596 643 1736 683 diabole,
1761 654 1799 677 ne
1828 647 1925 687 possit
1957 647 2008 679 de-

1056 690 1168 729 tinere,
1193 695 1223 722 et
1247 692 1286 723 ad
1304 692 1362 724 hoc
1379 702 1439 724 non
1457 698 1503 725 est
1527 695 1702 727 necessaria
1723 695 1831 737 fama,
1850 698 1902 730 sed
1923 698 2006 731 bona

1055 743 1277 781 conscientia;
1301 748 1331 776 et
1362 745 1435 786 quia
1468 746 1655 779 balsamant
1683 750 1891 782 aromatizans
1914 752 2007 793 signi-

1055 794 1127 826 ficat
1152 795 1264 827 bonam
1290 797 1444 836 famam³²
1479 802 1509 829 et
1538 799 1641 831 oleam
1667 801 1768 834 nitens
1793 802 1907 835 bonam
1938 813 2007 836 con-

1055 847 1237 879 scientiam:
1264 848 1334 880 ideo
1358 854 1414 881 etc.

1144 899 1173 931 3.
1198 900 1241 932 Ad
1266 901 1344 932 iilud
1376 903 1460 943 quod
1496 904 1658 943 obiicitur,
1693 908 1777 948 quod
1814 909 2007 942 eucharistia

1055 961 1116 984 non
1142 953 1259 994 indiget
1283 953 1344 985 alia
1368 957 1600 989 consecratione
1615 970 1621 995 ;
1639 959 1825 999 dicendum,
1843 962 1926 1003 quod
1945 972 2004 995 non

1055 1008 1101 1036 est
1126 1005 1226 1037 simile
1251 1009 1318 1037 tuni
1343 1015 1384 1038 ex
1408 1011 1497 1049 parte
1522 1008 1742 1049 instituenti&
1768 1016 1834 1045 tum
1859 1023 1899 1046 ex
1917 1019 2006 1057 parte

1054 1057 1151 1098 stitis,
1176 1062 1211 1090 ut
1236 1058 1338 1090 visum
1364 1063 1421 1091 est.

1143 1111 1172 1142 li.
1198 1111 1240 1142 Ad
1265 1111 1344 1143 illud
1369 1113 1453 1152 quod
1486 1113 1648 1153 obiicitur,
1682 1117 1764 1157 quod
1792 1118 1821 1149 in
1846 1118 1914 1150 oleo
1945 1129 2007 1152 non

1054 1165 1251 1202 consecrato,
1281 1164 1305 1195 si
1339 1164 1392 1196 fiat
1420 1166 1542 1204 unctio,
1567 1170 1614 1199 est
1639 1168 1822 1209 significatio
1846 1174 1876 1202 et
1901 1173 2010 1205 sancti-

1054 1214 1178 1253 ficatio;
1202 1216 1388 1255 dicendum,
1413 1218 1496 1259 quod
1522 1219 1635 1252 falsum
1660 1225 1716 1253 est.
1735 1222 1837 1254 Primo
1859 1224 1941 1256 enim
1959 1225 2008 1257 de-
2023 1231 2150 1252 Notandum·

1055 1267 1118 1300 ficit
1141 1268 1360 1310 sz'fflzz'ficatt'o,
1393 1280 1473 1312 quae
1505 1281 1566 1303 non
1598 1276 1720 1305 tantum
1753 1275 1851 1316 exigit
1879 1286 2009 1318 reprac-

1054 1322 1285 1360 sentationem,
1320 1323 1374 1355 sed
1407 1324 1500 1355 etiam
1533 1325 1794 1365 2'ust2'tatz'oncm;
1826 1329 1870 1361 sic
1901 1334 2006 1362 autem

1056 1375 1231 1406 institutum
1257 1379 1304 1407 est
1327 1375 1405 1408 fieri.
1431 1377 1573 1409 Secundo
1597 1387 1670 1410 vero
1695 1380 1800 1412 deficit
1823 1382 2008 1423 sanctifica-

1057 1426 1118 1464 tz'o,
1143 1427 1217 1468 quia
1241 1436 1302 1459 non
1328 1428 1421 1460 babet
1445 1429 1578 1461 verbum
1605 1430 1792 1471 efficaciam,
1818 1434 1875 1465 nisi
1894 1435 2009 1467 habeat

1055 1483 1235 1520 competens
1259 1480 1449 1512 elementum
1464 1481 1485 1512 ⁴³.

1146 1533 1173 1563 ’5.
1200 1533 1228 1563 6.
1252 1532 1295 1564 Ad
1321 1533 1399 1565 illud
1422 1534 1506 1574 quod
1532 1534 1692 1574 obiicitur,
1710 1538 1794 1578 quod
1812 1538 1917 1571 oleum
1942 1549 2010 1571 con-

1056 1588 1212 1616 secratum
1230 1588 1277 1616 est
1293 1585 1529 1618 Sacramentum
1543 1599 1551 1624 ;
1576 1587 1759 1627 dicendum,
1781 1591 1865 1631 quod
1882 1593 2009 1633 proprie
2025 1598 2153 1619 Notandum-

1055 1636 1230 1678 loquendo,
1254 1646 1315 1669 non
1349 1641 1395 1670 est
1427 1638 1702 1678 Sacramentum,
1728 1642 1783 1673 sed
1814 1643 1860 1674 ad
1891 1643 2011 1676 Sacra-

1056 1694 1200 1721 mentum
1232 1690 1434 1722 ordinatam.
1471 1692 1504 1723 Et
1528 1692 1607 1723 ratio
1632 1693 1728 1726 huius
1753 1698 1817 1733 est,
1842 1696 1916 1737 quia
1948 1707 2009 1729 non

1056 1742 1151 1774 babet
1177 1751 1232 1775 nec
1258 1743 1426 1784 perfectam
1444 1744 1721 1786 significationem
1747 1756 1801 1779 nec
1824 1749 2010 1790 sanctifica-

1057 1795 1192 1833 tionem,
1218 1804 1384 1837 quousque
1409 1797 1585 1838 applicetur
1603 1798 1746 1838 infirmo,
1763 1803 1793 1832 et
1810 1803 2012 1842 superveniat

1056 1847 1259 1880 sacerdotalis
1282 1849 1381 1880 oratio
1395 1861 1403 1887 3
1427 1853 1502 1882 tunc
1526 1850 1609 1882 enim
1634 1851 1829 1892 significatur
1853 1855 1953 1895 gratia
1970 1855 2013 1887 in-

1056 1904 1108 1933 tus
1124 1910 1255 1942 ungens,
1272 1904 1303 1933 et
1322 1905 1394 1934 tunc
1411 1905 1458 1934 est
1473 1902 1575 1944 primo
1592 1912 1741 1944 praesens
1755 1904 1776 1944 ⁵,
1793 1914 1854 1938 non
1876 1910 1963 1939 ante:
1982 1912 2012 1940 et

1057 1954 1127 1986 ideo
1144 1963 1205 1986 non
1223 1957 1270 1987 est
1294 1954 1395 1987 simile
1419 1955 1459 1987 de
1482 1964 1613 1997 corpore
1630 1957 1771 1996 Domini,
1789 1959 1843 1990 ubi
1861 1959 1891 1991 in
1908 1960 2012 2001 prima

1058 2006 1301 2039 sanctificatione
1325 2006 1360 2038 fit
1384 2008 1563 2046 conversio,
1582 2012 1612 2040 et
1635 2012 1705 2050 post
1730 2019 1790 2042 non
1814 2011 1943 2044 additur
1966 2013 2011 2045 ul-

1058 2059 1155 2091 terior
1179 2059 1400 2099 sanctificatio,
1416 2070 1497 2102 quae
1514 2070 1628 2093 novam
1653 2062 1831 2095 introducat
1851 2064 2010 2097 virtutem.

1149 2114 1178 2144 7.
1204 2112 1247 2144 Ad
1264 2112 1343 2145 illud
1360 2114 1445 2155 quod
1462 2114 1625 2153 obiicitur,
1644 2116 1729 2156 quod
1751 2117 1929 2149 sacerdotes
1946 2127 2013 2159 pos-

1059 2169 1133 2197 sunt
1157 2174 1272 2206 corpus
1296 2165 1418 2198 Domini
1443 2166 1613 2205 conficere,
1646 2170 1676 2199 et
1708 2168 1750 2200 ita
1779 2169 1883 2201 oleum
1908 2179 2012 2203 conse-

1059 2227 1168 2256 crare;
1194 2218 1380 2257 dicendum,
1405 2219 1489 2260 quod
1519 2229 1579 2251 non
1612 2220 1714 2252 valet:
1747 2222 1821 2263 quia
1850 2225 1935 2254 tanta
1966 2227 2012 2255 est

1058 2273 1195 2312 potestas
1220 2271 1250 2302 in
1275 2271 1427 2304 ministris
1464 2272 1633 2311 Ecclesiae,
1669 2278 1817 2315 quantam
1852 2275 2012 2307 distribuit

1059 2323 1211 2355 Dominus
1243 2324 1414 2363 meinbris3
1439 2333 1495 2356 nec
1519 2325 1675 2366 oportuit,
1700 2330 1884 2367 potestatem
1909 2336 2013 2359 conse-

1059 2376 1167 2408 crandi
1199 2376 1303 2408 oleum
1340 2377 1382 2408 ita
1414 2378 1638 2409 communicari
1672 2379 1905 2417 sacerdotibus,
1931 2379 2011 2411 sicut

1059 2428 1243 2461 conficiendi
1267 2438 1382 2470 corpus
1407 2429 1538 2469 Christi,
1556 2431 1627 2472 quia
1651 2440 1734 2463 unus
1756 2432 1920 2473 episcopus
1941 2433 2010 2465 faci-

1060 2482 1130 2514 liter
1154 2482 1209 2513 toti
1233 2483 1413 2523 provinciae
1447 2486 1550 2524 potest
1586 2484 1742 2515 unctionis
1778 2484 1881 2515 oleum
1907 2494 2011 2517 conse-

1059 2543 1170 2573 crare3
1195 2535 1249 2567 sed
1273 2544 1333 2566 non
1358 2538 1460 2576 potest
1476 2535 1615 2576 quotidie
1640 2536 1669 2567 in
1695 2536 1827 2577 singulis
1852 2537 2009 2577 parochiis

1059 2587 1183 2618 Missam
1208 2591 1352 2625 cantare,
1377 2587 1457 2619 sicut
1481 2588 1586 2627 decet,
1612 2597 1683 2619 cum
1706 2588 1758 2620 ille
1775 2589 1814 2620 sit
1831 2589 1920 2629 panis
1937 2599 2013 2631 quo-

1062 2639 1220 2670 tidianusG
1244 2643 1274 2670 et
1298 2639 1474 2671 communis
1499 2639 1665 2671 omnibus:
1691 2644 1721 2671 et
1745 2641 1788 2672 sic
1813 2644 1897 2682 patet
1922 2641 2009 2673 illud.

114 2867 121 2882 ¹
141 2868 189 2893 Csr.
209 2873 308 2901 quaest.
331 2870 450 2901 praeced.
480 2873 504 2894 ct
525 2870 548 2894 d.
576 2871 600 2894 7.
630 2877 651 2894 a.
687 2871 705 2894 Ι.
727 2878 751 2902 q.
773 2872 796 2895 ⁴2.
816 2884 851 2888 -—-
870 2871 995 2901 Supcrius

46 2915 91 2940 pro
109 2910 160 2936 Sed
177 2911 225 2937 hoc
253 2912 460 2938 Sacramentum
490 2913 565 2937 codd.
594 2914 765 2938 communiter
789 2914 877 2945 legunt
897 2913 949 2939 Sed
967 2913 995 2939 in.

46 2952 92 2979 hoc
110 2954 282 2981 Sacramenta
309 2956 409 2988 (plures
439 2957 514 2981 codd.
541 2956 750 2982 Sacramentum
761 2967 770 2987 ;
795 2958 819 2981 in
840 2958 898 2982 cod.
919 2959 938 2982 A
958 2965 994 2983 so-

46 2997 126 3022 cunda
147 3005 237 3025 manus
256 3000 387 3026 substituit
401 3005 514 3025 nostram
530 3001 679 3031 lectionem,
694 3008 760 3033 quae
774 3004 811 3026 est
830 3002 905 3025 ctiam
921 3002 994 3026 lectio

46 3041 122 3074 edd).
142 3043 255 3069 Subinde
275 3051 322 3076 pro
340 3052 388 3077 per
407 3045 491 3070 Deum
511 3041 627 3069 (0dess
640 3045 656 3069 S
668 3045 687 3069 T
707 3052 755 3077 per
775 3044 918 3070 Christum.

114 3086 125 3102 2
143 3088 213 3118 Quae
233 3096 279 3119 pei*
298 3089 383 3113 oleum
405 3089 572 3120 significatur,
587 3092 615 3113 ut
634 3089 778 3113 insinuatur
792 3096 806 3114 a
820 3090 939 3120 Magistro
954 3090 994 3114 liic

46 3129 70 3153 in
90 3130 122 3155 lit.
136 3137 157 3156 c.
173 3132 195 3156 2.
210 3133 384 3158 ψ-1ηηῡοθηῑ,
401 3133 436 3157 111.
452 3134 474 3157 in
496 3132 522 3157 C.
544 3132 610 3158 Cam
632 3132 742 3158 venisset
761 3132 797 3157 acl
815 3132 994 3165 Aposlolicam

46 3173 130 3199 sedem
149 3175 208 3207 (1.),
229 3176 260 3200 X.
281 3177 313 3201 de
332 3177 408 3201 Sacra
430 3178 548 3201 unctione
569 3176 623 3207 (lib.
645 3177 659 3200 i.
681 3177 714 3201 tit.
741 3176 777 3201 15.
792 3176 806 3208 ζ,
821 3176 864 3208 2.),
879 3177 928 3201 ait:
950 3177 996 3201 Per

47 3217 130 3242 oleum
152 3220 219 3243 cuim
240 3221 305 3245 nitor
325 3221 495 3246 conscientiae
515 3220 681 3252 designatur,
704 3221 771 3245 iuxta
792 3220 863 3252 quod
889 3220 994 3251 legitur:

46 3260 188 3287 Prndentes
201 3262 316 3296 virgines
335 3265 494 3297 acceperant
513 3262 602 3289 oleum
615 3263 643 3288 in
657 3263 729 3289 vasis
748 3263 804 3288 suis
819 3270 880 3289 cam
895 3263 996 3296 lampa—

46 3302 120 3329 dibus
138 3303 235 3337 [Malui.
256 3306 302 3337 25,
324 3306 392 3339 lt.]...
414 3307 449 3331 De
469 3308 550 3331 nitore
578 3307 747 3331 conscientiae
775 3306 834 3331 dicit
859 3307 996 3337 Apostolus

47 3344 85 3379 [ll.
105 3348 162 3373 Cor.
179 3349 205 3380 ri,
230 3349 293 3382 12.]:
315 3350 408 3376 Gloria
428 3351 522 3375 nostra
541 3349 607 3375 hacc
622 3350 660 3375 est
674 3349 852 3375 testimoniam
866 3350 996 3376 conscicn-

186 3400 213 3426 S.
232 3401 333 3428 Bonae.
356 3416 389 3420 —
409 3403 483 3427 Tom.
506 3402 545 3426 IV.

1059 2870 1109 2896 tiae
1129 2872 1253 2902 nostrue;
1273 2877 1332 2895 nam
1352 2870 1437 2895 omnis
1457 2870 1544 2903 pluria
1561 2870 1632 2904 filiae
1652 2870 1722 2903 rcqe's
1742 2870 1775 2896 ab
1795 2871 1868 2897 littus
1888 2871 1940 2905 [Ρε.
1963 2872 2012 2903 lt,

1064 2913 1125 2947 14.].
1147 2929 1180 2932 —
1201 2915 1255 2939 Mox
1276 2921 1324 2945 pro
1344 2913 1444 2939 solvere
1463 2914 1538 2939 codd.
1560 2914 1578 2938 Ρ.
1591 2915 1639 2938 ST
1661 2914 1827 2948 respondere.

1129 2958 1140 2974 ³
1158 2959 1285 2982 Innoccnl.
1306 2959 1349 2988 Ili.7
1370 2958 1416 2982 loc.
1438 2959 1495 2982 cit:
1516 2958 1561 2982 Ρθι·
1574 2958 1720 2982 balsamum
1741 2958 1806 2983 odor
1825 2958 1908 2983 bonae
1929 2960 2011 2983 samue

1058 3003 1222 3033 exprimitur,
1243 3006 1349 3033 propter
1368 3002 1438 3034 quod
1459 3001 1551 3026 dicitur
1571 3001 1659 3034 [lice-ii.
1681 3001 1727 3033 24,
1749 3003 1819 3034 Qui:
1839 3001 1914 3028 Sicut
1928 3001 2011 3027 batm-

1058 3053 1133 3071 mum
1152 3045 1338 3071 aromatizans
1358 3045 1465 3071 odorem.
1484 3044 1549 3070 decli.
1570 3045 1619 3070 Csr.
1635 3046 1675 3070 iiic
1692 3046 1727 3070 lii.
1750 3046 1875 3077 Magistri,
1897 3053 1918 3071 c.
1940 3047 1962 3070 2.
1977 3061 2011 3065 —

1059 3090 1183 3120 Superius
1203 3093 1260 3120 post
1279 3088 1325 3114 sed
1343 3088 1369 3114 iit
1390 3088 1464 3113 codd.
1488 3089 1506 3112 Ρ.
1519 3089 1535 3112 S
1547 3089 1567 3112 T
1588 3088 1686 3113 addunt
1705 3090 1834 3114 artrema.

1130 3132 1138 3148 ⁴
1161 3133 1224 3157 Vide
1244 3139 1323 3163 supra
1342 3132 1367 3157 d.
1393 3133 1410 3156 I.
1432 3140 1457 3163 p.
1478 3132 1493 3157 l.
1514 3141 1537 3164 q.
1559 3133 1582 3157 2.
1603 3133 1635 3157 ud
1656 3133 1679 3157 lj.

1129 3176 1140 3192 ⁵
1161 3177 1215 3200 Vat.
1234 3175 1321 3208 primo
1347 3175 1567 3206 Sacramentzon„
1589 3177 1626 3206 el,
1655 3183 1721 3207 quac
1748 3177 1824 3201 ctiam
1852 3180 1909 3208 post
1929 3184 2010 3208 pauca

1059 3227 1107 3250 pro
1125 3219 1238 3244 ulterior
1257 3218 1348 3251 [codd.
1370 3219 1419 3242 1311
1432 3219 1437 3242 1
1450 3220 1470 3243 K
1491 3218 1611 3250 interior]
1641 3226 1699 3243 cum
1727 3219 1767 3243 od.
1794 3220 1798 3243 i
1829 3220 1932 3245 exbibet
1951 3219 2012 3245 ube-

1058 3263 1116 3289 rior
1135 3262 1253 3288 interior.
1273 3263 1398 3293 Superius
1418 3269 1465 3293 pro
1484 3262 1640 3288 ordinatam
1659 3263 1735 3288 codd.
1756 3264 1775 3287 G
1787 3264 1807 3288 II
1820 3264 1840 3288 V
1861 3271 1889 3288 aa
1905 3263 2011 3290 ordina-

1059 3308 1112 3332 tur.
1133 3321 1166 3323 ᾖ
1186 3307 1220 3331 De
1240 3308 1293 3337 ipsu
1314 3307 1386 3331 solut⁴
1408 3307 1452 3331 ci'r.
1472 3314 1550 3338 supra
1571 3307 1594 3331 d.
1616 3308 1639 3332 3.
1661 3315 1686 3338 p.
1710 3308 1724 3332 I.
1745 3315 1767 3332 a.
1794 3309 1812 3332 I.
1833 3315 1857 3340 (1.
1884 3309 1903 3333 Ι.

1129 3349 1139 3365 6
1160 3350 1219 3374 Luc.
1244 3350 1287 3382 11,
1310 3351 1338 3374 3:
1359 3350 1452 3375 Panem
1474 3354 1588 3376 nostrum
1609 3351 1788 3383 quotidianum
1808 3355 1856 3377 etc.

1832 3404 1865 3428 752·
