2483 3882
311 2333 345 2355 Ad
359 2333 442 2360 opposi-

350 2361 401 2381 tum.

441 191 505 222 476

441 284 513 310 sum⁷
534 277 638 310 quando
657 276 783 301 absolutio
803 278 909 306 propter
932 275 984 299 iam
1003 274 1136 298 dimissam
1158 272 1262 303 culpam
1281 274 1306 296 et
1330 278 1388 302 poe-

441 328 501 346 nam
521 324 651 346 aeternam
676 327 727 345 non
746 320 843 344 invenit
861 319 909 343 nisi
928 323 1039 348 poenam
1059 315 1244 347 temporalem3
1265 314 1311 340 sed
1330 321 1388 340 eam

442 368 528 390 censet
547 371 598 390 non
617 363 712 388 habere
733 364 801 388 hunc
820 362 939 386 eflectum
958 361 984 384 in
997 359 1104 391 attrito,
1121 358 1226 391 quando
1240 365 1299 383 cum
1313 358 1388 389 culpa

441 409 548 433 remissa
567 414 651 438 poena
670 408 772 431 aeterna
791 406 953 436 permutatur
971 404 996 427 in
1016 402 1193 434 temporalem.

1198 184 1482 217 SENTENTIARUM
1505 184 1572 216 ΜΒ.
1597 184 1642 216 IV.

1525 271 1561 295 De
1579 270 1670 295 eadem
1691 271 1841 302 quaestione
1859 270 1927 295 Alex.
1947 270 2016 302 Hah,
2036 271 2083 295 loc.
2098 271 2137 295 cit.
2152 277 2176 302 (1.
2192 271 2233 295 21.
2247 277 2282 295 m.
2297 271 2322 295 2.
2335 278 2357 296 a.
2375 272 2399 297 t.

1453 315 1478 339 2.
1500 314 1524 339 3.
1544 328 1578 331 —
1597 314 1622 339 S.
1643 314 1750 345 Tliom.⁷
1770 314 1817 339 loc.
1838 314 1878 339 cit.
1898 314 2057 345 quaestiunc.
2072 313 2209 345 2;Suppl.
2230 321 2254 345 q.
2276 314 2317 339 ¹18.
2332 321 2355 339 a.
2371 316 2396 340 2.

1452 358 1526 382 -Β,
1546 357 1657 389 Albert.,
1679 358 1721 383 hic
1739 364 1761 382 a.
1781 358 1805 382 9.
1826 371 1859 374 —
1878 358 1942 382 Petr.
1963 364 1976 382 a
1997 357 2070 389 Tan,
2085 357 2126 382 bic
2139 364 2163 389 q.
2184 358 2207 382 2.
2229 364 2250 382 a.
2271 358 2296 382 2.
2312 372 2345 375 —
2358 358 2400 382 Ri-

1452 401 1539 427 chard.
1560 408 1574 426 a
1594 401 1672 433 Med.⁷
1694 401 1735 426 hic
1753 408 1774 426 a.
1796 402 1819 426 2.
1841 408 1865 433 q.
1886 402 1909 426 2.

1309 524 1493 566 QUAEsrio
1517 524 1548 556 u.

1025 632 1140 664 Utrum
1165 631 1320 663 sacerdos
1343 631 1446 673 possit
1470 630 1599 673 aliquid
1622 630 1658 662 in
1677 640 1828 671 poenam.

531 748 674 781 Secundo
705 747 887 789 quaeritur,
915 750 1025 779 utrum
1050 746 1197 779 sacerdos
1221 730 1318 788 possit
1341 745 1394 777 ali-

445 801 518 843 quid
544 809 641 842 supra
665 809 808 842 poenam.
834 799 869 831 Et
892 799 1062 841 quodsic,
1086 798 1282 831 ostenditur:

536 855 561 885 1.
587 853 644 885 Per
668 853 852 894 Magistrum
885 852 916 883 in
949 851 1054 884 littera
1077 852 1108 883 in
1132 851 1186 883 illo
1210 850 1393 892 capitulo1:

285 912 437 934 Fundamenta.
451 918 465 935 κ
481 906 590 947 Ligant
613 914 739 947 quoque
760 904 939 937 sacerdotes
950 930 958 943 ,
975 904 1052 936 dum
1069 904 1310 936 satisfactionem
1327 912 1395 944 poe-

444 958 615 991 nitentibus
632 958 819 999 imponunt,
844 957 970 990 solvunt
992 960 1116 995 autem,
1142 956 1217 988 dum
1235 955 1274 987 de
1291 964 1327 987 ea
1343 955 1396 987 ali-

445 1011 521 1053 quid
545 1011 710 1043 remittunt
726 1022 755 1041 »z
781 1020 856 1052 ergo
880 1010 1023 1049 videtur,
1048 1009 1132 1051 quod
1156 1008 1275 1050 aliquid
1292 1008 1396 1040 remit-

444 1067 511 1096 tant
535 1064 574 1096 de
598 1072 705 1105 poena.

535 1118 563 1148 Ξ.
589 1116 682 1155 ltem,
707 1115 785 1148 nihil
806 1118 853 1148 est
869 1116 900 1147 in
916 1118 1080 1156 peccatore
1096 1112 1321 1146 remittendum
1337 1111 1396 1144 nisi

446 1169 496 1202 vel
520 1169 654 1208 offensa,
679 1169 727 1201 vel
752 1177 874 1210 poena3
898 1168 953 1200 sed
971 1167 1121 1199 offensam
1145 1166 1276 1199 remittit
1298 1165 1397 1203 Deus,

448 1232 509 1255 non
542 1222 706 1255 sacerdos:
734 1229 808 1262 ergo
841 1220 867 1253 si
899 1229 1030 1262 poenam
1063 1219 1149 1252 solus
1179 1219 1263 1251 Deus
1294 1218 1398 1250 remit-

448 1276 502 1314 tit,
531 1275 656 1307 videtur
688 1283 780 1315 ergo,
812 1273 896 1314 quod
929 1272 1099 1305 sacerdos²
1132 1281 1150 1304 a
1181 1271 1268 1304 nullo
1300 1270 1399 1303 absol-

447 1328 507 1359 vit:
530 1327 644 1359 salsum
669 1336 744 1368 ergo
769 1326 843 1359 dicit
871 1326 1036 1364 sacerdos,
1061 1326 1184 1358 dicens:
1211 1325 1272 1366 Ego
1295 1328 1326 1357 te
1349 1324 1400 1356 ab·

447 1380 542 1412 solvo.
1158 1412 1161 1413 γ

538 1432 567 1464 3.
592 1433 685 1470 Item,
710 1432 754 1464 sic
783 1431 929 1464 sacerdos
952 1440 1052 1463 novae
1076 1430 1154 1472 legis
1178 1439 1211 1463 se
1234 1429 1329 1462 habet
1361 1429 1399 1461 ad

450 1486 645 1518 sacerdotem
682 1485 814 1523 veteris,
845 1484 925 1516 sicut
958 1484 1158 1516 Sacramenta
1194 1491 1293 1515 novae
1325 1482 1402 1523 legis

449 1539 489 1571 ad
513 1538 714 1570 Sacramenta
739 1537 875 1575 veteris;
899 1536 954 1569 sed
979 1536 1181 1568 Sacramenta
1204 1544 1304 1568 novae
1325 1535 1402 1576 legis

450 1590 602 1623 exhibent
625 1589 709 1631 quod
735 1589 786 1621 illa
812 1588 1071 1621 demonstrabant
1094 1592 1125 1621 et.
1141 1587 1400 1629 significabant&

450 1652 524 1684 ergo
549 1643 728 1675 sacerdotes
752 1650 851 1674 novae
876 1641 953 1683 legis
970 1642 1045 1673 dant
1069 1641 1155 1683 quod
1180 1641 1224 1672 illi
1249 1640 1403 1682 praefigu-

451 1696 572 1727 rabant.
597 1695 656 1727 Sed
681 1694 726 1725 illi
750 1694 1008 1735 praefigurabant
1029 1694 1059 1725 in
1077 1693 1142 1725 suis
1158 1693 1280 1726 actibus
1296 1693 1404 1725 remis-

452 1748 590 1780 sionem:
617 1756 691 1788 ergo
716 1746 859 1785 videtur,
884 1746 968 1788 quod
992 1746 1043 1778 isti
1067 1746 1245 1779 sacerdotes
1266 1755 1335 1778 eam
1355 1745 1405 1777 tri-

452 1800 560 1832 buant.
594 1799 653 1831 Sed
685 1808 746 1831 non
771 1799 831 1831 nisi
856 1798 1073 1831 remissionem
1098 1799 1227 1840 culpae,
1251 1801 1306 1830 aut
1336 1807 1405 1840 poe-

452 1861 510 1885 nae
524 1865 531 1891 3
557 1852 611 1884 sed
636 1861 697 1884 non
722 1851 848 1893 culpae:
875 1860 949 1893 ergo
973 1860 1100 1893 poenae.

540 1906 570 1936 [1.
595 1905 689 1943 Item,
714 1905 767 1946 qui
792 1904 933 1945 peccavit
964 1907 1091 1946 peccato
1122 1904 1244 1936 occulto
1273 1907 1303 1936 et
1334 1906 1405 1945 post

455 1958 626 1991 conteritur
651 1960 722 1989 ante
743 1957 973 1989 absolutionem
997 1957 1168 1989 sacerdotis
1189 1965 1252 1988 1]οΠ
1274 1959 1406 1998 apparet

454 2011 569 2052 ligatus
601 2018 658 2042 nec
681 2009 746 2041 sibi
776 2018 833 2042 nec
862 2009 940 2041 cdii.-
965 2009 1030 2041 sibi
1053 2018 1131 2047 non,
1156 2009 1230 2050 quia
1254 2009 1348 2048 videt,
1372 2018 1406 2041 se

454 2063 573 2095 babere
597 2062 711 2094 bonam
736 2062 952 2100 voluntatem;
977 2061 1054 2093 aliis
1078 2071 1156 2100 non,
1182 2062 1256 2103 quia
1279 2070 1340 2093 non
1365 2061 1407 2093 vi-

455 2115 530 2147 dent
553 2115 584 2146 in
609 2123 644 2146 eo
668 2114 726 2146 nisi
751 2114 887 2146 bonum:
914 2122 988 2155 ergo
1005 2113 1148 2153 videtur,
1173 2114 1258 2155 quod
1281 2123 1343 2145 non
1368 2113 1407 2145 sit

455 2168 589 2200 alicuius
606 2167 749 2199 utilitatis
767 2167 872 2208 ipsum
891 2166 1055 2198 ostendere
1079 2166 1284 2205 absolutum,
1310 2167 1407 2198 immo

455 2220 536 2262 quod
563 2229 624 2252 non
648 2219 840 2252 ostendatur.

544 2273 691 2305 CONTRA:
720 2274 748 2304 1.
773 2272 1025 2314 Hieronymus&
1058 2284 1071 2301 α
1088 2273 1121 2304 ln
1145 2272 1341 2305 remittendis
1358 2272 1408 2304 vel

456 2326 487 2357 in
512 2325 683 2357 retinendis
708 2324 809 2365 culpis
833 2324 865 2356 id
890 2324 968 2356 iuris
989 2324 1106 2356 habent
1121 2324 1292 2366 evangelici
1311 2332 1409 2356 sacer-

456 2378 562 2416 dotes,
587 2378 670 2419 quod
696 2377 770 2409 olim
795 2376 954 2409 habebant
977 2377 1037 2408 sub
1064 2378 1143 2418 Lege
1167 2377 1283 2418 legales
1298 2388 1330 2415 »ς
1354 2376 1409 2409 sed

457 2431 501 2462 illi
527 2439 587 2462 non
617 2430 823 2462 ostendebant
852 2430 910 2461 nisi
936 2429 1142 2469 mundatum,
1166 2430 1208 2461 ita
1232 2429 1316 2471 quod
1348 2438 1409 2461 non

457 2483 653 2516 mundabant
676 2492 694 2515 a
717 2483 810 2524 culpa
843 2492 897 2515 uec
922 2483 1126 2516 absolvebant
1149 2492 1167 2515 a
1191 2491 1309 2524 poena:
1335 2491 1410 2523 ergo

459 2536 600 2568 similiter
625 2541 655 2568 et
680 2536 738 2568 isti.

550 2590 578 2619 52.
596 2588 697 2627 item,
723 2588 747 2620 si
773 2588 903 2620 remittit
920 2597 1071 2629 poenam,
1088 2591 1142 2620 aut
1158 2592 1340 2625 aeternavit,
1357 2590 1412 2619 aut

463 2640 683 2681 temporalem,
709 2641 888 2672 Aeternam
911 2650 971 2672 non
986 2653 994 2679 3
1020 2640 1103 2673 istud
1121 2644 1251 2679 constat,
1268 2640 1342 2681 quia
1359 2639 1412 2671 illa

463 2693 679 2734 inseparabilis
712 2697 759 2725 est
782 2702 800 2724 a
824 2693 935 2734 culpa,
959 2698 989 2725 et
1013 2696 1176 2734 praeterea
1201 2697 1248 2725 est
1271 2692 1411 2724 infinita:

463 2753 537 2785 ergo
562 2754 622 2776 non
647 2749 747 2786 potest
771 2745 887 2776 remitti
913 2745 970 2777 nisi
988 2754 1006 2776 a
1023 2746 1139 2777 virtute
1156 2745 1333 2777 remittente
1351 2745 1414 2777 cul-

535 2920 542 2936 ¹
563 2921 608 2946 Hic
627 2928 648 2946 c.
670 2922 693 2946 6.

533 2965 544 2980 ²
563 2964 625 2990 Cod.
636 2966 656 2990 U
667 2965 739 2990 addit
748 2965 816 2991 nihil
825 2965 942 2991 remittat
952 2967 975 2991 et
985 2965 1030 2992 sic.
1042 2967 1088 2991 Pro
1099 2973 1116 2992 α
1126 2966 1201 2992 millo
1213 2966 1269 2991 eod.
1282 2967 1301 2991 11
1312 2966 1412 2992 nullus.

535 3008 546 3024 3
564 3008 614 3034 Cfr.
634 3016 712 3040 supra
733 3008 756 3034 d.
779 3010 802 3034 1l.
823 3016 848 3040 11,
868 3009 883 3033 l.
905 3016 929 3041 q.
951 3010 974 3034 5.
994 3023 1028 3027 —-
1048 3009 1071 3034 ln
1091 3009 1190 3035 maiori
1217 3009 1290 3040 edd.⁷
1312 3016 1413 3040 compa-

465 3053 562 3077 ratione
581 3054 699 3077 inversa:
721 3052 788 3079 sicut
807 3052 960 3079 sacerdos...
982 3052 1019 3079 sic
1043 3052 1220 3079 Sacramenta
1246 3059 1331 3079 novae
1351 3052 1414 3086 lassis

466 3094 536 3128 [cod.
556 3096 574 3120 F
594 3096 697 3128 supplet
716 3103 743 3122 se.
762 3095 878 3129 habent]

536 3138 546 3154 ⁴¹
564 3139 632 3164 Libr.
653 3140 688 3164 lll.
710 3139 852 3165 Comment.
881 3141 906 3165 in
935 3141 1021 3166 Mattli.
1049 3130 1100 3172 lss,¹
1120 3141 1168 3166 119ε
1189 3140 1325 3172 Quomodo
1351 3147 1414 3172 ergo

467 3181 501 3206 ibi
521 3181 558 3215 [in
578 3182 661 3216 Lege]
680 3183 812 3215 leprosum
832 3184 954 3209 sacerdos
973 3184 1100 3209 mundum
1115 3185 1155 3209 vel
1169 3185 1334 3210 immundum
1348 3185 1413 3216 facit,

467 3225 503 3249 sic
522 3228 546 3250 et
565 3226 605 3250 liic
624 3226 710 3258 alligat
728 3227 768 3252 vel
788 3227 865 3252 solvit
883 3228 1022 3259 episcopus
1041 3231 1066 3253 et
1083 3228 1232 3260 presbyter,
1248 3235 1297 3253 non
1312 3235 1357 3253 eos
1370 3229 1413 3260 qui

468 3269 581 3294 insontes
600 3274 672 3301 sunt⁷
694 3271 734 3295 vel
755 3272 835 3303 noxii,
856 3272 902 3297 sed
922 3279 970 3303 pro
990 3272 1073 3297 officio
1093 3279 1154 3304 suo,
1176 3279 1234 3297 eum
1249 3274 1413 3304 peccatorum

469 3312 578 3338 audierit
606 3315 752 3346 varietates,
782 3316 841 3347 scit,
871 3317 914 3348 qui
943 3316 1063 3347 ligandus
1091 3317 1135 3348 sit,
1162 3317 1241 3349 quive
1264 3316 1413 3342 solvendus.

1457 754 1531 787 pam
1566 748 1597 777 et
1630 754 1649 776 a
1684 744 1801 776 virtute
1825 744 1962 777 infinita:
1988 754 2049 777 non
2074 754 2149 787 ergo
2183 755 2201 777 a
2233 746 2403 779 sacerdote.

1459 798 1651 835 Praeterea,
1668 797 1694 829 si
1710 797 1794 829 Deus
1818 797 1992 830 remitteret
2008 798 2133 839 culpam
2155 798 2221 830 sine
2244 807 2344 840 poena
2360 808 2406 831 ae-

1459 853 1566 889 terna,
1590 858 1665 891 ergo
1688 849 1801 891 aliquis
1826 853 1908 882 esset
1931 850 1997 882 sine
2021 850 2114 892 culpa
2138 854 2168 883 et
2191 860 2266 883 reus
2297 851 2406 884 mortis

1459 906 1626 941 aeternae;
1652 902 1707 935 sed
1731 912 1793 935 non
1817 907 1902 936 caret
1926 904 1997 945 quis
2022 904 2115 945 culpa
2138 904 2194 936 nisi
2220 913 2277 945 per
2301 905 2407 937 carita-

1459 958 1522 987 tem
1537 966 1543 986 :
1569 964 1644 996 ergo
1668 955 1763 987 simul
1779 955 1910 988 haberet
1927 956 2088 989 caritatem
2105 959 2135 989 et
2150 961 2274 989 reatum
2290 966 2408 998 poenae

1460 1010 1623 1046 aeternae,
1655 1010 1685 1039 et
1709 1008 1752 1039 ita
1775 1007 1869 1039 simul
1905 1012 1987 1041 esset
2021 1008 2135 1050 dignus
2159 1014 2260 1041 morte
2283 1012 2409 1042 aeterna

1461 1063 1491 1091 et
1514 1059 1631 1101 gloria,
1667 1060 1751 1101 quod
1788 1064 1835 1092 est
1858 1061 2070 1102 impossibile:
2096 1071 2157 1093 non
2182 1071 2256 1103 ergo
2280 1062 2409 1095 remittit

1461 1112 1587 1154 culpam
1612 1113 1678 1145 sine
1702 1114 1823 1154 poena⁵
1838 1125 1843 1144 :
1861 1122 1935 1155 ergo
1957 1114 2102 1146 sacerdos
2119 1124 2180 1147 non
2196 1115 2326 1147 remittit
2342 1125 2411 1157 poe-

1461 1173 1534 1196 nam
1558 1170 1740 1197 aeternam.

1552 1217 1581 1250 3.
1605 1218 1697 1257 Item,
1722 1228 1783 1250 non
1801 1219 1932 1251 remittit
1948 1228 2079 1260 poenam
2098 1221 2322 1261 temporalem,
2339 1230 2412 1263 quo-

1463 1270 1546 1302 niam
1572 1271 1611 1303 ad
1637 1271 1722 1302 illam
1753 1271 1827 1312 ligat
1836 1284 1843 1309 3
1868 1275 1899 1303 et
1922 1275 2059 1311 constat,
2083 1273 2168 1314 quod
2192 1283 2254 1306 nou
2278 1274 2353 1315 ligat
2384 1278 2413 1307 et

1464 1323 1557 1355 solvit
1581 1327 1726 1364 respectu
1750 1324 1902 1356 eiusdem.
1930 1324 1967 1356 St·
1991 1329 2025 1356 ια
2049 1325 2161 1363 dicas,
2180 1327 2262 1368 quod
2280 1327 2413 1360 absolvit

1464 1385 1482 1408 a
1506 1384 1606 1417 poena
1625 1377 1850 1418 pttrycttorz'a,
1876 1380 1906 1409 et
1934 1377 2008 1419 ligat
2040 1378 2250 1419 cacpt'cttorz'ct6
2274 1380 2338 1412 sive
2370 1389 2414 1412 sa-

1465 1428 1652 1467 tisfactoria,
1669 1432 1802 1471 contra:
1820 1438 1919 1470 poena
1936 1431 2119 1472 purgatoria
2135 1434 2182 1464 est
2198 1432 2237 1464 de
2253 1432 2314 1464 alio
2330 1433 2413 1465 foro:

1466 1490 1541 1522 ergo
1565 1482 1605 1513 ab
1629 1481 1683 1513 illa
1706 1491 1768 1513 1101]
1792 1485 1894 1523 potest
1918 1483 2064 1515 sacerdos
2088 1484 2260 1517 absolvere.

1555 1534 1585 1565 [1.
1610 1533 1703 1573 Item,
1722 1534 1746 1566 si
1764 1534 1835 1575 quis
1852 1535 2005 1567 moriatur
2022 1539 2093 1568 ante
2110 1536 2330 1577 perfectionem
2348 1547 2416 1579 poe—

1467 1587 1634 1625 nitentiae,
1670 1587 1819 1629 punietur
1855 1587 1886 1619 in
1917 1588 2120 1629 purgatorio,
2152 1590 2207 1621 sed
2232 1599 2293 1622 non
2325 1591 2417 1624 debet

1468 1640 1573 1681 puniri
1591 1648 1706 1681 poena,
1725 1649 1742 1672 a
1759 1649 1821 1682 qua
1837 1644 1883 1673 est
1900 1641 2083 1673 absolutus:
2110 1650 2184 1683 ergo
2208 1643 2247 1675 ab
2272 1643 2324 1675 illa
2341 1653 2416 1676 nun—

1468 1699 1563 1733 quam
1588 1692 1646 1723 suit
1669 1692 1842 1725 absolutus.

1558 1746 1586 1776 ὃ.
1612 1745 1704 1783 item,
1729 1745 1897 1785 Dominus,
1928 1746 2003 1778 dum
2037 1747 2167 1779 remittit
2199 1748 2341 1790 culpam,
2373 1757 2418 1781 re-

1470 1796 1563 1828 mittit
1586 1805 1718 1838 poenam
1749 1798 1867 1829 totam7
1890 1807 1947 1830 nec
1979 1798 2095 1840 obligat
2118 1799 2156 1831 ad
2186 1809 2335 1841 poenam,
2359 1801 2418 1833 nisi

1469 1852 1622 1890 quantum
1648 1850 1746 1891 exigit
1770 1859 1828 1882 sua
1844 1850 1982 1882 iustitia:
2009 1860 2083 1893 ergo
2108 1852 2132 1884 si
2157 1852 2271 1894 aliquis
2289 1854 2419 1886 remittit

1469 1901 1588 1943 aliquid
1625 1902 1760 1934 ulterius
1792 1903 1831 1934 de
1860 1903 1913 1935 illa
1937 1911 2053 1945 poena,
2078 1905 2272 1946 praeiudicat
2296 1906 2418 1939 divinae

1470 1955 1628 1994 iustitiaeg
1652 1956 1707 1987 sed
1731 1956 1839 1988 nullus
1867 1959 1968 1997 potest
1992 1957 2116 1989 divinae
2140 1958 2275 1991 iustitiae
2299 1960 2420 2000 praeiu-

1470 2007 1596 2039 dicare:
1626 2017 1700 2050 ergo
1735 2008 1843 2041 nullus
1868 2009 1906 2041 de
1931 2018 2030 2051 poena
2054 2011 2236 2052 temporati,
2261 2011 2300 2043 ad
2325 2020 2419 2053 quam

1471 2060 1628 2102 obligatur
1651 2065 1814 2103 peccator,
1839 2065 1941 2103 potest
1964 2062 2081 2104 aliquid
2109 2063 2278 2096 remittere.

1561 2114 1589 2145 6.
1614 2114 1708 2152 ltem,
1733 2115 1758 2146 si
1782 2118 1887 2155 posset
1915 2119 2036 2156 partem
2062 2116 2239 2155 remittere,
2264 2121 2319 2148 aut
2349 2117 2420 2159 plus

1471 2167 1602 2200 remittit
1626 2167 1652 2199 ei
1678 2167 1731 2209 qui
1752 2167 1831 2208 plus
1848 2168 2005 2209 peccavit,
2023 2172 2077 2200 aut
2094 2168 2166 2210 plus
2184 2169 2210 2201 ei
2228 2170 2281 2211 qui
2299 2170 2418 2202 minus.

1472 2220 1502 2251 Si
1523 2219 1600 2261 plus
1635 2219 1685 2251 vel
1720 2222 1841 2251 tantum
1877 2220 1903 2252 ei
1940 2221 1993 2262 qui
2025 2220 2154 2259 minu-3,
2180 2230 2253 2263 ergo
2278 2222 2419 2262 videtur,

1473 2273 1557 2315 quod
1581 2273 1606 2304 si
1631 2272 1744 2314 aliquis
1768 2281 1880 2314 parum
1906 2275 2061 2313 peccavit,
2086 2277 2116 2306 et
2140 2274 2182 2306 ita
2198 2283 2310 2315 parum
2333 2275 2422 2307 debe-

1472 2328 1525 2357 tur
1550 2325 1578 2357 ei
1604 2325 1643 2357 de
1667 2334 1783 2366 poena,
1809 2325 1893 2366 quod
1919 2328 2018 2357 totum
2037 2325 2247 2367 relinqueret:
2274 2335 2348 2368 ergo
2363 2335 2420 2368 pro

1473 2387 1571 2419 parvo
1595 2381 1722 2419 peccato
1738 2387 1799 2409 non
1817 2381 1864 2410 est
1879 2378 2068 2419 imponenda
2085 2378 2189 2420 aliqua
2205 2388 2321 2420 poena;
2339 2380 2420 2421 quod

1474 2434 1520 2462 est
1544 2430 1773 2462 inconveniens.
1799 2431 1828 2462 Si
1854 2431 1984 2463 remittit
2007 2431 2140 2463 mimas:
2163 2440 2238 2473 ergo
2255 2431 2282 2464 ei
2299 2432 2352 2474 qui
2370 2432 2422 2464 mi-

1474 2492 1534 2515 nus
1559 2482 1672 2524 diguus
1697 2487 1761 2521 est,
1787 2483 1885 2524 magis
1917 2483 2067 2521 remittit3
2092 2484 2146 2515 sed
2171 2485 2229 2516 hoc
2254 2488 2300 2516 est
2324 2485 2422 2516 incon-

1475 2535 1624 2567 veniens:
1648 2544 1722 2577 ergo
1747 2540 1803 2568 etc.

1565 2589 1592 2618 7.
1618 2588 1711 2626 ltem,
1736 2588 1760 2620 si
1786 2588 1916 2620 remittit
1940 2592 2079 2629 partem,
2104 2589 2184 2621 alius
2202 2590 2349 2622 sacerdos
2373 2599 2422 2631 po-

1475 2643 1535 2672 test
1558 2641 1718 2673 remittere
1743 2641 1834 2672 aliam
1860 2645 1999 2682 partem,
2025 2645 2054 2673 et
2079 2642 2122 2674 sic
2146 2641 2309 2683 deinceps,
2334 2643 2422 2675 etsie

1475 2696 1576 2724 totum
1600 2692 1738 2724 remitti8
1752 2705 1759 2731 3
1784 2693 1867 2734 quod
1897 2702 1956 2724 non
1982 2694 2144 2735 competit,
2170 2698 2204 2725 ut
2228 2694 2362 2732 videtur,
2380 2702 2422 2726 se-

1476 2745 1616 2777 cundum
1641 2745 1744 2776 sorum
1770 2753 1945 2777 commune.

1478 2923 1502 2947 S.
1524 2923 1618 2947 Bonav.
1640 2923 1732 2954 allegat
1753 2922 1833 2948 verba
1856 2924 1911 2947 eius
1931 2923 2074 2948 secundum
2098 2923 2261 2954 Magistrum,
2283 2924 2324 2948 liic
2343 2924 2367 2947 in
2387 2923 2421 2947 lit.

1478 2973 1499 2991 c.
1520 2967 1543 2991 6.
1559 2980 1592 2984 —
1607 2966 1632 2991 ln
1654 2966 1702 2991 fine
1722 2973 1776 2998 arg.
1797 2973 1844 2998 pro
1864 2968 1888 2992 ct
1907 2966 1951 2992 isti
1970 2966 2027 2991 cod.
2050 2967 2069 2991 U
2088 2973 2136 2993 nec
2155 2966 2206 2992 isti.

1549 3010 1560 3027 ⁵
1578 3011 1603 3035 ln
1623 3011 1681 3035 edd.
1702 3011 1805 3036 additur
1824 3012 1940 3036 aeterna.

1548 3054 1558 3070 6
1578 3054 1658 3080 Codd.
1679 3055 1698 3079 R
1711 3055 1726 3079 S
1739 3055 1758 3079 T
1770 3055 1789 3079 U
1809 3054 2010 3088 cxptttfflttort'a.

1547 3098 1558 3114 ⁷
1578 3097 1627 3123 Csr.
1648 3098 1733 3123 Matili.
1750 3099 1794 3130 48,
1809 3099 1858 3123 32:
1878 3098 1960 3123 Omne
1973 3098 2089 3124 debitum
2104 3098 2187 3124 dimisi
2202 3098 2254 3124 tibi.
2269 3099 2335 3124 Vide
2348 3099 2423 3124 etiam

1478 3148 1555 3172 supra
1576 3142 1610 3166 lit.
1631 3142 1757 3173 Magistri,
1779 3142 1803 3167 d.
1824 3142 1880 3167 XV.
1901 3149 1922 3167 c.
1942 3142 1972 3174 7,
1993 3141 2037 3167 ubi
2058 3142 2165 3174 dicitur,
2187 3142 2257 3174 quod
2272 3142 2422 3167 infidelitatis

1478 3185 1521 3217 sit⁷
1543 3185 1676 3210 dimidiam
1696 3192 1800 3217 sperare
1819 3187 1922 3211 veniam
1942 3194 1956 3211 a
1976 3180 2036 3211 Deoss

1548 3228 1558 3244 ⁸
1577 3228 1658 3255 Codd.
1679 3230 1726 3254 FG
1746 3231 1867 3262 supplent
1892 3232 1994 3263 posset,
2025 3231 2082 3256 cod.
2103 3231 2120 3255 Z
2139 3232 2228 3263 potest.
2250 3231 2274 3255 ln
2295 3230 2344 3255 fine
2369 3236 2421 3261 arg.

1478 3272 1553 3298 codd.
1574 3273 1594 3297 M
1608 3272 1628 3297 O
1648 3273 1745 3299 addunt
1768 3273 1909 3306 Ecclesiae,
1940 3274 2011 3306 quod
2039 3274 2114 3299 codd.
2135 3275 2174 3299 lK
2195 3274 2352 3300 substituunt
2376 3279 2421 3305 pro
2464 3304 2467 3307 Δ

1478 3322 1623 3342 commune.
