2483 3882
706 272 799 304 DIST.
824 272 917 304 XLIII.
942 272 1023 304 ART.
1049 271 1068 303 I.
1093 271 1245 313 QUAEST.
1271 273 1305 304 V.

27 367 66 390 ex
90 360 179 399 parte
202 360 333 390 naturae
356 361 574 399 praeparetur.
606 358 641 390 Et
672 359 742 391 ideo
767 359 837 392 talis
861 369 975 401 oppor-

29 411 153 444 tunitas
183 419 244 443 non
276 410 386 449 infert,
410 410 592 443 huiusmodi
617 412 880 444 resurrectionem
905 421 974 445 esse

27 474 45 497 a
67 472 162 497 causa
192 462 345 500 naturali,
377 471 449 494 cum
482 466 541 495 stet
572 472 643 495 cum
668 472 763 496 causa
791 468 975 506 supernatu-

28 516 134 549 raliter
157 518 316 557 operante.

114 568 144 600 li.
170 569 198 599 5.
223 567 266 599 Ad
291 567 369 599 illud
394 566 478 608 quod
503 567 665 606 obiicitur,
690 569 774 609 quod
796 572 909 601 natura
925 578 976 610 po-

27 624 86 653 test
109 620 148 652 de
171 620 221 652 his
244 628 325 661 quae
349 623 496 661 generata
520 623 594 651 sunt
617 629 674 661 per
698 621 975 662 putrefactionem,

27 674 119 707 etde
143 672 360 714 serpentibus;
392 672 579 710 dicendum,
611 673 696 712 quod
727 675 882 716 quaedam
914 675 976 707 ani-

0 725 121 762 i-malia
144 725 307 757 modicam
332 724 595 766 organizationem
620 725 753 764 habent,
778 730 885 768 utpote
909 736 976 759 ver-

0 765 16 779 ι’
29 786 94 811 mes
117 780 148 810 et
171 777 317 809 animalia
342 776 482 818 corporis
505 777 645 815 anulosi;
670 781 700 809 et
723 778 833 810 talium
858 782 904 811 est
924 788 976 810 na-

27 835 98 863 tura
121 830 308 872 productiva
331 838 389 871 per
412 829 681 871 putrefactionem.
706 830 866 871 Quaedam
894 840 976 863 com-

22 883 163 926 pletam,
186 885 222 914 ut
245 881 393 913 animalia
409 881 568 913 sensibilia
584 882 721 922 perfecta
737 885 768 913 et
784 882 973 923 gradientia,

25 939 60 968 ut
83 944 184 977 equus
193 947 202 973 3
226 938 256 967 et
279 934 352 966 talia
377 943 437 966 non
462 934 584 975 potest¹
609 934 667 967 nisi
693 943 748 975 per
777 935 839 966 vim
864 935 975 968 forma-

27 989 120 1021 tivam
146 987 300 1020 influxam
333 996 405 1019 cum
433 986 589 1019 decisione
614 987 759 1026 seminis3
783 992 813 1020 et
837 988 898 1020 tale
929 992 975 1020 est

28 1049 142 1082 corpus
173 1040 368 1078 humanum,
400 1039 484 1081 quod
508 1049 569 1071 non
594 1043 696 1081 potest
720 1040 906 1073 naturaliter
929 1050 976 1072 or-

29 1093 182 1135 ganizari,
206 1092 264 1125 nisi
288 1092 370 1124 adsit
387 1101 493 1124 semen
510 1096 540 1124 et
556 1092 697 1124 debitum
716 1102 771 1125 vas
788 1093 974 1134 suscipiens,

28 1146 144 1179 scilicet
164 1145 282 1177 matrix
293 1157 300 1183 3
318 1148 348 1177 et
365 1144 434 1177 ideo
451 1153 511 1176 non
529 1148 576 1177 est
592 1145 693 1177 simile
710 1145 749 1177 de
766 1146 973 1186 serpentibus.

117 1199 145 1230 6.
170 1198 213 1230 Ad
238 1197 316 1230 illud
342 1197 425 1239 quod
450 1196 596 1229 obiicitur
613 1197 652 1229 de
668 1197 808 1238 appetitu
833 1201 974 1237 naturae,

0 1259 15 1280 ι.
30 1251 195 1293 dupliciter
218 1253 320 1292 potest
343 1250 548 1292 responderi:
573 1259 636 1282 uno
663 1250 772 1289 modo,
797 1251 881 1292 quod
907 1260 976 1293 pro-

28 1303 138 1346 positio
162 1303 215 1335 illa
238 1303 316 1335 falsa
339 1306 394 1335 est.
420 1302 580 1343 Quaedam
605 1302 688 1334 enim
706 1303 826 1334 suntin
843 1306 975 1335 naturae

27 1356 183 1398 appetitu,
208 1364 288 1397 quae
313 1358 416 1387 tamen
441 1363 503 1386 non
527 1358 600 1386 sunt
625 1354 655 1386 in
674 1354 741 1387 eius
756 1358 929 1396 potestate;
945 1359 975 1387 et

26 1408 97 1441 talia
120 1418 179 1440 non
206 1412 279 1440 sunt
310 1408 484 1446 naturalia,
517 1411 551 1439 ut
575 1411 660 1449 patet
684 1408 722 1440 de
748 1408 938 1440 beatitudine
952 1407 973 1439 2.

27 1462 111 1502 Quae
134 1464 237 1493 autem
257 1464 329 1493 sunt
348 1460 377 1492 in
396 1460 542 1502 appetitu
566 1465 595 1492 et
617 1464 789 1502 potestate,
812 1461 885 1492 talia
902 1464 975 1493 sunt

0 1513 199 1552 i.natilralia;
224 1513 284 1546 tale
308 1517 412 1545 autem
434 1522 494 1544 non
520 1516 567 1545 est
591 1513 790 1545 resurrectio.
815 1531 858 1536 —
881 1513 975 1545 Aliter

26 1566 101 1598 solvi
126 1569 245 1607 potest,
269 1566 350 1607 quod
370 1574 409 1597 ex
427 1569 516 1607 parte
532 1565 666 1597 animae
681 1568 728 1597 est
751 1565 918 1607 appetitus,
934 1574 974 1597 ex

25 1623 112 1661 parte
133 1618 309 1660 pulverum
332 1627 393 1649 non
418 1622 465 1650 est
488 1618 661 1659 appetitus3
686 1626 742 1649 nec
759 1617 870 1649 exilia
887 1621 975 1658 parte

26 1675 71 1704 est
94 1671 264 1709 naturalis,
289 1671 344 1703 sed
368 1674 476 1703 contra
500 1674 656 1702 naturam.

113 1725 198 1757 Unde
222 1728 295 1756 nota
319 1724 358 1756 de
383 1723 577 1765 pulveribus
608 1727 672 1756 tres
704 1723 873 1765 opiniones.
906 1723 975 1764 Qui-

0 1790 18 1810 iu
30 1777 99 1810 dam
124 1778 205 1810 enim
232 1777 357 1816 dicunt,
381 1776 465 1818 quod
490 1775 608 1808 habeut
630 1776 811 1818 appetitum
835 1780 865 1808 et
888 1779 976 1808 natu-

0 1821 122 1863 ifralem
152 1830 380 1862 ordinationem
405 1829 442 1862 ad
470 1829 737 1870 incorruptionem
762 1832 890 1870 propter
913 1829 975 1860 ani-

26 1893 106 1916 mam
117 1895 126 1922 ;
150 1887 180 1915 et
204 1883 323 1915 ratione
355 1882 440 1915 illius
471 1882 605 1921 habent,
635 1882 719 1924 quod
743 1892 809 1914 uon
839 1886 975 1924 possunt

27 1936 144 1969 resolvi
166 1945 269 1979 usque
292 1935 338 1967 ad
361 1935 534 1973 elementa,
559 1939 663 1967 tamen
681 1938 812 1976 possunt
828 1943 896 1967 esse
914 1944 976 1966 ma—

0 2005 15 2021 ι-
27 1990 104 2022 teria
126 1988 341 2031 quorumlibet
365 1997 544 2030 corporum.
561 2006 604 2011 -—
620 1988 679 2020 Sed
697 1988 781 2020 istud
799 1997 859 2019 non
877 1988 974 2029 capio,

25 2042 107 2084 quod
132 2042 161 2074 in
195 2050 310 2083 corpus
341 2041 458 2073 vermis
483 2041 580 2082 possit
604 2040 719 2073 reverti
745 2041 852 2079 homo,
878 2040 927 2073 vel
944 2041 973 2072 in

27 2104 139 2137 corpus
163 2094 239 2136 lupi,
261 2098 291 2126 et
308 2103 369 2126 non
387 2094 500 2126 resolvi
519 2093 550 2125 in
568 2093 738 2132 elementa;
756 2093 852 2125 immo
868 2094 975 2126 Glossa

26 2156 119 2189 super
143 2147 222 2180 illud
247 2147 402 2179 Psalmi³:
421 2147 611 2178 Posueruut
626 2146 824 2185 morticina,
849 2147 974 2178 videtur

26 2200 144 2240 dicere,
173 2200 257 2241 quod
290 2199 480 2232 resurrectio
509 2203 556 2231 est
585 2211 600 2228 «
617 2208 657 2231 ex
681 2199 901 2231 occultissimis
925 2208 975 2231 na-

24 2257 112 2286 turae
136 2253 305 2286 sinibus».
329 2252 468 2285 Verbum
502 2252 594 2284 etiam
625 2252 788 2293 Augustini
814 2252 844 2283 in
870 2251 976 2284 Euchi-

25 2306 103 2339 ridio
137 2309 309 2348 repugnat,
338 2306 423 2347 quod
455 2305 575 2344 innuit,
606 2305 691 2347 quod
718 2306 746 2337 in
783 2305 850 2346 ipsa
881 2305 973 2337 etiam

25 2359 175 2392 elementa
199 2361 331 2400 possunt
354 2358 477 2391 resolvi.

109 2411 174 2443 Alia
197 2411 302 2453 opinio
326 2415 390 2449 est,
408 2411 493 2453 quod
510 2410 721 2442 resolvuntur
745 2410 780 2442 iu
804 2410 973 2448 elementa,

0 2472 13 2493 Ξ.
26 2467 55 2497 et
77 2467 178 2497 tamen
202 2468 313 2496 manet
342 2464 506 2505 appetitus
534 2468 663 2505 propter
700 2464 775 2502 boc,
800 2463 882 2505 quod
915 2463 975 2495 ele-

25 2521 126 2549 menta
150 2517 219 2556 illa,
244 2521 279 2549 ut
302 2517 432 2549 fuerunt
455 2516 596 2558 corporis
612 2516 742 2548 humani
763 2516 906 2555 materia,
924 2516 974 2547 ha-

27 2569 161 2602 buerunt.
193 2570 327 2602 multum
362 2570 401 2602 de
425 2574 538 2601 natura
570 2569 666 2608 lucis,
698 2578 779 2610 quae
810 2572 871 2600 stat
902 2577 972 2600 cum

28 2622 169 2655 omnibus
192 2622 376 2661 elementis3
400 2625 431 2654 et
455 2623 575 2654 ratione
600 2621 684 2654 illius
710 2625 842 2654 naturae
858 2621 974 2653 babent

0 2688 18 2703 a·
29 2675 197 2717 appetitum
221 2680 252 2708 et
275 2674 513 2707 ordinationem.
530 2694 574 2697 —
590 2675 649 2707 Sed
677 2683 732 2707 nec
750 2674 807 2706 boc
824 2673 973 2715 intelligo,

28 2728 181 2769 quomodo
194 2728 249 2761 lux
266 2732 387 2761 maneat
405 2728 499 2760 simul
517 2737 589 2760 cum
607 2731 705 2766 terra,
723 2731 753 2760 et
769 2727 853 2769 quod
871 2731 973 2765 terra,

1923 274 1987 306 893

1038 368 1118 401 quae
1142 363 1189 392 est
1212 359 1343 392 materia
1366 360 1507 401 corporis
1523 360 1671 399 humani,
1689 360 1788 401 magis
1805 361 1845 392 sit
1861 360 1986 400 lucida;

1038 416 1068 444 et
1092 411 1176 454 quod
1200 412 1335 452 vermis,
1359 413 1410 454 qui
1437 416 1605 454 generatur
1630 413 1669 445 de
1686 413 1825 445 humano
1842 422 1986 455 corpore,

1038 464 1110 505 plus
1133 465 1247 497 habeat
1270 464 1309 497 de
1334 468 1446 496 natura
1471 464 1549 496 lucis
1572 473 1667 506 quam
1692 464 1773 497 alius
1797 465 1923 497 vermis.

1126 518 1229 550 Tertia
1252 517 1357 559 opinio
1384 521 1448 556 est,
1480 518 1564 559 quod
1596 517 1744 559 pulveres
1775 517 2109 552 resolvuntur-opium.

1039 570 1088 602 vel
1113 570 1227 603 resolvi
1252 574 1383 612 possunt
1406 570 1441 602 in
1469 570 1647 608 elementa;
1671 579 1726 602 nee
1751 569 1905 602 elementa
1928 570 1987 604 illa

1039 620 1156 654 liabent
1178 622 1322 665 aliquem
1345 622 1526 664 appetitum
1547 631 1604 655 nec
1620 623 1848 656 ordinationem
1865 624 1905 656 ad
1922 633 1987 656 cor-

1040 683 1099 715 pus
1122 675 1296 707 secundum
1322 679 1498 713 naturam,
1516 676 1570 708 sed
1595 675 1697 708 solum
1715 677 1890 709 secundum
1907 676 1986 708 divi·

1038 736 1119 759 uam
1132 727 1388 769 providentiam,
1405 737 1485 770 quae
1509 728 1646 770 diSponit
1670 729 1749 761 illud
1772 729 1853 762 idem
1871 738 1986 771 corpus

1039 780 1212 812 reformare
1243 779 1382 819 animae,
1415 784 1451 812 ut
1481 780 1512 812 in
1536 789 1572 813 eo
1596 785 1835 820 remuneretur3
1859 790 1916 814 nec
1939 785 1986 814 est

1039 832 1184 865 distincta
1208 832 1260 864 illa
1283 841 1357 874 pars
1380 833 1420 865 ab
1444 833 1513 865 aliis
1536 833 1679 874 partibus
1703 833 1848 866 elementi
1872 834 1903 866 in
1935 842 1985 873 se,

1039 885 1094 917 sed
1118 885 1148 916 in
1174 886 1406 926 comparatione
1430 886 1470 918 ad
1495 886 1633 918 divinam
1658 886 1859 928 sapientiam,
1892 896 1986 929 quam

1038 937 1116 969 nihil
1140 937 1230 976 latet,
1254 938 1332 969 nihil
1356 938 1554 980 subterfugit.

1129 990 1163 1022 Et
1187 990 1263 1022 haec
1280 990 1384 1031 opinio
1399 990 1592 1032 probabilior
1608 994 1671 1030 est,
1688 995 1723 1023 ut
1739 992 1843 1024 credo.
1863 992 1896 1024 Et
1912 996 1987 1025 tunc
2018 1001 2083 1028 Magis
2099 1007 2145 1028 pro-

1038 1044 1123 1083 patet
1154 1042 1315 1083 responsio
1339 1042 1378 1074 ad
1404 1042 1498 1075 illud:
1524 1043 1597 1085 quia
1621 1053 1782 1085 nunquam
1807 1053 1921 1086 corpus
1945 1053 1985 1077 ex
2000 1027 2147 1081 'Sii‘c‘ssiuer‘aal''

1039 1094 1154 1126 unione
1177 1095 1216 1126 ad
1241 1095 1376 1127 animan]
1401 1095 1539 1137 aliquam
1558 1096 1668 1137 recipit
1691 1096 1883 1138 qualitatem
1899 1106 1988 1129 crea·
2002 1081 2063 1102 ⁵⁰¹⁰‘'

1039 1150 1106 1177 tam
1137 1146 1185 1178 vel
1218 1147 1453 1188 dispositionem
1477 1148 1781 1189 incorruptibilitatis
1812 1149 1987 1181 secundum

1039 1201 1154 1230 statum
1180 1203 1375 1240 praesentem
1401 1218 1441 1222 —
1463 1199 1522 1231 nisi
1545 1200 1624 1232 forte
1649 1200 1734 1233 dicas
1759 1201 1906 1233 meritum
1938 1201 1987 1233 vel

1039 1251 1243 1290 demeritum,
1272 1252 1325 1285 sed
1351 1252 1430 1284 illud
1455 1256 1559 1285 manet
1583 1253 1612 1284 in
1637 1253 1759 1292 anima,
1783 1263 1844 1285 non
1870 1254 1899 1286 in
1925 1263 1989 1286 cor-

1039 1312 1114 1345 pore
1131 1322 1175 1327 —
1190 1308 1245 1336 aut
1258 1305 1282 1336 si
1300 1313 1396 1346 quam
1409 1305 1503 1337 aliam
1517 1305 1573 1337 des
1590 1305 1836 1347 dispositionem,
1852 1311 1907 1339 aut
1920 1311 1989 1348 post

1039 1357 1272 1398 corruptionem
1305 1361 1335 1389 et
1366 1358 1589 1390 resolutionem
1617 1367 1678 1390 non
1703 1363 1825 1397 manet,
1849 1360 1925 1391 aut‘1
1956 1360 1987 1391 in

1039 1409 1175 1449 potentia
1199 1409 1290 1441 valde
1314 1414 1432 1442 remota
1458 1414 1571 1442 manet.
1589 1429 1630 1433 —
1648 1411 1708 1443 Hoc
1733 1415 1834 1443 tamen
1857 1412 1921 1444 sine
1939 1421 1985 1444 ca·
1999 1421 2126 1443 Notandum.

1039 1461 1158 1493 lumnia
1183 1470 1293 1494 verum
1318 1466 1381 1501 est,
1399 1463 1482 1504 quod
1500 1472 1632 1505 corpus,
1657 1472 1696 1495 ex
1722 1473 1784 1505 quo
1802 1464 1910 1496 unitur
1926 1465 1988 1496 ani-

1038 1522 1108 1546 mae
1132 1514 1292 1552 rationali,
1317 1515 1545 1547 ordinationem
1570 1516 1673 1548 statim
1696 1516 1790 1548 habet
1806 1517 1845 1549 ad
1864 1517 1987 1548 immor-

1039 1567 1188 1599 talitatem
1214 1567 1387 1599 secundum
1413 1568 1563 1600 divinam
1584 1569 1839 1610 providentiam.

1128 1620 1168 1651 Et
1189 1619 1221 1650 si
1248 1624 1282 1651 tu
1315 1630 1477 1663 quaeras:
1502 1622 1660 1662 quomodo
1683 1622 1788 1653 anima
1813 1622 1906 1654 habet
1937 1631 2145 1664 ap‘Quaesum-

1038 1672 1170 1713 petitum
1196 1672 1235 1704 ad
1260 1673 1340 1705 hanc
1369 1677 1489 1714 partem
1514 1674 1677 1713 elementi,
1701 1683 1773 1707 cum
1799 1674 1837 1707 sit
1860 1675 1987 1707 omnino
2001 1657 2145 1680 mmmm*

1039 1724 1268 1768 homogeueum
1294 1729 1325 1759 et
1348 1727 1444 1760 unius
1474 1731 1606 1760 naturae
1637 1737 1708 1760 cnm
1744 1728 1812 1761 aliis
1844 1729 1988 1770 partibus

1039 1778 1201 1817 elementi,
1226 1788 1283 1812 nec
1306 1779 1398 1811 etiam
1424 1780 1664 1812 distinctionem
1689 1781 1820 1820 liabeat3
1844 1782 1917 1823 quia
1938 1791 1989 1823 po-

1039 1834 1098 1863 test
1121 1832 1247 1863 omnino
1271 1832 1340 1864 aliis
1363 1833 1576 1872 commisceri,
1598 1836 1629 1865 et
1652 1833 1772 1865 iterum
1793 1843 1892 1876 aeque
1909 1835 1986 1867 bene

1038 1883 1135 1924 possit
1158 1884 1184 1916 ei
1210 1893 1323 1925 corpus
1355 1893 1396 1916 ex
1420 1885 1480 1917 alia
1503 1888 1593 1927 parte
1616 1886 1760 1918 elementi
1784 1886 1925 1928 reparari
1957 1891 1987 1919 et

1038 1936 1179 1969 eiusdem
1198 1937 1423 1978 complexionis
1440 1942 1471 1970 et
1488 1938 1682 1971 habitudinis
1698 1942 1728 1971 et
1745 1939 1987 1981 complementi?

1039 1989 1225 2028 dicendum,
1249 1990 1333 2031 quod
1364 1994 1657 2033 quantumcumque
1684 1992 1801 2024 fuerit⁵
1825 1992 1926 2025 simile
1958 1997 1988 2025 et

1039 2042 1278 2074 commisceatur
1302 2042 1370 2075 aliis
1405 2043 1585 2081 elementis,
1616 2044 1682 2076 sive
1712 2045 1767 2076 uni
1796 2045 1861 2077 sive
1894 2045 1988 2086 pluri-

1038 2095 1114 2133 bus,
1140 2104 1264 2136 semper
1288 2099 1392 2128 tamen
1411 2100 1515 2128 manet
1530 2096 1719 2129 substantia
1735 2097 1895 2130 materiae
1912 2107 1987 2130 eum

1037 2147 1167 2178 ratioue
1189 2148 1352 2185 seminali,
1369 2151 1400 2180 et
1415 2157 1489 2189 pars
1512 2148 1704 2181 substantiae
1721 2149 1805 2182 illius
1823 2149 1986 2189 materiae,
2001 2158 2062 2180 Ratio
2079 2158 2146 2188 >semi-

1037 2200 1094 2231 etsi
1120 2209 1181 2231 non
1206 2201 1245 2232 sit
1268 2204 1340 2232 actu
1364 2205 1508 2242 separata
1531 2201 1570 2233 ab
1597 2201 1667 2234 aliis
1694 2202 1855 2243 partibus,
1872 2202 1987 2243 quibus
2041 2186 2101 2206 ’Μ’

1038 2255 1085 2283 est
1108 2253 1296 2287 commixta.
1314 2257 1360 2285 est
1376 2257 1479 2285 tamen
1497 2254 1701 2295 separabilis;
1719 2257 1749 2286 et
1765 2255 1910 2296 quamvis
1927 2263 1988 2286 non

1039 2304 1078 2335 sit
1102 2304 1285 2345 separabilis
1309 2314 1365 2337 nec
1382 2305 1606 2347 distinguibilis
1623 2307 1796 2339 secundum
1816 2307 1986 2338 humanam

1039 2358 1227 2398 potentiam,
1251 2362 1297 2390 est
1321 2362 1423 2390 tamen
1449 2359 1634 2400 separabilis
1658 2362 1688 2391 et
1703 2359 1927 2401 distinguibilis
1945 2368 1989 2392 se-

1038 2411 1178 2442 cundum
1204 2412 1373 2452 potentiam
1398 2415 1428 2444 et
1452 2412 1636 2453 sapientiam
1658 2412 1814 2451 divinam,
1839 2421 1919 2454 quae
1936 2421 1987 2444 no-

1039 2464 1097 2502 vit,
1115 2464 1144 2495 in
1163 2464 1237 2505 quid
1263 2464 1392 2496 redierit
1415 2473 1530 2505 corpus
1554 2464 1748 2504 humanum,
1772 2469 1985 2506 quotcumque

1038 2520 1069 2548 et
1093 2516 1346 2558 quibuscumque
1371 2517 1596 2549 ilintationibus
1620 2521 1650 2550 et
1674 2518 1932 2550 conversionibus
1948 2518 1987 2550 sit

1039 2573 1216 2600 mutatum:
1242 2573 1272 2601 et
1296 2570 1340 2601 sic
1364 2578 1419 2611 per
1447 2569 1532 2601 illius
1564 2570 1733 2611 sapientiae
1765 2570 1986 2602 discretionem

1038 2625 1068 2653 et
1092 2621 1247 2662 potentiae
1279 2622 1489 2663 operationem
1518 2622 1595 2654 illud
1620 2631 1677 2663 per
1700 2623 1827 2655 easdem
1852 2623 1985 2661 formas,

1037 2683 1094 2715 per
1106 2683 1185 2716 quas
1198 2674 1422 2715 disponebatur
1440 2675 1478 2707 ad
1493 2675 1710 2707 formationem
1723 2675 1734 2691 ⁶
1750 2675 1889 2714 animae,
1907 2679 1987 2717 post-

1037 2727 1165 2759 modum
1191 2727 1377 2768 disponitur.

29 2916 131 2943 Interius
149 2925 198 2950 pro
216 2918 256 2944 vel
275 2919 335 2944 edd.
348 2918 434 2950 velut,
456 2918 514 2944 cod.
536 2919 557 2943 li
579 2918 600 2947 (l
621 2926 635 2943 3
656 2918 768 2943 secunda
789 2919 878 2949 meniu)
900 2917 970 2949 licet,

27 2961 72 2991 ‘qui
95 2961 169 2986 etiam
189 2961 300 2987 subinde
319 2969 367 2993 pro
387 2968 449 2988 cum
467 2963 516 2987 stet
534 2961 664 2987 substituit
683 2961 805 2994 quamvis
817 2962 883 2992 stet;
902 2960 974 2985 deni-

30 3009 79 3035 que
96 3011 144 3035 pro
167 3005 412 3038 supernaturaliter
439 3006 564 3038 operante
589 3005 634 3037 (ita
654 3005 711 3030 cod.
731 3005 763 3037 A)
782 3005 837 3030 cod.
867 3011 897 3029 aa
921 3010 974 3029 nou

28 3047 186 3074 naturaliter
205 3049 271 3080 (Vat.
292 3049 381 3075 diviua
400 3048 654 3082 supernaturaliter)
675 3049 814 3082 operante,
837 3049 861 3072 in
881 3048 936 3073 aliis
950 3051 974 3072 et

30 3090 68 3115 ed.
89 3092 97 3116 l
121 3092 282 3119 naturaliter
300 3094 433 3126 operante.
466 3120 470 3126 ,

98 3134 106 3151 ¹
125 3136 188 3161 Edd.
208 3137 329 3168 supplent
345 3137 500 3170 producere.

96 3178 108 3195 ²
125 3179 161 3204 De
186 3187 236 3212 qua
262 3182 326 3206 infra
353 3181 377 3206 d.
404 3181 444 3206 49.
471 3189 496 3213 p.
522 3182 537 3206 I.
564 3189 588 3213 q.
610 3182 633 3205 2.
654 3195 688 3198 —
708 3181 764 3205 Vnt.
791 3181 973 3212 prosequitur:

33 3219 165 3251 Quaedam
188 3225 277 3250 autem
302 3222 365 3250 suut
384 3224 411 3250 in
430 3225 487 3251 eius
510 3224 627 3258 appetitu
652 3225 676 3250 et
699 3225 833 3257 potestate,
855 3225 878 3249 et
898 3223 972 3249 talia.

31 3263 133 3292 Inferius
149 3271 207 3298 post
226 3268 334 3294 animae
352 3271 391 3295 est
412 3269 543 3302 appetitus
562 3269 638 3294 codd.
661 3269 713 3293 NY
732 3275 761 3293 33
781 3268 880 3293 addunt
899 3269 922 3293 et
941 3274 975 3293 eoe

31 3305 76 3333 illa
92 3311 167 3342 parte
185 3313 223 3337 est
240 3312 382 3345 naturale,
404 3316 428 3338 et
448 3321 495 3345 pro
514 3320 562 3339 uec
580 3320 615 3338 eae
633 3312 681 3338 illa
700 3313 776 3345 parte
795 3311 852 3336 cod.
872 3318 902 3336 aa
916 3311 975 3336 sub-

0 3385 1 3388 *
31 3352 106 3379 stituit
124 3355 150 3379 et
166 3353 222 3381 ideo
240 3362 302 3381 uon.

97 3395 108 3412 ³
127 3397 216 3423 psalm.
242 3399 293 3431 78,
329 3400 352 3424 2.
379 3400 470 3432 (codd.
495 3399 650 3431 mortalia).
674 3413 708 3417 —
730 3399 847 3424 Glossam
873 3398 976 3424 exhibet

1039 2918 1103 2943 Petr.
1124 2917 1262 2943 Lombard.
1287 2919 1311 2942 in
1336 2918 1405 2943 bunc
1429 2918 1514 2943 locum
1535 2918 1595 2949 (cfr.
1615 2918 1691 2943 etiam
1716 2917 1897 2944 interlinearis
1916 2919 1987 2950 apud

1038 2961 1200 2993 Lyranum)⁷
1223 2968 1289 2993 quae
1308 2965 1344 2986 est
1360 2961 1503 2986 secundum
1523 2962 1631 2993 August.
1645 2962 1669 2986 in
1690 2962 1759 2987 hunc
1773 2962 1812 2987 ΡΞ.
1832 2969 1855 2986 n.
1876 2962 1987 2988 5:211022

1039 3004 1119 3030 tieina
1139 3012 1230 3030 eorum
1250 3004 1418 3038 [Martyrum]
1437 3007 1461 3030 et
1480 3011 1574 3031 carnes
1593 3012 1684 3030 eorum
1708 3007 1858 3038 posueruut
1874 3005 1987 3031 volatili-

1039 3047 1087 3073 bus
1113 3048 1180 3074 caeli
1203 3051 1228 3074 et
1251 3048 1336 3074 bestiis
1361 3050 1464 3081 terrae,
1487 3049 1560 3081 quasi
1587 3049 1731 3081 quidquam
1757 3056 1849 3074 eorum
1875 3056 1987 3075 resurre-

1039 3093 1114 3117 ctioni
1135 3092 1271 3123 deperiret,
1296 3100 1326 3117 ex
1350 3093 1455 3118 occultis
1474 3096 1580 3118 naturae
1599 3092 1698 3118 sinibus
1723 3097 1804 3118 totum
1829 3093 1988 3124 redintegra-

1038 3139 1097 3161 turo
1116 3137 1169 3168 illo,
1196 3137 1236 3161 cui
1256 3140 1280 3162 et
1300 3137 1382 3167 capilli
1403 3137 1480 3162 nostri
1502 3137 1627 3162 numerati
1647 3139 1705 3162 sunt
1725 3135 1828 3170 [Mattli.
1856 3137 1901 3168 to,
1922 3136 1986 3170 30.].

1039 3194 1072 3197 —
1086 3180 1144 3211 Seq.
1164 3180 1299 3211 Augustini
1319 3180 1441 3205 sententia
1455 3179 1564 3205 habetur
1583 3180 1710 3205 Eucliirid.
1724 3187 1745 3206 c.
1766 3181 1807 3206 88.
1822 3187 1845 3205 n.
1866 3181 1907 3206 23.
1922 3181 1987 3206 Vide

1038 3224 1063 3247 in
1084 3223 1134 3248 tine
1153 3224 1230 3248 liuius
1249 3226 1348 3255 quaest.

1109 3266 1119 3282 ⁴
1139 3266 1201 3292 Cod.
1221 3274 1249 3291 33
1269 3267 1386 3298 adiungit
1403 3266 1428 3293 si
1444 3268 1541 3293 manet.
1562 3268 1687 3299 Superius
1707 3272 1765 3300 post
1788 3270 1837 3294 aut
1858 3268 1882 3294 si
1906 3276 1987 3302 qztam

1039 3310 1136 3342 aliam,
1158 3311 1236 3342 aliqui
1262 3311 1338 3336 codd.
1366 3311 1486 3337 omittunt
1504 3311 1563 3343 des,
1585 3311 1642 3337 cod.
1671 3319 1699 3337 aa
1729 3311 1779 3338 det.
1806 3313 1897 3338 Mutata
1917 3318 1954 3338 est
1972 3320 1987 3338 a

1040 3354 1115 3379 nobis
1134 3355 1319 3386 interpunctio,
1340 3357 1365 3380 ct
1383 3355 1419 3380 sic
1439 3362 1530 3380 sensus
1549 3354 1691 3380 verborum
1711 3357 1772 3382 satis
1792 3358 1868 3387 patet.

1111 3398 1121 3414 ⁵
1141 3398 1204 3423 Edd.
1223 3398 1278 3432 fiat.
1745 3399 1756 3416 ⁶
1775 3399 1840 3425 Edd.
1860 3399 1986 3432 formam.
