2483 3882
705 274 799 305 DlST.
823 274 907 306 XLV.
932 273 1012 305 ΛΒΤ.
1038 273 1082 304 ΙΙΙ.
1108 273 1261 314 QUAEST.
1285 273 1304 304 l.

25 362 98 397 dicit
121 361 328 403 Augustinus,
353 361 392 393 de
416 361 498 393 Cura
519 370 577 403 pro
598 361 732 394 mortuis
755 361 876 403 agenda
890 361 910 400 ²,
927 369 971 393 se-

24 415 151 458 pultura
175 413 257 446 vaiet
281 414 312 445 in
337 413 404 446 loco
432 417 539 446 sancto
568 418 696 455 propter
719 414 875 446 orationes
900 414 971 445 San-

25 471 163 505 ctorum,
187 466 240 508 qui
265 469 356 497 orant
379 475 436 507 pro
460 475 514 504 eo,
539 467 577 498 ad
606 467 697 498 cuius
725 466 885 498 tumulum
910 474 972 497 me-

25 522 198 553 morantur.
214 537 258 541 —
274 517 440 559 Amplius,
457 518 607 560 suffragia
623 522 696 551 sunt
719 519 759 551 ad
784 518 969 551 solvendum

25 579 155 614 poenam
186 570 251 602 sive
282 573 428 607 reatum;
453 570 507 602 sed
532 570 604 612 plus
636 575 682 603 est
706 571 884 603 satisfacere
914 578 972 611 pro

26 624 128 657 debito
153 623 324 655 multorum
350 631 445 664 quam
470 623 582 662 uniUS,
604 627 634 655 et
650 623 771 655 facilius
788 623 900 656 satisfit
916 631 973 664 pro

26 676 129 710 debito
153 675 247 707 unius
270 683 366 717 quam
391 675 553 716 plurium:
571 684 646 717 ergo
662 676 809 717 pluribus
834 676 973 717 indigent

26 729 183 770 suffragiis
207 728 270 760 duo
294 736 389 769 quam
414 736 497 759 unus
520 728 626 760 solus:
652 737 727 769 ergo
744 728 768 760 si
786 728 973 760 dividuntur

26 783 105 815 inter
128 790 198 819 eos,
222 784 357 821 uterque
381 779 476 812 babet
499 781 624 812 minus:
649 789 724 822 ergo
748 790 808 812 non
833 780 974 819 videtur,

26 833 109 876 quod
132 832 305 874 aequaliter
336 840 369 864 se
393 832 565 864 extendant
587 832 626 864 ad
651 841 768 865 omnes.
786 851 828 855 -—
846 832 880 864 Et
904 832 974 864 ideo

0 900 10 915 r
27 886 211 924 dicendum,
236 885 320 927 quod
352 885 431 917 illud
455 894 515 917 non
541 888 587 917 est
612 885 731 917 simile:
759 886 832 927 quia
856 885 976 917 illumi-

26 939 115 972 natio
139 943 235 970 totam
260 938 395 980 speciem
420 938 466 970 rei
492 939 576 970 visae
601 938 702 970 defert
725 939 765 970 ad
782 938 928 977 oculum,
945 942 975 971 et

27 992 169 1026 similiter
200 991 290 1023 lectio
316 994 411 1023 totam
436 991 675 1023 similitudinem
699 991 784 1023 vocis
794 1003 802 1030 ;
826 991 881 1023 sed
913 1000 974 1023 non

25 1046 68 1078 sic
91 1049 138 1077 est
162 1044 192 1076 in
216 1043 394 1081 solutione,
419 1043 499 1076 sicut
523 1046 570 1076 est
594 1043 624 1075 in
645 1047 772 1085 aspectu
791 1048 822 1076 et
838 1044 976 1076 conside-

23 1098 151 1131 ratione.
176 1096 326 1138 Quamvis
348 1096 430 1128 enim
450 1096 513 1127 duo
530 1095 702 1128 creditores
719 1096 892 1137 aequaliter
909 1105 976 1137 pos-

25 1151 85 1184 sint
108 1154 138 1182 et
160 1149 255 1181 simul
270 1148 281 1163 ²
307 1148 414 1180 videre
438 1157 538 1180 unum
555 1157 708 1187 aureum,
726 1158 786 1180 non
804 1152 908 1181 tamen
924 1158 976 1190 po-

25 1206 83 1236 test
106 1202 279 1244 aequaliter
303 1201 382 1233 solvi
414 1201 550 1233 duobus.
582 1201 630 1233 Sic
659 1201 897 1242 intelligendum
930 1207 976 1234 est

28 1256 58 1287 in
83 1254 257 1296 proposito,
282 1254 366 1295 quod
398 1262 454 1294 per
490 1253 640 1294 suffragia
671 1253 715 1285 fit.
748 1254 833 1286 Unde
863 1253 976 1292 refert,

28 1311 134 1340 utrum
160 1307 236 1338 fiant
258 1315 316 1347 pro
341 1306 505 1347 pluribus,
530 1315 567 1337 an
593 1315 650 1347 pro
674 1315 746 1338 uno.

116 1359 150 1391 Et
173 1359 243 1390 ideo
275 1358 533 1399 distinguendum
567 1362 613 1390 est
637 1359 704 1397 hic,
729 1359 802 1400 quia
827 1359 977 1400 suffragia

0 1423 14 1448 ι,
30 1412 180 1445 Ecclesiae
204 1415 259 1443 aut
284 1411 363 1443 fiunt
386 1411 416 1442 in
442 1411 629 1449 communi,
646 1415 701 1443 aut
726 1411 756 1442 in
784 1411 928 1452 speciali.
947 1412 977 1443 Si

0 1456 60 1497 l'in
84 1464 266 1502 communi,
293 1467 425 1505 prosunt
448 1464 474 1496 ei
501 1464 617 1505 magis,
642 1464 695 1506 qui
722 1465 820 1505 magis
845 1465 977 1503 meruit,

30 1522 64 1550 ut
85 1517 288 1560 prodessent,
312 1516 381 1548 aliis
404 1517 635 1548 conditionibus
652 1517 800 1558 paribus,
824 1517 898 1558 quia
916 1526 975 1549 non

29 1574 150 1603 tantuin
167 1569 325 1611 dimicas,
342 1569 395 1601 sed
414 1570 506 1601 etiam
531 1569 707 1601 necessitas
724 1569 942 1601 consideratur
956 1569 977 1601 ³.

0 1639 16 1660 g.
29 1641 74 1646 —
88 1623 123 1655 Et
139 1623 183 1655 sic
207 1622 340 1663 probant
364 1621 485 1663 primae
509 1623 655 1654 rationes.
671 1641 716 1645 —
732 1622 762 1654 Si
780 1626 885 1654 autem
903 1622 979 1654 fiant

0 1675 60 1708 ain
76 1674 212 1717 speciali
219 1687 230 1711 ,·
253 1675 280 1707 ei
305 1675 405 1716 magis
428 1678 578 1716 prosunt,
603 1683 660 1715 pro
677 1683 739 1716 quo
756 1674 857 1713 fiunt3
881 1679 911 1706 et
935 1674 978 1707 sic

30 1728 163 1770 probant
186 1727 322 1759 rationes
346 1730 522 1769 sequentes.

118 1782 146 1812 1.
161 1782 190 1812 2.
207 1780 251 1812 Ad
268 1780 347 1812 illud
364 1783 484 1819 tamen,
501 1780 585 1821 quod
599 1780 701 1821 primo
717 1780 877 1818 obiicitur,
894 1780 977 1821 quod

0 1850 18 1872 ρ-
31 1833 128 1875 magis
159 1837 292 1874 prosunt
322 1833 349 1864 ei
389 1833 444 1874 qui
484 1832 582 1874 magis
620 1832 756 1870 meruit;
792 1832 979 1871 dicendum,

1921 273 1984 305 947

1034 360 1118 402 quod
1144 369 1254 393 verum
1279 364 1343 399 est,
1368 364 1521 402 quantum
1545 364 1592 393 est
1616 361 1654 393 de
1676 371 1728 400 se,
1754 362 1810 394 nisi
1835 362 1922 395 aliud
1939 371 1985 395 re-

1034 413 1148 445 formet
1171 417 1295 454 pactum
1311 425 1319 452 ;
1343 417 1374 445 et
1390 413 1448 445 hoc
1464 417 1511 446 est
1527 413 1656 446 intentio
1671 414 1820 447 facientis.
1837 432 1882 439 -—
1898 415 1932 447 Et
1949 415 1986 447 si-

1036 466 1150 498 militer
1167 466 1204 498 ad
1224 474 1359 507 sequens
1376 466 1649 508 respondendum,
1674 467 1758 509 quod
1782 467 1867 500 Deus
1884 467 1986 500 distri·
2015 499 2018 503 ,

1036 518 1104 550 buit
1117 518 1291 551 secundum
1309 519 1510 551 intentionem
1525 519 1609 551 illius
1618 520 1671 561 qui
1685 520 1775 552 offert
1787 520 1982 562 suffragium.

1125 570 1153 602 3.
1178 571 1221 603 Ad
1247 570 1325 603 iilud
1349 571 1433 612 quod
1457 571 1620 611 obiicitur,
1646 573 1729 613 quod
1754 573 1845 605 citius
1869 573 1985 606 meruit

1037 623 1185 662 liberari3
1216 623 1402 663 dicendum,
1430 624 1515 666 quod
1540 633 1650 657 verum
1675 630 1738 664 est,
1763 626 1874 658 ceteris
1906 626 1986 667 pari-

1036 676 1117 714 bus;
1141 680 1172 709 et
1194 677 1268 718 quia
1292 676 1344 708 iile
1369 677 1422 718 qui
1447 677 1552 709 minus
1568 678 1701 717 meruit,
1719 678 1853 711 maiores
1870 682 1899 711 et
1919 679 1987 720 plu-

1037 738 1088 761 res
1112 729 1222 761 habuit
1245 729 1424 761 adiutores:
1451 730 1523 762 hinc
1544 734 1607 769 est,
1625 730 1709 771 quod
1726 730 1818 763 citius
1835 731 1987 763 liberatur

1037 782 1157 813 ratione
1181 781 1291 813 auxilii
1307 782 1317 796 ⁴
1342 781 1445 814 alieni.
1470 782 1505 813 Et
1529 782 1668 820 iterum,
1689 783 1746 815 iste
1764 784 1879 815 meruit
1896 784 1987 816 citius

1039 834 1184 873 liberari,
1208 843 1268 866 non
1293 838 1446 876 quantum
1464 835 1502 867 ad
1520 844 1556 867 ea
1573 844 1654 876 quae
1671 839 1744 868 sunt
1758 836 1912 878 propria,
1930 837 1985 869 sed

1038 886 1078 918 ad
1102 895 1138 917 ea
1162 894 1242 927 quae
1267 889 1339 918 sunt
1363 886 1564 923 coozmzmia,
1589 886 1628 918 de
1652 887 1767 928 quibus
1795 889 1894 929 magis
1918 897 1986 930 per-

1038 938 1130 979 cipit,
1155 938 1266 970 ceteris
1291 939 1430 979 paribus.

1127 991 1157 1022 li.
1182 991 1223 1023 Ad
1249 991 1328 1023 illud
1360 991 1444 1032 quod
1473 991 1619 1024 obiicitur
1644 992 1683 1025 de
1707 992 1860 1025 sacrificio
1884 993 1987 1026 crucis

1039 1047 1069 1075 et
1092 1044 1216 1082 altaris,
1249 1044 1435 1083 dicendum,
1460 1044 1544 1085 quod
1569 1045 1714 1086 quamvis
1737 1046 1820 1078 idem
1846 1047 1901 1086 sit,
1926 1056 1986 1079 non
2003 1056 2132 1078 Notandum.

1039 1100 1142 1128 tamen
1167 1096 1336 1137 utrobique
1358 1096 1555 1129 uniformiter
1571 1102 1738 1139 operatur;
1756 1108 1827 1130 nam
1846 1099 1875 1131 in
1894 1109 1988 1133 cruce

1039 1149 1174 1181 effusum
1199 1152 1246 1181 est
1269 1149 1407 1190 pretium
1432 1149 1462 1180 in
1487 1149 1676 1182 omnimoda
1696 1151 1916 1192 plenitudine,
1934 1154 1989 1185 sed

1040 1202 1071 1233 in
1102 1201 1193 1233 altari
1224 1201 1319 1233 habet
1349 1202 1495 1234 effectum
1519 1202 1788 1241 deteriizinatum‚
1813 1213 1885 1236 cum
1915 1214 1989 1247 quo-

1040 1254 1114 1286 tidie
1138 1258 1328 1286 assumatur.
1363 1255 1396 1286 Et
1420 1258 1546 1295 propter
1570 1255 1629 1287 hoc
1653 1256 1756 1297 prima
1786 1256 1902 1289 oblatio
1926 1266 1987 1289 non

1042 1307 1190 1345 iteratur,
1222 1307 1276 1339 sed
1309 1307 1446 1339 secunda
1479 1308 1632 1345 iteratur;
1656 1312 1686 1340 et
1710 1308 1779 1341 ideo
1814 1318 1872 1341 non
1906 1310 1988 1342 valet

1042 1360 1094 1391 illa
1118 1360 1213 1397 ratic,
1238 1359 1311 1401 quia
1335 1360 1492 1401 procedit,
1517 1369 1552 1393 ac
1577 1361 1602 1392 si
1635 1365 1717 1394 esset
1748 1362 1888 1403 aequalis
1919 1362 1989 1395 effe-

1042 1415 1120 1443 ctus.
1136 1430 1181 1434 —
1198 1412 1232 1443 Et
1248 1411 1385 1449 iterum,
1406 1411 1454 1443 illa
1470 1421 1534 1453 pro
1552 1413 1702 1444 omuibus
1719 1418 1765 1445 est
1781 1414 1895 1452 oblata,
1913 1415 1990 1447 haec

1042 1468 1146 1496 autem
1171 1464 1347 1505 specialiter
1372 1468 1473 1505 potest
1496 1464 1573 1497 fieri.
1598 1465 1658 1497 Nec
1690 1466 1792 1498 obstat
1824 1467 1902 1499 iilud
1927 1467 1992 1499 Hie-

1042 1517 1163 1557 ronymi
1181 1517 1220 1549 de
1237 1517 1484 1555 Consecratione,
1501 1517 1698 1550 distinctione
1714 1519 1823 1560 quinta
1837 1519 1865 1550 ⁵:
1886 1520 1990 1552 «Cum

1042 1578 1099 1610 pro
1113 1573 1236 1601 eentum
1256 1569 1475 1612 defunctorum
1493 1570 1659 1602 animabus
1675 1571 1817 1612 psalmus
1834 1572 1883 1603 vel
1900 1572 1992 1604 Missa

1043 1622 1175 1660 dicitur,
1200 1622 1277 1653 nibil
1303 1622 1422 1660 minus,
1448 1631 1542 1663 quarn
1567 1623 1591 1654 si
1618 1632 1674 1664 pro
1699 1633 1762 1655 uno
1786 1624 1926 1665 quolibet
1949 1624 1993 1656 di-

1043 1679 1185 1713 ceretur,
1209 1674 1406 1716 accipitur».
1431 1674 1604 1707 Dicendum
1622 1675 1722 1714 enim,
1740 1676 1824 1717 quod
1849 1676 1993 1718 Hierony—

1043 1736 1131 1765 mus,
1156 1727 1236 1759 sicut
1259 1731 1344 1768 patet
1366 1736 1405 1759 ex
1431 1727 1604 1766 adiunctis,
1626 1728 1765 1769 loquitur
1782 1732 1934 1770 quantum
1951 1729 1992 1761 ad

1044 1780 1190 1811 meritum
1214 1778 1387 1821 facieiitis,
1412 1789 1472 1811 non
1494 1783 1647 1821 quantum
1663 1780 1702 1812 ad
1720 1780 1886 1813 utilitatem
1904 1781 1991 1820 eius,

1040 1841 1103 1873 pro
1128 1841 1191 1874 quo
1214 1831 1251 1873 fic
1265 1832 1286 1862 ⁶.

833 1969 1098 2007 ARTICULUS
1127 1970 1185 2006 111.

597 2072 642 2103 De
664 2070 851 2114 stiffi-aytis,
876 2081 960 2114 quae
984 2070 1100 2103 Sancti
1122 2070 1312 2112 impendunt
1335 2070 1428 2102 vivis.

117 2197 348 2238 Consequenter
384 2200 538 2238 quantum
574 2196 614 2228 ad
650 2196 780 2228 tertium
810 2194 980 2228 articulum

31 2251 191 2293 quaeritur
215 2250 254 2282 de
279 2249 454 2291 suffragiis,
486 2258 567 2291 quae
599 2249 828 2291 impenduntur
853 2248 932 2281 vivis
963 2258 981 2280 a

31 2304 146 2336 Sanctis
182 2304 248 2336 sive
285 2313 303 2335 a
339 2302 503 2336 defunctis.
544 2303 577 2334 Et
612 2302 695 2334 eirca
732 2303 982 2343 hocvquaerun-

32 2360 83 2389 tur
106 2357 175 2389 tria.

1135 2196 1236 2228 Primo
1260 2195 1441 2236 quaeritur,
1464 2199 1573 2227 utrum
1592 2195 1692 2227 Sancti
1711 2200 1801 2228 orent
1818 2206 1876 2238 pro
1893 2197 1992 2229 nobis.

1133 2249 1292 2287 Secundo,
1317 2252 1424 2280 utrum
1450 2248 1550 2281 Sancti
1576 2248 1745 2290 impetrent
1769 2249 1858 2281 nobis
1875 2249 1993 2291 aliquid

1046 2301 1111 2333 suis
1135 2301 1338 2333 orationibus.

1134 2353 1253 2391 Tertio,
1279 2356 1386 2384 utrum
1412 2353 1450 2385 sit
1474 2353 1563 2384 nobis
1587 2352 1664 2385 utile
1687 2362 1798 2394 rogare
1824 2354 1960 2386 Sanctos.

902 2486 1084 2528 QUAESTIO
1108 2486 1127 2517 l.

724 2585 840 2617 Utrum
866 2584 982 2616 Sancti
1004 2587 1095 2615 orent
1115 2593 1179 2624 pro
1203 2583 1306 2615 nobis.

119 2708 276 2749 Quantum
312 2716 387 2749 ergo
421 2707 461 2739 ad
496 2706 635 2749 primum
672 2705 864 2743 ostenditur,
897 2704 980 2746 quod

35 2759 133 2792 Sancti
157 2764 246 2793 orent
270 2769 327 2802 pro
351 2760 459 2792 nobis:

124 2815 149 2846 1.
167 2813 246 2855 Quia
262 2814 377 2846 dicitur
394 2813 433 2845 de
450 2813 591 2851 Christo,
608 2812 660 2854 qui
686 2816 733 2844 est
757 2812 888 2843 Sanctus
911 2810 982 2842 San-

0 2868 172 2905 ita-ctorum,
196 2866 235 2898 ad
258 2866 412 2898 Hebraeos
436 2865 569 2907 septimo
584 2865 614 2896 ⁷:
640 2864 773 2906 Semper
796 2863 907 2895 vivens
938 2862 983 2894 act

1046 2702 1319 2744 interpellandum
1342 2712 1404 2744 pro
1426 2702 1539 2740 uobis,-
1556 2702 1611 2734 sed
1628 2703 1729 2735 Sancti
1748 2706 1820 2735 sunt
1844 2703 1912 2735 eius
1929 2703 1995 2735 imi-

1046 2760 1181 2787 tatores:
1206 2764 1280 2796 ergo
1303 2755 1383 2787 sicut
1407 2755 1550 2787 Christus
1574 2759 1659 2793 orat,
1683 2758 1714 2787 et
1737 2755 1839 2787 Sancti
1864 2759 1964 2787 orant.

1134 2810 1162 2839 2.
1180 2808 1272 2845 Item,
1298 2808 1356 2839 hoc
1380 2807 1483 2848 ipsum
1508 2807 1661 2848 probatur
1682 2816 1738 2848 per
1755 2807 1833 2839 illud
1851 2808 1934 2850 quod
1954 2808 1996 2840 di-

1046 2862 1128 2893 eitur
1152 2860 1272 2892 loannis
1296 2860 1416 2892 decimo
1440 2863 1552 2901 quarto
1567 2860 1594 2891 ⁸:
1614 2860 1680 2902 Eyo
1697 2860 1821 2902 rogabo
1839 2861 1993 2898 Patrem,

106 3046 115 3063 1
134 3046 194 3078 Cap.
214 3047 238 3072 4.
259 3054 282 3072 n.
303 3048 326 3072 6.
347 3054 400 3079 seq.
414 3060 450 3065 -
466 3047 573 3072 Inferius
592 3053 640 3077 pro
660 3052 741 3079 quam
759 3044 895 3078 plurimu,
913 3044 983 3076 quod

38 3096 86 3115 non
105 3091 179 3121 pauci
200 3090 274 3116 codd.
295 3093 320 3115 et
338 3091 378 3116 ed.
400 3091 409 3115 i
434 3091 567 3120 omittunt,
587 3089 644 3114 cod.
664 3089 682 3113 F
701 3094 782 3121 quam
802 3087 971 3112 winilorum.¹

105 3134 116 3150 ²
134 3133 195 3159 Cod.
206 3134 224 3159 F
234 3133 339 3167 possint
350 3133 467 3160 insimul.
479 3134 585 3158 inferius
599 3140 646 3164 pro
662 3131 734 3157 Unde
748 3130 830 3164 refert
842 3131 900 3156 Vat.
913 3129 984 3156 Unde

38 3183 89 3203 non
108 3177 202 3211 refert,
224 3181 248 3203 et
267 3185 314 3209 pro
333 3177 396 3211 quia
415 3176 549 3211 suffragyict
569 3176 644 3201 codd.
665 3176 716 3200 AG
735 3174 807 3208 quod
825 3174 966 3208 suffragia.

107 3221 117 3238 ³
134 3222 166 3247 Ut
184 3222 281 3247 dictum
300 3225 338 3247 est
357 3229 435 3253 supra
455 3228 480 3253 q.
502 3221 524 3245 ri.

106 3264 117 3281 ⁴
134 3265 215 3291 Codd.
236 3266 276 3291 lK
295 3264 420 3297 subsidii,
442 3265 484 3290 ed.
509 3265 516 3289 1
541 3271 601 3289 Cum
627 3263 746 3295 pluribus
772 3262 847 3287 codd.
873 3261 984 3288 consilii.

39 3308 141 3335 Inferius
159 3309 268 3335 vocibus
286 3309 332 3336 sed
350 3309 386 3335 ad
404 3309 481 3334 codd.
502 3308 591 3333 FGaa
610 3307 657 3340 (bb
677 3314 690 3331 a
710 3306 822 3332 secunda
843 3307 933 3338 manu)
948 3307 985 3330 in-

40 3354 162 3379 terserunt
181 3355 320 3387 quantum.

107 3397 117 3414 ⁵
136 3396 196 3423 Cau.
215 3398 277 3425 Non
295 3396 463 3424 mediocriter
481 3395 561 3429 (240),
582 3396 606 3420 in
627 3402 679 3428 quo
700 3395 804 3420 dicitur:
825 3394 892 3419 Dum
907 3394 985 3425 igitur

1048 3050 1095 3074 pro
1114 3043 1211 3068 cunctis
1230 3041 1368 3067 animabus
1386 3044 1432 3066 etc.
1454 3042 1489 3067 (ln
1509 3042 1558 3065 hoc
1583 3048 1681 3066 canone
1700 3041 1853 3073 generaliter
1872 3041 1994 3073 docetur,

1048 3094 1097 3112 non
1118 3086 1281 3111 mediocriter
1299 3092 1385 3110 errare
1404 3092 1448 3110 eos
1474 3086 1517 3117 qui
1539 3085 1670 3110 mediocre
1689 3087 1713 3109 et
1740 3088 1873 3110 externum
1897 3085 1995 3110 bonum

1047 3137 1072 3155 ν.
1094 3137 1118 3161 g.
1138 3130 1274 3160 ieiunium,
1296 3129 1454 3160 psalmorum
1475 3128 1679 3153 decantationem
1699 3132 1761 3160 etc.‚
1778 3129 1926 3160 praeferunt
1945 3135 1997 3153 ma-

1048 3180 1100 3205 gno
1113 3177 1137 3198 et
1147 3174 1246 3198 interno
1259 3180 1286 3198 v.
1302 3180 1327 3204 g.
1341 3173 1436 3197 caritati
1451 3177 1475 3198 et
1489 3172 1618 3197 devotioni
1632 3176 1688 3204 etc.;
1703 3174 1747 3197 csr.
1762 3179 1840 3203 supra
1857 3179 1915 3203 pag.
1931 3172 1980 3197 372
1990 3193 1996 3204 ‚

1049 3221 1106 3243 nota
1127 3217 1171 3248 8.).
1191 3231 1224 3234 —
1243 3218 1290 3241 Pro
1309 3215 1377 3242 nihil
1395 3216 1485 3242 mimis
1505 3216 1561 3241 cod.
1582 3217 1603 3241 K
1625 3217 1642 3246 (i
1663 3223 1676 3241 a
1696 3216 1809 3241 secunda
1832 3216 1923 3248 manu)
1942 3223 1996 3241 mm
2024 3235 2026 3237 .

1047 3261 1109 3295 plus
1128 3260 1169 3287 cel
1187 3260 1284 3286 minus.

1117 3304 1128 3321 ⁶
1149 3305 1214 3330 Vide
1233 3304 1346 3329 scholion
1367 3304 1400 3329 ad
1425 3305 1444 3329 1.
1465 3304 1541 3329 liuius
1560 3304 1658 3329 articuli
1678 3307 1775 3336 quaest.

1118 3349 1129 3365 ⁷
1149 3350 1221 3374 Vers.
1243 3348 1284 3373 25,

1118 3392 1129 3408 ⁸
1149 3393 1221 3417 Vers.
1246 3392 1282 3417 16.
1303 3406 1336 3409 —
1356 3392 1380 3416 ln
1401 3391 1451 3416 fine
1470 3398 1525 3423 arg.
1545 3391 1602 3416 cod.
1622 3391 1639 3415 F
1659 3390 1729 3417 addit
1747 3397 1796 3425 pro
1815 3390 1899 3417 nobis.
