2483 3882
298 1952 333 1974 Ad
347 1953 432 1980 opposi-

340 1982 391 2000 tum.

451 189 516 221 490

1211 187 1495 219 SENTENTlARUM
1520 187 1587 219 Lis.
1612 187 1659 219 iv.
2475 170 2477 213 l

1308 393 1492 434 QUAESTIO
1516 394 1563 426 1V.

1010 518 1128 549 Utrum
1152 517 1275 560 aliquis
1294 518 1401 560 possit
1420 518 1548 560 pluries
1573 519 1865 551 excommunicari.

538 671 655 711 Quarto
690 669 854 712 quaeritur
886 669 925 701 de
953 668 1288 701 excommunicationis
1312 669 1402 701 itera-

448 723 548 762 tione,
572 726 603 755 et
637 723 819 764 quaeritur,
855 725 963 754 utrum
1000 721 1114 763 aliquis
1150 721 1247 764 possit
1282 721 1402 763 pluries

449 775 729 809 excommunicari.
755 776 789 808 Et
813 775 897 817 quod
922 775 984 814 sic,
1009 775 1145 807 videtur.

538 831 565 861 1.
590 829 748 868 Primum,
765 829 840 870 quia
857 829 916 861 hoc
939 828 1034 861 habet
1054 838 1137 860 usus
1162 827 1315 860 Ecclesiae
1336 828 1402 860 uni-

290 883 611 922 rundameuta.versalis¹‚
636 891 731 924 quam
759 891 868 914 errare
892 884 939 914 est
963 881 1173 923 impossibile,
1198 884 1233 913 ut
1265 881 1400 913 videtur.

536 937 566 968 Ξ).
591 936 683 974 Item,
701 935 847 967 videmus
864 935 893 966 in
912 934 981 967 aliis
998 934 1113 976 poenis
1130 934 1298 976 impositis,
1316 934 1401 976 quod

447 989 542 1021 simul
566 992 596 1020 et
621 988 718 1020 semel
742 988 835 1030 plura
853 991 984 1029 possunt
1006 987 1123 1029 imponi
1156 987 1289 1026 ieiunia,
1319 987 1401 1020 simi-

447 1041 518 1074 liter
542 1045 572 1074 et
596 1041 721 1083 vigiliae
745 1045 775 1073 et
799 1041 971 1073 orationes:
997 1050 1072 1082 ergo
1096 1040 1164 1082 pari
1188 1040 1309 1072 ratione
1333 1049 1401 1081 pos-

447 1098 520 1127 sunt
544 1094 641 1136 infligi
666 1094 774 1136 plures
799 1094 1150 1126 excommunicationes.

536 1147 565 1179 3.
589 1148 683 1186 Item,
708 1147 750 1179 ita
772 1146 918 1178 videmus
942 1146 972 1177 in
997 1145 1170 1183 remediis,
1196 1146 1279 1187 quod
1306 1146 1331 1178 si
1347 1145 1401 1177 ite-

446 1204 536 1233 ratur
560 1201 708 1239 morbus,
726 1203 756 1232 et
779 1199 956 1231 remedium
969 1211 977 1238 3
999 1199 1041 1231 ita
1064 1199 1157 1231 etiam
1176 1199 1253 1231 etin
1274 1198 1399 1240 poenis,

446 1254 531 1295 quod
556 1253 806 1294 multiplicantur
830 1261 949 1294 poenae
974 1252 1149 1284 secundum
1173 1252 1299 1284 merita:
1325 1261 1400 1293 ergo

446 1315 519 1339 cum
551 1305 835 1338 excommunicatio
867 1308 898 1337 et
928 1305 1110 1337 remedium
1143 1305 1182 1337 sit
1217 1309 1247 1337 et
1276 1315 1399 1347 poena,

448 1359 572 1391 videtur
604 1359 713 1399 igitur,
750 1358 834 1400 quod
871 1358 952 1391 sicut
988 1367 1081 1390 causa
1106 1362 1208 1399 potest
1240 1358 1345 1390 iterari
1371 1361 1401 1390 et

447 1412 664 1453 multiplicari,
682 1411 766 1453 quod
784 1416 813 1443 et
830 1411 1181 1443 excommunicationes.
1204 1411 1263 1443 Sed
1288 1420 1401 1443 causae

447 1469 579 1507 possunt
602 1464 727 1504 iterari,
765 1464 842 1496 illud
868 1468 915 1496 est
949 1468 1096 1506 apertum
1113 1483 1155 1487 —
1181 1467 1282 1505 potest
1317 1464 1399 1496 enim

448 1519 562 1560 aliquis
586 1527 654 1550 esse
680 1517 908 1556 incendiarius,
934 1517 1051 1549 fractor
1084 1517 1304 1555 ecclesiarum,
1334 1525 1401 1558 per-

447 1580 557 1604 cussor
582 1571 788 1609 clericorum,
814 1575 843 1602 et
867 1571 911 1603 sic
936 1571 974 1602 de
998 1570 1068 1602 aliis
1083 1589 1128 1593 ——
1144 1579 1218 1611 ergo
1242 1573 1300 1602 etc.

534 1625 564 1656 li.
589 1624 680 1663 Item,
705 1624 728 1655 si
747 1633 809 1655 non
834 1627 961 1665 possent
978 1623 1263 1661 excommunicari,
1281 1632 1319 1655 ex
1339 1632 1401 1664 quo

447 1682 520 1710 sunt
543 1678 825 1716 excommunicati,
851 1681 881 1709 et
905 1676 947 1708 illi
966 1677 1019 1718 qui
1045 1680 1118 1709 sunt
1134 1678 1253 1718 absque
1278 1685 1402 1709 excom—

446 1730 672 1768 municatione,
697 1733 829 1771 possunt
861 1729 1145 1761 excomimmicari:
1178 1738 1253 1770 ergo
1278 1738 1402 1761 excom-

447 1783 596 1815 municati
615 1786 688 1815 sunt
706 1782 844 1814 melioris
868 1782 1053 1814 conditionis
1070 1791 1164 1824 quam
1190 1791 1251 1814 non
1278 1791 1401 1814 excom-

446 1836 605 1868 municati.

535 1889 681 1921 CONTRA:
726 1890 751 1919 l.
794 1888 1092 1920 Excommunicatus
1132 1886 1314 1919 interfectus
1354 1890 1400 1919 est

447 1942 550 1984 gladio
574 1941 748 1983 spirituali3
782 1942 836 1974 sed
862 1942 1045 1973 interfectus
1077 1950 1137 1972 non
1166 1944 1269 1982 potest
1301 1941 1400 1981 magis

447 2004 503 2027 nec
528 1995 632 2026 minus
657 1993 829 2026 interlici²t
857 2003 931 2035 ergo
956 2003 1013 2026 nec
1037 1994 1332 2026 excomnmnicatus
1349 1993 1400 2025 ite-

445 2058 516 2080 rum
542 2047 821 2080 excommunicari.

535 2102 563 2132 2.
589 2100 682 2138 item,
708 2099 1001 2131 excommunicatus
1026 2102 1117 2131 extra
1146 2099 1400 2131 communionem

447 2153 600 2185 Ecclesiae
636 2156 683 2185 est
718 2152 853 2190 eiectus;
877 2152 946 2190 sed,
972 2155 1007 2183 ut
1043 2151 1117 2183 dicit
1152 2151 1316 2193 Apostolus
1340 2151 1401 2193 pri-

447 2215 516 2238 mae
540 2206 580 2238 ad
604 2205 781 2238 Corinthios
810 2205 958 2246 quintoss:
987 2205 1074 2245 Quid
1098 2204 1181 2236 milti
1203 2205 1241 2236 de
1265 2204 1316 2236 his
1344 2205 1402 2247 qua·

446 2259 534 2302 soris
566 2263 662 2297 sunt,
688 2258 872 2290 iudicare?
905 2259 959 2291 sed
994 2267 1085 2300 posse
1124 2258 1400 2291 excommunicare

446 2316 493 2345 est
524 2321 616 2354 posse
649 2312 813 2344 iudicare:
840 2320 914 2352 ergo
946 2312 971 2344 si
1004 2321 1064 2343 non
1097 2311 1233 2353 pertinet
1264 2311 1303 2343 de
1336 2311 1401 2343 tali-

445 2365 505 2398 bus
530 2365 685 2403 iudicare7
704 2364 829 2397 videtur
854 2364 1008 2403 similiter,
1029 2364 1113 2405 quod
1139 2373 1196 2396 nec
1219 2373 1400 2396 excommu-

445 2419 560 2450 nicare.

535 2471 563 2503 3.
589 2471 683 2509 item,
715 2469 1009 2502 excommunicatus
1041 2473 1087 2502 est
1117 2470 1274 2502 beneficiis
1306 2470 1400 2502 eccle-

448 2524 579 2557 siasticis
611 2524 771 2566 privatus,
796 2526 826 2555 et
857 2523 1142 2555 excommunicatio
1172 2526 1218 2555 θεῖ
1247 2523 1398 2564 privatio3

446 2578 500 2610 sed
532 2577 724 2619 privationes
752 2585 813 2608 non
846 2576 1003 2618 recipiunt
1033 2576 1134 2608 maius
1158 2580 1189 2608 et
1214 2576 1339 2608 minus⁴
1356 2595 1399 2598 —

447 2630 615 2661 non'enim
649 2629 764 2661 dicitur
788 2637 872 2660 unus
898 2637 1010 2661 caecus
1034 2628 1132 2660 altero
1164 2628 1263 2669 magis
1288 2636 1400 2660 caecus

446 2685 475 2714 et
500 2682 604 2713 minus
620 2700 663 2704 —
679 2690 754 2722 ergo
778 2685 835 2713 etc.

534 2735 564 2765 lt.
592 2734 683 2772 item,
712 2734 791 2766 alter
816 2734 915 2765 altero
944 2743 1005 2765 non
1034 2736 1080 2765 est
1107 2733 1272 2766 absolutus
1300 2733 1400 2774 magis

448 2796 503 2819 nec
530 2786 651 2823 minus,
677 2795 733 2818 nec
758 2786 840 2818 idem
867 2786 966 2827 magis
991 2794 1023 2818 se
1048 2786 1135 2827 ipso:
1161 2794 1236 2827 ergo
1260 2785 1329 2827 pari
1356 2794 1401 2817 ra-

447 2840 529 2871 tione
562 2848 617 2871 nec
645 2839 939 2871 excommunicatus
968 2839 1066 2880 magis
1095 2842 1125 2870 et
1155 2839 1279 2877 minus,
1304 2839 1399 2870 immo

448 2892 547 2925 multo
572 2892 691 2924 fortius.

1822 679 2063 704 CONCLUSIO.

1494 775 1810 808 Exeommtmieacus
1835 776 1955 808 iterum
1977 781 2080 819 potest
2102 779 2393 812 excommunicari.
2477 784 2479 810 ὲ

2477 843 2479 866 i

1557 882 1755 914 Resroxnsso:
1781 882 1973 921 Dicendum,
2006 883 2089 925 quod
2126 885 2417 919 excommunicatus
2430 877 2482 919 eon-t

1466 934 1546 966 bene
1570 937 1672 976 potest
1696 935 1810 966 iterum
1835 935 2104 968 excommunicari
2131 936 2179 969 vel
2202 937 2344 970 eiusdem
2368 947 2419 971 ex-

1466 987 1759 1020 communicationis
1784 987 1947 1020 iteratione
1979 988 2018 1020 ad
2052 997 2143 1020 suam
2173 989 2322 1022 maiorem
2352 1000 2418 1023 con·
2460 985 2479 1019 ’ἒ

1466 1039 1640 1079 fusionem,
1665 1040 1714 1072 vel
1738 1040 1831 1072 etiam
1856 1040 1917 1072 alia
1941 1044 2069 1082 propter
2093 1050 2192 1074 novae
2209 1042 2320 1084 culpae
2341 1052 2419 1076 com·-
2477 1033 2479 1041 Κ

1467 1092 1666 1131 missionem,
1690 1096 1720 1125 et
1752 1096 1827 1125 tunc
1859 1096 1903 1125 tot
1938 1097 2031 1126 erunt
2062 1095 2418 1135 excommunicationes,

1466 1149 1542 1187 quot
1566 1154 1680 1178 causae
1703 1145 1908 1187 principales,
1934 1142 2003 1188 pro
2023 1147 2139 1188 quibus
2170 1149 2420 1181 excommunica-

1466 1202 1527 1230 tur.
1552 1198 1638 1230 Sicut
1661 1197 1744 1230 enim
1769 1198 1902 1230 iteratur
1927 1199 2037 1240 culpa,
2063 1199 2104 1231 ita
2121 1199 2348 1233 rationabiliter
2369 1202 2419 1234 ite-

1466 1251 1529 1282 rari
1555 1254 1656 1292 potest
1680 1254 1710 1283 et
1734 1251 1826 1283 debet
1851 1251 1917 1292 ipsa
1933 1239 2054 1292 fpoena.
2079 1271 2122 1275 —
2148 1253 2181 1284 Et
2205 1254 2419 1288 concedendae

1466 1307 1539 1335 sunt
1563 1303 1699 1336 rationes
1723 1304 1762 1335 ad
1787 1304 1868 1336 lianc
1891 1307 2023 1345 partem.

1559 1358 1584 1388 l.
1609 1357 1653 1388 Ad
1678 1357 1757 1389 illud
1782 1366 1856 1398 ergo
1889 1357 1972 1399 quod
2004 1358 2106 1399 primo
2135 1358 2280 1392 obiicitur
2306 1360 2344 1392 de
2378 1360 2419 1392 in-
2442 1350 2479 1404 Sol}

1467 1410 1666 1449 tersectione,
1691 1410 1876 1449 dicendum,
1894 1411 1976 1452 quod
1995 1412 2264 1452 quemadmodum
2283 1413 2336 1454 qui
2354 1422 2419 1455 pec·
2432 1402 2483 1423 pm*

1467 1466 1515 1494 cat
1541 1463 1715 1495 mortaliter
1752 1467 1896 1494 mortuus
1932 1467 1978 1495 est
2010 1467 2041 1495 et
2068 1464 2215 1497 interficit
2247 1474 2280 1498 se
2315 1467 2419 1507 ipsum

1466 1524 1523 1557 per
1548 1515 1767 1557 expulsionem
1794 1516 1912 1557 gratiae
1937 1520 1967 1548 et
1988 1517 2092 1549 adhuc
2117 1518 2216 1559 magis
2238 1521 2339 1560 potest
2354 1528 2420 1560 pec-

1467 1577 1556 1606 care,
1580 1568 1671 1609 quia,
1696 1568 1841 1610 quamvis
1877 1578 1937 1601 non
1971 1569 2055 1601 vivat
2079 1570 2117 1602 ad
2143 1570 2222 1602 bene
2246 1571 2419 1612 agendum,

1467 1622 1572 1654 adbuc
1596 1625 1700 1653 tamen
1726 1622 1803 1653 vivit
1828 1621 1858 1653 in
1883 1631 1919 1653 eo
1945 1622 2089 1655 voluntas
2113 1623 2152 1655 ad
2190 1624 2270 1656 male
2294 1633 2419 1666 operan-

1467 1675 1563 1713 dum;
1587 1678 1617 1706 et
1641 1674 1787 1716 quamvis
1811 1676 1911 1716 gratia
1944 1675 1983 1707 sit
2015 1675 2166 1717 expulsa,
2191 1680 2293 1718 potest
2317 1682 2419 1709 tamen

1468 1728 1567 1768 magis
1591 1737 1609 1759 a
1626 1728 1727 1769 gratia
1751 1728 1906 1769 elongari:
1926 1728 1969 1760 sic
1986 1728 2225 1770 intelligendum
2243 1733 2289 1761 est
2306 1730 2335 1761 in
2354 1740 2420 1772 pro-

1466 1781 1581 1822 posito,
1606 1781 1698 1822 quia,
1722 1781 1867 1822 quamvis
1892 1781 2067 1813 secundum
2092 1785 2209 1814 statum
2235 1782 2325 1814 illum
2342 1783 2418 1815 nihil

1467 1834 1588 1875 prosint
1611 1834 1819 1866 ecclesiastica
1849 1835 2049 1866 Sacramenta
2073 1838 2103 1867 et
2128 1835 2295 1876 suffragia,
2319 1839 2419 1877 potest

1466 1890 1570 1919 tamen
1595 1887 1700 1919 adbuc
1724 1887 1823 1928 magis
1840 1891 1870 1919 et
1887 1888 1985 1929 magis
2003 1888 2151 1929 elongari.
2168 1888 2228 1920 Nec
2252 1892 2298 1920 est
2319 1889 2417 1922 simile
2431 1896 2483 1918 Noui

1467 1939 1505 1971 de
1538 1939 1750 1971 interfectione
1782 1940 1956 1981 corporali,
1981 1941 2011 1971 in
2036 1950 2096 1982 qua
2122 1941 2225 1982 prima
2247 1941 2418 1974 interfectio

1466 1992 1571 2024 reddit
1595 1992 1820 2034 impossibilem
1845 1993 1884 2024 ad
1910 1993 2024 2031 vitam;
2040 2002 2101 2025 non
2119 1994 2163 2025 sic
2185 1997 2231 2026 est
2257 1994 2285 2025 in
2311 2003 2419 2036 propo-

1467 2045 1541 2083 sito,
1567 2045 1640 2086 quia
1665 2045 1770 2077 adhuc
1795 2048 1899 2077 manet
1922 2045 2065 2087 aptitudo
2089 2046 2129 2078 ad
2154 2046 2363 2078 redeundum.

1555 2099 1584 2129 ⁹2.
1612 2098 1653 2130 ‚td
1679 2097 1757 2129 illud
1783 2098 1866 2140 quod
1893 2098 2056 2138 obiicitur,
2074 2099 2158 2140 quod
2184 2102 2275 2131 extra
2299 2103 2360 2138 est,
2377 2099 2418 2131 di-

1466 2151 1616 2189 cendum,
1642 2151 1726 2192 quod
1751 2151 1825 2192 quia
1849 2152 2064 2184 characterem
2082 2152 2300 2193 baptismalem
2326 2152 2417 2184 habet
2431 2159 2483 2192 Nom

1466 2204 1684 2243 indelebilem,
1710 2208 2003 2246 [piantumcumque
2040 2205 2079 2237 sit
2114 2205 2234 2243 malus,
2264 2205 2333 2237 ideo
2358 2214 2416 2237 non
2476 2199 2477 2203 ¹

1465 2256 1531 2288 exit
1547 2257 1674 2288 omnino
1692 2257 1845 2289 Ecclesiae
1862 2260 2062 2299 potestatemg
2077 2262 2107 2289 et
2124 2258 2193 2289 ideo
2210 2258 2313 2299 ipsum
2330 2258 2417 2299 punit

1465 2314 1495 2342 et
1519 2310 1647 2351 corrigit
1664 2310 1763 2351 magis
1780 2320 1874 2352 quam
1892 2320 2029 2351 paganos
2046 2315 2076 2343 et
2093 2311 2249 2349 infideles,
2274 2311 2327 2353 qui
2344 2320 2418 2343 nun-

1465 2373 1559 2405 quam
1577 2363 1706 2396 fuerunt
1730 2364 1790 2395 sub
1814 2367 1965 2405 potestate
1993 2364 2153 2396 Ecclesiae.
2174 2365 2207 2396 Et
2231 2365 2269 2396 dc
2295 2364 2416 2403 talibus,
2475 2357 2477 2390 i

1465 2416 1582 2448 scilicet
1598 2417 1742 2457 paganis,
1759 2416 1899 2458 loquitur
1912 2417 2090 2458 Apostolus,
2108 2426 2168 2448 non
2186 2417 2225 2449 de
2243 2417 2332 2449 malis
2350 2416 2417 2449 sub·

1465 2469 1537 2501 ditis
1554 2474 1584 2501 et
1600 2469 1896 2507 excommunicati&
1914 2478 1984 2501 nam
2004 2470 2069 2511 ipse
2094 2470 2133 2502 de
2157 2470 2201 2503 eis
2225 2470 2382 2502 iudicabat
2395 2469 2414 2500 ⁵.
2475 2463 2476 2510 i

1553 2522 1583 2553 lt.
1608 2522 1652 2553 Ad
1678 2521 1754 2554 illud
1781 2522 1865 2563 quod
1890 2522 2053 2561 obiicitur,
2071 2523 2155 2564 quod
2180 2523 2334 2555 absolutio
2356 2530 2414 2554 non
2475 2528 2476 2552 l

1467 2574 1576 2616 recipit
1601 2574 1797 2606 iterationem
1815 2584 1871 2607 nec
1889 2575 2113 2614 intensionem,
2130 2576 2313 2614 (licendum,
2331 2574 2412 2617 quod
2474 2575 2476 2587 ³

1467 2627 1524 2659 hoc
1549 2628 1662 2659 falsum
1688 2632 1751 2665 est;
1769 2631 1799 2660 et
1823 2628 1881 2659 hoc
1906 2631 1990 2669 patet
2015 2628 2045 2659 in
2070 2637 2106 2660 eo
2130 2628 2182 2670 qui
2201 2628 2347 2669 pluribus
2364 2636 2413 2659 ex-

1465 2681 1801 2713 communicationibus
1827 2681 1960 2713 diversis
1984 2681 2022 2712 de
2047 2681 2150 2713 causis
2174 2685 2220 2713 est
2237 2689 2414 2713 excommu-
2474 2707 2475 2740 1

1466 2733 1587 2765 nicatus
1612 2734 1651 2765 ab
1682 2734 1808 2772 eodem,
1841 2733 1890 2765 vel
1923 2734 1976 2775 qui
2002 2736 2048 2765 est
2083 2734 2374 2766 excommunicatus
2396 2741 2413 2764 a
2474 2744 2476 2776 ς

1465 2786 1598 2818 diversis
1623 2786 1793 2828 episcopis;
1818 2787 1871 2827 qui
1897 2790 1998 2828 potest
2022 2786 2140 2818 absolvi
2159 2786 2198 2818 ab
2216 2796 2278 2818 una
2294 2794 2413 2818 excom·
2473 2795 2475 2831 j

1466 2839 1692 2877 municatione,
1710 2839 1751 2870 ita
1768 2839 1852 2880 quod
1875 2848 1935 2871 non
1953 2839 1992 2870 ab
2009 2839 2070 2870 alia
2081 2839 2101 2878 ⁰,
2119 2839 2192 2880 quia
2217 2848 2277 2870 non
2303 2838 2346 2870 sic
2369 2840 2413 2869 est
2473 2843 2475 2888 j

1465 2891 1619 2923 connexio
1643 2891 1672 2922 in
1697 2891 1911 2930 absolutione,
1935 2892 2015 2924 sicut
2039 2892 2070 2923 in
2095 2892 2213 2933 gratiae
2239 2891 2397 2923 infusione.

519 3114 525 3129 ¹
547 3113 598 3139 Cir.
618 3113 644 3139 C.
666 3113 734 3139 Cum
750 3120 801 3147 pro
828 3120 911 3139 causa
935 3113 1000 3145 (27.)
1021 3116 1045 3138 et
1064 3112 1090 3139 C.
1112 3112 1198 3146 Officii
1216 3113 1292 3145 (42),
1315 3112 1346 3137 X.
1368 3112 1399 3137 de

448 3159 574 3183 Sententia
596 3165 759 3183 excommun.
781 3158 834 3190 (lib.
856 3159 884 3183 V.
905 3159 940 3183 tit.
962 3158 1023 3189 32).

518 3202 528 3217 2
549 3203 658 3234 Seneca,
679 3203 756 3234 Epist.
777 3203 817 3227 66.
840 3203 912 3231 (alias
932 3202 986 3235 (37.)
1015 3210 1039 3227 n.
1061 3202 1107 3227 40:
1134 3203 1201 3227 Mors
1221 3202 1289 3226 nulla
1309 3202 1398 3233 maior,

449 3248 493 3269 aut
511 3246 595 3269 minor
614 3250 661 3270 cst.
683 3246 732 3271 Csr.
754 3250 814 3271 tom.
836 3247 870 3271 ΙΙΙ.
892 3253 952 3278 pag.
974 3247 1032 3278 808,
1054 3250 1112 3271 nota
1132 3246 1157 3271 7.

519 3288 529 3304 ³
549 3289 621 3313 Voss.
647 3290 693 3314 12:
714 3290 781 3321 Quid
805 3291 873 3315 enim
900 3292 962 3315 milii
992 3291 1024 3316 de
1049 3291 1079 3315 iis
1104 3291 1148 3323 qui
1172 3294 1219 3315 etc.
1242 3304 1274 3308 —
1293 3290 1400 3315 lutei-ius

449 3336 507 3363 post
525 3338 579 3358 non
597 3332 710 3365 pertinet
729 3333 787 3358 cod.
809 3334 831 3358 X
851 3334 917 3359 benc
937 3335 1041 3366 supplet
1059 3334 1095 3360 acl
1113 3334 1210 3368 ipsum.

1533 3113 1543 3129 ⁴¹
1564 3114 1628 3138 Vide
1648 3117 1709 3139 tom.
1729 3114 1754 3138 ll.
1777 3121 1835 3146 pag.
1858 3115 1921 3145 111,
1944 3117 2000 3139 nota
2021 3115 2044 3139 3.
2064 3113 2145 3138 verbu
2164 3114 2264 3138 Aristot.
2472 3094 2474 3144 ζ

1535 3157 1546 3173 ⁵
1564 3158 1622 3183 Loc.
1643 3159 1697 3189 cit,
1719 3159 1792 3191 cuius
1812 3158 1998 3189 expositionem
2018 3157 2078 3182 vide
2092 3157 2162 3188 apud
2177 3158 2292 3188 August„
2307 3155 2342 3180 ΙΙΙ.
2357 3160 2411 3179 con·
2472 3145 2473 3153 ¹

1465 3204 1501 3226 tra
1522 3202 1601 3233 Epist.
1623 3203 1796 3234 Parmeniani,
1817 3209 1838 3227 c.
1860 3203 1884 3227 2.
1906 3209 1930 3227 n.
1952 3203 1992 3226 12.
2012 3208 2085 3233 seqq.

1534 3245 1545 3261 ⁶
1565 3246 1595 3271 Ut
1621 3250 1719 3271 constat
1743 3253 1773 3271 ex
1799 3246 1861 3271 loce.
1890 3247 1944 3278 liic,
1973 3248 2031 3270 nota
2053 3246 2076 3270 l.
2096 3245 2219 3276 allegatis.
2238 3257 2271 3261 —-
2290 3242 2410 3274 Superius
2471 3239 2473 3272 't

1464 3292 1523 3321 post
1542 3289 1668 3323 episcopis
1688 3290 1763 3315 codd.
1784 3291 1904 3315 omittunt
1923 3290 1975 3323 qui.
1993 3304 2028 3308 —
2046 3289 2115 3314 Ordo
2128 3289 2212 3314 ‘huius
2230 3292 2255 3313 et
2273 3294 2327 3319 seq.
2348 3285 2410 3311 solu·
2454 3315 2456 3317 ‚
2471 3294 2472 3312 ι

1465 3334 1540 3359 tionis
1560 3341 1609 3359 non
1630 3334 1770 3365 respondet
1789 3334 1873 3359 ordini
1893 3337 2117 3365 argumentorum.
