2483 3882
806 253 899 285 DIST.
924 252 1036 285 XXXll.
1062 252 1182 285 DUBIA.

13 346 160 382 Ponatur,
185 342 269 384 quod
293 341 409 374 mulier
433 341 472 373 de
496 349 651 373 consensu
676 341 734 372 viri
752 341 872 373 emittat
889 341 960 373 sima
986 339 987 343 ’

12 397 84 439 plex
107 398 233 433 votum,
257 397 287 426 et
321 393 522 435 postmodum
559 393 607 425 vir
642 393 816 435 poeniteat3
849 397 957 425 utrum

13 451 152 483 teneatur
175 447 201 480 ei
226 446 367 479 debitum
392 446 535 478 reddere.
555 446 589 478 Et
613 446 756 484 videtur,
774 446 858 488 quod
876 456 957 478 non.-

12 502 82 545 quia
105 510 162 534 suo
186 499 247 532 iuri
272 499 480 538 renuntiavit,
504 499 589 531 unde
614 499 757 537 videtur,
783 499 866 541 quod
896 508 957 531 nou

11 555 121 588 habeat
144 552 278 585 ulterius
302 555 486 593 potestatem
521 551 646 593 petendi
679 551 834 584 debitum.
859 570 903 574 ——
926 551 957 583 ln

11 606 192 649 oppositam
215 608 321 637 autem
347 604 472 637 videtur
495 604 665 637 auctoritas
683 604 844 646 Augustini
862 613 958 646 super

12 659 217 692 Numerorum
253 657 449 699 trigesimum
464 657 483 696 ¹,
506 656 561 689 uhi
594 656 725 689 dicitur:
755 656 815 689 Sin
847 661 958 689 autem

11 710 249 745 contradixerit
271 712 346 749 etc.;
371 719 467 751 super
491 709 570 742 illud
595 710 670 742 dicit
694 710 903 751 Augustinus,
928 713 959 742 et

11 764 143 797 habetur
166 763 196 794 in
223 762 342 802 littera,
360 763 445 804 quod
462 763 510 795 vir
534 766 636 804 potest
653 765 824 795 retractare
848 765 956 794 votum

11 816 135 855 uxoris,
153 816 184 847 in
210 815 294 857 quod
319 819 529 848 consenserat.
556 815 590 847 Et
609 819 803 857 praeterea,
822 815 869 847 vir
895 824 957 847 nou

12 872 56 902 est
75 867 221 901 astrictus
246 876 373 900 servare
398 867 636 907 continentiam,
654 868 742 909 quia,
758 877 861 900 uxore
879 877 958 900 mor-

10 926 78 961 tua,
102 924 206 963 posset
230 921 346 954 ducere
370 921 481 953 aliam:
500 929 575 963 ergo
599 921 736 960 videtur,
754 921 837 963 quod
860 921 958 963 possit

11 973 147 1006 debitum
172 976 279 1014 petere
292 973 311 1004 ².

95 1025 293 1058 Respommo:
318 1026 511 1065 Dicendum,
541 1026 624 1067 quod
658 1026 682 1058 si
716 1026 832 1058 mulier
866 1028 959 1058 vovet

9 1087 136 1112 assensu
160 1078 236 1117 viri,
260 1082 315 1110 aut
340 1079 398 1111 hoc
422 1082 468 1111 est
503 1088 636 1111 assensu
655 1079 808 1120 privato,
835 1082 890 1111 aut
913 1088 959 1111 as-

10 1140 114 1170 sensu,
131 1131 182 1173 qui
209 1134 256 1163 est
280 1131 314 1163 in
338 1135 511 1174 conspecta
537 1132 700 1164 Ecclesiae
724 1132 790 1164 sive
815 1131 957 1173 praelati.

9 1184 36 1217 Si
60 1192 206 1222 assensu,
223 1183 276 1225 qui
301 1184 336 1216 fit
360 1184 389 1216 in
415 1188 584 1226 conspectu
606 1184 769 1226 praelate}
786 1184 829 1217 sic
851 1194 959 1217 secun-

10 1237 82 1270 dum
107 1236 185 1268 iuris
208 1236 341 1268 formam
366 1245 427 1268 non
453 1240 553 1278 potest
577 1237 719 1269 debitum
742 1241 866 1279 petere,
884 1238 958 1279 quia

9 1289 164 1322 renuntiat
188 1298 246 1321 suo
270 1289 341 1321 iuri.
367 1289 396 1320 Si
433 1293 539 1322 autem
576 1290 605 1321 in
638 1290 762 1322 occulto
787 1291 957 1328 consentit,

9 1342 75 1385 quia
102 1342 246 1383 proponit
270 1343 428 1375 continere
453 1347 483 1375 et
519 1343 652 1375 intendit
687 1343 871 1385 simpliciter
896 1343 957 1376 iuri

9 1405 63 1429 suo
87 1395 284 1434 renuntiare3
310 1395 371 1427 iam
398 1395 511 1428 mulier
544 1396 572 1428 in
599 1400 769 1438 conspectu
793 1396 846 1428 Dei
872 1397 959 1429 abso-

9 1449 72 1481 luta
103 1452 149 1481 est
181 1457 237 1481 uec
263 1452 385 1481 tenetur
421 1449 563 1481 debitum
597 1449 749 1489 reddere,
774 1450 798 1482 si
832 1450 891 1482 hoc
917 1459 957 1482 ex

11 1501 230 1534 deliberatione
266 1502 315 1533 vir
345 1503 543 1534 concesserit.
568 1521 612 1526 —
636 1503 695 1535 Sed
725 1503 872 1544 quoniam
898 1503 959 1536 hoc

9 1564 68 1587 non
90 1557 208 1587 constat
233 1555 403 1593 Ecclesiae,
430 1555 637 1597 compelletur
662 1564 718 1597 per
742 1557 959 1588 excommuni-

10 1607 156 1640 cationem
182 1607 222 1639 ab
248 1607 382 1640 Ecclesia
407 1607 474 1639 viro
499 1607 640 1640 debitum
666 1608 809 1641 reddere.

95 1660 132 1693 Si
153 1670 317 1703 quaeras,
342 1664 450 1692 utrum
477 1661 589 1693 debeat
613 1661 759 1700 ohedire3
777 1661 957 1700 dicendum,

11 1713 91 1756 quod
115 1714 140 1745 si
166 1713 296 1745 votum3
312 1722 373 1745 non
398 1713 518 1752 emisit,
540 1717 642 1755 potest
667 1714 732 1746 sine
756 1718 883 1756 peccato
907 1715 959 1746 de-

11 1765 106 1799 bitum
130 1765 264 1798 reddere
289 1769 318 1798 et
349 1769 472 1798 tenetur
507 1766 547 1798 ad
584 1767 767 1799 mandatum
794 1767 957 1799 Ecclesiae.

11 1819 38 1851 Si
61 1822 165 1851 autem
190 1822 298 1850 votum
323 1819 443 1858 emisit,
469 1819 578 1858 credo,
595 1820 680 1861 quod
705 1820 753 1852 vir
778 1828 847 1852 eam
871 1829 959 1852 revo-

11 1880 78 1904 care
101 1880 160 1903 non
185 1871 299 1913 possit,
324 1881 381 1904 nec
417 1875 541 1904 tenetur
577 1872 728 1905 assentire
764 1872 801 1905 ei.
827 1872 887 1905 Nec
911 1877 959 1906 est

11 1923 107 1956 simile
130 1923 169 1956 de
193 1927 265 1956 voto
288 1924 511 1963 abstinentiae,
535 1934 593 1966 pro
625 1934 662 1957 eo
694 1925 778 1967 quod
803 1928 958 1967 quantum

11 1976 48 2008 ad
71 1976 173 2008 omnia
201 1976 250 2008 vir
281 1980 406 2018 praeest
431 1977 543 2016 uxori,
568 1981 791 2019 praeterquam
827 1978 858 2010 in
890 1978 965 2025 lege·

11 2029 66 2061 tori
79 2028 97 2060 ⁴.
121 2030 345 2062 Verumtamen
376 2030 470 2062 talem
507 2030 637 2062 modum
664 2031 797 2063 vovendi
822 2040 883 2063 non
908 2041 959 2073 ap—

12 2082 119 2123 probat
143 2082 277 2115 Ecclesia
302 2086 431 2125 propter
456 2083 651 2124 periculum,
677 2084 761 2125 quod
800 2084 941 2117 imminet
951 2097 958 2123 3

12 2135 91 2167 uude
114 2145 173 2168 non
199 2136 335 2178 patitur,
360 2136 445 2178 quod
469 2145 553 2169 unus
584 2140 696 2169 voveat
720 2140 750 2169 et
774 2137 957 2179 religionem

13 2188 219 2230 ingrediatur,
244 2189 301 2222 nisi
327 2189 406 2221 alter
443 2189 587 2222 similiter
622 2193 733 2222 voveat
758 2194 788 2222 et
823 2190 894 2222 talis
920 2191 958 2223 sit

13 2249 157 2282 persona,
181 2242 219 2274 de
251 2251 313 2283 qua
343 2251 435 2274 «non
460 2242 558 2283 possit
590 2243 727 2284 suspicio
759 2243 901 2275 oriri5».
929 2244 958 2275 Si

13 2297 111 2326 autem
136 2294 225 2327 aliter
250 2295 320 2333 fiat,
344 2304 449 2327 coram
478 2296 538 2328 Deo
563 2299 687 2328 tenetur
711 2296 891 2328 ohservare.

410 2402 486 2435 DUB.
512 2402 559 2434 lv.

98 2506 170 2538 Item
200 2507 364 2549 quaeritur
392 2508 430 2539 de
455 2508 513 2540 hoc
539 2508 623 2549 quod
649 2508 739 2540 dicit:
768 2508 856 2540 Licet
879 2507 961 2551 debi-

17 2561 81 2590 tum
95 2560 239 2600 poscenti
253 2561 297 2592 sit
311 2570 438 2602 semper
454 2560 661 2598 solvendam,
679 2570 742 2592 non
762 2560 832 2592 licet
852 2565 959 2592 tamen

16 2611 148 2654 quolibet
170 2613 220 2645 die
240 2623 374 2655 poscere
397 2618 454 2646 etc.
472 2614 605 2646 Videtur
625 2614 707 2646 enim
725 2614 854 2652 falsum,
872 2614 959 2655 quia,

16 2663 38 2696 si
64 2674 120 2697 non
145 2665 215 2698 licet
238 2670 362 2708 petere,
379 2675 454 2708 ergo
478 2666 584 2699 illicite
609 2670 639 2699 et
655 2667 770 2699 iniuste
794 2667 888 2708 petit,
906 2667 960 2711 sed

15 2715 123 2750 iniuste
147 2719 260 2760 petenti
287 2728 353 2751 rem
378 2728 438 2750 non
463 2723 588 2751 tenetur
613 2719 684 2761 quis
710 2719 861 2758 reddere,
887 2719 961 2761 quia

1913 252 1976 285 743

1023 350 1084 373 non
1109 344 1156 373 est
1180 340 1207 373 ei
1232 340 1430 372 reddendum
1464 340 1521 372 nisi
1556 340 1604 373 ius
1629 349 1740 373 suum:
1766 349 1841 381 ergo
1865 340 1888 372 si
1915 349 1975 371 non

1024 397 1124 435 potest
1148 402 1273 435 semper
1296 393 1376 426 iuste
1401 397 1524 435 petere,
1549 403 1610 425 non
1635 402 1709 435 ergo
1734 401 1860 435 semper
1896 397 1978 425 tene-

1024 450 1076 479 tur
1101 446 1241 479 debitum
1268 446 1399 479 solvere.

1112 499 1310 531 Responnno:
1337 499 1527 537 Dicendum,
1552 500 1636 541 quod
1673 508 1745 531 cum
1770 499 1886 531 dicitur
1910 508 1975 530 non

1023 551 1105 589 ticet,
1130 552 1386 593 intelligendum,
1404 561 1464 584 non
1482 552 1556 594 quia
1578 552 1679 593 privet
1703 552 1866 584 iustitiam
1884 556 1914 584 et
1930 561 1978 584 ae·
1992 561 2113 582 Distinctio.

1023 604 1192 645 quitatem,
1217 604 1271 636 sed
1301 604 1375 646 quia
1407 604 1510 646 privat
1541 605 1700 646 quandam
1735 605 1977 637 condecentianz

1023 660 1052 688 et
1078 657 1290 695 honestatem,
1316 656 1396 689 sicut
1421 660 1505 698 patet
1529 666 1585 698 per
1610 657 1744 689 litteram
1764 657 1976 699 sequentem&

1025 709 1094 741 Esto
1118 712 1232 748 tamen,
1257 709 1340 751 quod
1367 710 1468 750 privet
1493 710 1674 748 ittstitz'am;
1697 711 1802 743 adhuc
1838 720 1898 742 non
1928 719 1978 742 va-

1025 761 1065 793 let
1097 761 1176 793 ratio
1211 761 1281 800 illa,
1318 762 1392 803 quia
1424 762 1538 795 iniuste
1571 766 1676 804 petere
1708 767 1755 795 est
1790 763 2137 805 duplicitermnpiexjmu-

1022 817 1077 845 aut
1101 814 1174 855 quia
1199 823 1257 845 non
1285 814 1378 846 hahet
1403 815 1456 845 ias
1480 814 1514 846 in
1538 825 1575 846 re
1596 816 1712 856 petita,
1739 815 1819 848 sicut
1845 816 1895 848 ille
1920 815 1974 857 qui
2004 800 2138 846 issiiffissns'e'

1023 866 1099 907 petit
1124 875 1189 898 rem
1214 866 1366 905 alienam,
1391 870 1422 899 et
1449 867 1499 899 tali
1525 877 1584 899 non
1609 872 1731 910 oportet
1755 869 1899 901 reddere.
1922 869 1978 900 Ali-

1022 922 1070 951 ter
1094 922 1141 951 est
1166 922 1272 960 petere
1308 919 1438 958 iniuste,
1464 920 1555 961 quia,
1579 921 1635 952 etsi
1662 921 1775 953 habeat
1808 921 1977 959 iustitiam,

1023 975 1127 1003 tamen
1151 971 1286 1003 modum
1311 972 1454 1004 debitam
1479 973 1509 1004 in
1534 974 1669 1015 petendo
1693 983 1753 1006 non
1779 978 1902 1013 servat,
1929 973 1977 1006 vel

1023 1027 1124 1065 potest
1147 1033 1233 1063 esse,
1258 1025 1342 1066 quod
1368 1034 1428 1057 non
1454 1025 1493 1058 sit
1517 1026 1711 1068 prohibitum
1742 1027 1897 1065 reddere,
1923 1027 1978 1059 sed

1024 1081 1125 1109 tamen
1152 1077 1191 1109 sit
1215 1077 1409 1118 prohibitum
1428 1078 1597 1120 aliquando
1610 1082 1726 1120 petere.
1746 1079 1838 1111 Verbi
1863 1080 1976 1121 gratia:

1023 1129 1046 1161 si
1074 1129 1234 1171 praelatus
1251 1130 1396 1171 superior
1413 1130 1554 1172 iniungat
1572 1131 1729 1169 inferiori,
1747 1135 1781 1163 ut
1798 1132 1875 1163 nihil
1892 1141 1979 1173 prae-

1023 1181 1115 1224 cipiat
1140 1183 1284 1221 subdito,
1310 1187 1413 1215 tamen
1439 1184 1566 1215 subdito
1602 1193 1663 1216 non
1699 1184 1790 1223 dicit,
1816 1185 1900 1226 quod
1926 1184 1977 1217 ille

1022 1244 1083 1267 non
1110 1236 1251 1274 obediat,
1277 1237 1300 1268 si
1328 1237 1487 1278 praelatus
1513 1237 1641 1269 inferior
1666 1238 1834 1279 praecipit,
1860 1238 1913 1270 iile
1939 1242 1979 1270 te-

1023 1292 1115 1320 netur
1140 1289 1286 1327 obedire,
1311 1290 1384 1331 quia
1409 1299 1469 1321 non
1495 1294 1542 1322 est
1565 1294 1752 1332 exemptus,
1770 1294 1907 1323 attamen
1925 1291 1976 1323 ille

1023 1346 1129 1382 peccat
1155 1342 1346 1381 mortalitem
1371 1343 1415 1375 sic
1441 1344 1470 1374 in
1502 1343 1663 1384 proposito
1699 1347 1800 1385 potest
1836 1344 1977 1386 intelligi.

1023 1395 1182 1436 Quidquid
1209 1395 1247 1427 sit
1272 1396 1310 1427 de
1334 1396 1481 1437 exemplo
1506 1397 1651 1435 inducto,
1676 1406 1788 1429 verum
1811 1401 1875 1435 est,
1894 1398 1978 1438 quod

1023 1448 1048 1480 si
1073 1448 1187 1489 aliquis
1212 1448 1260 1480 ius
1285 1457 1379 1480 suum
1405 1449 1581 1481 inordinate
1605 1450 1721 1491 exigit,
1740 1454 1842 1482 tamen
1861 1459 1900 1482 ex
1920 1451 1978 1483 hoc

1023 1510 1082 1532 non
1109 1501 1162 1532 dat
1188 1504 1370 1542 potestatem
1397 1502 1486 1533 alteri
1505 1503 1658 1534 retinendi
1685 1503 1768 1544 quod
1794 1503 1886 1535 debet
1912 1504 1980 1536 red-

1023 1553 1108 1585 dere.
1127 1553 1212 1586 Unde
1237 1554 1317 1586 sicut
1343 1554 1493 1586 Dominus
1517 1555 1619 1586 solum
1646 1555 1808 1596 prohibuit
1830 1556 1979 1588 accedere

1022 1606 1062 1638 ad
1089 1610 1333 1645 menstruatam,
1359 1610 1389 1639 et
1413 1607 1483 1639 ideo
1507 1608 1565 1639 ista
1591 1608 1760 1649 prohibitio
1785 1617 1845 1640 non
1870 1618 1903 1641 se
1928 1617 1980 1641 ex-

1024 1660 1124 1691 tendit
1147 1660 1187 1691 ad
1213 1659 1398 1698 mulierem3
1423 1660 1492 1692 ideo
1523 1664 1647 1692 tenetur
1671 1661 1823 1701 reddere,
1848 1662 1900 1694 sed
1928 1662 1980 1694 ille

1023 1712 1158 1753 petendo
1182 1716 1299 1754 peccat.
1327 1713 1361 1744 Et
1385 1713 1428 1745 sic
1464 1713 1704 1754 intelligendum
1737 1718 1783 1746 est
1815 1715 1899 1756 quod
1925 1717 1981 1746 Au-

1023 1765 1168 1806 gustinus
1205 1765 1279 1797 dicit
1315 1774 1411 1808 super
1450 1766 1574 1798 Levitici
1607 1766 1765 1799 decimum
1792 1767 1978 1809 quintutn⁷,

1023 1818 1105 1860 quod
1138 1819 1343 1851 «necessario
1366 1819 1494 1861 utrique
1519 1819 1668 1852 indicitur
1693 1821 1925 1859 continentia»,
1952 1825 1982 1853 et

1023 1875 1158 1913 uterque
1183 1872 1212 1903 in
1238 1872 1363 1904 Levitici
1390 1872 1541 1914 vigesimo
1566 1873 1760 1915 praecipitur
1784 1874 1933 1913 interfici,
1952 1878 1982 1907 et

1023 1930 1158 1966 uterque
1183 1924 1255 1957 facit
1280 1928 1387 1957 contra
1424 1926 1541 1958 bonum
1574 1926 1688 1968 prolis,
1714 1930 1749 1959 ut
1773 1927 1981 1968 Hieronymus

1024 1977 1107 2010 dicit.
1132 1978 1193 2010 Hoc
1218 1978 1301 2011 enim
1326 1979 1523 2020 intelligereS
1540 1983 1587 2011 est
1612 1980 1732 2012 ratione
1756 1989 1909 2022 personae
1930 1990 1982 2022 pe-

1024 2031 1137 2069 tenti-5,
1162 2041 1243 2073 quae
1275 2037 1358 2065 recte
1394 2033 1510 2065 dicitur
1546 2033 1700 2065 accedere
1731 2037 1761 2065 et
1791 2037 1898 2066 contra
1923 2034 1982 2066 hoc

1024 2084 1142 2123 facere,
1168 2088 1203 2117 ut
1227 2093 1265 2117 ex
1292 2085 1461 2126 praedictis
1485 2089 1579 2127 patet.

1434 2192 1510 2223 ΗΠΒ.
1535 2192 1569 2224 V.

1113 2297 1188 2329 ltem
1213 2297 1378 2338 quaeritur
1403 2297 1441 2329 de
1466 2298 1524 2330 hoc
1549 2298 1633 2340 quod
1659 2299 1749 2331 dicit:
1778 2298 1982 2341 Quicumque

1025 2350 1129 2382 uxori
1151 2350 1293 2382 debitunt
1318 2351 1445 2388 reddit,
1470 2361 1594 2383 vacare
1617 2361 1682 2383 non
1705 2356 1808 2393 potest
1824 2352 1978 2384 orationi.

1024 2403 1156 2436 Videtur
1180 2404 1261 2435 enim
1290 2404 1370 2436 male
1395 2404 1516 2443 dicere,
1541 2405 1614 2446 quia
1651 2405 1766 2437 dicitur
1790 2405 1911 2446 primae
1941 2406 1981 2438 ad

1025 2455 1319 2488 Thessalonicenses
1342 2456 1491 2488 ultimo⁹:
1511 2456 1587 2489 Sine
1604 2457 1846 2489 intermissione
1870 2462 1980 2495 orate,-

1024 2508 1083 2539 hoc
1107 2511 1154 2540 est
1177 2512 1399 2550 praeceptum:
1425 2518 1500 2550 ergo
1525 2509 1548 2541 si
1575 2518 1635 2541 non
1672 2513 1773 2551 potest
1808 2519 1899 2542 orare
1925 2510 1977 2551 qui

1025 2561 1130 2593 reddit
1162 2562 1323 2601 debitum,
1347 2566 1432 2603 patet
1463 2566 1521 2594 etc.
1545 2581 1589 2585 ——
1613 2562 1705 2601 Item,
1731 2563 1875 2602 videtur,
1902 2563 1980 2595 illud

1025 2613 1208 2655 simpliciter
1233 2623 1301 2647 esse
1325 2615 1458 2653 salsum,
1483 2616 1556 2656 quia
1592 2615 1669 2647 nihil
1705 2616 1836 2657 impedit
1871 2616 1982 2648 oratio-

1025 2676 1096 2699 nem
1122 2668 1202 2699 sicut
1226 2671 1408 2709 peccatum,
1433 2668 1488 2700 sed
1514 2668 1634 2700 veniale
1659 2673 1822 2710 peccatum
1841 2678 1901 2701 non
1927 2669 1982 2701 im-

1026 2720 1128 2761 pedit;
1150 2729 1225 2762 ergo
1257 2730 1312 2753 nec
1344 2724 1451 2759 actus,
1476 2721 1505 2752 in
1540 2731 1602 2763 quo
1628 2722 1714 2753 nulla
1738 2726 1785 2754 est
1811 2722 1912 2764 culpa.
1939 2741 1981 2746 —

84 2899 91 2915 ¹
114 2900 184 2925 Vei-s.
201 2902 226 2925 tc
236 2909 241 2926 :
253 2902 295 2926 Sin
308 2904 392 2927 autem
405 2902 594 2934 contradixerit,
609 2906 746 2935 postquam
758 2905 867 2933 rescivit,
881 2907 962 2934 porta-

18 2941 53 2967 bit
63 2943 116 2974 ipse
131 2945 288 2976 iniquitatem
303 2947 366 2971 eius.
376 2947 504 2971 Sententia
516 2948 622 2977 August.
635 2950 672 2972 cst
684 2948 724 2971 hic
735 2947 769 2971 lit.
779 2947 898 2978 Magistri,
908 2954 928 2972 c.
938 2949 961 2972 2.

84 2986 94 3002 ’Ξ
113 2986 192 3013 Codd.
213 2989 262 3013 ΒΥ
282 2989 397 3021 solvere,
420 2990 477 3015 cod.
498 2991 515 3014 L
535 2993 560 3015 et
579 2990 638 3015 edd.
658 2990 775 3016 reddere.

84 3029 94 3046 3
114 3032 211 3057 Scilicet
230 3034 408 3058 continentiae.

85 3073 95 3089 ⁴
114 3074 162 3100 Ctr.
182 3076 292 3101 Gratian.
313 3084 392 3108 super
411 3077 437 3102 C.
458 3077 630 3110 Maiiifi’stttin
650 3079 689 3103 cst
701 3078 721 3107 (1
735 3078 778 3109 1.),
794 3078 819 3103 C.
835 3079 875 3103 33.
892 3086 916 3110 (Ι.
931 3079 960 3110 5,

19 3115 61 3141 ubi
79 3118 168 3143 eadem
189 3119 315 3145 distinctio
340 3122 405 3146 inter
430 3126 520 3147 votum
546 3121 721 3147 continentiae
747 3126 771 3147 ct
790 3121 963 3148 abstinentiae

20 3160 159 3194 eademque
178 3164 269 3189 solutio
289 3165 406 3190 habetur.
439 3165 515 3194 (Vide
535 3166 576 3190 hic
595 3166 628 3190 lit.
658 3166 784 3197 Magistri,
813 3174 834 3191 c.
856 3167 900 3198 2.).
929 3180 964 3185 -

20 3202 80 3228 Voci
99 3204 267 3233 abstinentiae
286 3208 362 3233 codd.
382 3209 401 3232 lt
414 3210 429 3233 S
441 3209 461 3233 Τ
483 3210 649 3239 praemittunt
669 3208 843 3235 continentiae
862 3209 909 3235 vel.

88 3248 98 3265 5
115 3249 144 3275 Ut
163 3250 254 3276 dicitur
274 3253 297 3276 iu
318 3253 406 3284 regula
428 3253 543 3278 Fratrum
566 3253 706 3284 Minoruui,
727 3260 748 3278 c.
770 3254 794 3278 2.
816 3253 866 3278 Csr.
885 3261 962 3285 supra

21 3290 53 3315 lit.
73 3292 194 3326 Magistri,
215 3295 240 3320 d.
263 3296 364 3321 XXVll.
385 3304 407 3322 c.
426 3297 452 3322 7.
474 3304 528 3329 seq.
549 3311 581 3314 ——
602 3297 670 3322 ldcni
692 3297 753 3322 dub.
769 3298 872 3322 solvunt
886 3298 912 3323 Β.
927 3299 964 3323 Al-

20 3334 96 3368 bert,
116 3338 156 3363 hic
174 3346 195 3364 a.
217 3340 245 3371 6;
266 3342 290 3365 S.
312 3341 413 3372 Thoin„
435 3342 475 3366 hic
495 3349 519 3373 (1.
545 3342 563 3365 l.
585 3349 606 3365 a.
629 3341 652 3366 li.
673 3344 697 3365 ot
716 3342 781 3366 circa
802 3342 930 3369 1it.:t>e11=.
951 3350 963 3367 a

21 3377 92 3410 Tan,
113 3381 153 3406 hic
171 3383 236 3407 circa
257 3384 308 3415 lit.;
330 3385 448 3410 Richard.
469 3392 481 3409 a
504 3385 583 3416 Med,
607 3386 647 3409 hic
667 3392 689 3409 a.
711 3386 733 3410 2.
754 3392 779 3417 q.
800 3387 822 3410 2.

1097 2903 1108 2919 6
1128 2904 1173 2928 llic
1193 2905 1216 2928 iu
1236 2904 1271 2928 lit.
1292 2905 1417 2935 Magistri,
1445 2911 1465 2929 c.
1492 2904 1515 2928 3.
1541 2918 1576 2923 -—
1602 2904 1664 2929 Edu.
1691 2904 1793 2935 legunt:
1820 2905 1978 2933 Diceudut‘u,

1027 2947 1098 2979 quod
1119 2950 1179 2972 tunc
1199 2954 1248 2972 non
1269 2948 1340 2979 licct,
1369 2948 1475 2980 quando
1501 2949 1584 2979 privat
1611 2949 1731 2973 iustitiam
1758 2953 1783 2974 et
1807 2950 1977 2980 aequitatem.

1027 2991 1221 3016 condet-entiam
1242 2996 1267 3016 et
1286 2993 1445 3016 honestatem
1466 2995 1513 3016 etc.

1097 3035 1108 3051 ⁷
1128 3036 1200 3060 Vcrs.
1226 3036 1262 3060 19.
1283 3035 1363 3061 Codd.
1384 3036 1495 3067 allegant
1520 3043 1541 3060 c.
1562 3034 1605 3062 118.
1631 3037 1679 3061 Pro
1699 3036 1867 3069 Attslastintts
1887 3037 1981 3062 substi-

1028 3079 1153 3104 tuendum
1174 3079 1327 3113 Hesychius.
1347 3079 1397 3104 Ctr.
1418 3087 1494 3111 supra
1517 3087 1576 3111 pag.
1596 3080 1661 3110 736,
1683 3084 1739 3105 nota
1762 3081 1802 3105 to.
1823 3094 1857 3098 —
1874 3081 1932 3112 Sea.
1948 3081 1980 3105 lo·

1028 3130 1074 3148 cus
1093 3127 1130 3148 cst
1150 3124 1210 3148 [ρκ’.
1231 3125 1277 3155 20,
1303 3125 1339 3148 18.
1360 3125 1514 3149 Sententiam
1536 3124 1637 3148 theton.
1658 3124 1718 3149 vide
1738 3131 1815 3155 supra
1837 3132 1859 3149 a.
1874 3125 1898 3149 3.
1913 3132 1937 3157 q.
1957 3125 1977 3149 t.

1029 3175 1083 3199 arg.
1105 3169 1127 3192 2.
1148 3168 1180 3192 dc
1200 3171 1310 3200 utraque
1330 3176 1354 3200 q.
1374 3175 1422 3199 pro
1443 3174 1515 3199 parte
1535 3171 1619 3199 negat.
1633 3171 1658 3193 et
1677 3169 1700 3192 in
1721 3175 1792 3199 corp.
1806 3169 1979 3200 ——Supcrius

1030 3219 1077 3242 pro
1102 3213 1126 3237 et
1151 3211 1207 3237 ideo
1233 3211 1283 3237 ista
1308 3212 1384 3237 codd.
1411 3212 1507 3244 Qbe
1533 3214 1619 3237 tamen
1646 3211 1711 3243 ista,
1740 3212 1816 3237 codd.
1844 3213 1890 3237 ST
1919 3219 1979 3238 rain

1028 3254 1094 3286 ista,
1123 3262 1171 3279 non
1193 3255 1267 3286 pauci
1289 3255 1364 3279 codd.
1385 3256 1505 3280 omittunt.
1523 3257 1548 3281 et
1565 3254 1630 3281 ideo.

1101 3298 1111 3315 ὃ
1129 3299 1210 3324 Codd.
1231 3300 1250 3324 Κ
1265 3299 1282 3323 l.
1295 3299 1344 3323 VZ
1364 3298 1386 3331 <1
1413 3306 1427 3324 a
1455 3299 1568 3324 secunda
1595 3304 1689 3331 manu)
1720 3298 1926 3333 intelliglcndztni.
1948 3315 1981 3318 -

1030 3343 1095 3368 Vide
1116 3343 1149 3367 de
1167 3343 1215 3367 hoc
1235 3342 1315 3368 dubio
1335 3343 1360 3367 B.
1382 3343 1490 3375 athera,
1512 3344 1552 3368 hic
1572 3351 1594 3369 a.
1615 3344 1638 3368 8.

1099 3386 1109 3402 ‘³
1130 3386 1202 3411 vers.
1228 3387 1264 3411 Π.
