2483 3882
340 2650 373 2670 Ad
388 2649 470 2676 opposi-

426 2691 430 2696 '
485 2692 531 2720 est
566 2688 659 2728 digna
690 2687 756 2719 sola
792 2695 890 2727 poena
921 2684 1102 2726 temporali:
1129 2693 1203 2725 ergo
1238 2692 1309 2716 eum
1343 2692 1435 2715 omne

482 241 548 274 546

1242 238 1524 271 SENTENTIARUM
1549 239 1615 270 LIB.
1638 238 1686 271 lV.

816 447 1307 503 COMMENTARIUS
1345 448 1415 501 IN
1451 447 1943 502 DISTINOTIONEM
1980 449 2113 502 XXI.

1405 565 1486 597 PARS
1509 565 1529 596 l.

909 664 960 700 De
980 662 1231 713 opportunitate
1250 662 1413 713 temporis
1432 662 1547 713 quoad
1566 661 1802 699 remissionem
1823 661 2017 699 venialium.

1008 769 1091 801 Solet
1115 768 1213 801 etiam
1238 768 1370 811 quaeri,
1397 773 1510 800 utrum
1531 772 1605 810 post
1628 766 1713 799 lianc
1737 767 1840 799 vitam
1865 771 1921 799 etc.

1308 879 1446 912 DIVISIO
1470 879 1624 911 TEXTUS.

571 996 672 1036 Supra
696 993 759 1035 egit
781 992 926 1033 Magister
957 991 995 1024 de
1020 991 1170 1032 temporis
1198 990 1431 1032 opportunitate

482 1051 635 1090 quantum
668 1046 707 1078 ad
740 1045 956 1078 remissionem
989 1043 1188 1080 mortalium3
1220 1043 1271 1075 hic
1294 1043 1432 1075 seeundo

481 1102 545 1143 agit
569 1101 607 1133 de
631 1099 864 1141 opportunitate
888 1101 1041 1139 quantum
1074 1097 1114 1128 ad
1139 1096 1356 1128 remissionem
1384 1105 1433 1128 ve-

481 1153 623 1185 nialium.
648 1152 683 1184 Et
708 1151 802 1183 habet
825 1150 902 1182 haec
926 1157 1000 1190 pars
1024 1149 1112 1180 duas.
1137 1148 1169 1179 In
1202 1148 1304 1189 prima
1328 1156 1433 1189 proce-

481 1206 527 1239 dit
551 1206 590 1238 ad
614 1205 779 1237 veritatem
803 1202 1039 1235 ostendendam.
1064 1201 1095 1232 In
1121 1201 1260 1233 secunda
1288 1209 1321 1233 se
1345 1209 1434 1233 exer-

482 1262 530 1292 eet
553 1258 593 1290 ad
617 1257 780 1289 veritatem
806 1254 1052 1292 defendendam,
1076 1253 1136 1285 ibi:
1169 1253 1231 1284 Hz'c
1263 1252 1361 1285 obiici
1382 1262 1434 1294 po-

483 1315 558 1343 test.-
583 1311 614 1342 δι’
634 1319 693 1351 per
718 1308 864 1350 limium,
888 1305 1021 1348 foenum
1046 1309 1102 1338 etc.

570 1363 673 1394 Prima
696 1370 771 1403 pars
797 1360 891 1392 habet
926 1359 1015 1391 duas.
1040 1359 1072 1390 ln
1097 1359 1200 1400 prima
1232 1358 1384 1397 ostendit,
1416 1368 1434 1390 a

481 1415 597 1457 quibus
621 1415 715 1446 homo
731 1416 886 1455 purgetur
911 1412 941 1443 in
959 1410 1159 1453 purgatorio,
1184 1410 1301 1442 scilieet
1325 1413 1433 1442 utrum

1496 998 1514 1021 a
1534 998 1661 1030 poena,
1686 997 1725 1020 an
1758 988 1852 1020 etiam
1888 997 1906 1020 a
1934 988 2052 1029 culpa,
2089 988 2273 1027 ostendens,
2309 989 2394 1030 quod
2429 998 2447 1021 a

1497 1042 1605 1083 culpa.
1631 1042 1661 1073 ln
1687 1041 1825 1074 secunda
1847 1041 1911 1082 agit
1935 1041 1974 1074 de
2002 1041 2209 1073 diuturnitate
2233 1042 2445 1083 purgationis,

1497 1095 1555 1126 ibi:
1580 1095 1620 1126 Iu
1644 1094 1698 1126 illo
1722 1098 1833 1126 atatem
1857 1094 1930 1136 iyne
1950 1094 2150 1136 purgatorio
2174 1098 2231 1127 etc.

1586 1147 1733 1179 Similiter
1759 1147 1896 1179 secunda
1920 1156 2008 1188 pars,
2034 1147 2064 1178 in
2081 1156 2144 1188 qua
2167 1147 2330 1179 veritatem
2349 1150 2448 1179 osten-

1497 1208 1563 1231 sam
1588 1199 1740 1238 defendit,
1765 1199 1860 1231 habet
1892 1199 1982 1231 duas.
2007 1199 2039 1230 ln
2064 1199 2166 1241 prima
2198 1198 2281 1231 enim
2306 1199 2447 1231 dissolvit

1498 1251 1657 1293 quandam
1692 1252 1895 1293 sophisticam
1930 1252 2094 1284 rationem.
2131 1252 2163 1283 In
2199 1251 2338 1284 seeunda
2372 1260 2447 1284 vero

1498 1304 1640 1337 excludit
1664 1305 1823 1346 quandam
1847 1309 2051 1346 apparentem
2076 1304 2282 1343 solutionem,
2307 1304 2363 1336 ibi:
2386 1304 2448 1337 Sed

1497 1357 1583 1400 force
1606 1358 1712 1395 dices,
1738 1357 1821 1389 illud
1844 1357 2073 1399 accipiendum
2097 1367 2163 1389 esse
2187 1360 2244 1390 etc.

1215 1534 1423 1566 TRACTATIO
1448 1534 1721 1575 QUAESTlONUM.

571 1649 614 1682 Ad
639 1648 873 1690 intelligentiam
899 1647 995 1679 huius
1018 1646 1117 1688 partis
1141 1646 1249 1678 incidit
1273 1646 1324 1678 hic
1342 1654 1433 1687 quae-

482 1704 540 1736 stio
565 1704 603 1736 de
628 1703 814 1744 purgatione
838 1704 1039 1743 peccatorum
1064 1703 1133 1741 post
1157 1700 1238 1731 hane
1263 1699 1371 1731 vitam.
1388 1698 1432 1730 Ad

483 1757 567 1799 quod
592 1755 829 1797 intelligendum
854 1754 914 1786 tria
938 1756 1144 1795 quaeruntur.

570 1809 673 1840 Primo
697 1807 861 1849 quaeritur
886 1806 924 1839 de
940 1805 1126 1848 purgatione
1142 1808 1342 1846 peccatorum
1361 1808 1432 1836 ante

481 1862 711 1904 purgatorium.

570 1913 730 1952 Secundo³
755 1912 794 1945 de
819 1911 1004 1954 purgatione
1027 1920 1084 1953 per
1108 1910 1337 1952 purgatorium.

571 1966 692 2005 Tertio,
717 1965 755 1997 de
780 1964 963 1996 liberatione
986 1973 1004 1995 a
1028 1962 1220 2005 purgatorio.

1586 1645 1673 1677 Circa
1690 1645 1844 1686 primum,
1862 1653 1934 1676 cum
1950 1644 1981 1676 in
1999 1644 2260 1686 praecedentibus
2275 1644 2284 1659 ²
2302 1644 2341 1676 sit
2357 1653 2450 1686 quae-

1498 1698 1592 1730 situm
1618 1698 1656 1730 de
1681 1697 1900 1730 iustificatione
1933 1707 1951 1729 a
1981 1697 2186 1736 mortalibus,
2210 1697 2375 1739 quaeritur
2398 1697 2448 1730 hic

1498 1750 1536 1782 de
1561 1750 1714 1782 deletione
1739 1749 1919 1782 venialium.
1937 1750 2025 1782 Circa
2048 1759 2143 1792 quam
2161 1750 2224 1782 duo
2241 1753 2447 1791 quaeruntur.

1587 1803 1689 1835 Primo
1714 1803 1897 1844 quaeritur,
1921 1806 2030 1835 utrum
2055 1803 2189 1835 venialia
2206 1803 2326 1845 possint
2350 1803 2449 1835 deleri

1497 1855 1563 1888 sine
1587 1856 1695 1897 gratia.

1585 1909 1745 1948 Secund0‚
1781 1911 1891 1941 utrum
1922 1908 2042 1950 possint
2074 1908 2172 1941 deleri
2201 1918 2220 1940 a
2248 1908 2348 1950 gratia
2383 1908 2449 1941 sine

1496 1961 1696 2003 poenitentia.

1308 2094 1574 2133 ARTICULUS
1598 2095 1624 2131 I.

968 2203 1013 2234 De
1040 2201 1242 2244 pinyti-tione
1270 2204 1483 2243 peccatorum
1514 2200 1695 2232 venialium
1728 2200 1761 2232 in
1793 2199 1856 2232 liae
1886 2200 1964 2231 vitot.

1354 2315 1537 2357 Quasssrio
1561 2316 1581 2347 l.

1013 2415 1129 2447 Uli-itm
1145 2417 1281 2456 peccata
1296 2413 1442 2445 venialia
1455 2413 1584 2455 possint
1600 2413 1701 2445 deleri
1716 2413 1786 2445 sine
1801 2413 1926 2455 qratia.

574 2530 608 2561 Et
631 2528 715 2570 quod
741 2527 858 2570 possint
883 2527 980 2559 deleri
1006 2526 1072 2558 sine
1096 2525 1196 2567 gratia
1210 2525 1231 2564 ²,
1257 2525 1398 2557 videtur:

576 2583 603 2614 1.
628 2581 707 2622 Quia
731 2581 832 2612 omnis
855 2580 948 2621 eulpa
972 2579 1103 2611 remissa
1127 2582 1173 2611 est
1197 2578 1340 2616 omnino,
1362 2586 1433 2609 cum

485 2638 531 2668 est
555 2635 678 2677 punita,
702 2637 856 2675 quantum
882 2633 949 2674 ipsa
972 2632 1084 2673 exigit;
1108 2631 1163 2663 sed
1188 2630 1318 2663 venialis
1342 2630 1435 2671 culpa

486 2740 657 2781 temporale
682 2740 775 2771 finem
800 2739 927 2777 habeat,
951 2738 1099 2780 possibile
1122 2741 1185 2776 est,
1210 2737 1346 2778 aliquem
1372 2736 1435 2768 exi-

486 2796 618 2825 stentem
650 2796 741 2824 extra
772 2792 903 2833 gratiam
940 2790 1130 2822 sufficienter
1166 2799 1223 2831 pro
1259 2789 1312 2821 ilia
1342 2789 1435 2830 culpa

486 2845 607 2887 puniri:
626 2854 700 2885 ergo
724 2843 871 2885 possibile
896 2847 942 2875 est
965 2843 1032 2874 sine
1053 2842 1154 2883 gratia
1171 2842 1295 2873 remitti.
1314 2842 1435 2873 Prima

486 2897 658 2940 propositio
683 2897 845 2928 manifesta
868 2900 928 2934 est,
953 2895 1027 2936 quia
1051 2894 1158 2926 nullus
1175 2894 1216 2925 ita
1241 2903 1371 2926 severus
1388 2897 1435 2925 est

484 2951 515 2983 in
549 2950 682 2988 iustitia,
708 2949 791 2991 quod
824 2948 934 2990 puniat
968 2947 1052 2979 ultra
1083 2947 1165 2988 quod
1203 2946 1319 2978 meruit
1338 2946 1348 2960 Β
1380 2947 1433 2988 qui

484 3003 639 3045 peccavit:
658 3012 732 3043 ergo
756 3010 829 3034 eum
853 3000 1043 3033 sufficienter
1067 3000 1157 3041 punit
1181 2999 1281 3037 Deus,
1298 2999 1433 3040 amplius

484 3066 545 3088 non
579 3056 686 3097 punit;
711 3055 765 3087 sed
794 3063 854 3085 non
883 3057 983 3095 potest
1015 3061 1082 3085 esse
1110 3052 1203 3093 culpa
1226 3052 1292 3083 sine
1316 3061 1431 3093 poena:

486 3118 560 3150 ergo
585 3112 724 3141 cessante
748 3116 864 3149 poena,
889 3109 990 3139 cessat
1013 3105 1114 3146 culpa.

1589 2526 1618 2557 9..
1642 2525 1735 2563 ltem,
1760 2524 1890 2557 venialis
1914 2524 2007 2566 culpa
2031 2534 2092 2556 non
2116 2524 2191 2557 dicit
2219 2524 2449 2557 deformitatem
2482 2567 2483 2570 Ἴ

1500 2577 1658 2619 imaginis,
1683 2578 1738 2610 sed
1762 2577 1863 2609 solum
1890 2577 2077 2619 pronitatem
2102 2577 2139 2609 ad
2166 2577 2284 2609 bonum
2313 2586 2450 2609 eommu-

1499 2630 1633 2667 tabile⁴;
1658 2631 1713 2662 sed
1738 2631 1876 2672 pronitas
1901 2633 2002 2672 potest
2026 2630 2092 2662 sine
2108 2630 2208 2671 gratia
2231 2630 2359 2669 aboleri,
2377 2639 2449 2671 quo·
2481 2642 2483 2652 ⁴

1500 2683 1583 2714 uiam
1608 2683 1662 2724 qui
1686 2686 1733 2715 est
1757 2692 1875 2724 pronus
1898 2683 1938 2715 ad
1974 2683 2137 2715 avaritiam
2163 2683 2229 2715 sine
2264 2682 2365 2724 gratia
2400 2691 2449 2723 po-

1500 2739 1559 2767 test
1593 2736 1661 2768 fieri
1697 2735 1849 2777 prodigus
1880 2739 1911 2768 et
1945 2745 2065 2777 pronus
2100 2735 2139 2768 ad
2175 2735 2446 2776 prodigalitatem:

1498 2796 1574 2829 ergo
1597 2792 1654 2820 etc.
1992 2814 1995 2817 ,
2480 2823 2482 2828 ,

1588 2841 1616 2873 3.
1641 2842 1734 2880 Item,
1759 2841 1789 2873 iu
1815 2841 1932 2873 morbis
1955 2841 2062 2882 parvis
2086 2844 2199 2873 natura
2234 2849 2295 2872 non
2332 2840 2448 2882 indiget

1500 2894 1669 2932 medicina,
1695 2894 1748 2926 sed
1782 2894 1883 2926 solum
1917 2894 2042 2935 quando
2076 2894 2205 2926 morbus
2231 2893 2447 2935 magnificatus

1498 2950 1563 2984 est3
1587 2947 1642 2978 sed
1670 2947 1803 2978 venialia
1835 2956 1895 2978 non
1928 2949 2132 2988 prosternunt
2163 2949 2328 2984 naturam,
2354 2946 2448 2977 immo

1498 2999 1659 3030 dimittunt
1682 3008 1749 3030 eam
1776 2999 1805 3030 in
1831 3008 1888 3031 suo
1912 2999 2035 3040 vigore:
2061 3008 2136 3040 ergo
2172 3002 2296 3040 praeter
2325 2998 2448 3031 medici·
2479 3035 2480 3044 ἵ

1497 3060 1569 3083 nam
1593 3051 1711 3092 gratiae
1736 3055 1837 3093 potest
1861 3060 1917 3093 per
1942 3056 2086 3083 naturam
2113 3051 2234 3083 veniale
2259 3051 2374 3083 curari.

1585 3104 1615 3136 [ι.
1640 3104 1733 3142 Item,
1759 3108 1876 3146 quanto
1900 3105 2002 3137 morbi
2038 3104 2193 3136 minorem
2229 3104 2345 3136 habent
2380 3112 2448 3135 con·
2478 3119 2479 3134 ι

558 3283 566 3299 1
588 3284 647 3308 Dist.
670 3284 709 3308 ·l7.
730 3291 755 3315 p.
775 3284 791 3308 l.
811 3291 857 3314 per
877 3287 962 3309 totam.

557 3326 568 3342 ²
586 3327 648 3352 Aliis
666 3327 754 3352 verbis
773 3328 809 3352 sic
830 3328 889 3358 poni
910 3330 994 3358 potest
1008 3327 1138 3359 quaestio:
1152 3328 1239 3352 utrum
1252 3326 1277 3350 in
1291 3329 1356 3351 statu
1378 3332 1434 3357 pec-

488 3371 535 3396 cati
556 3370 669 3395 mortalis
690 3370 829 3396 dimittatur
849 3371 956 3395 veniale.

1569 3281 1579 3298 ³
1599 3282 1655 3307 Vnt.
1676 3288 1734 3306 cum
1754 3282 1844 3313 paucis
1864 3281 1940 3306 codd.
1960 3280 2034 3306 ultra
2053 3287 2135 3314 quam
2153 3279 2251 3306 meruit
2269 3279 2320 3306 ille.
2341 3280 2446 3305 Inferius
2476 3299 2478 3313 ³

1499 3328 1557 3356 post
1574 3325 1652 3357 punit
1670 3333 1700 3349 ex
1720 3325 1778 3350 cod.
1802 3325 1819 3349 U
1840 3325 2020 3356 supplevimus
2040 3324 2118 3349 Deus.

1569 3368 1578 3384 ⁴¹
1598 3368 1647 3394 Csr.
1668 3376 1745 3400 supra
1766 3376 1826 3400 pag.
1847 3369 1911 3401 292,
1932 3372 1990 3394 nota
2011 3369 2034 3393 9.
