2483 3882
277 803 319 832 vm
339 807 409 831 mn&

305 831 375 850 tionis.

426 247 489 279 868

1184 241 1467 273 SENTENTIARUM
1492 240 1558 272 LIB.
1584 241 1630 272 lv.

1251 393 1517 431 ARTICULUS
1541 393 1567 430 Ι.

1174 487 1219 518 De
1242 485 1433 528 cognatione
1456 486 1638 527 spirituali.

514 606 669 643 Quantum
684 601 722 632 ad
737 599 875 641 primum
891 598 991 640 primo
1012 597 1222 639 procedamus
1248 606 1304 638 per
1327 597 1454 629 modum
1473 597 1676 636 narrationis,
1701 597 1839 630 secundo
1860 607 1935 630 vero
1950 606 2006 639 per
2022 598 2152 630 modum
2171 598 2388 640 inquisitionis.

1298 703 1515 726 PRAENOTATA.

512 797 600 828 Circa
624 795 761 837 primum
788 794 848 826 tria
872 797 945 825 sunt
970 792 1114 824 notanda.

514 849 634 886 PrimO,
659 847 735 889 quid
760 847 808 878 sit.

513 901 673 940 Secundo,
698 904 774 942 quot
798 900 866 932 eius
890 899 1018 941 species.

512 955 632 993 lertio,
658 958 733 995 quot
758 953 859 985 modis
883 952 1097 985 contrahatur.

512 1009 555 1040 De
580 1008 682 1049 primo
707 1006 887 1044 sciendum,
913 1005 997 1047 qnod
1030 1004 1172 1045 cognatio
1203 1003 1376 1045 spiritualis

265 1076 295 1096 ne
307 1074 413 1096 (1111111110-
428 1062 469 1093 ita
502 1060 671 1092 definitur:
697 1059 844 1100 Cognatio
876 1057 1049 1099 spiritualis
1080 1060 1126 1088 est
1158 1056 1377 1098 propinquitas

424 1119 478 1146 aut
504 1113 689 1154 proximitas
713 1111 900 1153 proveniens
924 1119 964 1142 ex
983 1109 1173 1141 Sacramenti
1192 1109 1375 1147 donatione,

423 1167 472 1199 vel
497 1167 535 1198 ad
562 1166 640 1198 illud
666 1165 811 1198 tentione.
838 1164 923 1196 Unde
957 1167 1017 1194 tam
1053 1162 1104 1194 ille
1136 1162 1189 1204 qui
1223 1162 1376 1203 baptizat,

423 1229 516 1261 quani
544 1218 595 1250 ille
619 1218 672 1259 qui
698 1221 781 1249 tenet
812 1216 978 1258 proximus
1003 1219 1033 1247 et
1055 1218 1205 1256 cognatus
1234 1214 1377 1256 spiritua-

426 1274 495 1305 liter
514 1273 683 1310 iudicatur,
708 1271 809 1302 Causa
834 1270 1011 1311 trigesima,
1033 1269 1214 1310 quaestione
1239 1268 1377 1309 prima',

428 1326 544 1357 Omnes
575 1334 655 1367 quos
685 1324 720 1355 in
746 1321 966 1365 poenitentia,
991 1325 1021 1353 et
1054 1321 1168 1360 Extra,
1193 1321 1231 1352 de
1264 1320 1379 1361 Cogna-

427 1379 507 1410 tione
532 1377 706 1419 spirituali,
732 1376 869 1418 capitulo
893 1375 1014 1407 ultimo.

512 1430 555 1461 De
580 1429 719 1461 secundo
743 1428 934 1466 notandum,
960 1427 1044 1468 quod
1077 1426 1268 1468 cognationis
1283 1425 1294 1442 ²
1320 1425 1378 1466 spi-

277 1497 309 1518 ne
329 1496 409 1523 specie·
425 1483 548 1515 ritualis
572 1487 635 1515 tres
660 1485 733 1515 sunt
758 1481 886 1522 species.
919 1481 984 1513 Una
1016 1480 1132 1512 dicitur
1163 1478 1377 1521 compaterni-

425 1541 494 1574 tas,
520 1545 601 1577 quae
636 1535 809 1567 attenditur
845 1534 925 1566 inter
960 1537 1080 1575 patrem
1118 1532 1314 1574 spiritualem
1348 1536 1378 1564 et

425 1590 583 1622 carnalem
609 1592 740 1630 patrem.
765 1588 829 1619 Alia
862 1587 977 1619 dicitur
1005 1586 1212 1628 paternitas,
1238 1590 1268 1618 et
1300 1586 1378 1618 haec

426 1643 598 1675 attenditur
623 1642 704 1674 inter
728 1650 800 1673 eum
827 1641 880 1682 qui
905 1639 1094 1681 suscipitur,
1111 1643 1141 1671 et
1160 1648 1233 1671 eum
1258 1639 1311 1681 qui
1330 1648 1377 1671 su-

427 1696 534 1737 scipit,
559 1695 624 1727 sive
649 1694 688 1726 sit
716 1693 894 1731 masculus,
919 1693 985 1725 sive
1013 1692 1138 1724 semina.
1171 1693 1275 1724 Tertia
1307 1692 1379 1724 dici-

427 1752 479 1780 tur
504 1747 713 1790 fraternitas,
740 1750 770 1779 et
794 1747 871 1778 haec
895 1746 1068 1778 attenditur
1092 1746 1173 1777 inter
1197 1745 1298 1777 filium
1321 1745 1378 1786 spi-

427 1800 573 1832 ritualem
599 1804 629 1832 et
652 1799 752 1831 filium
779 1798 937 1831 carnalem
969 1798 1110 1839 praecise
1142 1802 1171 1830 et
1195 1797 1378 1830 universali-

426 1858 492 1891 ter,
518 1862 589 1885 nam
614 1862 675 1884 non
700 1861 733 1884 se
758 1852 900 1884 extendit
924 1851 983 1883 11151
1008 1851 1047 1883 ad
1075 1851 1164 1883 illum
1197 1851 1251 1892 qui
1284 1851 1379 1882 susci-

427 1907 530 1948 pitur,
563 1906 662 1938 Causa
695 1905 872 1946 trigesima,
901 1905 1083 1946 quaestione
1117 1904 1241 1943 tertia³,
1272 1904 1378 1946 Super

428 1959 558 2002 quibus,
583 1963 613 1991 et
638 1959 750 1997 Extra,
776 1958 814 1989 de
839 1957 1026 1999 Cognatione
1051 1957 1224 1999 spirituali,
1241 1957 1378 1999 capitulo

429 2012 578 2053 septimo,
603 2011 675 2043 Tua
691 2020 759 2042 iios.
778 2011 813 2042 Et
828 2019 937 2042 omnes
961 2010 1038 2042 istae
1062 2010 1181 2052 species
1202 2010 1379 2051 impediunt

429 2064 676 2095 matrimonium.

516 2117 559 2148 De
583 2116 675 2148 tertio
707 2115 887 2154 sciendum,
915 2115 1001 2157 quod
1033 2115 1206 2157 spiritualis
1237 2116 1379 2157 cognatio

266 2181 417 2230 cofflahffigiis
428 2169 595 2209 dupliciter
620 2168 834 2205 contrahitur,
859 2167 976 2200 scilicet
1007 2168 1127 2199 directe
1158 2171 1188 2200 et
1213 2167 1378 2200 indirecte.

427 2221 606 2258 Imttreete,
633 2224 667 2252 ut
692 2221 818 2262 quando
842 2229 926 2251 uxor
958 2220 1093 2252 efficitur
1124 2224 1303 2252 eomiizctter
1327 2220 1379 2252 ali-

427 2275 517 2306 cuius
543 2282 597 2314 per
621 2277 727 2305 actum
760 2273 837 2312 viri,
864 2273 912 2305 vel
936 2281 953 2305 e
982 2282 1133 2305 converso
1165 2273 1214 2305 vir
1245 2273 1380 2305 efficitur

427 2331 594 2368 compatet·
618 2335 674 2368 per
698 2329 803 2358 actum
830 2325 950 2357 uxoris.
976 2326 1103 2358 Directe
1127 2335 1202 2358 vero
1226 2326 1380 2358 contrahi-

1445 794 1494 823 tur
1518 800 1574 832 per
1606 794 1711 823 actum
1744 792 1928 833 proprium,
1953 795 1988 824 ut
2020 801 2092 824 611111
2124 796 2207 825 161161
2238 793 2390 835 aliquem,

1442 843 1490 875 vel
1515 843 1653 885 aliquam
1678 844 1718 876 ad
1742 844 1932 877 Sacramenti
1966 845 2196 887 susceptionem
2212 845 2233 876 ⁴.
2265 865 2308 869 —
2331 846 2391 879 Sed

1441 896 1525 928 circa
1550 897 1607 928 hoc
1632 897 1761 929 fuerunt
1785 900 1848 929 tres
1871 897 2043 939 opiniones.

1530 949 1634 981 Prima
1666 949 1757 988 dicit,
1789 950 1874 991 quod
1905 962 1919 979 «
1932 950 2013 982 516111
2047 954 2165 992 septem
2203 955 2277 983 sunt
2311 951 2393 984 dona
2408 963 2480 992 opinio

1442 1002 1577 1044 Spiritus
1601 1003 1715 1041 sancti,
1741 1003 1783 1035 ita
1807 1006 1880 1035 sunt
1904 1007 2023 1045 septem
2048 1003 2129 1035 dona
2153 1004 2317 1045 baptismi,
2339 1004 2394 1037 561-

1443 1055 1514 1087 licet
1530 1064 1547 1087 a
1565 1055 1667 1096 primo
1689 1055 1804 1097 pabulo
1822 1056 1896 1088 salis
1913 1065 2014 1097 usque
2031 1055 2070 1088 ad
2084 1056 2353 1089 confirmationem
2364 1068 2395 1096 »,

1443 1116 1524 1149 quae
1549 1108 1582 1140 111
1606 1116 1662 1149 per
1687 1108 1888 1150 episcopum,
1912 1112 1942 1140 et
1966 1109 1997 1140 in
2022 1108 2163 1149 quolibet
2186 1109 2302 1141 horum
2327 1118 2396 1141 con-

1443 1161 1581 1193 trahitur
1613 1161 1873 1203 compaternitas,
1897 1161 1939 1193 ita
1970 1162 2054 1203 quod
2093 1171 2152 1194 non
2190 1165 2292 1204 potest
2327 1171 2395 1195 esse

1444 1214 1680 1246 matrimonium
1706 1214 1787 1246 inter
1803 1214 1891 1252 tales,
1909 1214 2008 1246 Causa
2025 1214 2198 1255 trigesima,
2214 1215 2395 1256 quaestione

1443 1267 1546 1308 prima
1561 1266 1589 1305 ⁵,
1615 1266 1769 1299 Pervenit
1792 1267 1822 1298 in
1847 1266 1918 1299 fine.

1533 1320 1675 1353 Secunda
1692 1320 1766 1352 dicit
1777 1346 1784 1359 ,
1801 1320 1886 1362 quod
1904 1329 1960 1362 per
1977 1320 2037 1352 tria
2053 1323 2174 1352 tantum
2193 1321 2394 1354 Sacramenta
2407 1332 2480 1360 opinio

1443 1373 1656 1412 contrahitur,
1687 1372 1804 1405 56111661
1837 1381 1893 1414 per
1925 1372 2169 1410 catechismum,
2201 1372 2392 1414 baptismum

1443 1429 1474 1458 et
1498 1425 1766 1457 confirmationem
1791 1425 1947 1467 episcopi,
1972 1425 2011 1457 de
2028 1425 2275 1464 consecratione,
2289 1426 2394 1458 distin-

1443 1477 1544 1510 ctione
1569 1481 1681 1519 quarta
1695 1477 1717 1517 ⁶,
1740 1478 1780 1509 In
1805 1476 2008 1510 catechismo.

1533 1531 1637 1564 Tertia
1668 1531 1772 1573 opinio
1808 1540 1921 1572 parum
1958 1531 2063 1563 differt
2094 1540 2112 1563 a
2143 1531 2290 1564 secunda.
2316 1532 2394 1564 Dicit
2408 1542 2480 1570 opinio

1443 1585 1545 1623 enim,
1570 1585 1654 1626 quod
1679 1585 1709 1616 in
1734 1584 1783 1616 his
1808 1584 1910 1616 tribus
1941 1584 2137 1616 contrahitur
2168 1585 2309 1626 cognatio
2337 1585 2396 1626 spi-

1444 1638 1585 1676 ritualis,
1603 1638 1657 1670 sed
1682 1637 1712 1669 in
1739 1637 1893 1678 baptismo
1917 1640 1948 1678 et
1972 1636 2207 1669 confirmatione
2231 1637 2309 1669 adeo
2329 1636 2396 1679 for-

1445 1691 1486 1723 tis
1509 1694 1573 1730 est,
1597 1690 1682 1732 quod
1706 1690 1838 1732 impedit
1862 1689 2111 1722 contrahendum
2136 1694 2166 1722 et
2190 1690 2309 1722 dirimit
2333 1690 2395 1722 iam

1445 1748 1638 1777 contractum
1651 1769 1658 1782 ,
1675 1743 1775 1775 Causa
1798 1743 1975 1784 trigesima,
1998 1743 2181 1784 quaestione
2204 1743 2307 1784 prima
2321 1743 2342 1781 ⁷,
2359 1742 2397 1775 Si

1444 1797 1519 1840 qais
1541 1796 1735 1838 filiastrum.
1765 1796 1796 1827 ln
1832 1796 2021 1828 catechismo
2057 1799 2161 1827 autem
2198 1795 2394 1827 contrahitur

1444 1850 1523 1883 adeo
1557 1849 1671 1888 exitis,
1708 1849 1792 1890 quod
1828 1849 1883 1880 vix
1918 1848 2049 1890 impedit
2084 1848 2333 1880 contrahendum
2365 1850 2395 1880 et

1444 1912 1505 1934 non
1530 1903 1649 1935 dirimit
1673 1902 1734 1933 iam
1760 1904 1973 1939 contractum,
2000 1901 2112 1939 Extra,
2137 1900 2176 1932 de
2208 1900 2395 1941 Cognatione

1444 1955 1601 1997 spirituali
1616 1955 1637 1994 ⁸,
1665 1954 1848 1987 Contrcteto.

1534 2008 1592 2040 Sed
1610 2016 1691 2049 quae
1704 2007 1836 2039 istarum
1854 2006 2035 2048 opinionum
2050 2006 2089 2038 sit
2104 2006 2218 2045 verior,
2231 2005 2395 2038 dubitatio·
2409 2018 2451 2049 via
2465 2017 2483 2049 q„

1445 2070 1516 2094 nem
1541 2061 1644 2093 hahet.
1672 2061 1707 2092 Et
1730 2063 1897 2101 propterea
1921 2059 2003 2091 circa
2028 2059 2086 2091 1106
2110 2062 2308 2100 quaeruntur
2324 2059 2394 2090 tria.
2423 2048 2483 2067 ‘ms

1535 2113 1638 2145 Primo
1655 2113 1828 2155 quaeritur,
1847 2115 1954 2144 utrum
1980 2111 2121 2153 cognatio
2138 2110 2310 2153 spiritualis
2328 2119 2396 2142 600-

1445 2167 1589 2199 trahatur
1613 2175 1669 2208 per
1693 2165 1820 2207 aliquod
1845 2165 2081 2197 Sacramentum
2096 2164 2117 2195 ⁹.

1533 2220 1676 2252 Secundo
1685 2219 1858 2260 quaeritur,
1872 2222 1979 2250 utrum
1990 2217 2140 2259 impediat
2150 2217 2395 2249 matrimonium.

1534 2273 1638 2304 Tertio
1662 2272 1844 2314 quaeritur,
1869 2275 1978 2303 utrum
2001 2273 2140 2302 transeat
2164 2270 2203 2302 ab
2229 2279 2291 2302 uno
2307 2270 2338 2301 in
2356 2269 2397 2301 al-

1445 2330 1559 2359 terum.

1303 2436 1488 2479 QUAesrio
1512 2437 1532 2468 1.

774 2535 892 2566 Utrum
918 2534 1069 2577 coyiicttio
1093 2534 1284 2576 spiritualis
1308 2533 1529 2566 contrahatur
1548 2543 1610 2575 pei·
1633 2533 1769 2576 aliquod
1792 2532 2055 2567 Sacramentum.

516 2646 603 2677 Circa
627 2646 766 2687 primum
792 2646 835 2677 516
859 2646 1059 2688 proceditur,
1077 2650 1106 2678 et
1130 2646 1213 2687 quod
1239 2645 1380 2686 cognatio

428 2698 599 2739 spiritualis
625 2699 830 2731 contrahatur
855 2708 911 2740 per
936 2699 1153 2737 Sacramenta,
1178 2698 1320 2730 videtur:

521 2753 546 2782 1.
573 2752 628 2783 Per
646 2752 723 2783 illud
742 2751 826 2793 quod
845 2751 959 2783 dicitnr
977 2751 1078 2784 Causa
1094 2751 1271 2793 trigesima,
1290 2759 1382 2792 quae·

276 2804 529 2836 Fundamenta.sti‹›1ie
556 2804 656 2845 prima
670 2804 705 2835 ¹⁰:
738 2804 882 2836 «Omnes
912 2813 991 2846 quos
1016 2804 1227 2846 suscepimus,
1252 2804 1294 2835 ita
1326 2803 1381 2835 filii

1445 2645 1544 2677 nostri
1570 2647 1660 2683 sunt,
1687 2648 1720 2675 ut
1736 2643 1780 2675 illi
1798 2652 1894 2685 quos,
1920 2643 2008 2675 nohis
2032 2642 2293 2684 suscipientibus,
2311 2641 2396 2673 unda

1446 2696 1525 2729 sacri
1551 2696 1747 2738 baptismatis
1772 2695 2018 2736 regeneravit»:
2043 2704 2117 2736 ergo
2142 2698 2199 2727 etc.

1535 2751 1564 2781 2.
1590 2750 1683 2788 116111,
1708 2750 1767 2781 1106
1791 2749 1967 2781 ostenditur
1990 2748 2137 2780 1111ῑό116.-
2162 2747 2235 2789 quia
2256 2747 2396 2788 cognatio

1446 2803 1619 2835 attenditur
1643 2811 1738 2843 penes
1763 2802 2013 2843 generationem3
2038 2801 2092 2833 sed
2118 2801 2198 2833 sic-ut
2221 2805 2269 2833 est
2292 2809 2397 2832 carna-

502 2940 507 2955 ¹
530 2941 590 2965 (Ian.
611 2942 634 2966 8.
655 2955 689 2958 ——
708 2941 755 2973 (Do
775 2942 829 2972 ipsa
851 2941 999 2975 definitione
1023 2943 1183 2973 cognationis
1203 2942 1249 2966 cfr.
1272 2941 1333 2966 ibid.
1354 2940 1380 2966 C.

431 2984 472 3008 Ila.
500 2984 608 3017 flti'igsem
634 2984 719 3016 debet,
746 2993 769 3010 6.
793 2986 815 3010 ri.
836 2992 860 3017 q.
881 2986 904 3017 3,
924 2988 949 3010 61
968 2985 1056 3010 Glossa
1076 2985 1159 3017 ibid).
1178 2999 1212 3003 --
1231 2986 1290 3017 Seq.
1311 2986 1382 3009 10605

432 3032 470 3052 651
489 3028 531 3052 lili.
553 3029 592 3053 lV.
614 3030 648 3053 tit.
674 3030 710 3054 11.
731 3036 752 3054 6.
773 3030 802 3061 8,
822 3029 867 3055 Eae
892 3028 985 3055 litteris
1008 3028 1110 3055 vestris.
1130 3042 1165 3047 —
1184 3029 1309 3060 Superius
1335 3035 1382 3059 pro

432 3071 467 3096 ml
486 3072 553 3097 illud
572 3072 684 3098 tentione
704 3073 776 3098 multi
791 3073 867 3098 codd.
882 3072 917 3098 [th
929 3072 956 3098 id
968 3072 998 3098 cle
1011 3072 1178 3105 necessitate,
1195 3074 1234 3098 cni
1250 3072 1325 3097 codd.
1341 3073 1381 3097 11<

432 3115 529 3139 addunt
548 3117 683 3149 sequitur,
706 3117 730 3141 111
752 3117 862 3148 Δ1111611,
883 3118 923 3142 lito
942 3124 965 3142 a.
987 3118 1015 3148 2,
1036 3116 1071 3142 oct
1090 3116 1158 3142 idem
1178 3116 1298 3142 tentione.

502 3159 511 3174 *2
532 3160 564 3183 lta
584 3160 642 3185 cod.
665 3161 697 3192 E,
719 3161 759 3185 alii
781 3161 856 3185 codd.
876 3164 900 3185 ct
919 3161 978 3185 edd.
999 3159 1247 3194 coizsmzqzttm'tatis.

504 3202 514 3217 ³
533 3202 592 3227 Can.
615 3204 636 3227 11.
657 3217 692 3221 -
711 3205 769 3235 Seq.
790 3204 861 3229 locus
881 3208 919 3229 651
938 3204 994 3229 libr.
1016 3205 1055 3229 lV.
1076 3205 1110 3229 tit.
1132 3205 1140 3228 1
1153 3205 1173 3228 1.

503 3245 512 3260 ⁴
533 3246 593 3270 Cod.
615 3254 643 3270 aa
664 3247 735 3272 addit
754 3247 794 3273 vel
811 3247 952 3273 dationem.

504 3289 514 3304 ⁵
534 3289 593 3314 (lan.
619 3291 644 3321 1,
667 3298 695 3315 ex
716 3298 768 3323 (1110
789 3296 937 3322 praenotata
957 3291 1051 3323 verba,
1073 3299 1140 3324 quae
1159 3299 1173 3317 a
1193 3292 1282 3317 Glossa
1307 3298 1383 3322 expo-

435 3336 529 3356 nuntur
548 3333 600 3356 sic:
622 3334 733 3358 Primum
754 3335 813 3359 salis
842 3335 969 3360 collatio...
998 3335 1148 3360 Secundum
1170 3337 1272 3360 aurium
1293 3338 1317 3361 et
1343 3342 1382 3359 na-

434 3374 501 3398 rium
527 3375 634 3400 linitio...
664 3377 778 3401 'sortium
803 3381 840 3402 est
860 3380 882 3403 111
904 3382 1007 3410 pectore
1026 3382 1051 3404 ct
1069 3381 1092 3404 10
1113 3380 1196 3405 fronte
1215 3380 1299 3404 crucis
1318 3379 1381 3404 sacta

1445 2941 1580 2971 signatio...
1611 2940 1737 2971 Quartum
1767 2942 1805 2963 est
1833 2939 1880 2964 olei
1900 2939 1979 2964 sancti
2000 2939 2113 2964 unctio...
2134 2938 2256 2970 Quintum
2277 2931 2395 2968 baptismi

1445 2983 1568 3008 ablutio...
1591 2984 1694 3008 Sextum
1714 2984 1738 3007 10
1765 2984 1860 3008 vertice
1889 2983 2033 3007 chrismatis
2063 2983 2221 3013 perunctio...
2252 2982 2395 3012 Septimum

1445 3027 1562 3052 eiusdem
1583 3028 1607 3052 in
1627 3028 1709 3052 fronto
1730 3028 1793 3052 sacta
1814 3028 1931 3058 signatio.
1952 3025 2002 3051 Ct'r.
2034 3025 2129 3052 Glossa
2157 3027 2181 3050 in
2207 3025 2234 3050 C.
2255 3024 2394 3051 contracto

1445 3070 1617 3097 matriiiioizio
1639 3071 1697 3103 (5.),
1720 3071 1753 3096 X.
1769 3071 1801 3096 de
1815 3070 1973 3102 Cognatione
1992 3070 2117 3102 spirituali
2138 3070 2192 3101 (111).
2215 3069 2254 3094 lV.
2275 3070 2310 3094 tit.
2332 3069 2340 3093 -l
2350 3068 2392 3100 1.),

1446 3114 1489 3140 ubi
1510 3115 1579 3140 idem
1598 3118 1622 3139 61
1641 3116 1718 3140 etiam
1737 3115 1804 3139 duae
1823 3122 1895 3147 seqq.
1916 3115 2051 3146 opiniones
2070 3114 2219 3138 asseruntur.

1516 3158 1527 3174 ⁶
1546 3158 1606 3183 Can.
1630 3159 1686 3183 100.
1707 3158 1756 3184 Ctr.
1777 3158 1804 3183 C.
1827 3157 1934 3191 Siquis
1952 3164 1987 3183 em
2005 3164 2060 3183 uno
2080 3158 2141 3189 (3.),
2163 3156 2191 3182 C.
2214 3157 2254 3181 30.
2275 3164 2299 3188 q.
2321 3156 2342 3181 [1.

1516 3201 1526 3217 7
1546 3201 1606 3227 Can.
1628 3203 1651 3226 2.

1516 3246 1527 3262 ⁹
1546 3246 1608 3271 Cod.
1628 3247 1646 3271 F
1662 3253 1712 3280 per
1731 3246 1915 3273 Sacramenta.

1517 3289 1538 3305 ¹⁰
1558 3290 1619 3315 Can.
1642 3291 1671 3322 8;
1691 3291 1735 3315 cfr.
1758 3291 1797 3316 hic
1816 3291 1850 3316 lit.
1871 3291 1994 3322 Magistri,
2016 3297 2037 3315 6.
2058 3291 2087 3322 2,
2104 3289 2147 3315 ubi
2167 3290 2268 3321 plenius
2280 3289 2391 3314 affertur.

1446 3334 1505 3359 Post
1525 3333 1622 3360 Omnes
1642 3341 1708 3368 quos
1721 3336 1745 3359 in
1760 3335 1817 3360 cod.
1831 3335 1849 3359 L
1869 3335 1898 3366 (E
1910 3335 1925 3359 1)
1945 3342 1959 3359 a
1979 3334 2092 3359 secunda
2113 3333 2216 3366 manu),
2230 3335 2298 3358 textu
2317 3332 2394 3363 origi-

1446 3380 1495 3404 nali
1515 3380 1703 3411 consentiente,
1725 3379 1829 3404 additur
1847 3378 1874 3404 in
1892 3378 2059 3411 poenitentia.

2048 3200 2059 3216 S
2078 3201 2145 3226 Libr.
2167 3201 2245 3225 lV.tit.
2267 3201 2307 3224 lt.
2327 3206 2348 3225 c.
2368 3199 2392 3224 5.
