2483 3882
365 266 406 298 80
1119 261 1401 295 SENTENTIARUM
1425 262 1492 294 LlB.
1516 262 1564 295 lv.

214 360 347 390 iudiciumae
362 352 544 394 opinionum
567 351 606 383 sit
641 349 792 383 catholica
826 353 856 381 et
890 348 1076 391 probabiliS,
1101 349 1178 382 haec
1202 352 1304 382 tamen

204 390 348 434 ffissg‘ffwpb
363 408 409 437 est
434 404 532 445 magis
556 402 760 444 intelligibilis
783 405 813 434 et
837 410 972 433 consona.
996 402 1179 434 Sanctorum
1205 405 1308 434 aucto-

362 457 516 489 ritatibus.
541 456 694 488 Dicuntur
718 454 801 487 enim
825 462 925 496 aquae
949 454 1129 486 mundatae
1144 454 1309 486 6131111611-

360 510 478 551 fiectcae
501 512 532 541 et
554 508 722 540 virtuosae
746 506 872 549 effectae
886 507 909 545 ¹,
934 507 1008 549 quia
1031 507 1071 539 ad
1095 507 1308 540 sanctificatio-

361 571 433 594 nem
457 561 579 593 animae
603 564 633 592 et
669 560 854 592 munditiam
890 559 1057 593 efficaciter
1080 564 1154 593 sunt
1176 560 1308 592 ordina-

362 619 427 651 tcte,
452 623 512 646 non
537 612 711 646 faciendam
746 613 786 645 ab
821 612 913 654 ipsis,
938 613 993 645 sed
1022 612 1252 654 suscipiendam
1277 616 1308 645 et

361 666 496 699 dandam
521 666 550 697 in
575 665 651 707 ipsis
674 674 692 697 a
715 665 778 697 Deo
815 665 872 707 ipsi
908 665 1025 697 homini
1051 665 1253 707 baptizando,
1278 668 1308 697 et

1371 350 1415 382 sic
1438 349 1624 391 exponenda
1641 352 1714 381 sunt
1730 348 1913 381 consimilia.
1930 348 1990 382 Nec
2006 352 2052 381 est
2069 350 2316 393 intelligendum,

1370 403 1455 445 quod
1478 402 1585 444 aliqua
1618 401 1697 434 aetio
1722 401 1761 434 sit
1795 401 1834 433 ab
1869 401 1960 443 aquis
1996 402 2025 434 111
2061 403 2207 436 animam.
2232 405 2317 438 Sicut

1371 455 1453 488 enim
1477 464 1578 497 aquae
1601 463 1660 486 non
1685 454 1802 487 habent
1836 454 1963 496 proprie
1996 455 2169 495 virtutem,
2194 457 2237 489 ita
2260 467 2318 491 nec

1371 507 1607 549 operationem;
1631 507 1686 539 sed
1717 515 1826 539 earum
1851 507 1953 539 virtus
1975 511 2006 539 et
2029 509 2109 540 actio
2132 513 2179 542 est
2203 510 2316 543 efficax

1370 560 1525 592 ordinatio
1548 559 1598 592 vel
1623 559 1797 592 secundum
1833 564 1961 598 aetum,
1986 560 2035 593 vel
2064 562 2238 595 secundum
2263 562 2319 596 lict-

1371 611 1482 644 bitum.
1508 612 1543 643 Et
1567 612 1610 644 sic
1646 621 1706 643 non
1742 611 1858 644 habent
1894 612 2091 645 calumniam·
2120 623 2201 656 quae
2235 615 2318 648 eirca

1371 665 1448 697 haec
1472 664 1620 697 dicuntur
1635 664 1656 695 ².

1171 790 1434 828 ARTICULUS
1463 791 1505 827 ΙΙ.

986 911 1029 943 De
1054 911 1209 952 baptismi*
1232 911 1375 943 instituti
1397 911 1695 943 actministrcttioiie.

451 1036 607 1077 Quantum
633 1036 673 1068 ad
697 1036 872 1068 secundum
894 1036 1062 1068 articulum
1085 1036 1248 1077 quaeritur
1265 1044 1308 1068 se-

362 1089 464 1121 cundo
494 1089 532 1121 de
567 1088 713 1130 baptismi
749 1088 880 1120 instituti
916 1088 1198 1127 administratione,
1227 1096 1307 1129 quae

359 1141 393 1173 fit
418 1142 449 1173 in
472 1141 596 1183 parvuli
622 1141 840 1179 immersione3
867 1144 897 1173 et
925 1141 1006 1173 circa
1034 1141 1092 1173 1106
1121 1141 1184 1173 duo
1215 1149 1306 1182 quae-

1373 1038 1496 1067 runtur.

1461 1088 1562 1119 Primo
1586 1089 1767 1130 quaeritur,
1801 1090 1923 1131 quoties
1957 1094 2098 1132 oporteat
2135 1092 2242 1134 mergi.

1460 1140 1619 1179 Secundo,
1643 1144 1806 1182 quantum.

1224 1263 1407 1305 0111115110
1432 1263 1451 1294 1.

991 1375 1119 1416 Quoties
1144 1375 1368 1417 baptizandus
1392 1374 1505 1407 debeat
1527 1375 1687 1418 intineryi.

447 1503 480 1534 Et
504 1502 588 1544 quod
619 1501 715 1533 semet
750 1505 869 1533 tantum
899 1500 938 1532 sit
967 1499 1234 1541 immergendum,
1259 1499 1301 1531 vi-

359 1555 466 1587 detur:

450 1609 476 1639 1.
501 1608 545 1640 De
579 1607 834 1645 Consecrabone,
863 1606 1058 1639 distinctione
1093 1604 1236 1647 quarta³,
1262 1614 1301 1637 ex

214 1665 343 1710 Adfuiprosi-
360 1660 494 1693 Concilio
517 1661 662 1693 Toletano
679 1672 686 1692 z
710 1660 865 1701 «Propter
884 1659 999 1691 vitandi
1020 1658 1197 1691 schismatis
1218 1667 1303 1690 scan-

256 1697 304 1711 *n‘
359 1713 482 1753 dalnm,
506 1713 555 1746 vel
579 1713 725 1745 haeretiei
763 1713 916 1754 dogmatis
951 1721 1063 1750 usum,
1093 1711 1238 1753 simplam
1263 1715 1304 1743 te-

357 1775 488 1799 neamus
523 1766 717 1808 baptismatis
749 1766 981 1798 immersionem
994 1776 1023 1796 »z
1049 1774 1123 1806 ergo
1160 1764 1303 1803 videtur,

358 1819 442 1860 quod
466 1819 659 1851 haereticum
684 1819 723 1850 sit
748 1823 793 1850 ter
818 1827 969 1860 mergere.

446 1873 474 1903 ⁹2.
499 1872 591 1911 Item,
616 1872 744 1904 ratione
774 1872 912 1910 videtur,
938 1871 1012 1913 quia
1036 1871 1113 1903 haec
1149 1874 1196 1904 est
1228 1879 1303 1903 vera

357 1934 412 1966 per
436 1925 625 1957 essentiavit:
650 1925 824 1965 baptismus
848 1928 894 1957 est
917 1924 1036 1956 ablutio
1061 1924 1110 1956 vel
1137 1924 1243 1956 tinctio
1273 1924 1302 1955 in

356 1978 476 2019 aqua⁴t
501 1986 575 2019 ergo
607 1978 631 2009 si
667 1977 702 2009 fit
736 1977 852 2018 triplex
877 1977 1000 2015 tinctio,
1025 1976 1143 2018 triplex
1171 1976 1229 2009 erit
1253 1976 1304 2008 ba-

355 2030 501 2072 ptismus:
520 2039 593 2071 ergo
611 2030 635 2062 si
652 2030 738 2061 1111110
756 2029 848 2062 modo
866 2029 951 2069 licet,
968 2029 1160 2071 baptismum
1179 2029 1303 2068 iterari,

356 2083 443 2115 nullo
466 2084 559 2115 modo
584 2083 654 2115 licet
677 2087 724 2115 ter
749 2083 858 2124 mergi.

444 2136 472 2168 3.
497 2137 588 2173 Item,
607 2136 664 2168 ista
685 2136 747 2168 duo
772 2135 950 2174 sufficiunt,
974 2135 1108 2168 verbum
1132 2135 1250 2168 seilicet
1273 2139 1304 2168 et

356 2190 587 2227 elenientii1n⁵;
613 2193 642 2221 et
658 2189 683 2221 si
701 2192 862 2230 mergatur
886 2188 1000 2227 semel,
1017 2192 1047 2220 et
1071 2188 1096 2220 si
1125 2188 1304 2229 proferatur

357 2242 461 2281 semel,
475 2246 521 2274 est
533 2241 661 2283 plenum
673 2242 926 2273 Sacramentum:
941 2250 1015 2282 ergo
1032 2241 1057 2273 si
1075 2241 1211 2283 amplius
1225 2250 1304 2273 mer-

357 2294 449 2335 gitur,
474 2294 655 2335 superfluit:
681 2303 755 2335 ergo
778 2303 840 2326 non
865 2294 958 2326 debet
981 2293 1039 2326 nisi
1064 2294 1161 2326 semel
1185 2294 1295 2335 mergi.

443 2347 534 2383 item,
559 2346 736 2388 quaeritur,
761 2355 859 2388 quare
885 2346 1047 2387 magister
1072 2355 1166 2387 quam
1185 2346 1242 2378 bis.
1268 2345 1305 2378 St·

200 2399 464 2449 Qufffgnijffiju-iliosis,
497 2399 579 2441 quod
612 2399 753 2431 binarius
784 2403 831 2431 est
861 2407 1015 2431 numerus
1039 2397 1196 2440 infamis,
1229 2399 1303 2440 quia

276 2451 280 2455 '
356 2452 474 2483 recedit
497 2452 536 2484 ab
560 2452 717 2491 unitatessg
735 2452 845 2484 eadem
870 2452 989 2484 ratione
1014 2451 1204 2489 laudabitis,
1230 2451 1304 2493 quia

356 2505 480 2536 (16661111
505 2505 651 2537 maxime.

443 2558 501 2589 SED
525 2567 663 2590 comm:
693 2559 719 2589 1.
746 2558 950 2599 Hieronymus
966 2566 1061 2599 super
1080 2557 1247 2599 Epistolam
1264 2557 1304 2589 ad

198 2610 503 2652 Fur-dssfflcnt&Ephesios
519 2611 544 2642 ⁷:
576 2611 635 2642 «In
662 2611 782 2643 Patrem
807 2614 837 2643 et
873 2610 983 2642 Filium
1008 2614 1037 2643 et
1062 2611 1212 2652 Spiritum
1238 2620 1304 2643 san-

1367 1503 1452 1531 ctum
1470 1500 1667 1542 baptizamur
1683 1505 1713 1534 et
1731 1506 1776 1534 ter
1795 1503 1978 1545 mergimur,
1994 1508 2029 1537 ut
2046 1506 2204 1540 Trinitatis
2217 1517 2317 1540 unum

1367 1556 1516 1593 appareat
1540 1554 1775 1586 Sacramentum
1789 1567 1819 1587 ».

1457 1607 1485 1637 2.
1510 1606 1603 1645 Item,
1628 1607 1769 1649 Pelagius
1794 1608 1966 1642 Gaudentio
1990 1611 2152 1653 episcopo,
2178 1613 2216 1645 de
2244 1613 2318 1646 Con-

1367 1659 1556 1698 secratione,
1573 1659 1769 1693 distinctione
1786 1665 1897 1703 quarta
1913 1663 1938 1694 ³³:
1961 1675 1976 1693 «
1990 1664 2209 1705 Evangelicum
2233 1675 2317 1707 prae-

1368 1715 1492 1753 ceptum
1510 1721 1566 1744 1105
1583 1713 1743 1753 admonet,
1761 1715 1791 1746 in
1809 1716 1933 1748 nomine
1951 1717 2108 1750 Trinitatis
2126 1719 2207 1750 trina
2223 1720 2317 1751 etiam

1367 1764 1568 1797 immersione
1592 1769 1734 1798 sanctum
1760 1767 1913 1808 baptisma
1937 1769 2051 1810 cuique
2074 1770 2256 1804 tribuere».

1457 1817 1485 1849 3.
1511 1818 1600 1858 ltem,
1619 1819 1657 1851 de
1674 1819 1925 1860 Consecratione,
1951 1822 2147 1856 distinctione
2169 1828 2281 1865 quarta
2294 1825 2316 1864 ⁹,

1367 1879 1408 1902 ex
1432 1871 1603 1903 canonibus
1627 1872 1862 1913 Apostolorum:
1893 1874 1950 1906 «Si
1975 1875 2045 1916 quis
2074 1876 2239 1918 presbyter
2262 1881 2317 1910 aut

1367 1924 1532 1966 episcopus
1556 1934 1617 1957 non
1641 1925 1756 1958 trinam
1788 1927 2019 1960 immersionem
2057 1929 2152 1962 unius
2176 1931 2316 1971 mysterii

1367 1976 1513 2016 celebret,
1538 1977 1593 2010 sed
1628 1978 1724 2011 semel
1760 1982 1880 2011 tantum
1906 1984 2027 2022 mergat
2057 1981 2086 2013 in
2113 1982 2315 2024 baptismate,

1367 2029 1451 2070 quod
1475 2030 1543 2062 dari
1568 2039 1586 2062 a
1609 2030 1798 2072 quibusdam
1824 2032 1853 2064 in
1882 2036 1984 2065 morte
2020 2034 2143 2067 Domini
2175 2036 2317 2077 perhibe-

1367 2085 1430 2121 tur,
1443 2082 1619 2124 deponatur
1631 2095 1661 2115 »z
1687 2092 1761 2125 ergo
1785 2085 1960 2118 necessaria
1984 2090 2031 2118 est
2048 2087 2129 2119 trina
2147 2087 2315 2121 immersio.

1721 2199 1958 2224 CONCLUSIO.

1374 2294 1490 2326 (sititet-s
1513 2299 1541 2327 et
1565 2295 1700 2328 trinitas
1724 2296 1972 2329 iiiziiiersioiiimi
2008 2308 2073 2330 iton
2104 2304 2182 2331 sunt
2207 2300 2244 2332 de
2267 2311 2316 2333 ize-

1457 2348 1604 2380 eessitate
1629 2348 1801 2390 baptismi,
1825 2350 1882 2381 secl
1905 2350 1942 2382 cle
1958 2351 2184 2393 communale,-
2206 2353 2316 2396 magiis

1459 2405 1566 2432 11101611
1590 2401 1743 2443 eoiiyritit
1768 2401 1902 2434 trinitas
1924 2403 2103 2436 secundavit
2121 2414 2244 2437 morem
2263 2407 2316 2438 Ee-

1458 2453 1574 2485 etesicte
1600 2455 1774 2486 Romanae.

1457 2559 1656 2591 Respoxosso:
1682 2559 1855 2592 Dicendum
1870 2586 1877 2599 ‚
1902 2561 1985 2602 quod
2010 2562 2114 2595 unitas
2138 2563 2187 2595 vel
2213 2564 2315 2596 multi-
2329 2569 2439 2592 Conclusio
2454 2570 2478 2591 1—

1368 2611 1444 2643 tudo
1469 2611 1705 2644 immersionum
1733 2622 1792 2644 non
1814 2616 1861 2645 est
1885 2613 1924 2645 de
1947 2613 2134 2646 substentat
2157 2615 2313 2657 baptismi,

428 2778 433 2794 ¹
454 2778 534 2804 Codd.
555 2779 589 2803 Fl
609 2778 729 2812 effective.
750 2779 821 2804 Circa
842 2779 919 2804 tinem
940 2782 1037 2811 quaest.
1059 2782 1118 2810 post
1135 2779 1163 2805 in
1182 2779 1302 2805 animam

356 2822 414 2847 edd.
431 2824 465 2847 sie
480 2827 684 2855 proseqmintur:
698 2830 784 2856 aquae
797 2823 866 2849 enim
879 2823 940 2849 illae
952 2829 1007 2849 11011
1019 2822 1116 2849 liabent
1124 2823 1234 2856 proprie
1254 2822 1302 2849 oir-

357 2868 436 2892 tatem
456 2866 544 2898 illam,
565 2874 612 2893 nee
631 2867 810 2900 operationem
830 2870 876 2892 616.

426 2911 435 2927 ²
457 2912 519 2936 Vide
540 2912 653 2936 scholion
674 2911 705 2936 ad
726 2911 922 2942 praecedentem
945 2914 1042 2943 quaest.

426 2954 436 2970 ³
454 2955 513 2980 Can.
535 2955 645 2988 Propter
667 2954 804 2980 ritmzdum
825 2954 975 2980 schismatis
998 2954 1030 2987 (c.
1054 2954 1189 2986 85.).Cf1'.
1212 2955 1300 2980 lsidor.

356 2999 499 3029 Mercator„
521 3000 639 3024 (Iolleiftio
659 2999 781 3024 Docretal.
801 2998 894 3024 Conoil.
917 2999 997 3023 Tolet.
1018 2999 1059 3023 lV.
1079 3006 1102 3023 11.
1124 2999 1146 3023 5.

425 3042 435 3058 ‘³
455 3043 518 3067 vido
538 3050 615 3074 supra
636 3050 660 3074 p.
683 3044 698 3067 l.
719 3044 795 3067 liuius
816 3042 872 3067 (list.
893 3049 915 3067 a.
941 3043 959 3067 l.
980 3050 1004 3074 (1.
1031 3043 1049 3067 Ι.
1251 3065 1253 3071 1

425 3086 435 3102 5
454 3085 502 3111 Ct'r.
524 3088 564 3112 bic
583 3087 617 3112 lit.
637 3087 762 3118 Magistri,
777 3094 798 3112 6.
813 3088 835 3111 ’1.
850 3101 883 3104 —
898 3087 945 3111 Pro
963 3088 1104 3120 mei-(satur
1122 3087 1210 3118 plures
1223 3087 1299 3112 codd.

357 3128 537 3162 immerqatw:

425 3172 435 3187 e
455 3173 518 3196 Vide
539 3177 598 3198 tom.
620 3174 644 3198 ll.
665 3181 724 3205 pag.
746 3174 810 3206 334,
832 3178 889 3200 nota
910 3176 932 3199 2.
954 3175 1001 3200 Pro
1020 3174 1129 3208 infamis
1153 3182 1203 3200 non
1225 3176 1300 3206 pauci

356 3215 430 3239 codd.
450 3219 474 3240 61
494 3216 533 3240 ed.
559 3217 563 3240 1
589 3217 725 3249 informis,
743 3219 812 3243 Alex.
827 3219 894 3250 Ilal.,
910 3220 933 3243 S.
949 3226 973 3250 p.
989 3219 1027 3244 lV.
1050 3226 1074 3251 q.
1096 3219 1118 3244 9.
1140 3226 1173 3244 m.
1195 3219 1218 3244 3.
1238 3226 1260 3244 a.
1276 3219 1298 3244 t.

356 3258 370 3289 ’ᾗ
391 3258 413 3282 3.
434 3257 574 3290 infaustus.
596 3261 755 3293 {licronyin.,
777 3262 791 3286 l.
813 3266 898 3287 contra
920 3263 997 3287 lox-in.
1018 3270 1041 3287 11.
1068 3263 1103 3287 16.
1119 3263 1207 3294 (10661,
1226 3270 1298 3288 «11011

356 3307 411 3325 esse
440 3301 536 3326 bonum
565 3302 696 3335 duplicem
724 3312 875 3336 numerum,
905 3306 964 3337 quia
984 3305 1017 3330 ab
1037 3307 1130 3330 unione
1154 3305 1252 3330 dividat
1276 3309 1301 3331 61

356 3344 513 3376 praefiguret
532 3346 633 3370 foedera
655 3348 810 3378 nuptiarum.
831 3349 903 3374 Unde
929 3350 952 3374 in
978 3356 1036 3374 arca
1062 3349 1114 3374 Noe
1139 3350 1224 3374 omnia
1250 3350 1300 3374 ani-

356 3388 444 3420 maltay
465 3395 645 3420 (piaeeuiiiquo
664 3389 722 3414 bina
744 3391 936 3424 ingrediuntur,
963 3392 1096 3417 immunda
1122 3395 1188 3417 sunt.
1216 3393 1300 3424 Impar

1367 2787 1491 2805 numerus
1510 2783 1547 2805 est
1565 2780 1680 2805 mundus
1694 2790 1717 2805 ».
1738 2781 1787 2806 Ct'r.
1814 2781 1891 2812 Epist.
1919 2781 1958 2806 4-8.
1983 2782 2054 2813 (alias
2077 2782 2128 2815 50.)
2150 2790 2173 2808 n.
2196 2784 2240 2816 19,
2270 2785 2315 2810 ubi

1366 2823 1496 2855 praedicta
1517 2823 1629 2849 defendit
1648 2827 1672 2849 et
1691 2825 1762 2850 affert
1782 2827 1915 2856 auctores,
1934 2826 1978 2857 qui
1999 2826 2030 2851 de
2045 2827 2092 2852 liac
2106 2834 2133 2852 re
2147 2828 2313 2859 scripserunt.

1436 2866 1447 2883 ⁷
1466 2866 1527 2898 Cap.
1555 2866 1584 2898 4.,
1609 2868 1632 2892 6.
1660 2867 1722 2892 Edd.
1749 2868 1780 2893 In
1804 2868 1884 2894 Patre
1904 2869 1928 2893 et
1947 2868 2014 2894 Filio
2033 2870 2057 2894 et
2076 2869 2179 2901 Spiritu
2206 2872 2311 2903 saneto,

1366 2911 1411 2936 sed
1431 2915 1517 2936 contra
1539 2915 1633 2936 textum
1654 2912 1805 2943 originalem
1826 2915 1850 2937 ot
1871 2916 1958 2937 contra
1979 2912 2004 2938 C.
2024 2914 2124 2940 Eodem
2144 2915 2221 2941 modo
2241 2916 2313 2949 (sk),

1366 2954 1398 2979 (16
1417 2953 1562 2979 Consecrat.
1583 2954 1607 2979 d.
1629 2954 1657 2986 t,
1678 2954 1722 2980 ubi
1743 2958 1826 2980 tamen
1847 2956 1871 2980 in
1892 2958 1951 2980 nota
1977 2956 2074 2982 adiecta
2100 2957 2173 2983 lectio
2193 2958 2252 2984 edd.
2277 2966 2314 2984 re-

1366 3000 1491 3023 censetur.
1511 2997 1592 3023 Codd.
1612 3002 1636 3023 et
1655 2999 1713 3023 edd.
1734 2999 1796 3024 salso
1816 2999 1922 3025 Hieron.
1942 3006 2022 3032 super
2041 3000 2189 3034 Epistolam
2203 3001 2239 3027 act
2252 3001 2313 3027 Plit-

1365 3041 1504 3075 lippeiises.

1435 3085 1445 3101 ὃ
1464 3085 1524 3111 Can.
1548 3085 1626 3112 Multi
1643 3088 1706 3112 sum
1725 3086 1802 3119 (82),
1823 3088 1866 3119 qui
1881 3088 1905 3112 in
1921 3088 2023 3113 nomine
2043 3089 2207 3114 solummodo
2221 3089 2311 3115 Christi

1365 3137 1414 3155 una
1434 3131 1510 3155 etiam
1531 3132 1658 3156 mersione
1681 3138 1707 3156 56
1733 3134 1850 3157 asserunt
1874 3132 2012 3163 baptizare.
2038 3133 2221 3164 Evangelicum
2248 3141 2312 3159 vero

1364 3178 1546 3206 praeceptum,
1566 3175 1622 3206 ipso
1642 3175 1694 3200 Deo
1713 3179 1738 3200 et
1757 3175 1861 3200 domino
1881 3176 2008 3201 salvatore
2031 3180 2117 3201 nostro
2136 3177 2191 3202 Iesu
2211 3176 2311 3203 Christo

1365 3218 1492 3248 tradente,
1514 3225 1560 3243 nos
1578 3219 1725 3244 admonet...
1746 3219 1873 3251 baptisma
1894 3221 2033 3252 unleuique
2054 3219 2166 3245 tribuere
2186 3223 2233 3245 616.

1433 3261 1444 3278 ⁴³
1464 3261 1524 3287 Can.
1538 3261 1569 3288 St
1581 3262 1640 3295 quis
1650 3262 1788 3295 presbyter
1802 3264 1880 3295 (79),
1896 3263 1938 3288 ubi
1954 3267 2035 3289 textus
2054 3264 2185 3295 originalis
2205 3262 2310 3289 iubetur

1364 3312 1411 3337 pro
1430 3305 1591 3339 perhibetur,
1607 3309 1632 3331 et
1644 3307 1667 3330 in
1689 3310 1746 3331 nota
1765 3307 1861 3333 adiecta
1876 3307 1981 3339 dicitur,
2002 3307 2073 3340 quod
2094 3310 2176 3333 textus
2196 3309 2308 3332 Graecus

1364 3349 1481 3375 exhibeat
1499 3357 1566 3383 qnae
1585 3350 1612 3375 111
1631 3351 1742 3376 mortem
1766 3351 1875 3377 Domini
1891 3351 1979 3378 datur.
2000 3351 2080 3377 Codd.
2101 3351 2243 3385 ininterqat
2261 3358 2309 3383 pro

1363 3394 1474 3426 mersfelt.
