2483 3882
739 234 832 266 DIST.
858 234 944 266 XXII.
969 234 1050 266 ΛΒΤ.
1075 234 1095 265 l.
1121 233 1272 274 QUAEST.
1299 233 1331 264 11.

54 326 190 363 videtur,
214 324 298 365 quod
322 323 405 355 Deus
430 322 574 355 similiter
598 322 702 354 faciat:
728 331 802 363 ergo
828 322 867 353 ita
893 321 1001 353 recidi-

53 381 175 411 vantem
199 376 324 408 assidue
348 379 474 417 reputat
490 375 662 416 obligatum
684 376 723 407 ad
748 384 896 416 poenam,
921 375 1002 407 sicut

53 431 141 473 prius
160 428 336 470 reputabat.

141 481 282 513 CONTRA:
312 481 337 511 1.
356 479 426 511 Non
454 479 583 511 iudicat
601 480 685 511 Deus
710 479 758 511 bis
783 480 815 511 iu
842 480 1000 520 idipsam,

8 535 174 569 nta.Nal1um
198 533 299 574 primo
314 532 332 571 ¹,
353 541 412 563 non
438 540 512 573 ergo
537 532 584 563 bis
610 532 715 573 punit:
739 532 763 563 si
788 540 863 572 ergo
886 531 1001 573 aliquis

0 2238 25 2253 11¹.

0 2659 27 2675 ffi-

53 596 109 630 pro
132 589 257 628 peccato
281 585 449 617 commisso
473 584 625 626 poenituit
650 588 679 616 et
704 593 736 616 se
752 583 893 625 punivit,
918 584 1002 615 vide-

53 644 113 679 tur,
137 639 220 681 quod
245 638 381 679 amplius
406 647 463 679 pro
487 637 540 669 illo
564 646 625 668 non
659 637 818 678 puniatur,
836 640 1002 678 quantum-

52 700 185 734 cumque
209 694 315 732 peccat
338 690 432 722 alias:
457 699 532 731 ergo
557 693 615 722 etc.

138 745 167 775 ⁹2.
192 743 283 781 Item,
309 746 414 775 reatus
431 751 548 783 poenae
573 746 719 774 aeternae
740 745 786 773 est
811 741 1000 792 inseparabi-

51 797 120 829 liter
143 805 286 828 annexus
303 795 428 836 culpae:
452 795 505 827 sed
535 795 629 836 culpa
653 803 714 826 non
740 798 840 835 potest
858 794 997 826 rediress:

50 859 83 883 er
105 859 123 881 o
142 853 198 881 etc.

85 859 104 892 g
137 901 282 938 3.,Ιῑθ111,
314 901 338 932 si
375 904 481 932 reatus
511 902 709 940 peccatorum
743 899 998 940 praecedentium

0 938 1 946 ἵ
49 954 143 993 redit,
168 963 242 995 ergo
267 953 354 985 nulla
378 956 424 985 est
448 952 479 983 in
505 952 624 984 mundo
656 951 798 989 utilitas,
817 951 900 992 quod
926 952 997 992 quis

47 1007 125 1039 hene
148 1006 219 1038 secit
242 1010 272 1038 et
296 1005 463 1047 poenituit;
488 1005 543 1036 sed
568 1005 627 1037 hoc
652 1004 778 1036 videtur
804 1004 936 1046 impium
955 1004 998 1036 di-

48 1067 132 1091 cere:
157 1067 231 1099 ergo
255 1062 313 1090 etc.

132 1111 161 1143 [1.
188 1111 275 1149 item,
295 1111 382 1143 dona
401 1110 460 1142 Dci
474 1115 552 1142 sunt
575 1110 645 1142 siue
667 1109 903 1151 poenitentum:
923 1118 997 1150 ergo

47 1165 72 1197 si
93 1164 176 1196 Deus
193 1163 312 1205 aliquid
340 1163 509 1201 condonat,
535 1173 595 1195 non
621 1163 758 1204 poenitet
782 1161 820 1193 de
845 1161 999 1193 condona-

46 1217 141 1249 tione:
174 1225 249 1257 ergo
274 1225 334 1248 non
368 1219 468 1257 potest
494 1219 600 1248 reatus
633 1215 754 1253 redire,
787 1223 880 1256 quem
913 1214 997 1246 Deus

46 1269 161 1302 dimisit
186 1269 235 1301 vel
259 1278 277 1300 a
302 1278 364 1310 quo
390 1269 491 1301 solvit.

397 1399 637 1423 CONCLUSIO.

47 1516 187 1548 Peccata
204 1515 335 1547 omnino
349 1515 490 1547 dimissa
507 1524 572 1546 uon
588 1514 726 1546 redeam
734 1524 796 1556 per
811 1518 994 1557 sequentem

181 1568 313 1610 cuipam
338 1568 406 1600 uisi
429 1568 539 1611 quoad
560 1577 701 1609 poenam
726 1567 851 1599 attinnt.

130 1693 326 1724 RespouoEo:
352 1692 545 1731 Dicendum,
578 1692 662 1733 quod
691 1692 788 1733 aliqui
823 1692 994 1724 voluerunt

43 1745 157 1783 dicere,
183 1747 309 1786 peccata
333 1744 553 1785 praecedentia
581 1744 685 1776 redire
710 1744 813 1786 quoad
838 1748 992 1783 reatum,

42 1798 113 1840 quia
135 1806 192 1839 per
224 1797 349 1838 culpam
375 1800 556 1839 sequentem
591 1800 635 1829 tot
667 1797 806 1829 reatibus
834 1797 993 1838 obligatur

41 1851 79 1883 ad
101 1860 250 1892 poenam,
276 1853 352 1892 quot
378 1851 465 1891 prius
490 1853 557 1882 erat
581 1849 747 1891 obligatus.
774 1850 809 1881 Et
832 1850 911 1882 ratio
937 1851 993 1882 hu-

40 1902 88 1935 ius
111 1903 249 1944 tangitur
273 1902 303 1934 in
330 1903 434 1935 littera
447 1902 465 1934 ⁴.
490 1902 640 1935 Dicebant
671 1903 773 1941 enim,
806 1903 891 1944 quod
915 1906 992 1944 quot

39 1959 161 1997 peccata
185 1956 402 1994 commiserat,
427 1958 472 1987 tot
504 1955 639 1987 vinculis
672 1955 893 1997 obligabatur,
918 1964 990 1988 cum

40 2009 180 2041 veniebat
203 2009 243 2041 ad
268 2008 509 2050 poenitentiam,
534 2012 569 2040 ut
585 2009 797 2041 detestaretur
821 2010 991 2050 praeterita

40 2061 134 2101 mala;
158 2065 188 2094 et
212 2062 299 2097 ideo.
325 2071 396 2094 cum
421 2065 546 2103 peccat,
570 2062 675 2093 omnia.
700 2062 825 2094 vincula
849 2062 989 2103 rumpit:

41 2117 69 2146 et
99 2113 167 2146 ideo
196 2118 240 2146 tot
272 2115 411 2147 reatibus
442 2123 517 2147 reus
550 2118 612 2152 est,
637 2119 714 2156 quot
745 2115 835 2156 prius
863 2118 991 2156 peccata

41 2167 200 2199 commisit.
218 2186 261 2190 -—
277 2168 336 2199 Sed
363 2167 441 2199 illud
467 2167 544 2198 nibil
569 2171 631 2199 est:
657 2168 815 2209 primum,
840 2168 913 2209 quia
931 2168 991 2200 sus-

41 2218 103 2251 ficit
132 2229 195 2251 una
226 2220 430 2252 detestatione
463 2220 609 2252 detestari
635 2224 755 2259 cetera,
781 2229 836 2252 nec
865 2224 990 2253 tenetur

41 2270 131 2303 simul
159 2275 189 2303 et
219 2273 313 2304 semel
340 2273 466 2305 divisim
499 2273 647 2305 detestari
677 2273 825 2305 omnia⁵z
850 2283 925 2315 ergo
957 2274 988 2305 in

40 2333 100 2356 uno
123 2334 182 2356 non
208 2329 314 2366 peccat
340 2326 397 2357 nisi
423 2326 590 2358 omissione
615 2327 717 2358 unica.

125 2377 261 2409 Aliorum
294 2378 397 2419 opinio
428 2379 503 2417 suit,
529 2379 611 2420 quod
647 2383 773 2420 peccata
805 2380 911 2420 priora
943 2389 989 2411 re-

42 2429 133 2462 deant
155 2439 211 2471 per
235 2431 409 2463 recidivum
438 2435 592 2473 quantum
625 2432 665 2464 ad
690 2432 987 2475 aequivalentium,

38 2491 94 2523 pro
117 2491 152 2515 eo
176 2484 260 2524 quod
285 2484 494 2525 ingratitudo,
524 2493 604 2526 quae
629 2488 676 2517 est
700 2485 836 2517 conditio
854 2485 988 2526 peccati,

39 2535 114 2567 adeo
138 2540 287 2577 aggravat
312 2540 495 2578 peccatum,
521 2541 556 2569 ut
580 2537 620 2569 sit
644 2537 686 2568 ita
710 2546 802 2575 reus,
827 2537 907 2569 sicut
932 2546 988 2578 per

39 2588 140 2620 omnia
163 2593 288 2630 peccata
306 2589 524 2630 praecedentia
542 2598 615 2621 reus
639 2589 751 2621 suerat.
768 2608 812 2611 —
828 2589 887 2621 Sed
909 2589 987 2621 illud

39 2640 140 2673 adhuc
163 2651 223 2673 non
245 2642 371 2674 videtur
386 2642 414 2673 ⁶:
432 2642 549 2683 primo,
573 2642 647 2683 quia
672 2642 864 2683 ingratitudo
882 2651 988 2683 pensa-

39 2696 89 2725 tur
112 2694 285 2727 secundum
303 2695 508 2736 quantitatem
532 2694 689 2733 beneficii;
706 2695 758 2726 sed
780 2695 882 2726 maius
899 2695 988 2726 bene-

1955 236 2016 267 577

1066 322 1170 354 licium
1197 324 1334 363 praestat
1358 321 1440 353 Deus
1457 320 1672 353 conservando
1697 321 1903 353 innocentiam
1922 331 2016 363 qnam

1066 375 1241 407 revocando
1264 374 1302 406 ad
1337 373 1574 415 poenitentiam:
1601 383 1675 415 ergo
1699 374 1828 414 gravius
1860 374 2018 415 peccavit,

1065 437 1136 459 cum
1154 428 1257 469 primo
1282 427 1487 459 innocentiam
1506 426 1656 468 perdidit,
1683 435 1777 468 quam
1796 426 1922 468 quando
1947 431 2019 468 post

1066 480 1265 511 recidivavit:
1289 489 1364 520 ergo
1398 479 1587 520 ingratitudo
1612 488 1673 510 non
1706 478 1794 517 facit,
1819 479 1901 520 quod
1935 480 2014 512 adeo

1065 532 1104 564 sit
1127 536 1289 574 peccatum
1314 542 1425 574 grave,
1451 536 1484 564 ut
1508 532 1736 573 praecedentia.
1758 551 1801 555 ——
1822 532 2013 570 Praeterea,
2030 542 2077 563 Am
2091 542 2156 562 ratio.

1066 585 1256 625 ingratitudo
1274 586 1332 617 ista
1348 589 1395 617 est
1412 585 1528 625 peccati
1546 585 1801 617 circumstantia
1814 594 1832 617 a
1845 589 1934 627 parte
1947 596 2017 627 pcc-

1065 636 1192 673 canit&
1216 637 1269 669 sed
1297 637 1395 678 magis
1419 641 1568 678 aggravat
1586 641 1750 678 peccatum
1776 637 1874 669 libido
1899 638 2019 680 11111913-

1066 699 1129 721 uus
1161 690 1296 730 peccati,
1326 699 1420 730 quam
1454 693 1603 731 aggravat
1635 689 1909 722 circumstantia:
1942 700 2017 731 ergo

1066 752 1227 784 nunquam
1260 746 1388 783 propter
1424 743 1680 783 ingratitudinem
1716 752 1815 775 unum
1852 748 2015 784 peccatum

1066 795 1133 826 leve
1158 795 1332 826 secundum
1357 803 1456 835 genus
1481 794 1704 836 aequipollebit
1728 795 1862 836 peccatis
1894 805 2016 836 praece-

1065 846 1212 878 dentibus
1235 846 1385 887 gravibus
1410 851 1440 878 et
1463 847 1656 879 enormibus.

1155 900 1189 931 Et
1214 899 1281 931 ideo
1304 899 1395 930 aliter
1419 899 1606 938 dicendum,
1632 900 1715 941 quod
1741 903 1847 932 reatus
1871 904 1918 933 est
1941 901 2016 933 obli·
2030 909 2106 936 Opinio
2122 909 2141 929 3.

1064 953 1145 993 gatio
1169 952 1208 984 ad
1235 960 1381 993 poenam,
1406 961 1506 993 poena
1529 956 1633 984 autem
1661 954 1776 993 peccati
1806 954 1925 995 duplex
1951 959 2014 994 est,
2031 966 2102 987 poena
2116 966 2154 987 ‹iu-

1063 1005 1180 1037 scilicet
1205 1014 1303 1046 poena
1328 1004 1445 1036 damni
1460 1008 1490 1036 et
1505 1014 1629 1036 seusus.
1650 1005 1817 1038 Possumus
1838 1016 1913 1048 ergo
1931 1007 2015 1049 loqui
2045 993 2100 1019 piex.

1063 1057 1102 1088 de
1126 1060 1216 1089 reatu
1240 1056 1358 1098 peccati
1376 1056 1560 1098 dupliciter:
1579 1060 1633 1088 aut
1655 1061 1807 1098 quantum
1825 1059 1863 1091 ad
1883 1069 2014 1100 poenam

1063 1109 1198 1147 damni,
1222 1113 1277 1141 aut
1306 1112 1459 1151 quantum
1484 1109 1525 1141 ad
1550 1118 1681 1150 poenam
1705 1120 1830 1142 seusus.
1855 1112 1884 1143 Si
1909 1116 2014 1145 autem

1063 1165 1216 1203 quantum
1245 1162 1284 1193 ad
1312 1171 1446 1203 poenam
1476 1161 1608 1199 daim&
1632 1162 1690 1201 sic,
1716 1163 1789 1204 quia
1817 1165 1875 1205 qui
1901 1170 2015 1205 peccat
2030 1177 2140 1198 Conclusio
2156 1177 2176 1197 1.

1063 1215 1097 1246 iu
1121 1225 1186 1246 uuo
1210 1213 1323 1256 sactus
1347 1219 1393 1246 cst
1417 1215 1565 1246 omnium
1588 1224 1666 1246 rcus
1682 1216 1703 1253 ⁷,
1734 1216 1928 1249 credendum
1953 1223 2013 1257 est,

1062 1268 1145 1309 quod
1171 1271 1297 1309 peccata
1326 1268 1455 1299 dimissa
1479 1268 1623 1300 redeunt.
1657 1268 1685 1299 Si
1711 1272 1816 1300 autem
1847 1269 2014 1311 loquamur

1062 1325 1215 1363 quantum
1240 1321 1278 1353 ad
1296 1330 1429 1362 poenam
1453 1330 1589 1358 sensus;
1605 1321 1647 1353 sic
1670 1321 1926 1362 distinguendum
1953 1327 2148 1355 estznisuncuo.

1061 1374 1135 1416 quia
1159 1374 1314 1415 quaedam
1337 1377 1473 1414 'peccata
1498 1378 1571 1405 sunt
1603 1374 1734 1405 omuino
1767 1374 1896 1407 dimissa
1920 1385 2015 1417 quan-

1062 1430 1129 1459 tum
1153 1427 1192 1458 ad
1218 1435 1349 1468 poenam
1375 1429 1405 1458 et
1429 1426 1569 1468 culpam,
1595 1431 1625 1458 et
1649 1427 1723 1458 talia
1740 1427 1827 1458 nullo
1853 1428 1945 1459 modo
1970 1438 2014 1461 re·
2029 1440 2139 1462 eoncinsio
2154 1439 2174 1461 2.

1061 1480 1175 1517 dennt3
1209 1479 1365 1521 quaedam
1389 1482 1495 1511 autem
1521 1479 1650 1511 dimissa
1682 1482 1756 1511 sunt
1780 1479 1814 1511 iu
1835 1485 1951 1521 parte,
1985 1485 2015 1513 et

1060 1532 1099 1564 de
1123 1531 1239 1563 talibus
1263 1531 1390 1563 tienda⁸
1416 1535 1462 1563 est
1487 1531 1665 1563 satisfactio.
1692 1532 1725 1563 Et
1746 1532 1895 1573 quoniam
1920 1533 2014 1575 culpa

1059 1593 1194 1626 sequens
1221 1584 1299 1616 tollit
1322 1584 1492 1625 potentiam
1517 1584 1745 1622 satisfaciendi,
1770 1586 1923 1625 quamdiu
1954 1595 2015 1618 ma-

1060 1640 1126 1674 net;
1150 1645 1206 1678 per
1231 1637 1290 1668 hoc
1308 1637 1411 1678 ipsum
1438 1637 1494 1668 iste
1518 1636 1676 1677 obligatur
1693 1637 1732 1668 ad
1759 1637 1948 1679 supplicium
1967 1648 2014 1671 ae-

1061 1693 1201 1728 ternum,
1227 1699 1287 1721 non
1317 1689 1437 1721 ratione
1461 1689 1518 1720 sui
1537 1689 1783 1730 principaliter,
1808 1691 1863 1722 sed
1892 1692 2012 1724 ratione

1058 1743 1201 1780 amicae&
1225 1746 1255 1775 et
1280 1743 1323 1775 sic
1348 1742 1586 1784 intelligendum
1609 1745 1670 1781 est,
1688 1746 1815 1784 peccata
1838 1744 1952 1776 redire.
1971 1764 2014 1768 —-
2028 1753 2139 1775 eoneiusio
2153 1753 2173 1775 3,

1058 1797 1175 1829 Verum
1200 1799 1247 1828 est
1275 1799 1395 1834 tamen,
1418 1795 1503 1837 quod
1528 1795 1634 1837 aliquo
1660 1796 1752 1827 modo
1776 1800 1927 1837 aggravat
1951 1798 2013 1829 cul-
2027 1806 2173 1828 Coronarum.

1056 1858 1129 1891 pam
1155 1852 1339 1890 sequentem
1371 1848 1562 1890 praecedens
1595 1849 1753 1887 remissie,
1786 1850 1860 1891 quia
1892 1854 1939 1882 est
1972 1851 2012 1883 ibi

1057 1905 1255 1944 contemptus
1278 1902 1420 1943 praestiti
1445 1901 1606 1940 beneficii,
1631 1911 1693 1933 non
1718 1906 1821 1935 tamen
1847 1903 1902 1942 ita,
1928 1905 2013 1945 quod

1056 1955 1148 1987 faciat
1171 1955 1445 1996 aequivalentiam.

1148 2009 1176 2039 1.
1195 2009 1223 2039 Ξ.
1241 2008 1282 2039 Ad
1302 2007 1379 2040 illud
1398 2008 1483 2049 quod
1501 2007 1647 2040 obiicitur
1672 2008 1711 2040 de
1732 2009 1917 2041 auctoritate
1942 2010 2013 2041 Mat-
2041 2024 2120 2054 sunno
2136 2030 2174 2052 op.

1056 2061 1157 2099 thaei,
1182 2061 1369 2099 dicendum,
1395 2061 1480 2103 quod
1504 2061 1603 2093 altero
1635 2061 1752 2093 horum
1777 2062 1945 2094 modorum
1970 2063 2012 2094 in·
2028 2053 2151 2077 ‘'⁰⁵¹²‘'‘um'

1055 2115 1259 2156 telligendum
1279 2118 1335 2146 est.
1356 2115 1389 2146 Et
1413 2114 1558 2147 similiter
1574 2124 1710 2156 sequens
1727 2115 1885 2148 obiectum
1910 2120 2009 2158 patet,

1056 2167 1129 2209 quia
1154 2176 1265 2199 verum
1290 2167 1459 2199 concludit.

1146 2220 1174 2252 3.
1199 2221 1243 2253 Ad
1267 2221 1346 2253 illud
1371 2220 1456 2262 quod
1480 2220 1628 2253 obiicitur
1652 2220 1690 2253 de
1715 2221 1924 2260 tentionibus,
1950 2223 2010 2254 iam

1055 2282 1240 2315 responsum
1266 2277 1313 2305 est
1340 2283 1401 2314 pci‘
1433 2273 1712 2315 interemptionem
1725 2274 1746 2311 ⁹,
1772 2274 1845 2316 quia
1875 2284 1936 2307 non
1966 2279 2009 2307 tot

1053 2326 1244 2358 tentionibus
1270 2329 1410 2365 tenetur,
1436 2326 1490 2358 sed
1515 2335 1551 2358 ea
1576 2326 1641 2358 sola
1658 2327 1813 2365 tentione,
1839 2336 1902 2368 qua
1928 2331 2010 2359 tene-

1056 2383 1106 2411 tur
1132 2379 1260 2411 conteri.

1142 2432 1172 2463 [1.
1197 2431 1240 2463 Ad
1258 2431 1335 2463 illud
1354 2432 1439 2473 qt‘iod
1456 2432 1602 2464 obiicitur
1627 2431 1666 2463 de
1683 2441 1774 2464 servo
1800 2431 2007 2470 manumisso,

1053 2484 1237 2523 dicendum,
1254 2485 1339 2525 quod
1366 2485 1396 2516 in
1413 2484 1536 2525 legibus
1560 2485 1708 2516 humanis
1726 2485 1804 2516 illud
1830 2484 1864 2516 fit
1880 2485 1919 2516 ad
1937 2494 2009 2516 cau-

1052 2537 1146 2568 telam
1171 2540 1201 2568 et
1226 2540 1397 2574 terrorem;
1422 2540 1452 2568 et
1477 2537 1546 2568 ideo
1571 2546 1631 2568 non
1660 2541 1783 2578 oportet
1815 2537 1859 2569 sic
1885 2537 1913 2568 in
1940 2537 2007 2578 lege

1053 2588 1158 2620 divina
1187 2588 1328 2629 reperiri.
1357 2607 1402 2612 —
1429 2589 1572 2620 Rationes
1604 2592 1710 2620 autem
1735 2589 1775 2621 ad
1807 2590 2004 2631 oppositum,
2021 2604 2054 2625 Ad
2073 2604 2167 2625 fundam.

1053 2641 1169 2682 quibus
1193 2641 1386 2679 ostenditur,
1415 2642 1500 2682 quod
1527 2645 1633 2673 reatus
1665 2651 1725 2673 non
1754 2643 1881 2674 omnino
1906 2643 2006 2681 redit,

1054 2703 1166 2726 verum
1191 2694 1426 2726 concludunt&

40 2920 119 2954 datio;
133 2930 192 2948 nam
212 2925 336 2956 quamdiu
357 2926 449 2957 aliquis
469 2926 493 2949 in
513 2926 636 2950 servitute
656 2928 707 2957 est,
721 2926 809 2950 manui
826 2928 850 2950 et
870 2926 986 2957 potestati

39 2967 185 2997 suppositus
204 2971 253 3000 est,
273 2973 298 2993 et
318 2970 493 2994 manumissus
513 2969 636 2994 liberatur
655 2971 780 3000 potestate
796 2972 842 2994 etc.
857 2983 892 2987 —
905 2969 986 3000 Leges

38 3009 175 3043 humanas,
197 3012 340 3037 dummodo
366 3014 446 3038 iustae
472 3014 535 3045 sint,
558 3012 659 3038 fundari
683 3014 708 3037 in
728 3013 785 3044 lege
807 3016 922 3043 aeterna,
944 3013 986 3038 do-

39 3056 77 3078 cet
95 3055 210 3086 August,
236 3057 251 3081 l.
273 3057 304 3082 de
329 3057 384 3082 Lib.
405 3056 464 3082 Arb.
485 3064 506 3081 c.
533 3058 556 3081 6.
583 3064 607 3081 n.
633 3057 668 3081 l5.
689 3057 752 3089 (cfr.
777 3057 846 3082 Alex.
870 3058 935 3088 IIal,y
958 3058 983 3082 S.

38 3103 63 3128 p.
84 3097 117 3123 lll.
138 3106 161 3130 q.
182 3100 222 3124 26.
243 3107 277 3124 m.
297 3100 341 3132 7.).
357 3115 390 3118 —-
410 3100 481 3126 Circa
503 3100 580 3126 tinem
600 3108 656 3132 arg.
679 3101 750 3125 inulti
771 3101 847 3125 codd.
867 3102 987 3126 omittunt

37 3140 236 3175 recidivmztem,
259 3148 317 3175 post
330 3144 436 3170 assidue
455 3145 605 3176 supplentes
625 3145 660 3176 te,
678 3145 753 3169 codd.
773 3145 821 3169 FG
833 3145 849 3169 L
862 3145 881 3169 U
900 3148 986 3169 autem

38 3186 153 3211 omittunt
172 3188 285 3214 assidue.

106 3229 116 3245 ¹
136 3230 207 3256 Vers.
228 3232 251 3256 9.
273 3232 337 3257 Vide
362 3233 403 3257 hic
423 3233 456 3257 lit.
483 3232 609 3263 Magistri,
635 3239 656 3256 c.
688 3232 712 3262 1,
740 3232 784 3257 ubi
809 3233 886 3257 etiam
912 3233 986 3257 lectio

38 3272 160 3304 vulgatae
180 3275 295 3300 babetur.
317 3290 349 3293 —-
369 3276 476 3301 Inferius
496 3282 543 3306 pro
562 3275 694 3308 puniatur
713 3276 789 3301 codd.
810 3280 834 3301 et
850 3276 891 3301 ed.
916 3277 921 3300 1
939 3282 985 3308 pa-

37 3313 105 3347 vitat,
127 3317 178 3342 scil.
199 3318 275 3343 Deus.

107 3358 118 3374 2
135 3359 166 3385 Ut
185 3365 314 3386 ostensum
334 3366 372 3388 est
391 3366 489 3394 quaest.
510 3362 630 3393 praeced.

177 3411 205 3437 S.
224 3412 324 3438 Bonav.
344 3427 378 3431 —-
399 3414 474 3438 Tom.
497 3414 537 3438 tv.

1121 2924 1132 2941 3
1151 2925 1225 2950 Rom.
1251 2926 1293 2956 11,
1315 2926 1364 2949 29:
1390 2925 1449 2949 Sine
1469 2926 1623 2956 poenitentia
1648 2926 1717 2950 enim
1738 2928 1797 2950 sunt
1822 2925 1889 2950 dona
1910 2928 1934 2950 et
1959 2932 2006 2950 1-0-

1052 2970 1116 2994 catio
1136 2969 1189 2994 Det.

1122 3012 1132 3028 ⁴
1152 3013 1198 3038 llic
1216 3020 1237 3038 c.
1254 3013 1276 3037 l.
1291 3026 1324 3030 —
1339 3013 1396 3037 Post
1408 3011 1595 3045 poeniteutiam
1615 3012 1672 3037 cod.
1686 3020 1716 3037 aa
1730 3013 1802 3038 addit
1815 3019 1917 3039 necesse
1937 3014 2005 3038 erat.

1124 3057 1134 3073 ⁵
1152 3056 1201 3082 Cfr.
1221 3064 1300 3088 supra
1320 3057 1345 3081 d.
1370 3058 1406 3081 16.
1426 3064 1451 3087 p.
1473 3057 1488 3081 l.
1509 3063 1531 3081 a.
1553 3056 1575 3081 t..
1596 3064 1621 3089 q.
1642 3058 1665 3081 2.
1681 3071 1714 3074 —
1727 3057 1761 3082 Ex
1781 3057 1856 3082 codd.
1872 3057 1925 3082 GK
1946 3057 2005 3082 sub-

1051 3102 1181 3126 stituimus
1199 3100 1290 3126 omnia
1310 3107 1358 3132 pro
1378 3100 1494 3125 omuino.

1121 3144 1132 3161 6
1151 3144 1215 3169 Edd.
1235 3144 1303 3170 illuct
1320 3151 1374 3170 11011
1394 3143 1498 3169 videtur
1517 3151 1619 3170 verum.

1121 3188 1132 3205 ⁷
1150 3189 1198 3213 lac.
1219 3189 1249 3219 2,
1277 3189 1318 3212 10:
1339 3188 1527 3220 Quicumque...
1548 3188 1660 3213 ostendat
1679 3193 1766 3214 autem
1786 3189 1810 3213 in
1831 3196 1882 3214 uno
1902 3192 1949 3214 etc.

1123 3232 1134 3248 8
1150 3232 1213 3257 Cod.
1232 3240 1261 3256 aa
1280 3231 1409 3264 facienda.
1430 3233 1565 3264 Aliquanto
1585 3233 1691 3257 inferius
1711 3239 1759 3264 pro
1778 3234 1816 3257 est
1837 3233 1924 3258 tamen
1941 3232 2001 3258 edd.

1050 3277 1088 3301 cst
1106 3275 1193 3301 ctiam.

1120 3319 1131 3335 ⁰
1150 3320 1210 3343 Sive
1229 3320 1405 3351 negationen1;
1426 3319 1471 3345 cfr.
1492 3323 1552 3345 tom.
1574 3320 1589 3345 l.
1611 3327 1670 3352 pag.
1691 3321 1736 3352 87,
1758 3323 1816 3346 nota
1837 3321 1860 3346 4.

1121 3363 1142 3379 ¹0
1162 3363 1228 3388 Vide
1247 3364 1361 3388 scholion
1381 3363 1413 3389 ad
1434 3364 1632 3395 praecedentem
1652 3369 1751 3397 quaest.

1825 3418 1857 3443 73
