2483 3882
0 2667 31 2683 ΕΘ·

0 2714 30 2735 ›si-

719 235 812 267 DIST.
838 235 937 268 XXVI.
961 235 1042 267 ART.
1066 235 1098 266 ΙΙ.
1124 235 1275 276 QUAEST.
1299 235 1319 266 l.

44 332 97 363 aut
120 335 193 368 ergo
216 325 296 358 illud
321 326 522 366 praeceptum
546 323 605 355 fuit
621 323 708 354 iuris
729 323 917 361 maai-alis,
934 326 989 355 aut

45 379 243 422 disciplinae.
261 377 326 409 Non
344 375 550 417 disciplinae,
567 375 641 416 quia
656 384 757 407 unum
775 375 876 408 solum
893 376 988 413 fuit¹;

43 443 103 467 non
135 431 221 464 iaris
255 428 441 466 naturalis,
476 427 550 469 quia
584 427 689 459 adhuc
723 430 880 460 maneret:
913 436 988 469 ergo

43 485 128 519 nullo
153 483 244 516 modo
266 482 325 514 suit
349 481 527 513 institutum
551 479 611 512 sub
635 483 812 521 praecepto.

130 538 158 569 2.
184 536 273 572 item,
290 542 414 575 semper
436 533 556 565 licitum
573 531 633 564 fuit
649 531 766 563 homini
785 531 887 563 facere
903 532 988 572 quod

44 591 155 625 melius
176 592 240 627 est;
264 588 318 620 sed
342 586 456 619 melius
480 589 526 618 est
548 585 675 617 omnino
710 584 868 616 continere
892 592 987 625 quam

44 644 140 681 coire,
164 642 238 683 quia
262 640 387 672 castitas
410 638 572 680 virginalis
595 640 642 670 est
666 637 788 678 dignior
813 637 986 678 coniugali:

43 705 115 738 ergo
138 694 225 726 licuit
248 702 310 725 non
334 692 417 724 coire
440 700 498 724 nec
521 691 650 723 nubere.
669 690 728 722 Sed
752 699 814 721 non
839 689 987 728 licuisset,

43 749 67 782 si
90 746 198 779 fuisset
221 745 271 778 vel
295 748 376 777 esset
400 743 460 776 sub
482 746 666 785 praecepto:
691 745 721 774 θῖ
745 742 788 774 sic
812 745 868 773 etc.

128 799 156 831 3.
181 798 274 836 Item,
299 797 323 829 si
348 799 550 838 praeceptum
574 795 647 833 suit,
664 803 736 827 cum
754 794 827 826 Abel
852 802 986 826 uxorem

41 862 100 887 non
124 850 287 888 babuerit,
312 849 452 887 videtur,
476 848 561 889 quod
578 847 768 888 peccaverit;
785 846 840 878 sed
857 849 986 883 constat,

41 905 122 948 quod
147 904 205 936 hoc
228 906 275 935 est
291 902 420 940 falsum,
437 901 511 942 quia
528 900 601 932 Abel
618 902 665 932 est
681 899 803 940 primus
821 899 986 936 iustorum,

41 958 119 991 sicut
150 958 282 988 testatur
318 954 469 986 Dominus
501 953 647 985 Matthaei
675 952 826 994 vigesimo
851 950 985 982 tertio²z

41 1011 67 1043 A
92 1009 253 1051 sanquine
277 1007 356 1039 Abel
379 1006 474 1038 iusti:
499 1015 574 1047 ergo
598 1009 655 1038 etc.

126 1060 156 1091 lt.
181 1059 273 1097 item,
297 1058 337 1090 ad
366 1056 602 1089 matrimonium
639 1055 777 1087 maxime
812 1054 987 1096 requiritur

40 1113 117 1145 liber
148 1119 335 1144 consensus:
368 1118 443 1151 ergo
478 1109 565 1141 nullo
601 1108 693 1140 modo
728 1107 842 1140 arctari
879 1106 987 1139 debuit

41 1166 131 1198 homo
155 1172 211 1206 per
234 1166 448 1205 praeceptum.

390 1275 627 1300 CONCLUSIO.

43 1375 158 1408 Prima
190 1374 352 1406 institutio
386 1372 597 1405 matrimonii
627 1374 840 1414 praeceptam
872 1370 989 1403 liabitit

125 1438 146 1460 a
173 1427 366 1459 m‘mativam
398 1430 427 1458 et
456 1425 525 1468 fait
554 1426 592 1457 de
625 1425 698 1457 iure
726 1424 897 1461 natttrali,
922 1433 987 1455 iton

124 1480 335 1522 simpliciter,
368 1479 425 1511 secl
454 1478 635 1510 secandum
669 1482 813 1519 tempas;
842 1477 987 1509 secanda

126 1543 201 1566 vero
225 1532 341 1565 habuit
365 1531 624 1574 inclutqentiam,
648 1540 714 1563 non
736 1533 957 1572 praeceptam.

126 1640 323 1671 RESPONDEO:
350 1637 541 1675 Dicendum,
566 1637 651 1678 quod
680 1636 810 1677 «prima
834 1635 987 1668 institutio

23 1692 228 1725 matrimonii
262 1694 466 1733 praeceptum
495 1690 649 1728 habuit»,
674 1689 754 1721 sicut
789 1689 864 1721 dicit
898 1688 989 1730 Magi-

42 1748 102 1778 ster
110 1757 119 1784 3
143 1748 173 1777 et
196 1747 399 1786 praeceptum
425 1743 503 1775 illud
527 1741 854 1785 fuitaffirmativum
879 1744 909 1773 et
929 1741 988 1773 fuit

41 1798 126 1830 iaris
148 1797 326 1830 inauratis.
351 1797 410 1829 Sed
446 1796 690 1834 attendendum,
715 1795 799 1836 quod
824 1795 873 1827 ius
901 1797 988 1826 natu-

1936 238 1998 269 665

1052 323 1117 355 rale
1133 322 1288 364 quaedam
1307 323 1402 355 dictat
1418 322 1629 364 simpliciter,
1647 323 1802 365 quaedam
1818 324 1999 356 secunaum
2027 331 2113 361 Duram,
2130 332 2161 362 dj-

1052 379 1197 417 tempus:
1222 375 1431 417 simpliciter,
1448 379 1484 407 ut
1500 376 1599 408 Deum
1617 376 1803 415 amandum3
1819 377 2000 408 secandum
2015 360 2160 404 ffissurea‘fiffm

1053 431 1196 469 tempus,
1228 431 1263 459 ut
1297 427 1401 459 omnia
1436 436 1504 460 esse
1535 429 1745 460 communia3.
1780 429 1855 461 Dico
1887 429 2000 470 igitur,

1051 479 1136 520 quod
1159 482 1363 521 praeceptum
1388 480 1427 512 de
1451 489 1514 512 usu
1547 481 1738 513 matrimonii
1764 481 1821 514 fuit
1844 482 2001 514 naturale

1051 532 1193 564 secundo
1216 533 1330 570 modo,
1347 533 1434 574 quia,
1451 533 1605 575 quamdiu
1628 534 1718 575 pauci
1737 538 1840 573 erant,
1864 535 2002 567 dictabat

1051 584 1101 616 ius
1124 585 1286 623 naturale,
1303 585 1387 626 quod
1411 586 1649 627 multiplicanda
1665 590 1746 619 esset
1763 587 1867 628 proles
1883 587 1923 619 ad
1940 587 2003 619 cul-

1053 638 1119 667 tum
1144 636 1208 668 Dei.
1233 637 1292 669 Sed
1324 640 1465 670 cessante
1499 638 1558 669 isto
1593 639 1694 677 statu,
1723 639 1856 671 cessavit
1880 648 2003 681 praece·
2018 645 2130 666 Conclusio
2141 646 2162 666 2·

1052 691 1160 729 ptum;
1185 692 1215 720 et
1240 689 1309 721 ideo
1333 690 1471 722 secunda
1496 690 1647 722 institutio
1672 694 1812 733 tempore
1837 692 1914 733 legis
1936 702 2003 733 gra-

1052 741 1112 772 tiae
1136 741 1247 773 habuit
1271 742 1513 783 indulgentiam,
1538 752 1597 774 non
1624 747 1826 785 praeceptum
1840 744 1859 775 ⁴.

1143 795 1170 824 l.
1197 794 1230 825 Et
1252 803 1292 825 ex
1318 794 1376 826 hoc
1400 798 1484 835 patet
1508 795 1610 836 primo
1634 796 1801 828 obiectum.

1141 847 1170 877 2.
1195 846 1238 878 Ad
1264 846 1437 878 secundum
1463 847 1650 886 dicendum,
1674 849 1757 889 quod
1783 857 1839 881 nec
1861 852 2002 891 tempore

1052 898 1128 939 legis
1152 901 1285 931 naturae
1309 899 1469 931 institutae
1494 908 1550 932 nec
1567 900 1660 932 etiam
1678 905 1845 943 corruptae
1869 902 1899 934 in
1918 906 2001 935 statu

1047 951 1160 992 primo
1178 951 1345 992 perfectius
1367 951 1424 983 fuit
1448 952 1607 984 continere
1631 962 1725 993 quam
1747 955 1880 986 nubere:
1901 955 2003 996 primo

1052 1003 1195 1044 quidem,
1220 1004 1294 1045 quia
1318 1013 1379 1035 nou
1415 1008 1482 1036 erat
1517 1005 1557 1036 ibi
1590 1006 1733 1046 pruritus
1759 1016 1814 1039 nec
1839 1008 2003 1049 turpitudo

1051 1056 1174 1097 aliqua;
1199 1056 1337 1088 secundo
1362 1065 1454 1095 vero,
1479 1057 1552 1098 quia
1586 1061 1652 1089 erat
1687 1058 1882 1091 obedientiae
1915 1060 2005 1092 meri-

1053 1112 1138 1148 tum,
1163 1109 1249 1141 unde
1273 1109 1445 1142 caelibatus
1469 1110 1590 1142 Ioannis
1614 1120 1674 1143 non
1700 1111 1878 1152 praefertur
1902 1114 2005 1145 coniu-

1052 1161 1101 1202 gio
1126 1161 1267 1194 Abrahae
1283 1161 1303 1193 ⁵.

1141 1214 1170 1246 3.
1194 1215 1238 1246 Ad
1262 1214 1342 1246 illud
1367 1215 1451 1256 quod
1475 1215 1620 1247 obiicitur
1645 1216 1684 1248 de
1708 1216 1799 1255 Abel,
1825 1217 2003 1255 dicendum,

1053 1268 1138 1309 quod
1162 1267 1241 1299 illud
1274 1271 1342 1299 erat
1376 1271 1580 1309 praeceptum
1612 1268 1855 1309 affirmativum,
1880 1274 1910 1302 et
1934 1271 2003 1303 ideo

1052 1329 1113 1352 non
1137 1320 1296 1361 obligabat
1319 1320 1365 1351 ad
1386 1330 1531 1361 semper,
1550 1321 1604 1353 sed
1627 1331 1689 1362 pro
1715 1321 1781 1353 loco
1798 1326 1826 1353 et
1843 1326 2004 1364 tempore,-

1052 1377 1082 1405 et
1106 1373 1176 1405 ideo
1200 1382 1261 1404 non
1286 1373 1443 1414 peccavit,
1468 1373 1542 1415 quia
1566 1374 1705 1406 nondum
1731 1379 1888 1407 senuerat.

1141 1427 1170 1457 [ι.
1195 1426 1239 1458 Ad
1263 1426 1342 1458 illud
1367 1426 1452 1467 quod
1476 1426 1622 1458 obiicitur
1647 1427 1685 1458 de
1711 1427 1854 1459 libertate
1878 1437 2004 1460 consen-

1052 1487 1124 1517 sus,
1149 1479 1336 1517 dicendum,
1361 1479 1446 1520 quod
1471 1479 1551 1511 sicut
1575 1483 1778 1520 praeceptum
1810 1490 1870 1512 non
1902 1481 2006 1513 aufert

1052 1536 1176 1564 motam
1201 1532 1373 1569 caritatis,
1399 1532 1452 1574 qui
1477 1535 1581 1564 motus
1617 1533 1756 1564 maxime
1792 1534 1949 1574 gratuitus
1974 1538 2004 1566 et

1053 1585 1192 1616 liberalis
1215 1587 1279 1622 est;
1304 1584 1347 1616 sic
1380 1594 1440 1616 non
1476 1585 1579 1617 aufert
1615 1585 1792 1617 libertatem
1828 1596 2005 1618 consensus

1052 1646 1109 1670 nec
1133 1637 1279 1669 diminuit
1293 1637 1314 1668 ὓ.
1339 1638 1530 1676 Praeterea,
1555 1638 1700 1679 quamvis
1721 1638 1873 1671 Dominus
1889 1639 2005 1680 praeci-

1052 1693 1140 1731 peret
1165 1690 1408 1722 contractionem
1432 1690 1623 1722 matrimonii
1649 1699 1720 1722 cum
1742 1691 1865 1732 aliqua,
1890 1696 2005 1731 tamen,

1052 1746 1161 1773 utrum
1185 1751 1257 1774 cum
1282 1742 1340 1774 hac
1365 1741 1435 1783 quis
1459 1743 1676 1780 contraheret,
1702 1743 1751 1774 vel
1775 1752 1847 1775 cum
1873 1743 1943 1782 alia,
1961 1753 2005 1775 re-

1052 1794 1144 1836 liquit
1167 1795 1199 1826 in
1225 1803 1311 1827 mera
1336 1795 1479 1827 libertate
1504 1796 1749 1828 contralientis7.

2030 802 2110 832 Salutio
2125 808 2163 828 op-

2018 831 2142 855 positorum.

853 1906 1117 1944 ARTICULUS
1146 1907 1189 1943 Π.

771 2000 817 2031 De
840 1999 1051 2031 matrimonii
1073 1999 1269 2041 inteqritcae.

102 2092 103 2095 ¹
126 2100 357 2141 Consequenter
381 2102 534 2140 quantum
559 2098 599 2130 ad
616 2098 790 2130 secundum
815 2097 985 2129 articulum

41 2152 201 2193 quaeritur
236 2152 275 2184 de
310 2151 501 2183 matrimonii
537 2150 732 2192 integritate,
757 2153 786 2182 et
822 2150 904 2182 circa
928 2150 987 2182 hoc

42 2207 233 2246 quaeruntur
258 2204 326 2236 tria.

125 2257 226 2290 Primo
251 2257 415 2299 quaeritur
440 2256 478 2289 de
503 2256 680 2298 integritate
704 2258 857 2297 quantum
887 2256 926 2287 ad
953 2255 989 2287 si—

1051 2097 1291 2138 gnificationem.

1140 2149 1300 2188 Secundo,
1325 2154 1479 2191 quantum
1504 2151 1543 2183 ad
1568 2151 1794 2183 causalitatem.

1141 2203 1262 2241 Tertio,
1287 2205 1440 2245 quantum
1465 2203 1505 2235 ad
1529 2206 1711 2245 utrumque.

903 2366 1087 2407 QUAESTIO
1111 2366 1131 2397 l.

524 2452 611 2492 Quid
632 2452 677 2483 sit·
699 2452 734 2483 in
755 2451 970 2483 matrimonio
993 2451 1144 2493 siquam,
1169 2454 1198 2482 ec
1220 2450 1302 2493 qaid
1324 2451 1507 2492 siqitatam.

127 2551 293 2592 Quaeritur
310 2550 405 2591 igitur
426 2550 539 2591 primo,
567 2549 642 2590 quid
668 2549 706 2581 sit
734 2549 765 2581 in
789 2549 988 2581 Sacramento

41 2603 225 2635 matrimonii
249 2603 402 2645 siquam,
427 2606 457 2634 et
480 2601 556 2643 quid
579 2601 758 2643 siqnatum.

129 2657 155 2687 l.
180 2656 215 2687 Et
238 2665 309 2697 cum
334 2655 468 2697 siquam
492 2654 523 2685 in
548 2653 756 2686 Sacramentis
788 2653 828 2685 sit
860 2653 988 2684 elemen-

43 2711 120 2746 tum,
137 2709 216 2741 sicut
232 2708 306 2740 dicit
322 2708 409 2749 Hugo
424 2707 445 2746 ⁸,
462 2707 546 2749 quod
569 2718 584 2735 «
600 2707 836 2738 Sacramentum
861 2709 908 2737 est
931 2705 988 2737 ele-

1053 2552 1192 2580 mentum
1219 2552 1275 2581 etc.
1298 2557 1338 2580 ex
1361 2548 1565 2581 similitudine
1582 2552 1822 2590 repraesentans
1837 2562 1868 2587 »3
1885 2554 1915 2582 et
1932 2559 2004 2583 cum

1052 2601 1103 2633 hic
1128 2600 1251 2632 nullum
1276 2600 1315 2632 sit
1338 2600 1543 2639 elementum,
1574 2610 1635 2632 non
1668 2601 1794 2633 videtur
1819 2602 1936 2634 habere
1968 2603 2006 2635 si-

1053 2653 1282 2694 gnificationem
1306 2653 1508 2685 Sacramenti.
1533 2653 1571 2685 Si
1593 2653 1687 2685 dieas
1716 2654 1810 2693 mini,
1835 2655 1919 2696 quod
1951 2655 2004 2687 vir

1052 2709 1079 2736 et
1104 2704 1222 2736 mulier
1254 2713 1287 2736 se
1311 2705 1427 2736 liabent
1460 2705 1489 2736 in
1518 2705 1638 2737 ratione
1669 2706 1836 2744 elementi3
1869 2711 2004 2739 eontra.-

112 2836 119 2852 ¹
139 2837 213 2868 Quod
232 2838 374 2862 continetur
394 2837 454 2861 Gon.
477 2837 505 2867 2,
534 2836 576 2860 17:
598 2836 632 2860 De
661 2836 731 2867 ligno
751 2838 836 2860 autom
867 2836 987 2860 scientiae

43 2878 101 2904 boni
120 2884 143 2905 ct
163 2881 220 2906 mali
241 2887 272 2905 ne
297 2880 426 2905 comedas.
448 2879 499 2904 {loc
518 2882 686 2910 praeceptum
709 2882 814 2904 vocatur
834 2878 866 2903 ab
886 2879 952 2910 ling.
973 2886 985 2903 a

44 2923 68 2949 S.
89 2925 160 2956 Vict,
180 2925 195 2949 l.
210 2924 241 2949 dc
254 2926 367 2949 Sacram.
388 2931 413 2956 p.
428 2924 467 2949 Vl.
482 2930 503 2948 c.
518 2924 566 2952 29.
582 2927 750 2955 pracceptum
764 2923 917 2955 disciplinae
932 2923 986 2953 (cfr.

44 2967 68 2992 ll.
87 2968 153 2993 Sent.
172 2968 198 2993 d.
220 2969 261 2993 20.
281 2968 344 2993 duh.
365 2968 410 2999 7.)‚
431 2974 479 2999 pro
499 2974 551 2999 quo
571 2967 630 2992 edd.
644 2967 684 2992 bis
694 2966 801 3000 positivi
819 2967 985 2992 substituunt.

111 3010 122 3027 ²
141 3011 212 3036 Vei-s.
233 3011 272 3036 35.
292 3010 342 3036 Csr.
363 3018 442 3042 supra
462 3018 524 3042 pag.
550 3011 609 3042 184,
631 3014 689 3036 nota
710 3011 740 3043 8,
762 3011 886 3042 August.‚
913 3011 988 3035 Enar-

45 3056 89 3079 rat.
108 3055 132 3079 in
152 3055 192 3080 Ps.
214 3054 271 3079 1142.
292 3062 317 3080 n.
340 3055 363 3085 3,
383 3058 407 3080 et
427 3055 484 3079 XV.
505 3054 537 3079 de
556 3053 610 3079 Civ.
632 3055 690 3085 Dei,
710 3061 731 3079 c.
753 3055 775 3079 ’1.
796 3062 819 3079 ri.
840 3055 863 3079 ⁶2.

111 3097 122 3114 ³
140 3098 286 3123 Secundum
307 3098 403 3129 lsidor„
430 3099 460 3123 V.
491 3099 634 3129 Etymolog.
655 3105 676 3123 c.
698 3098 726 3129 li,
755 3098 787 3123 ad
814 3099 854 3123 ins
873 3098 988 3123 naturale

45 3142 149 3171 pertinet
176 3143 344 3167 «communis
372 3143 489 3167 omnium
516 3143 645 3173 possessio
657 3150 680 3173 »3
708 3149 774 3173 quac
803 3143 926 3167 sententia
955 3142 987 3166 ab

45 3184 110 3209 Alex.
130 3185 191 3215 Hal..
211 3186 235 3210 S.
256 3193 280 3217 p.
302 3186 338 3210 lli.
359 3193 384 3218 q.
404 3186 445 3210 27.
473 3192 506 3210 m.
528 3185 550 3209 4.
571 3192 592 3210 a.
618 3186 637 3210 1.
657 3185 672 3217 Ξ,
697 3186 716 3210 1.
736 3188 761 3210 et.
780 3193 802 3210 a.
824 3186 847 3210 3.
867 3186 882 3217 S
903 3185 932 3217 li,
955 3187 986 3210 ita

45 3228 193 3260 explicatur,
214 3230 283 3262 quod
303 3231 388 3254 omnia
408 3230 555 3254 communia
577 3230 626 3254 sint
645 3232 762 3260 tempore
776 3232 855 3254 status
873 3231 989 3255 natarae

46 3270 105 3297 bene
123 3271 268 3304 institutae,
291 3280 341 3298 non
360 3274 476 3299 naturae
496 3272 586 3305 lapsae
610 3272 664 3298 nisi
682 3272 709 3298 in
729 3279 794 3299 casa
818 3272 987 3299 necessitatis.

46 3314 93 3340 Csr.
114 3316 206 3342 Glossa
226 3318 249 3342 in
269 3317 296 3343 C.
316 3319 361 3343 Ias
379 3316 506 3343 naturate
525 3316 581 3349 (7.)‚
602 3316 626 3342 d.
652 3317 671 3341 1.

114 3357 124 3374 ⁴
144 3360 207 3385 Vide
226 3362 266 3385 liic
285 3362 318 3385 lit.
339 3361 460 3393 Magistri,
482 3368 503 3386 c.
525 3361 548 3386 3.

183 3412 210 3438 S.
231 3413 328 3439 Bonae.
348 3428 382 3432 —
402 3414 476 3439 Tom.
497 3414 538 3439 1V.

1120 2835 1131 2850 5
1150 2834 1332 2865 Respiciuntur
1351 2833 1431 2858 verba
1451 2834 1558 2865 August.
1574 2834 1637 2858 intra
1653 2834 1685 2859 lit.
1702 2834 1828 2865 Magistri,
1849 2835 1873 2859 d.
1889 2835 2004 2861 xxxin.

1051 2886 1072 2904 c.
1094 2879 1122 2910 2,
1142 2879 1222 2902 allata.
1238 2892 1271 2895 —
1285 2877 1347 2903 Cod.
1368 2879 1389 2902 K
1410 2877 1493 2902 addit:
1513 2877 1541 2902 iu.
1559 2877 1674 2903 secundo
1693 2879 1766 2903 slata
1785 2880 1823 2903 est
1842 2886 1854 2904 e
1874 2886 2002 2905 converso

1050 2923 1158 2955 propter
1171 2921 1323 2947 contrarias
1336 2928 1442 2947 causas.
1459 2922 1583 2952 Superius
1598 2928 1644 2952 pro
1659 2921 1796 2954 turpitudo
1810 2922 1868 2946 cod.
1885 2922 1901 2946 F
1917 2921 2002 2947 libido.

1122 2966 1133 2982 ⁶
1152 2966 1184 2991 lta
1205 2966 1280 2991 codd.
1301 2965 1408 2990 FGLO
1430 2965 1475 2995 (bb
1501 2973 1513 2989 a
1543 2965 1656 2990 secunda
1686 2965 1790 2997 manu),
1811 2966 1851 2990 aiii
1878 2966 1953 2990 codd.
1980 2970 2005 2991 ot

1052 3010 1111 3034 cdd.
1132 3009 1239 3034 [lii-imit.
1255 3009 1369 3034 Subinde
1384 3016 1430 3040 pro
1445 3009 1585 3034 Praeterea
1600 3010 1688 3040 plures
1701 3009 1776 3034 codd.
1790 3009 1893 3042 primo,
1910 3010 1966 3035 cod.
1981 3011 2003 3035 K

1052 3053 1129 3087 (litia,
1151 3054 1211 3079 edd.
1232 3053 1297 3079 ideo.

1122 3098 1133 3114 ⁷
1153 3097 1218 3122 Vide
1238 3098 1352 3122 scholion
1373 3097 1404 3122 ad
1430 3098 1448 3121 l.
1469 3098 1545 3122 liuius
1565 3098 1663 3122 articuli
1684 3101 1782 3130 quaest.

1123 3141 1133 3158 8
1153 3141 1219 3166 Libr.
1242 3142 1257 3166 1.
1278 3141 1310 3166 de
1338 3142 1451 3166 Sacram.
1479 3148 1504 3172 p.
1535 3142 1576 3166 ix.
1597 3148 1617 3166 c.
1648 3143 1671 3166 2.
1692 3142 1742 3166 Ct'r.
1771 3149 1848 3173 supra
1871 3149 1931 3173 pag.
1957 3143 2002 3174 13,

1053 3188 1111 3209 nota
1132 3186 1156 3209 2.
1177 3199 1212 3202 —
1232 3185 1337 3209 lnserius
1357 3187 1415 3215 post
1439 3184 1546 3210 uictima
1570 3184 1603 3210 sit
1631 3185 1789 3211 elementarii
1809 3185 1868 3211 cdd.
1889 3185 2004 3211 addunt:

1053 3228 1170 3259 ridetur,
1190 3228 1261 3261 quod
1279 3227 1320 3254 hie
1339 3227 1446 3253 walum
1465 3228 1499 3253 sit
1517 3227 1739 3261 Sacramentzmz,
1756 3230 1780 3254 et
1798 3229 1821 3254 si
1832 3229 1941 3255 millam
1954 3228 2005 3255 Sa-

1054 3272 1228 3298 cramentum.
1249 3272 1273 3295 ln
1295 3272 1343 3296 tino
1364 3279 1418 3302 arg.
1439 3278 1485 3302 pro
1499 3271 1676 3304 susceptivum
1696 3272 1771 3297 codd.
1793 3273 1812 3297 Μ
1825 3272 1845 3297 Ο
1865 3272 2005 3306 suscipien-

1054 3315 1129 3347 tium,
1151 3318 1175 3340 et
1195 3323 1241 3347 pro
1260 3322 1314 3341 non
1334 3322 1396 3348 erqo
1415 3317 1447 3341 ut
1473 3316 1592 3347 permulti
1623 3317 1698 3341 codd.
1729 3324 1867 3348 perperam
1897 3317 2005 3343 omnino

1054 3366 1116 3392 erqo
1136 3360 1179 3391 ut,
1202 3359 1279 3385 codd.
1299 3360 1338 3384 lK
1360 3360 1464 3391 legunt:
1485 3360 1593 3386 omnino
1613 3367 1675 3393 erqo
1695 3360 1747 3386 erit
1764 3360 1977 3394 infiquratirum.

1831 3414 1844 3438 8
1849 3414 1862 3438 l
