2483 3882
339 702 370 723 De
384 701 461 722 veniali

347 728 460 749 conclusio.

326 1751 359 1772 Ad
375 1753 455 1777 quaest.

338 1778 403 1798 incid.

325 2383 404 2413 Solutio
419 2388 455 2410 op-

313 2412 436 2436 positorum.

477 236 539 267 ²550
1234 230 1517 263 SENTENTIARUM
1541 230 1608 262 Liss.
1633 230 1680 263 lv.

476 326 611 355 tractum
648 325 715 356 θεῖ,
750 324 852 362 potest
888 319 1008 357 deleri,
1043 319 1142 351 libero
1178 318 1309 350 arbitrio
1343 316 1427 349 niliit

476 374 607 406 omnino
632 377 760 415 ayente,
786 372 839 405 sed
866 373 1066 404 Sacramento
1083 371 1148 402 solo
1173 370 1315 402 exterius
1340 370 1426 401 adiu-

476 430 586 464 vante,
610 425 691 458 sicut
715 428 798 466 patet
823 425 853 456 in
879 423 1030 464 parvulis.
1047 441 1091 445 —-
1107 422 1294 454 Secundam
1326 431 1425 463 genus

475 478 607 521 peccati,
632 478 780 519 quoniam
805 476 981 508 voluntarie
1006 478 1199 508 contractum
1218 478 1277 513 est,
1296 483 1355 506 non
1375 484 1425 516 po-

476 535 535 564 test
559 531 670 569 deleri,
696 530 754 562 nisi
779 530 878 561 libero
902 529 1033 560 arbitrio
1058 532 1255 559 consonante
1278 532 1306 559 et
1329 527 1424 559 actin-

475 588 588 621 name,-
613 584 683 616 ideo
707 583 738 614 in
764 582 981 614 iustificatione
1006 580 1091 621 impii
1118 581 1290 622 requiritur
1318 584 1423 612 motus

476 636 565 668 liberi
590 635 729 673 arbitrii,
754 644 810 676 per
835 643 929 676 quem
955 637 1104 664 consonet
1128 632 1261 674 gratiae,
1293 636 1323 665 et
1348 632 1424 664 ulte-

477 689 544 720 rius
560 688 717 725 contritio,
732 696 787 728 per
804 695 899 728 quam
917 686 1057 717 adiuvat
1072 686 1089 716 ¹.
1103 704 1146 707 —
1166 684 1294 716 Veniale
1317 694 1423 726 pecca-

476 744 544 772 tum
569 743 669 781 potest
693 739 805 777 deleri,
830 739 929 770 libero
953 738 1084 770 arbitrio
1102 741 1298 769 consonante
1319 741 1349 769 et
1366 737 1423 768 ati-

475 802 537 835 quo
562 792 705 824 exieritis
726 791 921 829 adiuvant&
936 791 1020 823 unde
1044 791 1069 822 si
1094 790 1229 822 liberum
1254 790 1421 822 arbitrium

473 845 590 887 gratiae
614 854 674 876 non
700 847 882 885 repugnat,
908 843 1040 875 volendo
1065 843 1234 884 persistere
1260 843 1288 874 in
1314 842 1421 883 culpa,

473 902 503 930 et
527 897 626 939 gratia
649 897 769 928 virtute
793 895 1021 933 Sacranienti‚
1046 896 1095 927 vol
1117 895 1167 927 rei
1197 898 1423 927 sacramenta-

472 950 512 982 lis
538 950 719 991 vigoratur;
744 949 868 990 culpam
894 949 1046 981 venialem
1072 948 1155 980 delet
1180 948 1228 980 vel
1253 948 1421 979 nniversa-

473 1003 564 1040 Ziter,
583 1002 631 1034 vel
652 1001 918 1043 particulariter.
936 1001 1022 1033 Unde
1040 1001 1234 1033 credendum
1252 1004 1312 1037 est,
1337 1000 1422 1041 quod

472 1056 577 1097 aliquo
601 1055 676 1087 nihil
703 1055 741 1087 de
765 1054 900 1096 peccatis
925 1054 990 1086 suis
1015 1053 1186 1095 cogitante,
1220 1053 1275 1085 sed
1302 1056 1421 1084 tantum

472 1108 646 1150 passionem
672 1107 785 1139 Christi
817 1107 972 1139 recolente
1008 1107 1037 1137 in
1074 1106 1274 1137 Sacramento
1310 1106 1424 1137 eucha-

472 1161 595 1198 ristiae,
620 1161 825 1201 recogitante,
852 1160 997 1201 inquam,
1015 1159 1186 1196 ferventer,
1212 1158 1295 1199 quod
1320 1159 1424 1190 venia-

472 1214 513 1245 lia
538 1217 663 1254 peccata
686 1213 736 1244 vel
760 1212 881 1248 omnia,
907 1212 956 1243 vel
980 1211 1134 1252 quaedam
1166 1211 1369 1243 remittuntur
1395 1212 1421 1243 ei

472 1276 529 1308 per
553 1267 685 1307 gratiam
710 1266 752 1297 sic
777 1265 927 1297 adiutam.
954 1264 987 1296 Et
1008 1264 1112 1295 omnia
1129 1264 1195 1302 illa,
1218 1264 1286 1296 ‘sive
1310 1274 1423 1296 saera-

473 1322 599 1355 menta,
625 1318 690 1349 sive
706 1316 983 1354 sacramentalia,
1006 1320 1040 1348 ut
1056 1316 1246 1348 eucharistia
1270 1320 1300 1348 et
1318 1317 1422 1348 unctio

472 1375 502 1403 et
526 1371 701 1412 baptismus
724 1373 754 1402 et
777 1378 878 1412 aquae
901 1370 1040 1411 aspersio
1065 1373 1095 1401 et
1119 1369 1306 1411 episcopalis
1335 1369 1424 1401 bene—

472 1424 565 1456 dictio
589 1427 619 1455 et
643 1423 785 1455 contritio
810 1426 840 1454 et
865 1421 1097 1454 misericordiae
1127 1421 1279 1453 exhibitio
1304 1425 1334 1453 et
1357 1431 1424 1453 ora-

471 1476 563 1508 tionis
587 1475 761 1507 dominicae
786 1475 898 1507 devota
927 1475 1083 1513 exoratio,
1108 1474 1226 1506 faciunt
1258 1474 1296 1505 ad
1324 1475 1424 1506 venia-

472 1529 548 1561 lium
574 1528 778 1567 deletionem,
804 1537 865 1559 non
894 1536 949 1569 per
975 1527 1134 1568 propriam
1168 1531 1334 1565 naturam,
1368 1527 1423 1559 sed

471 1591 528 1623 per
553 1590 619 1613 eam
656 1585 816 1617 naturam,
842 1590 904 1622 qua
939 1581 1070 1621 gratiam
1108 1584 1232 1621 gratum
1258 1580 1421 1612 facientem

471 1635 509 1666 ad
536 1635 620 1666 huuc
643 1638 747 1666 actum
773 1634 936 1666 attineant
959 1637 990 1665 et
1014 1633 1166 1674 vigorant.

560 1686 598 1718 Si
630 1696 797 1729 quaeras:
834 1686 992 1727 quomodo
1027 1686 1204 1717 adiuvant?
1235 1686 1422 1724 dicendum,

471 1739 554 1781 quod
581 1740 609 1771 in
636 1739 752 1771 talibus
782 1742 815 1771 ut
839 1739 1012 1779 plurimum
1038 1743 1084 1770 est
1105 1737 1292 1770 lininiliatio
1321 1742 1351 1770 et
1376 1738 1424 1770 (le-

471 1792 574 1830 votio,
599 1801 679 1833 quae
704 1795 750 1823 est
774 1795 862 1823 actus
886 1791 986 1832 gratia
1011 1791 1215 1829 informatus,
1242 1800 1423 1832 repugnans

473 1845 530 1886 ipsi
556 1845 667 1876 veniali
693 1847 833 1885 peccato,
858 1843 942 1884 quod
967 1843 1123 1875 fervorem
1149 1843 1287 1875 caritatis
1312 1847 1342 1875 et
1374 1844 1425 1876 de-

472 1898 643 1935 votionem,
668 1900 822 1938 quantum
847 1899 893 1928 est
917 1905 957 1928 ex
983 1905 1030 1934 se,
1051 1896 1207 1928 diminuit.
1234 1896 1287 1928 Vel
1317 1905 1353 1928 ea
1380 1906 1424 1927 ra.-

472 1951 568 1989 tione,
594 1959 656 1992 qua
691 1953 737 1981 est
768 1949 799 1980 iu
835 1949 879 1981 eis
910 1948 1115 1990 poenalitas,
1149 1957 1230 1989 quae
1266 1952 1424 1989 repugnat

472 2003 665 2035 inordinatae
684 2001 897 2040 delectationi,
915 2004 1009 2043 prout
1022 2001 1031 2017 ²
1055 2001 1108 2032 illa
1130 2009 1230 2042 poena
1255 2000 1359 2033 iuncta
1377 2005 1423 2033 est

471 2056 573 2088 ordini
609 2056 796 2097 gratiae.—
818 2055 852 2086 Et
888 2055 931 2087 sic
967 2057 1068 2096 potest
1104 2054 1302 2096 responderi,
1338 2055 1422 2095 quod

470 2109 615 2151 quamvis
650 2108 784 2140 venialia
809 2107 900 2140 valde
936 2115 1074 2148 congrue
1107 2116 1162 2147 per
1199 2108 1422 2148 poenitentiam

472 2161 646 2200 deleantur,
670 2164 801 2202 possunt
833 2164 936 2192 tamen
965 2169 1021 2201 per
1054 2160 1186 2201 gratiam
1223 2160 1313 2192 aliter
1337 2161 1424 2192 adiu-

471 2218 533 2246 tam
559 2214 666 2246 deleri.
684 2232 727 2236 ——
745 2213 779 2244 Et
803 2213 1021 2245 concedendae
1042 2216 1116 2244 sunt
1139 2213 1275 2245 rationes
1300 2213 1339 2245 ad
1365 2214 1422 2245 hoc

470 2267 624 2299 inductae.

560 2321 588 2351 1.
612 2319 656 2350 Ad
680 2318 759 2350 illud
783 2327 858 2359 ergo
883 2318 965 2359 quod
995 2318 1158 2355 obiicitur,
1184 2318 1266 2359 quod
1300 2327 1423 2359 praece-

470 2373 544 2405 dere
569 2372 662 2403 debet
697 2371 893 2412 aliquantula
929 2371 1090 2409 contriti03
1124 2371 1311 2410 dicendum,
1337 2371 1420 2412 quod

470 2424 614 2466 Magister
646 2433 705 2455 11011
736 2423 923 2455 determinat
958 2423 1098 2463 praecise
1130 2423 1259 2454 modum
1296 2423 1424 2455 delendi

470 2476 594 2508 veniale
630 2479 812 2517 peccatum,
853 2476 907 2507 sed
944 2475 1073 2507 modum
1110 2474 1252 2516 perfecte
1286 2474 1421 2517 satisfa-

471 2529 586 2561 ciendi.
618 2529 713 2561 Nemo
745 2532 850 2560 autem
880 2527 1016 2569 perfecte
1041 2528 1190 2559 satisfacit
1222 2537 1278 2569 pro
1310 2528 1420 2569 culpa,

470 2582 527 2614 nisi
554 2582 647 2614 etiam
665 2581 796 2613 interius
822 2581 852 2612 in
877 2580 971 2613 corde
988 2580 1106 2619 doleat,
1127 2585 1420 2622 quantumcumque

1490 326 1523 349 se
1547 317 1688 349 exterius
1711 317 1818 358 punit;
1843 320 1873 348 et
1895 317 1954 349 1106
1979 317 2048 349 dico
2074 317 2123 349 vel
2147 317 2178 349 in
2199 317 2362 359 generali,
2385 319 2437 351 vel

1490 370 1520 401 in
1544 369 1688 411 <speciali.
1713 369 1852 401 Venialia
1875 373 1981 401 autem
2005 378 2063 400 11011
2089 369 2191 401 solum
2216 370 2351 410 pervim
2368 379 2437 411 poe-

1490 422 1652 460 nitentiae,
1676 422 1730 454 sed
1755 422 1848 454 etiam
1872 421 1942 454 aliis
1970 422 2073 453 modis
2105 421 2203 454 deleri
2228 425 2373 463 possunt,
2401 427 2436 455 ut

1489 478 1606 507 tactum
1631 477 1687 507 est.

1577 527 1673 559 2.,»111
1706 527 1785 559 illud
1818 527 1900 568 quod
1933 527 2093 565 obiicitur,
2125 527 2209 568 quod
2237 527 2358 559 veniale
2390 530 2435 559 est

1488 579 1614 610 maioris
1638 579 1877 617 adhaerentiae3
1902 579 2085 617 dicendum,
2103 579 2186 620 quod
2204 580 2372 621 dupliciter
2388 583 2433 612 est
2446 592 2479 614 nis

1488 631 1572 672 loqui
1597 631 1636 662 de
1659 631 1862 663 adhaerentia
1886 631 2031 663 venialis:
2051 635 2105 663 aut
2126 635 2278 672 quantum
2304 632 2343 664 ad
2367 641 2434 664 ina-
2459 626 2479 642 '¹‘

1487 683 1616 721 calani,
1641 687 1695 715 aut
1719 687 1870 724 quantum
1896 685 1935 715 ad
1958 684 2177 725 pronitatem,
2202 694 2282 726 quae
2317 688 2363 717 est
2387 685 2436 717 via

1487 736 1525 767 ad
1551 736 1646 767 illam.
1671 735 1701 767 Si
1720 735 1886 776 loquamur
1903 739 2056 776 quantum
2081 736 2120 768 ad
2137 741 2249 768 notam
2267 736 2436 778 displicen-

1488 788 1569 825 tiae,
1594 788 1667 829 plus
1690 788 1841 820 adhaeret
1865 788 1997 819 mortale
2021 797 2116 830 quam
2149 789 2269 821 veniale
2284 789 2305 820 ³.
2330 789 2360 821 Si
2384 799 2435 821 au-

1487 844 1548 873 tem
1574 845 1726 883 quantum
1751 841 1790 873 ad
1812 841 2029 882 pronitatem,
2054 850 2071 873 e
2088 842 2244 873 contrario
2268 845 2331 880 θεῖς
2356 841 2436 874 dele-

1488 895 1528 926 tio
1553 899 1657 926 aulem
1683 903 1743 925 non
1768 898 1815 926 est
1847 898 1991 935 respectu
2012 894 2211 935 pronitatis,
2245 894 2300 926 sed
2333 894 2436 935 potius

1487 950 1632 987 respectu
1656 946 1807 978 maeatae
1830 947 1955 987 peccati.

1577 999 1673 1031 3.,111
1703 999 1781 1031 illud
1813 1000 1895 1040 quod
1933 999 2094 1038 obiicitur,
2128 1000 2212 1041 quod
2250 1000 2371 1032 veniale
2405 1009 2437 1033 se

1486 1052 1675 1093 compatitur
1700 1061 1771 1084 cum
1797 1052 1896 1093 gratia
1912 1056 1985 1089 etc.;
2010 1052 2198 1091 dicendum,
2224 1053 2307 1094 quod
2326 1062 2479 1087 1611111110

1487 1109 1549 1143 est,
1574 1105 1658 1146 quod
1677 1113 1709 1137 se
1734 1105 1924 1146 compatitur
1941 1109 2095 1146 quantum
2114 1105 2152 1137 ad
2178 1104 2419 1137 inhaerentiam
2427 1118 2438 1143 ‚-

1487 1162 1517 1190 et
1541 1158 1610 1190 ideo
1635 1158 1734 1198 gratia
1759 1167 1819 1189 non
1845 1158 1927 1189 delet
1952 1167 2008 1198 per
2038 1158 2084 1189 sui
2115 1158 2282 1189 essentiam
2315 1158 2363 1190 vel
2397 1158 2438 1189 in-

1489 1211 1701 1248 haerentiam3
1726 1214 1756 1242 et
1780 1214 1908 1252 propter
1932 1211 1991 1242 hoc
2014 1214 2137 1251 oportet
2160 1211 2187 1242 ei
2214 1211 2285 1242 addi
2311 1211 2437 1252 aliquod

1487 1263 1679 1295 adiutorium
1705 1263 1753 1295 vel
1779 1263 1868 1296 liberi
1894 1263 2014 1295 arbitrii
2030 1263 2052 1302 ⁴,
2077 1263 2125 1295 vel
2150 1264 2283 1295 alicuius
2308 1264 2437 1296 alterius

1487 1316 1700 1357 poenalitatis,
1725 1316 1773 1348 vel
1799 1316 2008 1354 Sacramenti,
2042 1317 2159 1348 ratione
2185 1317 2275 1349 cuius
2307 1317 2435 1349 effectus

1487 1369 1537 1400 vel
1561 1372 1649 1400 actus
1681 1369 1799 1410 gratiae
1831 1373 1986 1410 repugnat
2017 1369 2140 1401 veniali.
2174 1370 2324 1410 Quamvis
2355 1370 2436 1402 enim

1487 1422 1587 1463 gratia
1612 1422 1785 1453 secundum
1811 1422 1983 1454 essentiam
2001 1425 2060 1454 stet
2084 1431 2155 1454 cum
2179 1422 2309 1460 veniali,
2334 1426 2438 1455 tamen

1487 1474 1600 1506 caritas
1625 1475 1663 1507 ad
1689 1473 1853 1516 feruorem
1877 1475 2021 1506 excitata
2050 1475 2206 1507 consumit
2234 1475 2374 1516 culpam,
2404 1476 2440 1507 si-

1488 1532 1540 1559 cut
1564 1528 1677 1559 fornax
1704 1528 1782 1568 ignis
1808 1527 1962 1559 modicam
1988 1536 2087 1568 aquae
2113 1532 2243 1568 guttam.

1576 1581 1606 1612 li.
1633 1580 1674 1612 Ad
1712 1580 1788 1612 illud
1821 1580 1903 1621 quod
1930 1580 2090 1618 obiicitur,
2124 1580 2208 1622 quod
2238 1581 2361 1613 veniake
2394 1584 2439 1613 est

1488 1633 1721 1671 voluntarium,
1746 1633 1934 1670 dicendum,
1971 1633 2055 1674 quod
2081 1642 2140 1664 non
2166 1633 2224 1671 sic,
2257 1633 2336 1665 sicut
2361 1641 2441 1664 mor-

1488 1686 1566 1724 tale;
1592 1689 1713 1724 tamen,
1745 1686 1819 1726 quia
1855 1685 1959 1727 aliquo
1996 1685 2089 1717 modo
2125 1685 2339 1717 voluntarium
2374 1689 2437 1724 est,

1488 1747 1650 1779 nunquam
1676 1737 1812 1775 deletur,
1830 1737 1887 1769 nisi
1912 1737 2055 1769 voluntas
2071 1741 2220 1769 consonet
2235 1738 2255 1768 ⁵.
2283 1738 2367 1770 Unde
2384 1738 2439 1770 vix

1488 1791 1653 1831 contingit,
1679 1790 1762 1832 quod
1788 1790 1814 1822 ei
1847 1790 1899 1831 qui
1930 1791 2075 1831 proponit
2109 1799 2235 1822 manere
2261 1791 2289 1822 in
2327 1791 2439 1823 veniali

1488 1847 1630 1884 peccato,
1667 1847 1774 1884 utpote
1811 1843 1838 1874 in
1876 1843 1980 1874 verbis
2014 1843 2137 1881 otiosis,
2174 1843 2258 1884 quod
2284 1843 2376 1875 etiam
2413 1843 2439 1875 si

1487 1896 1687 1934 confiteatur,
1713 1896 1890 1928 remittatur
1907 1896 1933 1927 ei
1952 1896 2058 1937 culpa,
2083 1896 2140 1928 nisi
2159 1896 2238 1928 forte
2262 1906 2320 1938 pro
2344 1905 2437 1938 opere

1488 1950 1540 1981 illo
1565 1953 1671 1981 contra
1696 1958 1728 1981 se
1753 1949 1855 1990 ipsum
1874 1949 2033 1990 insurgat,
2058 1953 2088 1981 et
2105 1949 2183 1981 adeo
2209 1950 2332 1990 rugitus
2349 1949 2479 1981 ratio-No

1488 2003 1535 2034 nis
1556 2002 1682 2041 fremat,
1712 2002 1796 2043 quod
1822 2002 1967 2034 bestiales
1993 2006 2095 2034 motus
2120 2002 2332 2034 sensualitatis
2357 2011 2438 2044 gres-

1488 2064 1557 2087 sum
1584 2055 1695 2095 tigant,
1716 2055 1753 2086 ad
1782 2054 1909 2085 modum
1936 2054 2049 2093 leonis,
2067 2064 2129 2095 quo
2155 2055 2311 2095 rugiente,
2336 2059 2439 2087 cetera

1487 2108 1634 2140 animalia
1658 2116 1801 2148 gressum
1828 2107 1935 2147 figunt.

1577 2162 1605 2192 ὃ.
1631 2161 1672 2192 Ad
1699 2160 1776 2191 illud
1809 2160 1892 2201 quod
1910 2160 2066 2196 obiicitur,
2084 2161 2168 2201 quod
2193 2161 2314 2193 veniale
2340 2170 2437 2193 unum

1487 2214 1610 2246 deletur
1634 2214 1700 2245 sine
1724 2214 1799 2250 alio;
1824 2213 2008 2251 dicendum,
2033 2215 2115 2254 quod
2143 2213 2202 2246 hoc
2226 2214 2373 2255 possibile
2390 2218 2436 2246 est

1487 2266 1603 2307 duplici
1640 2266 1749 2297 modo:
1788 2265 1837 2298 vel
1871 2266 1945 2306 quia
1977 2266 2121 2298 voluntas
2154 2267 2479 2299 habitudinaliterssou

1487 2319 1637 2351 adhaeret
1661 2319 1730 2357 uui,
1762 2322 1791 2350 et
1827 2328 1886 2350 non
1923 2319 1992 2356 alii;
2021 2323 2051 2351 et
2087 2323 2160 2351 tunc
2185 2320 2278 2361 culpa
2312 2321 2438 2353 remitti-

1489 2375 1552 2409 tur,
1578 2371 1626 2403 cui
1653 2380 1713 2402 non
1738 2371 1893 2409 inhaeret,
1918 2375 1948 2403 et
1965 2375 2106 2403 remanet
2130 2371 2236 2413 culpa,
2255 2372 2303 2404 cui
2331 2372 2437 2403 volun-

1488 2428 1533 2456 tas
1556 2424 1765 2461 adhaerebat,
1792 2423 1839 2455 vel
1865 2423 1949 2460 ideo,
1975 2423 2048 2465 quia
2073 2424 2218 2456 voluntas
2243 2434 2341 2457 unum
2371 2433 2438 2466 pec-

1486 2480 1589 2508 catum
1617 2476 1714 2516 magis
1739 2476 1912 2507 detestatur
1937 2485 2030 2517 quam
2056 2476 2203 2508 alterum.
2230 2477 2315 2509 Unde
2339 2477 2437 2517 gratia

1486 2528 1585 2569 magis
1621 2528 1704 2560 delet
1738 2527 1862 2568 culpam
1900 2528 2068 2565 venialem,
2093 2528 2123 2559 111
2158 2529 2249 2560 cuius
2284 2528 2436 2561 deletione

1486 2582 1584 2622 magis
1610 2581 1754 2613 voluntas
1779 2584 1944 2619 consonat,
1969 2581 2018 2613 vel
2043 2581 2173 2613 adiuvat
2186 2582 2206 2612 ⁷.

1289 2696 1554 2734 ARTICL‘LUS
1584 2696 1625 2732 ΙΙ.

1052 2788 1097 2820 De
1119 2788 1337 2830 purgatione,
1362 2798 1446 2830 qnae
1468 2788 1506 2829 sit·
1527 2798 1585 2829 per
1608 2788 1856 2830 purgatoriam.

561 2894 793 2935 Consequenter
817 2898 969 2935 quantum
995 2894 1033 2926 ad
1052 2894 1225 2926 secundum
1251 2894 1420 2925 articulum

472 2946 635 2988 quaeritur
660 2946 698 2978 de
722 2947 921 2987 purgatione,
946 2954 1026 2987 quae
1051 2946 1085 2977 fit
1110 2955 1165 2987 per
1191 2946 1419 2987 purgatorium.

472 2999 515 3031 De
539 3008 601 3040 qua
626 2998 689 3030 duo
712 3002 919 3040 quaeruntur.

561 3052 663 3083 Primo
680 3051 857 3092 quaeritur,
874 3054 981 3082 utrum
1000 3051 1031 3082 in
1049 3050 1230 3091 purgatorio
1255 3054 1324 3092 post
1341 3050 1422 3082 hanc

1486 2894 1580 2925 vitam
1607 2894 1660 2925 fiat
1683 2893 1789 2935 aliqua
1823 2894 1969 2935 purgatio
1994 2894 2033 2925 ab
2065 2894 2170 2935 aliqua
2195 2894 2300 2935 culpa,
2326 2903 2365 2926 an
2391 2903 2435 2926 so·
2482 2885 2483 2898 ³

1486 2946 1552 2978 lum
1577 2956 1595 2977 a
1619 2955 1728 2987 poena.

1574 2998 1730 3037 Secundo,
1748 3002 1855 3030 utrum
1875 3000 2018 3041 purgatio
2036 2999 2088 3031 illa
2105 2999 2158 3031 fiat
2179 3008 2235 3041 per
2253 2999 2355 3040 ignem
2373 3007 2435 3030 ma-

1487 3051 1637 3083 terialem.

543 3192 550 3208 ¹
572 3193 634 3217 Edd.
655 3199 714 3217 cum
735 3199 786 3217 uno
806 3193 938 3225 alteroque
958 3192 1014 3217 cod.
1028 3191 1181 3218 adiuvatur.
1197 3193 1302 3217 Inferius
1319 3199 1367 3224 pro
1382 3199 1421 3218 eo—

474 3234 548 3261 Ienclo
569 3237 681 3261 nonnulli
702 3237 777 3261 codd.
798 3236 920 3262 nolendo.

543 3278 553 3294 2
573 3280 693 3305 Permulti
713 3280 788 3305 codd.
808 3281 839 3305 ut
856 3286 915 3313 pro,
937 3280 997 3305 edd⁴
1017 3281 1040 3306 et
1058 3281 1153 3313 proni,
1177 3287 1243 3312 quae
1263 3281 1339 3305 etiam
1358 3279 1420 3304 sub-

472 3322 532 3347 inde
553 3322 688 3348 ordinanti
707 3331 754 3354 pro
773 3324 869 3349 ordini.

543 3365 554 3381 ³
572 3365 621 3390 Csr.
641 3373 717 3397 supra
739 3367 764 3391 d.
791 3368 827 3392 16.
848 3376 873 3399 p.
895 3368 909 3392 l.
930 3376 952 3393 a.
974 3367 997 3393 »1.
1017 3375 1041 3400 q,
1063 3369 1085 3393 Ξ.
1106 3368 1138 3393 ad
1159 3369 1181 3393 3.
1204 3368 1227 3393 4.

1556 3192 1566 3208 ⁴
1587 3194 1640 3218 Vat.
1662 3192 1774 3218 liberant
1794 3192 1945 3218 arbitrium.

1553 3236 1563 3253 5
1583 3238 1694 3268 Supple:
1716 3238 1869 3268 (ἐι-1111116.-
1882 3237 1946 3262 Edd.
1965 3237 2123 3262 substituunt
2142 3236 2291 3262 detestetur.

1553 3280 1563 3296 ⁶
1584 3280 1640 3305 Vat.
1661 3279 1846 3312 hahitualiter,
1873 3288 1939 3312 quae
1964 3282 2040 3306 eiiam
2067 3282 2171 3305 inferius
2198 3287 2245 3312 pro
2272 3278 2433 3306 adhaere-hat

1483 3330 1542 3348 cum
1562 3324 1602 3348 ed.
1625 3325 1633 3348 i
1659 3323 1825 3356 adhaerebit,
1848 3325 1904 3349 cod.
1925 3324 1944 3349 O
1966 3324 2100 3350 adhaeret.

1552 3367 1563 3383 ⁷
1583 3367 1647 3392 Vide
1667 3369 1780 3392 scholion
1801 3368 1833 3392 ad
1854 3368 2050 3398 praecedentem
2071 3372 2169 3400 quaest.
