2483 3882
306 543 340 564 Ad
356 544 378 563 2.
396 543 414 563 3.
431 543 450 563 ά,

320 570 413 590 fundam.

367 803 449 825 Simile.

317 1172 398 1202 Solutio
412 1178 448 1199 op-

306 1201 427 1224 positorum.

316 2186 348 2207 De
362 2186 449 2207 benedi-

329 2213 407 2233 ctione.

305 2291 456 2312 Fundamenta.

468 238 529 269 6⁶26

466 323 670 366 acolythum,
694 326 730 354 ut
754 322 917 362 proficiat¹
944 321 974 351 in
999 320 1096 357 bons),
1121 319 1234 351 deinde
1263 322 1335 350 sunt
1363 318 1413 349 alii

467 377 531 408 duo
555 375 698 412 ordines,
731 374 783 415 qui
809 373 987 405 ministrant
1019 371 1173 404 sacerdoti
1197 371 1227 402 in
1260 370 1416 402 oblatione

466 427 618 459 sacrific-ii.

554 479 589 510 Et
612 479 656 510 sic
680 481 781 519 patet,
813 477 897 518 quod
922 481 968 508 est
1000 476 1041 508 ibi
1066 476 1144 508 ordo
1176 475 1414 517 conyrititatis,

467 541 526 564 non
551 531 762 563 necessitatis.
787 530 847 562 Nec
872 529 975 561 valent
999 529 1071 561 illae
1089 529 1224 560 rationes
1241 529 1271 560 in
1296 532 1416 560 contra-

464 585 546 616 rium
573 584 611 615 de
635 583 792 615 exorcista
817 586 847 614 et
871 582 1031 623 acolytho,
1056 590 1114 623 pro
1138 590 1173 613 eo
1198 581 1282 622 quod
1307 589 1415 613 omnes

467 637 593 668 ordines
628 639 812 677 potestatem
847 634 1044 676 spiritualem
1081 633 1206 671 dicunt,
1231 636 1261 665 et
1291 642 1348 674 pro
1380 642 1415 665 eo

464 688 548 729 quod
565 688 701 720 eruditio
717 687 877 728 praecedit
899 687 1113 718 liberationem
1139 695 1157 717 a
1175 685 1272 717 malo:
1299 689 1329 717 et
1346 685 1415 717 ideo

464 740 698 773 concedendum
724 744 784 778 est,
802 740 887 781 quod
905 739 943 771 sit
960 739 1000 770 ibi
1019 739 1097 770 ordo
1114 739 1143 770 in
1162 738 1414 776 characteribus,

466 794 519 826 sed
536 802 596 825 non
615 797 661 825 est
678 793 756 824 ordo
773 792 956 824 essentialis.
969 792 1106 824 —Sicut
1118 791 1149 822 in
1162 791 1324 823 elementis
1337 791 1415 822 ordo

464 850 530 885 est,
564 849 667 877 tamen
703 845 851 877 ultimum
884 844 1074 877 elementum
1108 844 1173 876 sive
1205 843 1309 875 littera
1341 847 1415 874 ante

465 898 558 930 scribi
583 901 688 939 posset
711 901 740 929 et
764 897 868 938 prima
894 896 996 928 littera
1020 896 1153 933 altimo,
1178 895 1288 927 ordine
1321 899 1416 926 retro-

464 950 561 991 grado
586 950 616 981 in
641 949 819 988 scribendo,
838 949 892 981 sed
911 953 1013 980 tamen
1032 948 1175 980 ordinato
1193 951 1261 989 post
1286 947 1416 988 scriptu-

463 1003 572 1040 ram23
597 1002 641 1034 sic
671 1006 702 1034 et
725 1002 852 1033 ordines
884 1004 1016 1042 possunt
1047 1000 1163 1041 suscipi
1197 999 1415 1032 descendendo

464 1055 528 1087 sive
553 1055 789 1087 retrocedendo.

554 1110 580 1139 ¹1.
607 1108 649 1140 Ad
674 1108 753 1139 illud
785 1117 860 1148 ergo
885 1107 966 1148 quod
1001 1106 1147 1138 obiicitur
1179 1106 1217 1137 de
1243 1105 1415 1146 baptismo,

463 1160 650 1199 dicendum,
679 1160 763 1201 quod
788 1169 849 1191 non
875 1163 920 1191 est
945 1159 1062 1191 simile:
1096 1158 1242 1199 quoniam
1268 1175 1311 1179 —-
1336 1158 1416 1189 sicut

463 1216 582 1245 tactum
606 1213 664 1245 fuit
688 1212 806 1253 supra³
830 1212 861 1243 in
887 1214 1021 1243 tractatu
1047 1211 1086 1243 de
1110 1210 1313 1251 baptismate,
1338 1213 1368 1241 et
1385 1210 1414 1241 in

463 1265 598 1298 Concilio
615 1265 700 1306 apud
717 1264 943 1305 Compendium
962 1264 1206 1295 determinatum
1224 1263 1295 1301 suit,
1320 1266 1350 1294 et
1367 1262 1417 1294 de-

465 1317 589 1350 cretalis
606 1317 783 1355 innocentii,
798 1317 836 1349 de
849 1316 1033 1357 Presbytero
1051 1325 1111 1347 non
1129 1316 1294 1357 baptizato,
1308 1315 1417 1347 confir-

465 1373 529 1402 mat
542 1389 585 1394 —
598 1370 773 1411 baptismus
796 1373 843 1402 est
859 1369 1099 1401 fundamentum
1117 1373 1147 1400 et
1164 1369 1257 1400 ianua
1274 1367 1416 1399 omnium

466 1424 759 1461 Sacramentorum3
790 1426 820 1454 et
852 1423 1000 1464 quoniam
1029 1422 1234 1453 fundamento
1263 1430 1323 1452 non
1353 1420 1417 1452 exi-

464 1480 580 1515 stente,
612 1476 689 1508 nihil
720 1480 821 1517 potest
854 1474 1128 1516 superaedificari:
1154 1474 1224 1506 ideo
1254 1474 1416 1506 character

1224 232 1507 264 SENTENTIARUM
1532 232 1598 263 LlB.
1622 232 1670 263 lV.

1480 318 1625 359 baptismi
1644 318 1720 350 alios
1737 319 1896 360 praecedit
1912 318 2078 359 essentiali
2098 320 2226 359 ordine;
2243 329 2303 351 non
2323 320 2366 352 sic
2382 324 2428 353 est

1480 370 1511 401 in
1535 370 1615 402 aliis.

1569 424 1597 454 Ξ.
1623 423 1665 454 Ad
1695 422 1773 454 illud
1798 423 1882 464 quod
1910 422 2056 454 obiicitur
2081 423 2119 455 de
2151 424 2305 462 numeris,
2330 424 2430 456 dicen-

1481 475 1575 513 dum,
1600 475 1684 516 quod
1709 484 1770 506 non
1802 479 1848 506 est
1872 475 1989 507 simile:
2016 476 2162 516 quoniam
2194 485 2354 508 numerus
2385 485 2428 508 se-

1480 536 1580 568 quens
1605 527 1698 559 habet
1723 527 1961 568 praecedentem
1986 532 2107 569 partem
2133 528 2200 566 sui,
2225 528 2278 560 sed
2303 538 2364 560 non
2387 530 2429 562 sic

1477 579 1609 621 practns
1626 588 1759 620 sequens
1777 579 1871 611 habet
1894 580 2133 620 praecedentem
2151 584 2273 621 partem
2295 581 2358 620 sui,
2375 582 2430 614 sed

1480 636 1515 663 ut
1539 632 1755 673 disponentem
1782 632 1819 663 cle
1843 642 1998 673 congruo.

1569 684 1598 715 3.
1624 684 1666 715 Ad
1696 684 1774 715 illud
1802 684 1885 725 quod
1915 684 2070 723 obiicitur,
2102 685 2186 726 quod
2211 694 2251 717 ex
2283 685 2429 727 pluribus

1480 736 1698 768 differentibus
1722 746 1782 767 non
1807 736 1841 768 [it
1865 745 1980 775 unum;
2005 737 2188 776 dicendum,
2210 738 2294 779 quod
2318 747 2428 771 verum
2443 751 2479 774 Not

1480 793 1544 828 est,
1569 789 1653 830 quod
1678 798 1739 820 non
1763 789 1798 820 fit
1826 798 1926 821 unum
1955 799 2015 830 per
2044 790 2236 828 essentiam,
2270 790 2304 822 fit
2327 794 2431 823 tamen

1480 851 1578 874 unum
1606 842 1832 879 Sacramenta,
1851 850 1931 882 quae
1948 845 1994 873 est
2019 842 2122 873 unitas
2144 842 2175 873 in
2200 843 2431 884 comparatione

1480 895 1520 926 ad
1545 903 1645 926 unum
1670 894 1911 935 significandum
1936 894 2113 935 pe1=fecte⁴13
2142 898 2172 927 et
2196 895 2431 929 Sacramentum

1480 946 1600 978 ordinis
1624 956 1684 978 non
1710 946 1805 978 habet
1837 946 2017 978 omnimode
2041 946 2192 978 unitatem
2226 946 2429 985 absolutam,

1481 1000 1536 1031 sed
1558 1009 1616 1040 per
1642 999 1939 1040 comparationem,
1964 999 2003 1031 ad
2025 1008 2119 1040 quam
2145 999 2296 1031 unitatem
2322 999 2431 1031 consti-

1479 1052 1630 1084 tuendam
1659 1061 1719 1083 non
1752 1051 1926 1093 requiritur
1959 1051 2132 1084 essentialis
2161 1051 2369 1093 dependentia
2399 1051 2429 1084 in

1480 1104 1633 1146 partibus.

1569 1158 1599 1189 lt.
1633 1158 1660 1189 5.
1699 1157 1740 1188 Ad
1771 1156 1849 1189 illud
1878 1157 1962 1198 quod
1994 1156 2140 1189 obiicitur
2168 1157 2209 1189 ibi
2246 1157 2357 1189 ultimo
2392 1157 2430 1189 de

1481 1210 1563 1242 saltu
1587 1213 1616 1241 et
1641 1210 1680 1241 de
1704 1209 1823 1250 gradu,
1848 1209 2035 1248 dicendum,
2067 1209 2151 1250 quod
2176 1209 2247 1242 illae
2272 1210 2353 1242 duae
2384 1219 2431 1242 ra-

1480 1263 1579 1294 tiones
1612 1271 1672 1294 non
1697 1262 1882 1300 ostendunt,
1916 1262 2000 1303 quod
2034 1271 2093 1293 non
2124 1262 2163 1294 sit
2186 1262 2228 1294 ibi
2262 1262 2321 1294 nisi
2353 1262 2429 1294 ordo

1481 1315 1717 1357 conffl'uitatis,
1756 1318 1909 1356 quantum
1947 1318 1993 1346 est
2028 1314 2067 1346 de
2090 1314 2276 1356 integritate
2312 1314 2431 1346 Sacra-

1481 1367 1581 1399 menti
1589 1379 1599 1405 ;
1616 1371 1662 1399 est
1678 1370 1781 1399 tamen
1808 1367 1849 1398 ibi
1867 1367 1944 1399 ordo
1968 1367 2189 1405 necessitatis,
2214 1371 2368 1408 quantum
2385 1370 2430 1399 est

1481 1421 1520 1452 de
1542 1420 1737 1462 obtiyatione
1750 1419 1936 1461 praecepti,
1954 1420 2029 1461 quia
2053 1420 2124 1461 quis
2147 1423 2272 1452 tenetur
2289 1420 2430 1452 ordinate

1481 1472 1694 1511 ascendendo,
1719 1481 1780 1504 non
1805 1472 1963 1511 saltando,
1988 1472 2127 1505 ordinari
2141 1473 2160 1503 ⁵.

2481 48 2483 119 i

2481 122 2483 157 l

2482 177 2483 202 i

2482 204 2483 236 l

2482 280 2483 329 l

1322 1596 1505 1638 QUAESTIO
1529 1596 1576 1629 iv.

943 1696 1082 1736 Quando
1107 1694 1281 1727 character
1305 1694 1523 1736 imprimatur
1548 1694 1583 1725 in
1608 1693 1748 1725 diversis
1772 1692 1969 1725 ordinibus<

553 1808 670 1848 Quarto
688 1807 860 1848 quaeritur,
879 1806 1004 1848 quando
1027 1807 1227 1847 imprimatur
1252 1805 1414 1837 character

464 1861 495 1892 in
520 1861 654 1892 diversis
678 1860 852 1892 ordinibus.
879 1860 913 1891 Et
937 1868 1009 1891 cum
1044 1859 1072 1890 in
1098 1858 1261 1890 ordinibus
1294 1858 1333 1890 sit
1357 1857 1416 1889 ista

465 1913 604 1954 quinque
630 1913 782 1954 reperire,
801 1915 907 1953 utpote
933 1912 963 1943 in
989 1911 1099 1943 ordine
1123 1910 1338 1948 sacerdotati,
1362 1910 1416 1942 sci-

465 1966 536 1998 licet
561 1965 828 2003 benedictionem,
854 1965 1096 2002 inunctionem,
1121 1973 1284 1995 mannam
1318 1963 1417 2004 impo-

464 2018 614 2050 sitionem
639 2022 668 2049 et
692 2017 837 2049 alienius
857 2017 1114 2058 porrectionem,
1136 2020 1171 2048 ut
1188 2016 1274 2054 libri,
1290 2015 1340 2047 vel
1358 2015 1416 2047 cla-

463 2071 527 2109 vis,
552 2070 601 2102 vel
621 2071 720 2107 vasis,
744 2074 774 2102 et
798 2069 889 2101 verbi
905 2069 1161 2111 expressionem;
1186 2069 1359 2110 quaeritur,
1385 2068 1415 2099 in

464 2133 527 2164 quo
550 2123 683 2155 istorum
710 2122 763 2153 fiat
787 2123 979 2155 characteris
1004 2121 1178 2163 impressio.

553 2176 587 2207 Et
613 2176 714 2216 primo
741 2175 874 2213 videtur,
900 2175 981 2216 quod
1008 2184 1073 2205 non
1098 2174 1128 2205 in
1155 2172 1387 2205 bencdictione:

555 2230 582 2260 1.
608 2228 760 2269 Quoniam
780 2236 905 2269 semper
923 2228 952 2258 in
971 2227 1135 2259 ordinibus
1152 2226 1210 2258 fuit
1227 2225 1417 2258 characteris

466 2280 662 2322 impressi06,
693 2284 722 2312 et
755 2280 833 2311 illud
867 2283 913 2311 est
945 2279 1045 2311 ordini
1079 2278 1258 2316 essentiale,
1290 2278 1321 2309 in
1354 2287 1417 2319 quo

464 2333 657 2374 imprimitur
683 2333 864 2370 character3
890 2332 944 2364 sed
970 2332 1145 2363 benedictio
1170 2340 1230 2362 non
1248 2334 1295 2362 est
1319 2330 1357 2362 de
1374 2339 1419 2363 es-

463 2386 561 2418 sentia
585 2386 748 2424 ordinum,
782 2394 853 2417 cum
884 2394 944 2417 non
979 2385 1100 2425 legatur
1134 2384 1203 2416 talis
1237 2383 1417 2416 solemnitas

462 2439 558 2471 fuisse
583 2439 613 2470 in
640 2439 774 2471 Ecclesia
799 2438 971 2479 primitiva:
994 2447 1068 2479 ergo
1093 2441 1150 2469 etc.

552 2493 581 2523 Ξ.
614 2492 707 2530 Item,
740 2491 836 2529 illud,
870 2491 900 2522 in
933 2500 995 2532 quo
1027 2490 1222 2531 imprimitur
1254 2489 1417 2521 character

464 2545 607 2583 interior,
633 2544 725 2576 debet
750 2544 867 2576 habere
890 2543 1147 2575 assimilationem
1179 2551 1252 2574 cum
1277 2541 1417 2574 interiori

534 2693 541 2708 ¹
564 2693 651 2718 Plures
671 2694 748 2718 codd.
769 2693 940 2727 perficiatur,
964 2700 1031 2725 (luae
1051 2693 1124 2718 lectio
1146 2692 1293 2717 confirmari
1314 2692 1417 2717 ridetur

464 2737 571 2762 lectione
590 2738 733 2769 incongrua
757 2738 871 2769 plurium
896 2738 971 2763 codd.
989 2737 1157 2771 proficiatur.
1182 2738 1237 2762 Mox
1258 2744 1305 2768 pro
1325 2735 1417 2762 deinde

464 2780 521 2805 cod.
543 2781 577 2805 bb
597 2780 711 2806 demum.

535 2824 545 2840 ‘2
565 2824 647 2849 Codd.
668 2826 685 2849 i>
697 2825 717 2856 Q
737 2825 836 2850 addunt
853 2825 881 2850 at
899 2826 949 2856 est,
972 2826 1074 2850 rectum
1092 2823 1213 2850 ordinem
1232 2823 1323 2855 habet,
1345 2825 1416 2856 post-

465 2874 547 2901 quam
566 2867 695 2900 scriptum
715 2870 753 2893 est
771 2870 862 2893 totam.
877 2869 1032 2893 Auctoritnte
1050 2868 1192 2893 coi-undem
1214 2868 1288 2893 codd.
1305 2868 1321 2892 Ρ
1333 2868 1353 2899 Q
1373 2875 1416 2892 su—

465 2912 553 2942 perius
578 2912 714 2942 posuimus
734 2913 758 2937 et
774 2912 879 2944 prima,
902 2919 949 2943 pro
976 2919 1028 2944 quo
1057 2911 1097 2935 alii
1126 2911 1202 2936 codd.
1230 2912 1270 2935 vel
1298 2918 1358 2937 cum
1377 2910 1415 2936 Sic

462 2955 567 2988 prima,
582 2957 623 2981 vel
645 2957 733 2981 tamen
752 2956 789 2982 sic
808 2956 912 2987 prima,
928 2956 969 2981 rel
985 2957 1072 2981 tamen
1091 2955 1162 2981 sicat
1180 2955 1226 2986 (sic
1240 2957 1295 2987 ut‘i)
1308 2954 1412 2987 prima,

464 3001 504 3024 vei
524 3001 554 3025 ut
573 2999 611 3026 sic
631 2999 723 3032 (sit‘?);
744 3000 803 3025 edd.
824 3000 929 3031 legunt:
950 3006 1011 3025 cum
1030 2999 1063 3025 sit
1081 2998 1170 3032 prima
1197 2998 1297 3029 littera,
1319 2998 1416 3024 ultima

465 3042 583 3068 ordiite...
603 3043 650 3069 sed
669 3045 757 3069 tamen
783 3043 905 3069 ordinate
923 3042 1060 3069 scribendo
1081 3044 1117 3068 cst
1134 3042 1223 3075 primo
1242 3042 1359 3075 scripta;
1377 3041 1416 3068 sic

463 3089 488 3112 et
506 3087 611 3113 ordines
632 3090 679 3113 etc,

537 3131 548 3147 ³
565 3132 624 3156 Dist.
646 3132 669 3156 2.
690 3139 712 3156 a.
734 3132 756 3156 i,
777 3139 802 3163 q.
823 3132 846 3156 3.
868 3133 891 3156 in
912 3138 983 3162 corp.
1005 3134 1029 3156 et
1049 3130 1110 3156 dub.
1132 3131 1161 3162 33
1182 3131 1206 3156 d.
1228 3131 1251 3155 3.
1273 3138 1299 3162 p.
1321 3131 1336 3155 l.
1351 3138 1374 3155 a.
1393 3131 1414 3154 ri.

465 3182 488 3206 q.
510 3175 532 3199 3.
553 3176 577 3199 in
598 3182 683 3206 corp.;
705 3175 728 3200 (1.
750 3176 772 3200 G.
794 3183 818 3206 p.
840 3176 855 3200 l.
876 3183 902 3207 q.
925 3175 948 3199 t.
968 3176 992 3199 in
1013 3175 1070 3199 tine.
1091 3174 1140 3199 Csr.
1161 3176 1236 3200 etiam
1258 3175 1282 3199 d.
1302 3175 1326 3199 7.
1347 3182 1369 3199 a.
1390 3175 1413 3199 3.

466 3225 489 3249 q.
510 3218 533 3243 3.
559 3232 594 3236 —
617 3219 752 3244 Decretum
778 3218 881 3244 Concilii
907 3219 978 3250 apud
1003 3218 1194 3250 Compendium
1220 3217 1413 3249 (Compiegne)

466 3262 607 3285 continetur
626 3263 650 3286 in
671 3261 696 3287 C.
718 3261 748 3288 Si
767 3262 826 3295 quis
844 3261 980 3295 presbyter
1000 3262 1072 3295 (1.),
1093 3262 1126 3286 X.
1146 3262 1177 3287 de
1196 3261 1348 3293 Presbytero
1362 3268 1413 3286 non

467 3303 594 3334 baptizato
614 3304 674 3335 (lib,
696 3306 731 3330 ΙΙΙ.
752 3307 785 3331 tit.
807 3306 879 3338 43.),
900 3307 940 3331 hic
959 3307 982 3330 in
1004 3313 1059 3337 arg.
1080 3306 1102 3330 i.
1123 3305 1156 3330 ad
1181 3312 1271 3337 oppos.
1295 3305 1413 3335 allegato.

466 3346 603 3372 Decretalis
623 3348 748 3374 lnnoccnt.
774 3350 809 3373 lli.
835 3349 945 3374 habetur
964 3349 1025 3374 ibid.
1052 3356 1072 3374 c.
1094 3350 1117 3374 3.
1144 3351 1169 3374 et
1188 3350 1275 3380 incipit
1305 3347 1414 3374 Veniens

1480 1805 1682 1842 charactere3
1708 1804 1763 1836 sed
1788 1804 1951 1836 character
1976 1804 2027 1836 ille
2055 1803 2182 1845 respicit
2212 1804 2350 1845 aliquam
2382 1813 2432 1845 po-

1482 1860 1622 1888 testatem
1643 1857 1668 1895 ⁷,
1704 1856 1879 1888 benedictio
1918 1859 2024 1888 autem
2063 1856 2098 1888 fit
2136 1856 2177 1889 ad
2216 1856 2429 1889 sanctitatem:

1480 1918 1555 1950 ergo
1587 1912 1643 1941 etc.

1570 1962 1662 2000 Item,
1687 1962 1771 2003 quod
1795 1971 1860 1993 non
1885 1962 1978 1994 detur
2003 1962 2033 1993 in
2057 1962 2217 2000 unctione,
2245 1962 2386 1994 videtur:
2440 1974 2468 1996 ne

1571 2014 1600 2046 3.
1624 2014 1703 2055 Quia
1727 2015 1750 2046 si
1776 2014 1882 2056 aliqua
1903 2014 2028 2055 passio8
2052 2014 2210 2056 aliquibus
2236 2015 2329 2053 inest,
2355 2015 2434 2047 inest

1482 2067 1656 2100 secundum
1689 2067 1817 2109 aliquod
1849 2076 2034 2106 commune3
2065 2067 2119 2099 sed
2153 2067 2343 2100 characteris
2380 2068 2434 2099 im-

1481 2121 1602 2162 pressio
1626 2123 1672 2152 est
1703 2120 1734 2151 in
1763 2120 1909 2152 omnihus
1940 2120 2119 2158 ordinibus,
2144 2120 2198 2152 sed
2224 2120 2363 2152 inunctio
2387 2123 2433 2152 est

1482 2172 1513 2203 in
1537 2181 1601 2204 uno
1625 2172 1708 2211 solo,
1734 2172 1850 2204 scilicet
1874 2172 1904 2203 in
1930 2172 2120 2204 sacerdotio:
2146 2181 2220 2213 ergo
2245 2176 2302 2204 etc.

1571 2225 1600 2256 lt.
1626 2225 1719 2264 item,
1743 2224 1936 2266 ubicumque
1969 2224 2038 2256 talis
2063 2234 2173 2264 causa,
2200 2225 2241 2257 ibi
2271 2225 2341 2257 talis
2365 2225 2432 2257 effe-

1482 2280 1552 2309 ctus
1561 2289 1569 2316 3
1594 2277 1696 2309 sedin
1721 2277 1902 2318 episcopatu
1920 2281 1966 2309 est
1990 2286 2071 2309 nova
2087 2277 2243 2315 inunctio,
2267 2286 2342 2319 ergo
2362 2277 2432 2309 novi

1482 2329 1674 2362 characteris
1699 2329 1884 2371 impressio,
1909 2330 1968 2362 hoc
1992 2334 2098 2362 autem
2123 2335 2169 2362 est
2193 2330 2326 2369 falsum,
2343 2331 2431 2372 quia,

1483 2382 1507 2414 si
1532 2391 1633 2414 novus
1657 2382 1820 2414 character
1845 2382 2091 2424 imprimeretur,
2116 2383 2197 2415 sicut
2221 2383 2368 2415 sacerdos
2383 2392 2432 2424 po·
2482 2411 2483 2414 ,

1482 2438 1542 2467 test
1566 2444 1634 2467 esse
1659 2436 1725 2467 sine
1749 2436 1933 2474 diaconatu,
1959 2436 2001 2468 sic
2019 2436 2186 2477 episcopus
2204 2436 2271 2468 sine
2295 2436 2432 2468 sacerdo-

1482 2488 1541 2526 tio,
1567 2488 1657 2520 cuius
1681 2488 1874 2520 contrarium
1903 2488 2148 2521 determinatum
2173 2492 2219 2521 est
2243 2488 2274 2520 in
2299 2488 2432 2521 decreta-

1483 2540 1561 2572 lium
1586 2540 1666 2572 libro
1691 2540 1834 2572 ultimo⁹.

1481 2691 1517 2717 ast
1538 2691 1718 2724 Apostolicam
1742 2690 1847 2722 sedem;
1867 2692 1890 2715 in
1917 2691 1971 2722 ipsa
1998 2694 2136 2716 occurrunt
2161 2690 2242 2715 verba
2267 2691 2348 2715 haec:
2367 2689 2430 2715 Cum

1481 2735 1627 2766 baptismus
1646 2736 1677 2760 sit
1700 2735 1897 2760 fundamentum
1924 2735 2040 2759 omnium
2067 2735 2306 2765 Sacramentorum,
2325 2738 2350 2759 et
2374 2735 2429 2758 ante

1481 2781 1672 2811 susceptionem
1691 2779 1813 2810 baptismi
1827 2786 1877 2803 non
1892 2780 2047 2809 suscipiatur
2064 2779 2131 2804 aliud
2147 2780 2355 2810 Sacranientun13
2372 2784 2429 2810 quo·
2481 2786 2483 2799 r

1481 2825 1550 2848 niam
1571 2823 1615 2848 ubi
1635 2824 1832 2848 fundamentum
1854 2830 1904 2848 non
1925 2827 1975 2854 est,
1996 2823 2205 2854 superaedificari
2225 2830 2274 2848 non
2295 2826 2383 2854 potest.

1552 2867 1562 2883 ⁴¹
1582 2867 1631 2892 Ctr.
1651 2874 1729 2899 supra
1751 2874 1809 2898 pag.
1831 2867 1895 2897 581,
1916 2870 1975 2891 nota
1995 2868 2018 2892 9.
2038 2881 2071 2885 -—
2086 2867 2191 2892 interius
2214 2874 2262 2898 pro
2285 2864 2429 2893 omnimode

1482 2911 1569 2942 plures
1589 2911 1665 2936 codd.
1687 2910 1850 2936 eminentem.

1553 2954 1563 2970 ⁵
1585 2954 1648 2979 Vide
1668 2955 1781 2979 scholion
1802 2955 1834 2979 ad
1861 2955 1880 2979 1.
1903 2955 1979 2979 huius
1998 2955 2096 2980 articuli
2116 2958 2216 2986 quaest.

1550 2998 1561 3013 ⁶
1580 2998 1612 3023 Ut
1630 3001 1762 3022 ostensum
1782 3001 1820 3023 cst
1839 3005 1917 3029 supra
1939 3005 1962 3030 q.
1985 2998 2007 3022 sl.
2027 3011 2062 3015 —
2082 2998 2129 3022 Pro
2146 2997 2199 3030 fuit
2218 2997 2274 3023 cod.
2295 2998 2317 3023 K
2335 2996 2372 3030 fit.

1551 3041 1561 3057 7
1582 3041 1647 3066 Vide
1668 3042 1707 3066 hic
1727 3041 1760 3066 lit.
1781 3042 1907 3072 Magistri,
1929 3048 1950 3065 c.
1975 3041 2012 3065 13.

1551 3084 1562 3100 8
1581 3086 1640 3110 Sive
1660 3086 1818 3116 proprietas;
1845 3085 1889 3110 cfr.
1910 3091 1988 3116 supra
2008 3091 2067 3116 pag.
2090 3083 2152 3115 1142,
2177 3086 2236 3109 nota
2257 3084 2302 3115 ll,
2328 3083 2372 3108 ubi
2390 3089 2426 3107 ea·
2479 3091 2481 3102 r

1482 3129 1541 3153 dem
1562 3136 1668 3160 propos.
1690 3129 1839 3160 explicatur.

1552 3172 1563 3189 9
1582 3173 1605 3197 ln
1626 3172 1652 3198 C.
1685 3173 1729 3198 Ea*
1761 3172 1853 3198 litteris
1884 3172 1975 3205 (10.)‚
2008 3172 2040 3197 de
2072 3171 2224 3197 Excessibus
2256 3171 2425 3203 praelatorum
2478 3176 2480 3195 ῑ

1480 3216 1535 3249 (lib.
1557 3217 1587 3241 V.
1608 3218 1642 3242 tit.
1664 3218 1725 3248 31.).
1746 3217 1832 3241 Verba
1853 3216 1913 3241 vide
1932 3217 1996 3241 infra
2016 3224 2037 3241 a.
2059 3217 2082 3241 2.
2103 3224 2127 3248 q.
2149 3216 2171 3241 3.
2192 3216 2306 3241 fundam.
2331 3216 2359 3246 3,
2383 3213 2424 3238 ubi

1480 3261 1557 3284 otiam
1578 3260 1609 3284 (lc
1629 3261 1721 3285 clerico
1741 3260 1795 3285 sive
1815 3260 1947 3285 sacerdote
1967 3267 2014 3290 per
2033 3260 2126 3284 saltum
2145 3259 2270 3285 ordinato.
2282 3256 2424 3283 —Plurimi

1481 3304 1557 3329 codd.
1577 3307 1601 3328 ct
1620 3304 1679 3329 cdd.
1700 3310 1837 3335 perperam
1859 3302 1924 3329 libro
1950 3302 2033 3329 tert-io.
2055 3317 2087 3320 —
2109 3303 2143 3328 De
2163 3302 2262 3328 maiori
2285 3302 2329 3327 cfr.
2349 3305 2424 3332 supra

1480 3355 1539 3379 pag.
1560 3348 1607 3379 78,
1629 3352 1687 3373 uota
1707 3349 1731 3372 8.
