2483 3882
12 351 128 378 aregarius.
144 350 199 381 pro
223 342 305 372 vario
328 351 411 373 more
434 344 597 375 Ecclesiae.
620 345 704 375 Unde
727 345 904 383 Gregorius:
926 358 937 371 «ι
957 347 997 376 De
1021 347 1097 378 trina

145 390 336 420 immersione
352 391 492 430 baptismi
510 392 550 422 nil
568 393 668 423 verius
684 394 858 432 responderi
876 398 989 432 potest,
1005 403 1095 433 quam

144 438 225 477 quod
249 447 301 469 vos
331 439 386 478 ipsi
416 441 570 478 sensistis;
600 441 670 480 quia
694 442 722 471 iu
746 450 804 472 una
827 442 885 472 lide
908 443 980 472 nihil
1003 443 1097 473 officit

144 486 298 517 Ecclesiae
313 491 436 518 sanctae
457 489 644 519 consuetudo
660 489 788 519 diversa.
812 490 886 525 Quia
903 491 981 520 euim
1004 491 1031 520 in
1049 492 1097 521 tri-

144 533 200 564 bus
215 534 417 565 subsistentiis
432 544 491 566 una
512 536 679 566 substantia
696 540 753 574 est,
775 538 1014 576 reprehensibile
1030 547 1095 568 csse

144 582 313 613 nullatenus
334 587 447 622 potest,
471 585 611 615 infantem
628 585 655 615 in
678 585 829 624 baptismo
846 586 891 616 vel
916 590 973 623 ter,
991 587 1035 617 vel
1052 596 1095 618 sc-

143 631 201 660 mel
224 631 417 669 immergere,
445 633 515 671 quia
540 637 569 663 et
592 634 619 663 in
648 633 743 664 tribus
765 634 966 664 mersionibus
994 643 1095 674 perso-

143 687 250 709 narum
266 679 410 716 Trinitas,
433 685 461 710 et
484 682 511 710 iu
527 690 586 712 una
602 686 701 720 potest
714 683 886 714 Divinitatis
901 684 1094 721 singularitas

143 726 303 764 designari.
325 728 386 758 Nos
402 737 486 764 vero,
502 731 553 768 qui
572 731 658 761 tertio
679 732 855 769 mergimus,
871 732 960 762 etiam
985 732 1095 762 tridua-

142 783 198 805 nae
218 776 392 814 sepulturae
415 782 634 808 sacramentum
657 780 810 817 signamus
826 792 852 809 n.
866 797 907 802 --
922 780 1092 810 Secundum

142 823 200 853 hoc
222 823 291 853 licet
313 833 371 854 non
396 825 485 855 modo
508 829 568 862 ter,
590 827 641 856 scd
659 828 748 857 etiam
771 828 863 858 semel
888 832 1003 858 tantum
1020 837 1094 859 mer-

140 878 219 907 gere.
235 871 277 901 lbi
300 875 396 902 tamen
413 873 570 903 dumtaxat
591 875 682 904 semel
700 884 835 914 mergere
850 876 936 912 licet,
959 877 1009 907 ubi
1026 886 1093 907 con-

139 919 268 949 suetudo
290 920 444 951 Ecclesiae
474 922 540 952 talis
563 923 671 952 existit.
695 924 725 953 Si
748 924 816 962 quis
839 933 911 954 vero
934 925 962 955 id
993 925 1092 956 facere

143 968 281 1006 incipiat,
305 968 355 998 uhi
379 970 565 1000 consuetudo
589 971 656 1001 talis
684 980 742 1002 non
766 976 825 1008 est,
849 973 895 1003 vel
917 974 1010 1004 semel
1032 978 1093 1004 tan-

142 1019 203 1045 tum
227 1017 422 1054 mergendum
445 1026 510 1048 esse
532 1024 663 1055 asserat,
685 1021 953 1059 reprehensibilem
976 1031 1007 1052 se
1023 1031 1092 1053 con-

41 1074 127 1102 flaymo.
143 1063 248 1093 stituit.
270 1064 354 1094 Unde
377 1066 533 1104 Haymo¹:
562 1080 573 1093 «
589 1068 619 1097 ln
649 1077 703 1098 suo
726 1077 814 1099 sensu
836 1070 1010 1100 abundabat
1039 1071 1092 1110 Cy-

140 1112 279 1149 priauuS,
302 1121 371 1142 cum
394 1114 487 1144 semel
516 1116 670 1153 mergebat
697 1117 724 1146 in
754 1117 904 1156 baptismo
927 1120 1090 1157 parvulos;

138 1159 189 1197 qui
212 1160 293 1198 quod
311 1161 494 1200 intelligebat
515 1163 649 1193 studiose
666 1165 825 1203 implebat,
846 1166 931 1196 bonis
947 1167 1090 1205 operibus

138 1207 336 1246 abundando,
359 1209 429 1240 lleet
452 1211 479 1240 in
502 1211 560 1241 hoc
583 1213 702 1243 nescius
717 1214 914 1253 delinqueret.
938 1215 995 1245 Sed
1019 1216 1089 1254 quia

137 1255 223 1285 bouis
252 1257 396 1295 operibus
419 1259 610 1297 abundabat,
639 1266 759 1300 postea,
782 1267 941 1302 correptus
968 1273 984 1294 a
1010 1265 1089 1301 Deo,

137 1303 302 1335 abundavit
323 1306 421 1336 altiori
444 1316 550 1344 sensu,
574 1312 618 1338 ter
640 1309 706 1340 illos
728 1312 934 1349 mergendo».
956 1329 996 1334 —
1011 1313 1090 1343 Ecce

136 1352 246 1389 habeS,
269 1354 340 1392 quia
362 1354 489 1394 deliquit
509 1357 560 1395 qui
583 1358 675 1388 semel
699 1360 817 1396 mersit;
846 1361 897 1390 sed
922 1361 979 1391 hoc
1006 1362 1088 1398 ideo,

136 1401 207 1438 quia
230 1401 318 1431 aliter
338 1411 370 1432 se
392 1403 523 1434 habebat
545 1405 625 1435 illius
646 1407 801 1438 Ecclesiae
823 1409 1025 1444 consuetudo,
1042 1410 1088 1439 vel

135 1449 206 1486 quia
229 1457 319 1479 unam
342 1453 457 1481 tantum
482 1453 647 1484 taciendam
667 1456 847 1486 mersionem
867 1457 1029 1487 asserebat.
1047 1458 1088 1487 De

137 1497 213 1527 trina
236 1498 384 1529 mersione
404 1501 612 1537 Augustinus²
641 1503 696 1533 ait:
726 1504 913 1543 «Postquain
944 1514 998 1535 nos
1027 1514 1089 1536 cre-

136 1545 207 1575 dere
235 1547 444 1585 promisimus,
475 1550 561 1579 tertio
588 1551 687 1590 capita
717 1556 817 1583 nostra
847 1554 875 1583 in
898 1554 1087 1585 sacrofonte

135 1593 343 1630 dimersimus,
373 1596 424 1633 qui
448 1597 522 1627 ordo
554 1598 724 1637 baptizandi
754 1600 869 1639 duplici
893 1603 1028 1640 mysterii
1052 1603 1088 1632 si-

134 1642 326 1680 gnificatione
355 1644 534 1675 celebratur.
557 1647 648 1676 Recte
670 1648 748 1677 enim
774 1650 860 1679 tertio
884 1651 973 1680 mersi
996 1652 1086 1687 estis,

134 1691 185 1728 qui
208 1692 369 1729 accepistis
391 1693 573 1731 baptismum
597 1695 625 1724 in
656 1697 776 1727 nomine
804 1698 965 1729 Trinitatis.
994 1700 1085 1730 Recte

134 1739 222 1769 tertio
255 1741 362 1778 mersi,
393 1742 463 1780 quia
496 1744 656 1782 accepistis
688 1745 870 1784 baptismum
904 1748 932 1777 in
964 1749 1084 1780 nomine

133 1786 259 1823 ChristI,
281 1789 332 1827 qui
362 1789 410 1819 die
434 1791 518 1820 tertia
540 1792 705 1822 resurrexit
727 1802 743 1823 a
768 1795 903 1824 mortuis.
926 1795 977 1826 Illa
1004 1797 1083 1826 euim

133 1835 220 1865 tertio
244 1837 370 1874 repetita
394 1838 546 1868 immersio
568 1843 674 1878 typum
691 1841 861 1872 dominicae
877 1844 1020 1882 exprimit
1041 1853 1084 1875 se-

130 1883 307 1921 pulturae».
329 1902 369 1907 —
390 1886 510 1917 Constat
532 1895 617 1925 ergo,
640 1888 837 1928 baptizandos
861 1893 947 1922 tertio
970 1893 1082 1924 debere

131 1931 282 1971 immergi;
300 1936 328 1962 et
343 1937 440 1964 tamen
453 1936 476 1964 si
493 1936 583 1965 semel
601 1941 715 1967 tantum
732 1939 963 1978 immergantur,
977 1950 1081 1972 verum

129 1979 277 2018 baptisma
299 1982 461 2021 accipiunt.
478 1984 514 2013 Et
536 1985 587 2023 qui
609 1986 701 2016 semel
718 1987 868 2025 immergit
890 1992 1004 2019 tantum
1022 1999 1080 2020 non

12 1503 119 1530 igustinus.

476 2139 971 2199 COMMENTARIUS
1010 2146 1080 2200 IN

208 2708 428 2742 Determinatis
445 2711 659 2751 praeambulis
675 2712 714 2744 ad
733 2713 948 2754 Sacramenta,
967 2716 996 2748 in
1015 2717 1073 2750 hac

121 2763 210 2800 parte
235 2761 423 2794 determinat
440 2763 584 2804 Magister
600 2764 639 2796 de
655 2765 863 2799 Sacramentis
881 2768 1071 2810 singillatim,

120 2815 151 2844 et
174 2813 269 2845 habet
294 2814 370 2846 haee
394 2824 468 2856 pars
489 2819 606 2857 septem
632 2822 737 2858 partes
759 2821 933 2853 secundum
951 2826 1070 2864 septem

122 2863 330 2897 Sacramenta.
349 2866 379 2897 ln
397 2867 499 2907 prima
515 2868 703 2901 determinat
727 2870 766 2902 de
783 2871 947 2913 baptismo.
972 2874 1004 2905 ln
1027 2883 1072 2907 se-

121 2917 224 2949 cunda
248 2918 287 2950 de
311 2918 561 2959 confirmatione,
586 2921 666 2953 infra
690 2923 887 2958 distinctione
916 2927 1068 2968 septima:

121 2968 217 3001 Nunc
241 2971 279 3002 [Ie
303 2971 518 3005 Sacramento
542 2974 813 3016 confirmationis.
840 2978 870 3010 ln
898 2981 987 3012 tertia
1019 2981 1070 3014 de-

120 3022 268 3054 terminat
292 3023 330 3055 de
353 3024 544 3058 eucharistia
568 3027 632 3059 sive
657 3028 696 3061 de
720 3029 920 3064 Sacramento
944 3033 1067 3072 altaris,

825 259 918 290 DlST.
942 259 987 291 Ill.
1013 261 1041 292 P.
1068 260 1086 291 l.
1113 260 1250 294 Dtvtsto
1275 263 1434 297 TEXTUS.

2080 273 2120 305 63

1165 353 1286 387 peccat,
1321 351 1376 381 nisi
1409 353 1596 383 consuetudo
1628 355 1783 386 Ecclesiae
1815 356 1955 395 obsistat,
1985 358 2032 388 vel
2061 359 2118 389 hoc

1164 397 1254 427 modo
1278 401 1391 428 tantum
1414 399 1525 431 debere
1548 401 1611 431 lieri
1635 406 1749 433 asserat
1763 404 1782 433 ².

1562 497 1630 529 CM‘.
1647 499 1717 529 Vlll.

1358 592 1484 628 Quando
1506 593 1695 626 circamczslo
1718 596 1822 628 (imisit
1847 598 1919 629 υίνη.

1240 686 1321 716 Solet
1342 688 1431 718 etiam
1455 691 1578 728 quaeri,
1600 692 1624 720 si
1647 692 1839 724 circumcisio
1866 697 1967 726 amisit
1988 698 2088 728 statim
2104 699 2113 713 ⁴

1162 734 1220 763 vim
1243 743 1328 764 suam
1351 735 1389 765 ab
1417 737 1603 769 institutione
1625 740 1777 778 baptismi.
1803 759 1843 765 —
1870 744 1914 773 Ad
1938 746 2019 783 quod
2041 746 2115 777 ‹lici-

1160 790 1246 819 mus,
1269 784 1298 813 in
1326 784 1434 815 Christi
1459 791 1554 817 morte
1584 790 1740 820 terminata
1772 799 1837 821 esse
1866 792 1972 830 legalia
2003 796 2111 825 omnia.

1159 831 1203 860 Ex
1237 835 1308 862 tuuc
1341 833 1433 870 igitur
1463 835 1655 866 circumcisio
1688 839 1820 876 perdidit
1853 840 1913 870 vim
1945 850 2050 879 suam,
2074 844 2113 873 ita

1159 879 1240 917 quod
1264 884 1367 917 postea
1391 890 1448 911 non
1473 883 1650 920 prol'ece1·it;
1673 886 1773 923 potius
1796 887 1891 918 obfuit
1913 889 2113 920 observatori-

1159 927 1214 957 bus
1235 929 1314 965 suis,
1336 929 1389 959 sed
1412 939 1509 970 usque
1538 932 1577 961 ad
1600 933 1781 964 oblationem
1813 944 1902 967 verae
1924 937 2040 969 hostiae
2063 948 2113 977 po-

1159 976 1214 1006 tuit
1247 977 1400 1015 prodesse.
1431 979 1460 1009 Si
1483 981 1561 1010 enim
1592 986 1660 1012 ante
1685 984 1856 1021 passionem
1887 985 1993 1024 legalia
2022 988 2112 1018 finem

1158 1025 1349 1062 habuissent,
1372 1036 1446 1064 non,
1469 1037 1504 1059 ea
1526 1029 1717 1066 imminente,
1742 1036 1826 1062 vetus
1848 1035 1961 1072 pascha
1985 1044 2054 1066 cum
2071 1037 2112 1066 di-

1156 1073 1283 1112 scipulis
1305 1075 1527 1106 manducasset.

1564 1175 1632 1205 CAP.
1656 1176 1704 1206 IX.

1354 1270 1397 1299 De
1420 1279 1510 1300 causa
1532 1271 1734 1304 institutionis
1757 1273 1909 1314 baptismi.

1245 1364 1340 1395 Causa
1373 1374 1444 1396 vero
1479 1367 1673 1399 institutionis
1706 1370 1846 1409 baptismi
1879 1377 1923 1403 cst
1955 1374 2107 1406 innovatio

1154 1412 1280 1449 mentis,
1303 1417 1335 1443 ut
1356 1414 1461 1452 homo,
1483 1416 1534 1454 qui
1558 1425 1612 1456 per
1634 1423 1792 1456 peccatum
1816 1425 1899 1451 vetus
1922 1422 2033 1460 fuerat,
2053 1433 2108 1463 per

1153 1461 1280 1497 gratiam
1303 1461 1445 1500 baptismi
1466 1470 1646 1501 renovetur,
1669 1468 1748 1506 quod
1766 1469 1796 1498 sn
1813 1469 2001 1508 depositione
2024 1473 2107 1503 vitio-

1153 1517 1219 1538 rum
1242 1513 1271 1539 et
1293 1511 1453 1541 collatione
1482 1513 1635 1544 virtutum.
1659 1515 1708 1545 Sic
1731 1517 1809 1546 enim
1841 1518 1872 1547 tit
1898 1519 2028 1559 quisque
2056 1531 2107 1551 720-

1152 1566 1208 1587 vus
1230 1557 1338 1594 homo,
1361 1568 1447 1596 cum,
1470 1561 1589 1592 abolitis
1611 1565 1763 1601 peccatis,
1786 1570 1911 1597 ornatur
1932 1569 2103 1600 virtutibus.

1152 1606 1283 1636 Abolitio
1306 1612 1501 1645 peccatorum
1525 1611 1609 1648 pellit
1631 1612 1821 1650 foeditatem,
1843 1617 1994 1654 appositio
2018 1619 2107 1648 virtu-

1153 1657 1215 1683 tum
1239 1655 1325 1685 affert
1339 1656 1497 1694 decorem,
1520 1663 1549 1688 et
1564 1659 1639 1690 haee
1662 1665 1707 1691 est
1720 1671 1768 1692 res
1791 1663 1881 1693 huius
1903 1664 2104 1704 Sacramenti,

1150 1702 1268 1732 scilicet
1290 1703 1414 1735 interior
1436 1707 1592 1738 munditia.

1230 1751 1259 1782 Si
1283 1754 1456 1791 quaeritur,
1478 1759 1578 1785 utrum
1602 1756 1770 1795 baptismus
1792 1762 1946 1799 aperuerit
1967 1763 2104 1801 caelum,

1150 1799 1231 1837 quod
1254 1809 1311 1830 nou
1335 1803 1455 1840 aperuit
1476 1803 1686 1844 circumcisi0;
1716 1807 1861 1845 dicimus,
1885 1811 1955 1849 quia
1978 1820 2033 1842 nec
2056 1812 2105 1843 ba·
2122 1815 2214 1838 Dubium
2229 1818 2250 1839 3›

1150 1847 1277 1885 ptismus
1299 1857 1354 1879 nec
1381 1851 1574 1882 circumcisio
1607 1854 1721 1885 aditum
1744 1857 1826 1895 regui
1857 1858 1943 1889 nobis
1965 1861 2102 1899 aperuit,

1147 1895 1200 1925 sed
1223 1896 1321 1927 hostia
1343 1897 1523 1936 SalvatoriS,
1547 1909 1625 1939 quae
1647 1903 1671 1932 si
1696 1907 1832 1943 tempore
1860 1907 2102 1939 circumcisionis

1147 1943 1247 1974 oblata
1270 1945 1388 1984 fuisset,
1411 1947 1491 1978 illius
1521 1952 1665 1989 temporis
1687 1952 1824 1984 homines
1851 1963 1976 1994 regnum
1999 1958 2102 1989 intras-

1146 1996 1220 2022 sent.
1243 1994 1300 2024 Res
1323 1995 1414 2032 igitur
1435 1996 1526 2027 huius
1547 1998 1734 2031 Sacramenti
1758 2002 1930 2034 iustificatio
1953 2009 2006 2035 est.

1118 2147 1614 2208 DISTINOTIONEM
1653 2156 1746 2210 HI.

1039 2263 1121 2296 PARS
1144 2265 1164 2296 I.

548 2369 598 2406 De
626 2369 797 2421 baptismo
827 2380 994 2423 quantum
1024 2376 1067 2413 ad
1096 2376 1210 2427 ipsum
1240 2379 1503 2419 Sacramentum
1533 2396 1594 2434 per
1624 2397 1671 2423 se.

645 2477 725 2509 Post
750 2477 828 2511 llaec
852 2480 1029 2513 videndum
1054 2487 1115 2521 est,
1140 2484 1221 2526 quid
1243 2485 1287 2517 sic
1311 2486 1494 2528 baptismus
1518 2494 1575 2523 etc.

951 2605 1088 2639 DIVlSIO
1113 2609 1211 2641 TEXT
1217 2611 1267 2642 US.

1138 2719 1218 2752 infra
1243 2721 1439 2756 distinctione
1464 2729 1586 2758 octava:
1612 2727 1693 2759 Post
1717 2728 1873 2770 baptismi
1896 2731 2091 2765 Sacramen-

1137 2777 1206 2805 mm
1242 2778 1271 2806 et
1294 2775 1565 2817 confirmationis.
1599 2780 1630 2812 ln
1667 2786 1780 2823 quarta
1816 2783 1854 2816 de
1878 2785 2088 2826 poenitentia,

1136 2825 1216 2858 infra
1233 2827 1430 2861 distinetione
1455 2830 1576 2863 decima
1601 2838 1731 2874 quarta:
1756 2836 1837 2867 Post
1860 2835 1940 2869 liaeo
1956 2838 1993 2870 de
2019 2849 2088 2880 poe-

1135 2878 1273 2911 nitentia
1308 2882 1473 2923 ctyemlztm
1509 2888 1564 2915 est.
1590 2885 1621 2917 ln
1657 2886 1766 2928 quinta
1791 2888 1830 2921 de
1865 2894 2009 2923 extrema
2034 2902 2088 2924 un-

1135 2931 1250 2970 ctione,
1286 2932 1366 2965 infra
1391 2934 1587 2969 distinctione
1623 2939 1774 2980 vigesima
1811 2942 1921 2974 tertia:
1946 2944 2087 2976 Praeter

1130 2985 1321 3024 praemissa
1344 2991 1391 3018 esc
1409 2987 1505 3020 (iliud
1529 2989 1793 3025 Sacramentum.
1812 2994 1844 3026 ln
1869 3000 1960 3028 sexta
1977 2997 2015 3029 de
2039 3007 2086 3029 or-

1133 3035 1223 3075 dine,
1248 3037 1328 3069 infra
1352 3039 1549 3074 distinctione
1574 3042 1724 3084 vigesima
1753 3050 1887 3087 quarta:
1913 3047 2009 3081 Nune
2041 3051 2086 3082 ad

190 3203 196 3219 ¹
219 3205 328 3236 Exposit.
349 3207 372 3231 in
393 3207 470 3238 Epist.
491 3208 523 3233 ad
543 3210 616 3235 llom.
643 3211 678 3239 14¹
700 3212 723 3237 5.

188 3247 198 3263 2
217 3249 296 3273 Serui.
319 3250 352 3275 de
372 3251 489 3282 Mysterio
504 3252 623 3284 baptismi
638 3254 713 3286 (inter
726 3257 781 3282 eius
794 3260 898 3291 opera);
917 3263 941 3285 et
954 3260 980 3286 C.
995 3261 1067 3287 Post-

115 3298 199 3323 quam
227 3299 272 3318 cos
300 3293 377 3326 (78.),
397 3295 429 3320 de
449 3294 594 3322 Consecrat.
620 3298 677 3324 dist.
700 3299 728 3332 si,
749 3301 793 3326 ubi
822 3309 881 3327 eum
905 3305 1022 3336 originali
1042 3311 1067 3331 et

117 3334 225 3366 lingone
250 3344 298 3368 pro
323 3344 397 3364 izos...
422 3340 621 3372 promisimus...
647 3343 733 3376 capita
759 3347 851 3371 nostra
877 3347 969 3379 legitur
995 3356 1064 3375 ros...

116 3379 299 3410 promisistis...
320 3382 406 3416 capita
428 3386 522 3410 restra.

1200 3219 1210 3236 ³
1231 3221 1284 3246 Iloe
1304 3226 1328 3247 et
1347 3223 1467 3254 praeced.
1489 3231 1545 3257 cap.
1566 3229 1680 3252 sumtum
1701 3230 1739 3253 est
1757 3236 1787 3253 ex
1807 3229 1916 3261 lingone
1930 3238 1943 3256 a
1964 3232 1988 3257 S.
2010 3233 2082 3262 Vici„

1132 3264 1203 3289 Sum.
1224 3265 1292 3291 Sem.
1314 3270 1344 3291 tr.
1364 3266 1387 3291 5.
1407 3275 1428 3293 c.
1451 3267 1473 3293 4.
1493 3274 1517 3294 et
1543 3270 1579 3294 lO.
1600 3274 1697 3296 mutato
1717 3272 1845 3298 interdum
1866 3275 1964 3300 ordine.

1202 3308 1212 3325 ⁴
1232 3309 1314 3335 Codd.
1333 3315 1357 3336 et
1375 3312 1434 3337 edd.
1459 3313 1479 3344 i,
1500 3314 1528 3344 2,
1550 3314 1572 3344 3,
1594 3315 1608 3339 7
1628 3316 1728 3342 statum
1747 3324 1795 3348 pro
1813 3318 1901 3344 stalt'm
1922 3319 1974 3346 rim
1994 3327 2081 3347 suam.

1130 3353 1209 3378 —ln
1229 3355 1398 3387 sequentibus
1426 3358 1598 3388 respiciuntur
1626 3360 1711 3386 Matth.
1732 3362 1777 3393 26,
1809 3363 1841 3394 23
1867 3364 1943 3389 Marc.
1978 3364 2019 3396 14,
2055 3367 2080 3397 l;

1131 3397 1191 3422 Luc.
1212 3399 1256 3430 22,
1283 3399 1306 3431 l;
1328 3400 1395 3425 loau.
1422 3401 1458 3433 13,
1483 3402 1502 3426 1.
