2483 3882
484 278 547 310 896

484 363 565 406 quod
592 364 675 395 Deus
699 361 786 399 facit;
812 364 842 392 et
865 360 907 391 ita
932 359 1120 391 miraculum
1145 362 1208 396 est,
1233 358 1258 390 si
1283 358 1433 390 suscitan-

484 420 535 449 tur
559 416 599 447 ad
624 423 730 446 vocem
756 413 859 450 illam,
884 412 964 444 sicut
988 411 1011 443 si
1037 411 1077 442 ad
1102 419 1210 451 preces
1243 410 1329 442 Pauli
1345 410 1364 441 ¹.
1389 429 1432 433 —-

326 479 470 501 Aliasoiutio.
485 469 682 503 Praeterea,
707 468 773 497 esto
797 464 881 505 quod
911 463 983 495 data
1007 462 1046 494 sit
1070 462 1191 500 virtus3
1216 462 1290 504 quia
1313 465 1360 494 est
1391 462 1429 494 ad

482 524 586 552 actum
611 526 708 559 supra
731 521 875 548 naturam
894 519 924 548 et
941 515 1070 547 modum
1091 515 1243 556 operandi
1268 523 1365 556 supra
1382 523 1432 546 na-

481 576 602 609 turam,
628 569 700 601 hinc
723 572 786 607 est,
811 567 894 609 quod
913 566 1100 599 miraculose
1125 567 1191 599 exit
1208 566 1237 598 in
1255 575 1344 599 suam
1362 576 1432 608 ope-

480 623 650 660 rationem,
675 621 756 654 sicut
779 620 926 662 exemplo
951 624 1036 662 patet
1059 620 1098 652 de
1123 620 1260 662 potentia
1277 620 1430 661 pariendi,

481 684 560 717 quae
585 674 699 707 dicitur
723 674 796 706 data
818 673 927 706 beatae
951 673 1069 714 Virgini
1084 673 1104 704 ².

568 727 616 760 Sic
644 727 740 768 igitur
764 730 864 767 patet,
889 726 974 767 quod
1005 725 1206 757 resurrectio
1239 725 1352 757 Christi
1385 729 1431 757 est

359 792 465 819 Epilogus.
481 789 575 813 causa
598 783 629 812 et
643 789 707 811 voa:
730 779 835 820 aliquo
859 778 973 816 modo,
998 782 1103 810 tamen
1127 777 1307 819 principalis
1334 786 1429 810 causa

479 837 526 865 est
548 832 603 864 Dei
628 832 729 864 virtus
753 835 783 863 et
804 831 858 863 Dei
875 830 1043 872 sapientia;
1060 834 1091 862 et
1108 831 1297 863 resurrectio
1314 829 1428 862 Christi

349 892 465 945 ¹¹¹Z‘ii3'xtri'
479 888 617 917 nostram
643 884 736 916 infert
759 883 1022 916 resurrectionem
1047 883 1112 915 sive
1128 891 1185 924 per
1202 881 1402 925 hypothesim
1417 881 1428 896 ⁸

566 1036 798 1077 Consequenter
830 1038 984 1077 quantum
1016 1034 1056 1066 ad
1085 1034 1255 1066 secundam
1285 1034 1430 1075 parteni⁵

478 1088 685 1121 distinctionis
707 1088 872 1129 quaeritur
888 1088 927 1120 de
944 1087 1105 1128 apertione
1130 1086 1295 1118 librorum.
1315 1086 1348 1118 Et
1365 1086 1428 1118 duo

477 1141 516 1174 de
540 1141 599 1174 hoc
624 1141 838 1182 principaliter
862 1143 1071 1182 quaeruntur.

1243 271 1527 304 SENTENTIARUM
1550 272 1618 303 LlB.
1643 273 1690 304 lV.

1495 376 1538 381 ——
1562 362 1597 390 ut
1621 358 1645 390 si
1670 367 1734 390 una
1757 358 1861 390 anima
1883 362 1931 391 est
1953 359 2159 399 immortalis,
2173 364 2204 393 et
2219 370 2345 400 omnes3
2361 362 2445 394 simi-

1496 410 1566 443 liter
1591 411 1615 443 si
1641 420 1723 443 unus
1739 412 1933 450 resurrexit,
1951 415 1981 444 et
1997 420 2106 444 omnes
2123 431 2167 436 -
2182 413 2247 445 sive
2262 423 2319 455 per
2336 414 2442 446 locum

1496 472 1518 494 a
1541 462 1683 501 minori,
1708 464 1782 505 quia
1805 463 1909 496 anima
1941 464 2054 497 Christi
2087 464 2178 497 beata
2206 465 2310 498 minus
2333 467 2443 507 egebat

1496 525 1627 556 corpore
1650 525 1745 558 quam
1769 516 1866 554 aliae3
1890 517 1956 549 sive
1979 525 2035 558 per
2060 517 2166 549 locum
2182 527 2204 549 a
2221 527 2328 550 causa
2343 528 2444 551 exem-

1492 567 1588 609 plari
1610 568 1708 600 relata
1731 568 1770 600 ad
1794 568 1998 608 efficientem,
2022 568 2139 601 scilicet
2166 569 2240 611 quia
2262 569 2304 602 ibi
2329 574 2376 602 est
2399 580 2443 604 re-

1496 621 1650 653 surrectio
1674 624 1780 653 nostra
1803 621 1963 660 inchoata,
1995 624 2026 653 et
2056 625 2186 663 propter
2216 630 2273 654 nos
2301 622 2443 656 Christus
2467 627 2468 630 ’

1496 677 1542 705 est
1567 673 1765 712 incarnatus,
1782 682 1894 714 passus
1911 677 1942 705 et
1958 677 2117 711 mortuus,
2135 677 2165 706 et
2181 675 2358 707 resurrexit
2374 685 2444 717 pro-

1494 728 1564 766 pter
1588 733 1644 757 nos
1675 725 1787 764 etiam,
1811 729 1841 757 et
1865 729 1971 757 nostra
1996 725 2185 758 resurrectio
2210 726 2239 758 in
2264 735 2300 759 eo
2324 730 2371 759 est
2400 728 2444 759 in-

1496 778 1605 810 :hoata
1636 781 1784 819 tanquam
1810 778 1840 809 in
1864 777 2000 819 quodam
2032 779 2198 820 exemplo:
2224 787 2299 820 ergo
2330 780 2355 812 si
2387 780 2444 812 Dei

1491 828 1638 872 perfecta
1650 833 1728 861 sunt
1740 839 1852 871 opera,
1865 834 1999 871 oportet,
2012 831 2224 873 corruptibile
2237 830 2294 864 hoc
2307 832 2443 865 induere

1493 882 1774 924 incorruptionem
1787 882 1805 914 ⁴.
1831 883 1866 914 Et
1889 882 1932 915 sic
1957 887 2042 924 patet
2065 883 2154 916 illud.

1584 1034 1686 1065 Primo
1709 1034 1874 1075 quaeritur
1897 1034 1936 1066 de
1960 1034 2041 1066 libro
2065 1034 2155 1067 vitae.

1583 1086 1736 1124 Secundo,
1761 1086 1800 1118 de
1825 1086 1912 1119 libris
1936 1087 2150 1120 conscientiae.

1292 1271 1556 1310 ARTICULUS
1586 1272 1628 1310 ΙΙ.

1328 1374 1372 1405 De
1396 1373 1479 1406 libro
1502 1373 1597 1406 vitae.

563 1486 651 1519 Circa
675 1486 815 1528 primum
840 1489 1037 1528 quaeruntur
1061 1485 1130 1517 tria.

564 1540 666 1572 Primo
691 1539 854 1581 quaeritur
879 1539 918 1571 de
942 1539 1010 1571 eius
1034 1538 1218 1580 quidditate.

1580 1485 1739 1524 Secundo,
1765 1486 1803 1518 de
1828 1486 1985 1527 scriptura
2008 1486 2116 1528 ipsius.

1580 1538 1700 1576 Tertio,
1726 1538 1764 1570 de
1788 1538 1957 1580 apertione.

1349 1670 1532 1712 QUAESTIO
1557 1671 1577 1702 Ι.

1223 1769 1267 1800 De
1292 1768 1475 1811 qztidditate
1500 1768 1578 1800 libri
1599 1768 1694 1800 vitae.

561 1890 718 1930 Quantum
751 1897 826 1930 ergo
857 1888 896 1921 ad
928 1889 1067 1930 primum
1093 1888 1136 1920 sic
1160 1888 1360 1929 prooemium
1392 1891 1423 1920 et

472 1942 664 1980 ostenditur,
690 1942 774 1983 quod
799 1941 878 1974 liber
903 1941 955 1973 ille
979 1941 1018 1973 sit
1042 1941 1108 1982 ipse
1134 1940 1193 1972 Dei
1216 1940 1334 1972 Filias.

566 1996 593 2026 1.
617 1995 718 2036 Super
750 1994 829 2026 illud
861 1994 1019 2026 Psalmi⁶:
1050 1993 1227 2025 Delectatur
1259 1993 1297 2025 de
1321 1993 1422 2031 libro,

316 2057 459 2084 Argg.pr01.
476 2048 602 2080 Glossa:
628 2048 659 2080 id
684 2051 746 2086 est,
777 2047 863 2079 «Dei
880 2047 1005 2085 notitia,
1023 2056 1085 2088 qua
1110 2047 1373 2088 praedestinavit
1395 2050 1423 2078 et

331 2087 397 2111 μηθ’
473 2100 667 2142 praescivit,
693 2098 877 2141 conformes
899 2099 975 2141 fieri
997 2099 1156 2141 imayiiiis
1181 2099 1261 2131 Filii
1287 2099 1388 2130 Dei».

563 2155 591 2185 Ξ).
613 2153 698 2191 ltem,
715 2152 914 2194 Apocalypsis
931 2152 1113 2194 vigesimo⁷z
1126 2152 1223 2184 Alius
1237 2151 1316 2183 liber
1333 2161 1425 2193 aper-

473 2211 524 2238 tas
549 2212 612 2244 est,
637 2206 764 2238 Glossa:
796 2206 888 2238 Liber
913 2205 969 2238 iste
994 2209 1041 2238 est
1070 2204 1360 2247 «praedestinatio,
1394 2205 1423 2236 in

471 2269 533 2301 qua
557 2268 666 2291 omnes
698 2258 838 2291 salvandi
864 2258 971 2300 scripti
997 2262 1070 2290 sunt
1086 2269 1116 2289 ».

559 2312 649 2353 Quod
672 2315 778 2344 autem
804 2311 883 2344 liber
909 2312 988 2343 vitae
1012 2311 1052 2343 sit
1077 2309 1228 2343 Christus
1243 2310 1423 2342 secandum

471 2364 709 2397 humanitatem
720 2391 728 2402 ,
753 2364 879 2397 videtur
893 2376 899 2396 ε

554 2418 587 2461 ,3.
612 2419 692 2459 Quia
720 2417 889 2459 Gregorius
921 2417 950 2449 in
983 2417 1194 2449 Moralibusssz
1225 2416 1318 2449 dicit:
1350 2416 1425 2448 «Li-

470 2472 525 2504 ber
548 2472 629 2503 vitae
661 2474 708 2503 est
738 2470 816 2503 visio
849 2470 960 2503 iudicis
984 2470 1198 2508 advenientis,
1224 2470 1314 2512 quia,
1340 2469 1425 2511 quis-

1487 1889 1558 1930 quis
1583 1897 1655 1921 eum
1680 1888 1812 1927 viderit,
1839 1897 1931 1927 mox,
1957 1892 2034 1921 teste
2058 1888 2262 1927 conscientia,
2284 1889 2437 1932 quidquid

1488 1942 1559 1973 boni
1594 1941 1642 1974 vel
1666 1941 1740 1973 mali
1773 1941 1896 1980 fecerit,
1921 1941 2110 1983 intelligit»;
2139 1942 2194 1974 sed
2230 1942 2372 1975 Christus
2397 1943 2438 1975 iu-

1488 1993 1652 2026 dicaturus
1675 1997 1722 2025 est
1746 1993 1776 2025 in
1800 1993 1902 2025 forma
1926 1993 2029 2026 servi:
2054 2002 2129 2035 ergo
2153 1998 2210 2026 etc.

1576 2047 1606 2078 li.
1632 2046 1728 2084 ltem‘,
1765 2046 1872 2078 Glossa
1907 2046 2106 2088 Apocalypsis
2141 2046 2316 2088 vigesimo⁹
2345 2047 2437 2086 dicit,

1485 2099 1568 2141 quod
1604 2099 1714 2131 «liber
1750 2099 1831 2131 vitae
1862 2103 1909 2131 est
1940 2098 2101 2137 Christus,
2133 2099 2185 2140 qui
2223 2103 2296 2132 tunc
2329 2103 2436 2141 potens

1487 2152 1634 2184 omnibus
1659 2152 1822 2193 apparebit
1837 2163 1868 2189 »;
1887 2152 1942 2184 sed
1959 2161 2020 2184 non
2037 2151 2200 2193 apparebit
2216 2152 2363 2184 omnibus
2379 2152 2436 2185 nisi
2482 2166 2483 2181 ;

1488 2205 1663 2237 secundum
1688 2205 1936 2237 humanitatem:
1962 2213 2036 2246 ergo
2060 2208 2118 2237 etc.

1578 2259 1605 2289 5.
1631 2257 1690 2289 Sed
1716 2257 1800 2299 quod
1818 2257 1857 2289 sit
1884 2257 1931 2289 vis
1948 2257 2123 2300 quaedam,
2142 2266 2198 2290 nec
2215 2258 2365 2290 Divinitas
2382 2267 2436 2291 nec
2480 2270 2482 2276 ⁴

1488 2310 1685 2348 humanitas,
1718 2310 1844 2342 videtur
1873 2310 1978 2342 dicere
2002 2310 2193 2351 Augustinus
2218 2310 2367 2352 vigesimo
2399 2311 2435 2344 de
2479 2342 2481 2347 ,

1488 2363 1617 2395 Civitate
1641 2362 1695 2394 Dei
1710 2362 1749 2393 ¹0:
1781 2362 1865 2395 «Vis
1888 2363 2044 2404 quaedam
2069 2363 2175 2395 divina
2206 2363 2330 2396 nomine
2362 2363 2438 2395 libri
2479 2375 2480 2405 j

1488 2415 1706 2456 intelligenda,
1731 2424 1794 2456 qua
1817 2415 1887 2453 fiet,
1912 2419 1947 2447 ut
1971 2416 2084 2457 cuique
2116 2415 2196 2447 bona
2228 2419 2258 2448 et
2286 2416 2368 2448 mala
2397 2416 2435 2449 ad

1489 2469 1672 2500 memoriam
1706 2472 1910 2507 revocentur,
1935 2477 2015 2510 quae
2041 2468 2111 2500 libri
2137 2478 2248 2501 nomen
2273 2469 2436 2511 accepit».
2477 2463 2479 2498 ξ

541 2657 548 2673 ¹
568 2658 634 2683 Vide
654 2659 706 2683 Aet.
727 2658 775 2689 20,
798 2658 823 2682 9.
845 2664 917 2689 seqq.

537 2702 548 2718 2
568 2702 602 2727 De
622 2709 674 2734 quo
694 2702 738 2726 cfr.
759 2701 793 2726 111.
814 2702 881 2727 Seni.
903 2701 926 2725 d.
948 2700 972 2725 li.
992 2708 1014 2725 a.
1036 2701 1060 2726 3.
1082 2708 1108 2733 q.
1131 2701 1155 2725 2.

539 2745 549 2762 3
568 2746 717 2771 Secundum
737 2746 852 2777 Aristot,
868 2745 904 2770 111.
925 2745 1016 2776 Topic.
1031 2752 1052 2769 c.
1073 2744 1097 2769 4.
1121 2745 1152 2776 (0.
1173 2744 1217 2776 6,).
1237 2744 1287 2769 Cir.
1308 2747 1368 2769 tom.
1389 2744 1417 2770 11.

467 2797 528 2821 pag.
551 2789 595 2813 461
611 2809 616 2820 ,
630 2793 688 2814 nota
708 2789 731 2814 6.
753 2803 786 2806 —-
807 2789 841 2813 De
862 2789 917 2813 loco
936 2795 953 2813 α
972 2787 1072 2814 minori
1090 2788 1149 2813 vide
1164 2791 1226 2813 tom.
1242 2788 1257 2812 1.
1280 2794 1339 2819 pag.
1355 2787 1418 2819 835,

467 2836 524 2858 nota
546 2832 569 2857 5.

538 2875 549 2892 ⁴
569 2876 640 2901 Dent.
662 2876 708 2907 32,
732 2876 754 2900 4.
776 2880 799 2900 et
820 2876 834 2900 1.
856 2875 913 2900 Cor.
930 2875 975 2906 15,
989 2875 1030 2900 53.
1045 2889 1078 2892 —
1099 2876 1224 2906 Superius
1244 2882 1292 2906 pro
1310 2876 1418 2908 propter

469 2926 516 2945 nos
539 2919 631 2951 etiam,
656 2920 726 2951 quod
746 2919 806 2944 edd.
829 2920 962 2951 omittunt,
985 2919 1042 2944 cod.
1063 2918 1083 2943 O
1102 2919 1212 2951 propter
1236 2920 1358 2944 nostram
1377 2925 1420 2944 re—

467 2963 667 2990 surrectionem.
692 2963 807 2988 Subinde
828 2970 875 2994 pro
894 2962 922 2987 in
941 2969 969 2988 eo
989 2963 1027 2988 est
1048 2962 1187 2994 inchoata,
1204 2962 1275 2994 quod
1295 2962 1420 2994 praebent

468 3007 543 3032 codd.
564 3008 659 3032 EFlK
672 3007 732 3038 LP,
753 3008 792 3031 alii
814 3007 889 3032 codd.
909 3011 934 3032 et
961 3006 1021 3031 edd.
1042 3007 1127 3031 minus
1147 3006 1213 3031 bene
1232 3005 1289 3031 ideo
1318 3007 1355 3031 est
1383 3005 1420 3031 in-

467 3050 563 3077 choata
581 3050 654 3084 [edd.
675 3051 774 3076 addunt
797 3052 820 3077 et
838 3050 866 3076 iit
887 3050 939 3084 eo].
954 3064 990 3068 —
1011 3050 1075 3075 Vide
1094 3050 1208 3075 scholion
1238 3050 1271 3075 ad
1300 3049 1322 3074 4.
1344 3051 1420 3075 11111115

468 3095 566 3120 articuli
581 3098 680 3127 quaest.

537 3139 547 3154 ⁵
568 3139 620 3163 lioc
640 3140 723 3170 primo
744 3139 814 3169 loco,
838 3139 903 3163 sicut
922 3141 946 3163 et
963 3138 1027 3163 infra
1048 3137 1072 3162 d.
1088 3137 1134 3169 49,
1151 3137 1286 3162 exhibetur
1301 3139 1420 3162 tractatus

468 3183 595 3208 distinctio
614 3183 660 3208 alia
681 3190 695 3208 a
715 3186 848 3213 consueta,
864 3189 943 3215 quarn
962 3182 1102 3208 sectionem
1116 3182 1246 3213 appellare
1266 3188 1418 3213 possumus,

468 3233 535 3258 quae
549 3228 589 3251 1110
604 3227 669 3251 (11105
686 3227 806 3252 articulos
821 3233 880 3251 cum
894 3227 948 3251 suis
961 3225 1156 3259 quaestionibus
1169 3226 1296 3257 continet;
1311 3225 1356 3250 sed
1370 3226 1419 3250 hoc

469 3270 523 3294 loco
543 3271 644 3295 retineri
660 3274 743 3302 potest
762 3274 882 3295 consueta
903 3271 1095 3301 superscriptio.

538 3313 548 3330 6
568 3314 658 3339 psalm.
680 3315 728 3346 68,
752 3315 792 3339 29.
812 3328 848 3332 —
867 3314 969 3345 Glossa,
986 3315 1009 3338 in
1025 3321 1075 3345 qua
1089 3315 1225 3345 respicitur
1241 3314 1314 3338 Rom.
1331 3314 1359 3345 8,
1375 3314 1416 3344 29,

469 3360 506 3381 cst
525 3357 664 3383 ordinaria
693 3358 762 3389 apud
783 3358 904 3383 strabum
932 3361 957 3383 et
984 3358 1122 3389 Lyranum.
1151 3357 1200 3383 Csr.
1228 3357 1374 3383 Cassiodor.
1395 3360 1420 3382 et

468 3400 568 3431 llaymo
588 3401 611 3425 111
632 3402 700 3425 1111110
720 3402 765 3426 loc.
787 3415 819 3419 —-
841 3401 934 3426 Verbis
953 3402 1044 3426 Psalmi
1065 3408 1124 3426 eum
1146 3402 1255 3433 Vulgata
1269 3401 1326 3426 cod.
1346 3401 1364 3425 F
1377 3401 1419 3426 ad-

2475 2633 2476 2645 l

1486 2656 1521 2681 dit
1535 2655 1692 2687 viventium,
1709 2655 1755 2680 sed
1769 2655 1825 2680 cod.
1846 2655 1864 2679 L
1879 2654 1955 2680 vitae.
1978 2655 2002 2680 ln
2026 2658 2093 2680 textu
2118 2655 2234 2686 originali
2255 2658 2313 2686 post
2331 2653 2432 2688 praede·
2474 2653 2476 2679 ι’

1485 2699 1594 2725 stirzavit
1606 2700 1714 2725 habetur
1728 2699 1763 2725 acl
1775 2699 1871 2730 vitam,
1894 2705 1960 2732 quos
1979 2698 2145 2732 praescivit...
2165 2698 2228 2724 Filii
2245 2698 2295 2724 sui.

1555 2744 1566 2761 7
1587 2745 1658 2769 Vers.
1684 2745 1720 2769 12.
1742 2759 1775 2761 —
1794 2744 1819 2768 ln
1840 2744 2002 2775 Expositione
2022 2744 2046 2768 in
2066 2743 2264 2775 Apocalypsim,
2293 2750 2359 2775 quae
2375 2743 2432 2767 alias
2473 2754 2474 2760 .

1484 2788 1622 2813 Ambrosio
1642 2788 1817 2819 tribuebatur,
1832 2788 1935 2813 Visione
1949 2790 2017 2812 sexta
2039 2787 2161 2812 habetur:
2176 2788 2222 2812 Per
2241 2787 2335 2812 librum
2349 2790 2431 2812 autem
2471 2811 2473 2820 ,

1483 2834 1551 2858 vitae
1574 2832 1834 2864 praedestinationem
1849 2832 1893 2856 Dei
1907 2832 2089 2863 omnipotentis
2108 2838 2250 2863 possumus
2270 2831 2431 2862 intelligere...

1485 2876 1519 2900 De
1540 2877 1588 2901 1100
1609 2876 1673 2900 libro
1693 2875 1830 2906 Apostolus
1851 2875 1943 2900 Paulus
1963 2875 2075 2907 loquitur
2101 2875 2189 2899 dicens
2209 2873 2296 2907 [Rom.
2313 2875 2341 2905 8,
2363 2872 2431 2906 29.]:

1487 2918 1558 2950 Quos
1577 2920 1666 2944 stlitem
1685 2918 1843 2951 praescivit,
1866 2918 1913 2944 hos
1933 2920 1958 2944 et
1974 2917 2183 2951 praedestinavit
2201 2922 2247 2943 etc.
2269 2917 2388 2948 Sti-abus,
2406 2917 2429 2940 in

1484 2964 1553 2988 1111110
1573 2964 1628 2994 loe,
1658 2963 1729 2987 affert
1758 2964 1839 2988 bane:
1861 2962 1936 2988 Liber
1961 2965 1999 2987 est
2023 2963 2191 2993 praescientia
2212 2962 2269 2992 Dei,
2290 2962 2349 2994 quia
2375 2965 2430 2986 tunc
2469 2969 2471 2992 1

1484 3010 1572 3038 aperte
1591 3007 1671 3031 scient
1690 3007 1758 3037 mali,
1781 3013 1808 3031 se
1829 3013 1877 3031 non
1900 3006 2102 3037 praedestinatos
2122 3005 2155 3030 ad
2180 3006 2258 3030 vitam
2278 3008 2325 3029 etc.
2345 3004 2425 3034 Idem,

1483 3052 1549 3076 sieut
1568 3054 1591 3075 et
1611 3051 1741 3082 Lyranus,
1764 3051 1788 3075 in
1810 3051 1869 3075 Ρ1111.
1891 3050 1920 3081 4,
1944 3051 1976 3075 2:
1996 3049 2075 3076 Libro
2095 3049 2177 3082 vitae,
2200 3050 2276 3075 dicit:
2296 3048 2428 3075 Praedesti-

1484 3096 1565 3125 natio,
1586 3095 1609 3119 in
1631 3102 1681 3127 qua
1702 3101 1793 3119 omnes
1813 3094 1929 3119 salvandi
1951 3095 2101 3126 praescripti
2122 3097 2188 3119 sunt.

1553 3138 1564 3154 3
1583 3138 1650 3163 Libr.
1677 3138 1768 3163 XXIV.
1789 3145 1810 3163 0.
1832 3139 1854 3162 8.
1876 3145 1899 3162 11.
1925 3138 1968 3169 16,
1990 3137 2034 3162 ubi
2055 3140 2113 3169 post
2132 3136 2293 3163 advenientis
2313 3136 2427 3161 additur:
2466 3127 2468 3141 ¹

2465 3148 2468 3175 i

1483 3181 1510 3207 iit
1525 3189 1576 3215 quo
1591 3181 1669 3214 quasi
1687 3181 1817 3215 scriptum
1836 3182 1874 3207 est
1893 3187 1970 3206 omne
1989 3180 2157 3213 viamlatum,
2173 3183 2198 3206 et
2212 3181 2269 3205 finis
2282 3181 2318 3205 sic
2334 3177 2428 3205 exhibe·
2465 3177 2467 3208 1

1484 3229 1538 3250 1111·;
1558 3224 1687 3258 quidquid
1704 3231 1758 3250 11οη
1776 3223 1837 3256 fecit
1856 3223 1984 3257 intelliqt't.

1553 3268 1563 3284 ⁰
1583 3269 1655 3293 Vers.
1681 3269 1716 3293 12.
1738 3282 1771 3286 —-
1791 3268 1879 3292 Glossa
1899 3271 1938 3293 est
1956 3266 2097 3293 ordinaria
2117 3267 2187 3298 apud
2208 3266 2327 3291 §trabum
2347 3269 2370 3290 et
2384 3264 2428 3295 Ly·
2464 3265 2465 3276 ¹

1482 3319 1574 3337 ranum
1595 3312 1650 3344 (cfr.
1670 3313 1745 3337 etiam
1767 3312 1895 3343 llaynio),

1484 3358 1546 3382 lens.
1568 3371 1601 3374 —
1620 3357 1656 3381 De
1675 3355 1775 3382 mitiori
1793 3356 1853 3381 vide
1873 3356 1937 3381 infra
1958 3356 1982 3380 d.
2004 3355 2045 3380 48.
2065 3363 2086 3380 a.
2109 3356 2131 3380 l.
2153 3363 2176 3387 q.
2198 3356 2220 3380 2.

1555 3400 1575 3416 ¹0
1594 3399 1654 3431 Cap.
1677 3399 1716 3425 14.
1738 3400 1833 3424 Textus
1853 3399 1984 3431 originalis
2002 3399 2075 3430 plura
2100 3399 2232 3425 interserit.

1915 3313 1940 3336 111
1961 3319 2010 3344 qun
2031 3311 2106 3336 codd.
2127 3311 2177 3335 Au
2196 3311 2288 3343 patens
2314 3316 2359 3341 pro
2385 3313 2427 3340 po·
2463 3309 2464 3345 1
