2483 3882
807 262 900 294 DIST.
927 262 1078 295 XXXVIII.
1104 262 1224 294 DUBIA.

35 351 179 385 Caecilia:
204 359 279 392 ergo
303 350 345 382 ibi
370 359 432 382 non
456 353 502 382 est
527 350 629 391 culpa.
646 369 690 373 —
706 350 796 389 Item,
820 350 844 382 si
870 353 917 382 est
937 349 978 382 ibi

34 404 163 439 mortale
186 407 366 445 peccatum:
391 412 466 444 ergo
490 403 597 435 nullus
622 403 715 435 debet
739 403 778 435 de
802 403 861 435 hoc
890 403 980 435 licen-

34 457 120 496 tiari3
144 456 199 489 sed
223 456 355 494 mulier,
380 465 460 498 quae
485 456 570 487 vovit
592 459 665 488 voto
689 456 829 497 privato,
847 455 981 488 licentia-

32 514 84 543 tur
108 509 146 542 de
170 508 369 540 matrimonio
393 508 623 546 contrahendo,
648 508 739 540 titulo
763 507 802 539 de
826 507 868 539 Eo
896 507 979 548 quod

33 565 179 596 voventes
203 570 263 593 non
285 561 435 602 possunt¹
454 564 522 597 etc„
540 561 571 592 in
587 559 735 592 decretali
758 559 892 591 Veniens
908 563 980 597 etc.;

32 615 75 648 ihi
98 614 213 646 dicitur
242 613 308 646 «de
330 616 401 645 voto
417 613 532 645 violato
549 620 720 653 congruam
738 611 979 644 satisfactionem

33 667 150 700 indicas
173 670 203 698 et
227 666 253 698 ei
279 666 329 698 cui
353 665 438 704 vult,
457 665 486 697 in
504 664 635 696 Domino
659 664 799 696 nubendi
824 663 980 696 licentiam

33 728 93 753 non
116 722 326 760 postponas».

118 771 317 803 Respormco:
342 770 535 808 Dicendum,
555 768 640 810 quod
665 768 853 800 contrahens
879 768 982 799 matri-

33 823 172 858 monium
195 826 250 855 aut
273 822 405 855 intendit
437 821 624 853 contrahere
656 820 758 852 solum
792 820 981 852 intendendo

33 880 63 910 et
85 875 305 909 consentiendo
334 875 365 906 in
396 873 602 915 conittqalem
633 873 836 910 societatem,
863 875 919 904 aut
949 872 981 903 in

32 928 184 971 copulam
200 927 381 965 carnatem,
399 926 464 959 sive
486 929 615 967 propter
632 925 793 957 libidinem
806 950 813 964 ,
832 925 897 957 sive
914 933 982 965 pro-

31 986 101 1024 pter
124 981 365 1023 generationem.
391 979 532 1011 Primum
564 981 611 1011 est
642 978 781 1015 licitum,
806 977 980 1010 secundum

32 1037 79 1068 est
100 1033 232 1065 mortale
255 1036 418 1074 peccatum
433 1031 454 1064 ².
479 1032 522 1064 De
547 1031 649 1073 primo
673 1039 735 1062 non
760 1030 901 1072 quuitur
924 1030 983 1061 Ma-

32 1087 143 1129 gister,
172 1086 226 1118 sed
259 1086 297 1118 de
329 1085 483 1123 secundo,
516 1085 591 1126 quia
621 1093 730 1116 omnes
761 1084 982 1116 contrahentes

32 1140 96 1172 fere
119 1140 162 1172 sic
187 1138 372 1171 contrahere
397 1141 640 1170 consueverunt.

119 1192 207 1233 Quod
237 1191 400 1234 quaeritur
432 1190 471 1222 de
503 1190 556 1222 illa
580 1199 661 1232 quae
692 1190 777 1222 vovit
808 1193 880 1221 voto
912 1189 982 1221 sim-

31 1244 119 1287 plici,
137 1244 304 1276 dicendum
316 1270 323 1282 ,
341 1244 425 1285 quod
444 1243 579 1276 Ecclesia
595 1252 655 1275 non
682 1243 735 1274 dat
758 1242 801 1274 ibi
824 1242 981 1273 licentiam

30 1296 240 1339 simpliciter,
265 1296 337 1334 sed,
362 1297 442 1328 sicut
466 1299 550 1338 patet
575 1304 616 1327 ex
642 1295 745 1327 littera
769 1294 981 1338 antecedenti,

11 1353 61 1383 ‚et
82 1350 258 1391 Apparatus
272 1348 282 1363 ³
300 1349 374 1381 dicit
399 1348 459 1387 ibi,
482 1351 555 1380 «est
572 1347 786 1389 comparativa
802 1347 982 1388 permissio,

31 1402 104 1445 quia
127 1401 319 1443 permittitur
345 1401 462 1432 malum
487 1400 573 1439 fieri,
597 1409 636 1432 ne
662 1399 765 1432 veniat
789 1400 905 1441 peius»
922 1425 929 1438 ,
947 1399 983 1431 si-

32 1458 84 1488 cut
106 1457 192 1496 patet
222 1463 262 1486 ex
295 1462 331 1485 eo
362 1453 446 1495 quod
480 1452 595 1485 dicitur
626 1452 727 1484 Causa
758 1452 910 1493 vigesima
940 1460 984 1483 se-

33 1507 151 1545 cunda,
175 1506 355 1548 quaestione
388 1506 507 1547 prima,
535 1505 731 1541 Considera,
756 1504 843 1547 quod
870 1504 984 1536 Salva-

34 1564 83 1592 tor
106 1563 163 1592 etc.
188 1559 275 1592 Unde
299 1559 376 1591 illud
403 1558 520 1590 factum
543 1558 632 1590 nullo
664 1557 758 1589 modo
790 1557 982 1590 trahendum

33 1615 79 1645 est
101 1612 141 1644 ad
165 1611 437 1653 consequentiam,
462 1611 554 1652 quia,
579 1611 659 1643 sicut
682 1610 818 1642 habetur
849 1610 879 1641 in
913 1610 982 1642 aliis

33 1664 243 1698 decretalibus
266 1664 408 1697 eiusdem
433 1664 559 1702 tituIi⁴²,
583 1667 692 1696 votum
716 1663 855 1705 simplex
888 1663 981 1704 impe-

14 1717 86 1751 ‚dit
111 1736 154 1740 —
171 1718 205 1749 Et
221 1721 311 1756 nota,
327 1717 411 1758 quod
435 1717 596 1758 praedicta
619 1716 735 1748 mulier
760 1715 893 1757 simplici
910 1719 981 1747 voto

32 1770 130 1808 vovit,
147 1770 237 1812 quia,
254 1769 311 1802 etsi
330 1769 359 1801 in
378 1769 523 1801 manibus
539 1769 688 1801 eremitae
706 1768 844 1806 voverit,
862 1771 981 1806 tamen,

32 1822 104 1865 quia
127 1831 188 1854 non
213 1831 245 1854 se
269 1822 427 1864 obligabat
451 1823 490 1854 ad
515 1822 698 1863 religionem
723 1821 908 1862 specialem,
926 1821 981 1853 sed

31 1875 239 1908 communiter
270 1875 310 1907 ad
342 1875 582 1912 continentiam,
612 1877 642 1906 et
673 1873 726 1906 ille
756 1873 887 1906 eremita
919 1882 980 1905 non

28 1930 95 1960 erat
118 1936 252 1969 persona
276 1927 419 1968 publica,
437 1936 494 1959 nec
517 1927 586 1969 ipsa
610 1929 729 1959 vestem
752 1925 901 1965 mutavit,
918 1935 979 1957 non

28 1980 86 2013 fuit
109 1984 216 2013 votum
243 1980 382 2012 solemne
396 1980 418 2012 ⁵.

433 2086 509 2118 Duss.
534 2086 567 2117 11.

114 2191 189 2224 Item
214 2191 379 2233 quaeritur
403 2191 441 2224 de
466 2192 524 2224 hoc
549 2191 633 2233 quod
658 2191 748 2223 dicit:
768 2191 914 2223 Solemne
931 2201 980 2223 vo-

30 2248 97 2277 tum
119 2244 245 2276 violare
267 2248 437 2286 peccatum
468 2249 514 2276 est
544 2248 574 2276 et
604 2244 812 2276 scandalum.
845 2244 978 2277 Videtur

28 2298 108 2331 enim
134 2298 211 2330 haec
235 2298 299 2330 duo
324 2297 405 2329 male
430 2297 643 2339 distinguere,
668 2297 742 2339 quia
766 2297 870 2339 ipsum
895 2306 982 2329 scan-

28 2351 134 2384 dalum
158 2354 319 2392 peccatum
346 2355 402 2383 est.
426 2370 471 2374 ——
494 2351 568 2383 item
587 2351 769 2392 quaeritur,
787 2353 896 2383 utrum
919 2351 981 2382 sint

28 2404 68 2436 ibi
93 2405 156 2437 duo
180 2408 315 2446 peccata.
351 2404 384 2436 Et
416 2404 501 2445 quod
534 2404 594 2442 sic,
618 2404 762 2436 videtur:
796 2404 870 2445 quia
898 2404 980 2435 fran-

1936 263 1998 294 8⁴25

1044 350 1145 391 gendo
1170 352 1276 382 votum
1303 352 1410 391 peccat
1435 349 1465 381 in
1491 349 1609 388 Deum,
1627 349 1681 381 sed
1707 348 1946 381 scandaIIZando
1967 349 1998 381 in

1046 403 1230 445 proximum
1246 403 1267 435 ⁰.

1134 456 1332 488 Reseouneo:
1359 455 1531 488 Dicendum
1543 481 1550 494 ‚
1568 456 1652 497 quod
1670 455 1853 488 scandalum
1871 454 1995 486 unitum

1047 511 1172 548 peccato
1189 517 1249 540 non
1267 508 1339 541 facit
1356 517 1471 540 novum
1490 512 1653 550 peccatum
1670 513 1824 550 quantum
1842 508 1881 539 ad
1900 511 1997 539 trans-

1046 560 1237 601 gressionem
1263 570 1319 593 nec
1343 565 1496 603 quantum
1528 561 1568 593 ad
1601 562 1841 603 poenitentiam,
1866 561 1920 593 sed
1945 570 1999 592 no-

1046 621 1117 644 vam
1142 613 1229 645 addit
1253 613 1520 646 circumstantiam
1544 618 1785 656 aggravantem,
1810 618 1845 646 ut
1869 614 1998 646 fornica-

1046 665 1088 696 tio
1111 666 1237 706 publica
1262 666 1345 698 ultra
1371 667 1542 707 privatam;
1567 667 1688 708 duplex
1713 670 1815 699 tamen
1841 675 1910 699 esse
1931 675 1999 708 pos-

1046 721 1092 750 set
1116 721 1270 759 quantum
1294 719 1334 751 ad
1358 720 1587 752 accusationem
1604 720 1624 750 ⁷.
1650 739 1693 743 —
1717 720 1805 761 Quod
1839 719 1997 758 obilcitur,

1046 770 1128 812 quod
1159 779 1260 802 unum
1289 771 1456 812 copulatur
1478 772 1586 810 alteri3
1611 772 1798 811 dicendum,
1823 772 1907 813 quod
1937 771 1996 803 hoc

1046 832 1107 854 non
1124 826 1170 855 est
1187 827 1316 864 propter
1333 824 1546 856 diversitatem
1569 824 1700 866 peccati,
1718 824 1773 856 sed
1795 824 2000 856 circumstan-

1047 875 1107 907 tiae
1131 875 1278 907 adiectae.
1295 895 1339 899 —
1354 876 1444 917 Quod
1469 877 1625 915 obiicitur,
1642 877 1726 918 quod
1753 877 1781 908 in
1804 877 1904 909 Deum
1922 879 1999 914 etc.;

1047 927 1234 967 dicendum,
1259 929 1344 970 quod
1368 929 1451 961 idem
1483 933 1646 971 peccatum
1671 933 1701 961 et
1725 930 1755 961 in
1787 930 1888 961 Deum
1912 932 1943 961 et
1967 929 1998 960 in

1047 981 1228 1022 proximum
1254 984 1355 1022 potest
1379 990 1464 1020 esse,
1489 982 1543 1014 sed
1570 982 1599 1013 in
1633 982 1732 1013 Deum
1763 982 1998 1023 principaliter,

1048 1033 1078 1065 in
1103 1033 1285 1074 proximum
1310 1034 1430 1066 ratione
1454 1034 1708 1066 circumstantiae
1736 1034 1901 1066 adiunctae
1916 1034 1944 1072 ‘³3
1971 1037 2001 1066 et

1048 1084 1117 1116 ideo
1142 1085 1200 1117 hoc
1225 1094 1285 1116 non
1310 1085 1382 1117 facit
1405 1085 1531 1118 diversa
1562 1089 1706 1127 peccata,
1730 1086 1804 1127 quia
1836 1089 2001 1127 peccatum

1047 1142 1235 1170 numeratur
1260 1138 1379 1170 ratione
1404 1143 1509 1177 actus,
1534 1139 1617 1171 circa
1649 1148 1743 1180 quem
1776 1142 1839 1176 est⁷
1864 1148 1925 1170 non
1954 1148 2004 1170 ra-

1047 1190 1129 1223 tione
1154 1191 1238 1229 eius,
1264 1191 1293 1223 iu
1318 1200 1412 1233 quem
1436 1195 1492 1224 est.
1517 1192 1546 1224 Si
1571 1192 1643 1233 quis
1666 1192 1748 1224 enim
1782 1201 1846 1224 una
1878 1192 2000 1224 actione

1047 1244 1220 1276 offenderet
1244 1244 1352 1286 plures
1374 1245 1534 1284 homines,
1559 1254 1622 1277 uno
1646 1248 1774 1287 peccato
1798 1248 1951 1286 peccaret.

1453 1350 1528 1382 Due.
1554 1349 1598 1381 III.

1137 1454 1212 1486 Item
1229 1454 1402 1496 *quaeritur
1427 1455 1465 1486 de
1494 1455 1553 1487 hoc
1585 1454 1669 1496 quod
1703 1455 1797 1494 dicit,
1819 1455 1904 1496 quod
1938 1465 2002 1487 non

1044 1510 1148 1548 potest
1169 1506 1311 1548 probari
1333 1507 1421 1550 qttocl
1444 1507 1565 1539 occttlle
1588 1506 1718 1549 factum
1752 1511 1800 1539 esc
1831 1511 1887 1540 etc.
1912 1508 2004 1540 Vide-

1049 1563 1099 1592 tur
1123 1560 1205 1592 enim
1231 1560 1314 1592 mala
1337 1569 1406 1592 esse
1430 1560 1526 1598 ratio,
1544 1561 1618 1602 quia
1643 1560 1783 1593 defectus
1807 1561 2000 1602 probationis

1049 1621 1108 1644 non
1132 1612 1234 1644 aufert
1257 1612 1495 1644 matrimonium
1520 1621 1577 1644 nec
1601 1612 1683 1644 facit.

1137 1665 1334 1697 Respouosso:
1359 1665 1544 1706 Aliquorum
1568 1665 1771 1706 opiniofuit,
1796 1668 1832 1697 ut
1856 1666 2002 1707 Hugutio-
2016 1673 2092 1700 Opinio
2108 1673 2127 1694 1.

1046 1717 1137 1756 nis⁹,
1154 1718 1239 1759 quod
1258 1721 1365 1750 votum
1389 1717 1525 1759 simplex
1550 1717 1593 1749 ita
1616 1718 1748 1759 impedit
1772 1719 1857 1760 apud
1882 1719 2001 1757 Deum,

1047 1774 1081 1802 ut
1112 1771 1270 1809 solemne3
1302 1771 1386 1802 unde
1418 1770 1496 1803 illud
1529 1780 1590 1802 non
1622 1774 1670 1803 est
1701 1771 1936 1803 matrimonium
1970 1772 2001 1803 in

1046 1828 1215 1865 conspectu
1234 1815 1313 1863 Dei,
1338 1824 1393 1856 sed
1422 1823 1525 1856 solum
1558 1823 1588 1855 in
1620 1823 1699 1856 facie
1732 1824 1903 1863 Ecclesiae,
1928 1824 2002 1866 quia

1046 1886 1107 1909 non
1132 1880 1205 1909 sunt
1230 1880 1341 1916 testes,
1366 1886 1423 1919 per
1446 1886 1526 1919 quos
1549 1877 1648 1919 possit
1672 1877 1797 1916 dirimi3
1822 1881 1853 1910 et
1875 1886 2001 1919 semper

1046 1930 1125 1962 alter
1149 1930 1318 1971 coniugum
1343 1929 1535 1969 fornicatur,
1560 1930 1639 1962 alter
1663 1939 1739 1963 vero
1771 1939 1828 1972 per
1859 1931 2002 1972 ignoran-

1046 1983 1119 2016 tiam
1144 1987 1328 2016 excusatur.
1345 2002 1388 2006 —
1404 1983 1463 2015 Sed
1488 1992 1572 2016 nunc
1604 1992 1660 2025 per
1689 1984 1760 2016 iura
1784 1983 1900 2016 nova¹⁰
1923 1984 1997 2016 satis
2015 1989 2126 2037 Opigieomss'-
2142 1992 2163 2011 et

1045 2036 1289 2069 determinatum
1312 2040 1375 2075 est,
1393 2036 1478 2078 quod
1500 2036 1663 2069 vinculum
1682 2037 1743 2069 voti
1763 2037 1914 2078 simplicis
1938 2047 2000 2069 non

1045 2088 1147 2120 aufert
1172 2089 1393 2130 obligationem
1412 2089 1620 2127 matrimonii,
1641 2093 1706 2121 tum
1724 2089 1798 2131 quia
1816 2089 1920 2122 minus
1937 2094 2000 2128 est,

1045 2144 1112 2173 tum
1142 2141 1216 2182 quia
1252 2145 1388 2182 potestas
1424 2142 1565 2182 corporis
1601 2151 1661 2173 non
1699 2142 1905 2181 transfertur,
1930 2146 1998 2175 tum

1045 2194 1157 2232 etlam,
1173 2194 1248 2235 quIa
1271 2194 1302 2225 in
1329 2194 1544 2233 matrimonio,
1562 2195 1586 2226 si
1611 2204 1672 2226 non
1699 2198 1842 2236 petatur,
1860 2196 1913 2228 sed
1932 2197 2002 2228 red-

1044 2246 1138 2278 datur
1163 2246 1284 2285 solum,
1310 2246 1391 2278 sicut
1415 2246 1508 2278 debet
1531 2246 1635 2279 facere
1659 2247 1712 2288 qui
1739 2248 1841 2285 vovit,
1860 2257 1916 2288 pro
1934 2257 2002 2279 san-

1044 2298 1229 2330 ctificatione
1256 2298 1391 2340 perfecta
1415 2302 1582 2340 reputatur
1597 2299 1640 2337 ¹¹;
1658 2300 1741 2331 unde
1763 2299 1903 2332 defectus
1930 2309 1999 2341 pro-

1045 2351 1177 2383 bationis
1202 2360 1263 2383 non
1288 2355 1335 2383 est
1359 2351 1438 2383 ratio
1462 2351 1638 2391 sufficiens,
1664 2352 1718 2384 sed
1744 2353 1900 2394 quaedam
1931 2362 2000 2385 con-

1046 2404 1191 2445 gruentia
1215 2404 1373 2436 adiuncta.

29 2554 85 2580 data
103 2555 161 2586 fuit,
183 2556 257 2580 cuius
277 2555 354 2580 frater
373 2557 428 2579 erat
447 2555 591 2586 Tiburtius)
620 2558 645 2580 et
669 2554 776 2579 Caecilia
797 2555 841 2580 cfr.
863 2555 977 2580 Breviar.

28 2598 133 2624 Roman.
154 2599 195 2624 die
215 2600 255 2623 22.
275 2599 339 2624 Nov.
360 2599 387 2624 Il.
407 2599 478 2624 Noct.
499 2599 554 2624 lect.
576 2598 599 2623 t.
619 2602 644 2623 et
663 2599 688 2624 5.

97 2642 104 2658 ¹
125 2643 185 2668 Slve
204 2643 253 2674 Qui
272 2643 356 2667 clerici
382 2642 423 2667 vol
453 2646 579 2668 voventes
608 2643 801 2667 matrimonium
826 2644 978 2667 contrahere

27 2689 147 2718 possunt,
167 2687 199 2711 X.
220 2686 264 2712 lib.
287 2687 327 2712 IV.
348 2687 383 2711 tit.
404 2687 428 2711 6.
448 2694 469 2712 c.
491 2686 514 2711 5.

94 2729 106 2746 ²
124 2730 235 2762 supple:
255 2731 303 2755 illis
322 2731 366 2763 qui
387 2731 519 2762 privatum
539 2730 655 2756 fecerunt
678 2733 769 2755 votum
798 2731 976 2755 continentiae.

27 2771 76 2797 Csr.
96 2779 173 2804 supra
193 2780 215 2798 a.
237 2774 260 2798 2.
280 2781 306 2806 q.
329 2774 352 2798 4,
373 2776 397 2798 et
417 2773 442 2798 d.
462 2774 505 2798 28.
528 2780 552 2805 q.
573 2773 596 2798 6.
617 2773 650 2798 ad
671 2774 695 2798 ¹I.

95 2817 106 2834 3
124 2818 181 2843 Scil.
203 2817 299 2844 Glossa
318 2817 376 2850 (cfr.
396 2824 475 2849 supra
496 2824 556 2849 pag.
576 2817 636 2849 798,
657 2821 715 2843 nota
736 2818 780 2849 3.).
807 2818 832 2842 In
857 2819 912 2849 ipsa
932 2817 978 2843 de-

27 2861 111 2886 cretali
131 2862 270 2893 (Veniens)
298 2862 405 2887 dicitur:
426 2861 477 2886 Nos
504 2862 591 2894 itaque
615 2861 786 2893 attendentes,
809 2863 886 2886 tutius
905 2868 976 2893 esse,

27 2907 54 2930 ut
72 2906 184 2936 praefata
203 2907 295 2931 mulier
315 2910 373 2937 post
391 2906 470 2930 fidem
491 2904 609 2938 [cuidam
629 2906 687 2931 viro
715 2905 814 2931 absenti
838 2906 924 2931 datam
945 2906 978 2931 de

27 2948 203 2982 matrimonio]
222 2954 246 2975 et
265 2953 356 2974 votum
375 2948 414 2983 [in
436 2949 556 2974 manibus
575 2949 710 2974 cuiusdam
724 2949 860 2982 eremitae]
879 2950 978 2981 simpli-

28 2992 88 3017 citer
107 2992 229 3022 oblatum.
250 2994 443 3018 matrimonium
464 2994 610 3024 contrahat,
631 3000 709 3025 quam
730 2993 903 3019 fornicationis
925 3001 978 3018 rea-

27 3037 81 3060 tum
99 3037 212 3062 incurrat
230 3040 277 3062 etc.
296 3051 332 3056 —
351 3038 486 3062 Summam
515 3044 569 3069 seq.
590 3038 695 3062 canonis
722 3037 866 3063 Considera
885 3036 976 3070 [codd.

29 3077 222 3113 Considerate],
243 3080 315 3114 quod
334 3080 375 3106 hic
395 3078 526 3106 salvatur
544 3080 590 3112 (8.)
611 3081 722 3105 Gratian.
742 3080 845 3106 exhibet
865 3081 904 3105 his
923 3088 978 3106 ver-

27 3122 80 3148 bis:
101 3123 209 3149 Infirmis
237 3125 321 3150 iurare
351 3125 510 3150 conceditur.
532 3138 566 3141 —
586 3123 701 3148 Subinde
729 3125 866 3155 respicitur
885 3125 977 3156 Regni.

28 3167 102 3198 iuris,
116 3168 198 3199 regul.
213 3169 260 3193 28:
279 3169 372 3200 «Quae
393 3176 406 3193 a
426 3171 482 3194 iure
502 3169 634 3193 communi
653 3169 797 3193 exorbitant
812 3175 976 3201 nequaquam

28 3210 61 3235 ad
79 3213 288 3244 consequentiam
308 3215 368 3237 sunt
387 3212 533 3238 trahenda»
557 3211 614 3236 libr.
635 3211 668 3236 V.
690 3212 724 3236 tit.
750 3212 792 3242 12,
815 3212 839 3236 in
860 3211 900 3236 Vt.

96 3254 107 3271 ⁴
125 3256 157 3280 Ut
176 3257 199 3281 in
219 3256 247 3282 C.
279 3255 419 3282 Consuluit
447 3255 493 3288 (4.)
520 3258 545 3280 et
564 3255 592 3280 C.
622 3255 727 3281 Rursus
755 3255 817 3287 (6.),
837 3256 862 3280 in
882 3256 978 3288 quihus

29 3297 132 3330 dicitur,
152 3299 222 3331 quod
241 3302 332 3325 votum
352 3300 462 3331 simplex
481 3300 675 3324 matrimonium
701 3299 810 3330 impedit
829 3301 978 3324 contrahen-

29 3341 91 3367 dum
109 3345 134 3368 et
160 3350 210 3368 non
239 3344 336 3369 dirimit
363 3345 414 3369 iam
435 3346 603 3369 contractum.
623 3356 658 3361 -
678 3343 725 3368 Pro
753 3343 844 3368 volum
863 3342 978 3376 simplem

29 3385 86 3410 edd.
107 3387 172 3411 male
191 3389 282 3413 volum
301 3386 462 3420 simpliciter.

168 3439 196 3465 S.
215 3439 316 3465 Bonav.
338 3453 373 3458 --
392 3440 467 3464 Tom.
487 3440 528 3464 lV.

1113 2555 1124 2571 5
1145 2555 1209 2581 Vide
1229 2563 1308 2587 supra
1328 2563 1350 2581 a.
1372 2557 1394 2580 2.
1415 2563 1440 2588 q.
1465 2556 1484 2580 I.
1505 2556 1529 2580 in
1550 2562 1621 2587 corp.

1112 2599 1123 2615 6
1142 2599 1192 2624 Csr.
1213 2607 1290 2631 supra
1312 2607 1372 2631 pag.
1392 2600 1457 2631 781,
1479 2602 1537 2624 nota
1558 2600 1581 2624 2.

1112 2643 1122 2659 7
1144 2643 1208 2668 Vide
1228 2650 1306 2674 supra
1328 2643 1351 2668 d.
1378 2644 1414 2667 17.
1436 2651 1460 2674 p.
1482 2644 1517 2668 III.
1537 2650 1559 2668 a.
1581 2644 1604 2667 2.
1625 2650 1650 2675 q.
1672 2644 1695 2668 3.

1058 2697 1063 2701 ·
1111 2686 1123 2703 8
1141 2687 1192 2712 Ct'r.
1223 2694 1301 2718 supra
1332 2694 1392 2718 pag.
1422 2687 1488 2719 376,
1511 2691 1570 2712 nota
1590 2687 1614 2711 3.
1641 2701 1674 2704 ——
1700 2687 1770 2712 Idem
1800 2687 1862 2712 dub.
1892 2688 1996 2714 solvunt

1043 2732 1068 2756 Β.
1090 2731 1198 2762 ΑΙὺεΓι.,
1219 2731 1261 2756 IV.
1282 2731 1350 2755 Sent.
1372 2731 1396 2755 d.
1421 2731 1459 2756 17.
1480 2738 1503 2756 a.
1525 2731 1569 2762 48,
1590 2731 1635 2755 ubi
1656 2731 1746 2761 docet,
1768 2731 1919 2756 scandalum
1938 2735 1998 2757 tunc

1042 2781 1098 2799 esse
1117 2773 1229 2807 speciale
1249 2778 1398 2805 peccatum,
1420 2774 1526 2806 quando
1546 2781 1592 2805 per
1611 2781 1639 2799 se
1667 2775 1821 2807 iutenditur;
1843 2776 1867 2800 S.
1889 2775 1995 2808 Thom.‚

1043 2818 1084 2843 hic
1103 2825 1127 2850 q.
1148 2819 1171 2842 2.
1192 2825 1213 2842 a.
1235 2818 1258 2843 2.
1279 2819 1438 2850 quaestiunc.
1460 2819 1488 2850 23
1509 2818 1573 2843 Petr.
1594 2825 1608 2843 a
1629 2818 1688 2843 Tar.
1708 2822 1732 2844 et
1747 2819 1866 2844 Richard.
1886 2826 1900 2844 a
1921 2819 1997 2852 Med,

1043 2862 1084 2886 hic
1104 2862 1170 2886 circa
1192 2861 1226 2886 lit.

1113 2905 1124 2921 9
1143 2905 1260 2930 Refertur
1280 2905 1432 2936 Hugutionis
1446 2904 1507 2935 (non
1528 2906 1604 2937 pauci
1618 2905 1696 2930 codd.
1712 2905 1892 2939 Huyttt'tz'om‘s)
1907 2907 1994 2938 opinio

1042 2957 1055 2974 a
1078 2948 1174 2976 Glossa
1198 2956 1278 2980 super
1296 2949 1323 2974 C.
1351 2949 1455 2974 Rursus
1481 2949 1536 2981 (6.)‚
1558 2949 1589 2973 X.
1620 2949 1668 2981 Qui
1698 2950 1782 2975 clerici
1809 2951 1849 2975 vel
1870 2953 1997 2976 voventes

1044 2994 1236 3018 matrimonium
1257 2994 1408 3018 contrahere
1428 2996 1536 3024 possunt
1555 2993 1609 3025 (lib.
1626 2993 1666 3018 tv.
1687 2994 1722 3018 tit.
1737 2994 1772 3025 6.)
1787 2994 1820 3018 ad
1839 2993 1919 3019 verba
1934 3001 1995 3020 cum

1042 3036 1156 3070 simplem
1175 3038 1266 3062 volum
1286 3036 1359 3069 apud
1378 3037 1463 3062 Deum
1481 3043 1535 3062 non
1554 3036 1645 3062 minus
1664 3036 1762 3071 obliget
1774 3044 1856 3070 quam
1870 3037 1994 3070 solemne,

1043 3083 1067 3106 et
1086 3080 1192 3111 dicitur,
1214 3081 1284 3112 quod
1305 3081 1430 3105 contraria
1455 3081 1565 3111 «opinio
1586 3080 1661 3105 hodie
1675 3081 1749 3113 quasi
1763 3082 1910 3106 communis
1923 3084 1960 3107 est
1972 3091 1995 3107 n.

1115 3124 1136 3140 ¹⁰
1156 3125 1221 3149 Vide
1240 3131 1319 3155 supra
1340 3128 1398 3149 nota
1420 3123 1442 3148 lt.

1115 3169 1133 3184 ¹¹
1156 3169 1337 3200 Respiciuntur
1350 3168 1429 3193 verba
1444 3169 1551 3200 August.
1566 3175 1645 3200 supra
1659 3168 1693 3194 lit.
1709 3169 1829 3201 Magistri,
1844 3169 1870 3194 (1.
1887 3170 1992 3195 XXXII.

1043 3220 1064 3238 c.
1085 3213 1113 3243 2,
1136 3215 1161 3237 et
1179 3213 1220 3237 hic
1245 3219 1269 3237 a.
1301 3213 1324 3237 2.
1345 3219 1369 3244 q.
1392 3213 1416 3237 t.
1440 3211 1497 3243 (ubi
1517 3213 1594 3237 etiam
1619 3212 1737 3239 secunda
1757 3214 1820 3238 ratio
1840 3213 1992 3246 explicatur)

1042 3256 1129 3281 relata.
1148 3269 1182 3273 ——
1208 3256 1334 3286 Superius
1359 3258 1417 3286 post
1442 3256 1550 3288 petatur
1578 3255 1638 3281 edd.
1666 3257 1788 3288 supplent
1817 3255 1940 3283 debitum.
1961 3272 1995 3275 —

1042 3300 1111 3325 Idem
1133 3299 1196 3324 dub.
1217 3299 1322 3324 solvunt
1341 3300 1365 3324 S.
1380 3299 1483 3331 Thom.‚
1499 3300 1565 3325 Petr.
1585 3307 1598 3325 a
1619 3300 1679 3325 Tar.
1699 3303 1723 3325 et
1742 3301 1862 3326 Richard.
1883 3308 1896 3326 a
1920 3301 1994 3333 Med„

1043 3344 1083 3368 hic
1103 3344 1169 3368 circa
1190 3343 1223 3368 lit.
