2483 3882
685 242 778 273 DIST.
804 241 877 273 XXI.
902 241 932 273 P.
958 241 977 272 Ι.
1001 240 1083 273 ART.
1108 240 1141 272 ΙΙ.
1166 239 1317 281 QUAEST.
1344 240 1362 271 Ι.

1942 239 2002 270 551

916 407 1099 449 QUAEsrio
1123 408 1144 439 1.

103 521 217 554 Utrum
242 519 277 552 in
299 518 497 561 purgatorio
517 522 591 560 post
615 517 700 550 hanc
723 518 826 550 vitam
849 517 911 559 siat
931 517 1090 559 paryatt'o
1114 517 1230 560 aliqua
1253 517 1295 549 ab
1319 517 1434 560 aliqua
1458 517 1568 559 culpa,
1593 527 1636 549 an
1661 516 1768 549 solum
1792 526 1814 549 α
1834 526 1952 559 poena.

132 631 288 672 Quantum
313 638 388 671 ergo
404 608 451 661 „ad
472 629 611 670 primum
628 628 818 667 ostenditur,
836 627 920 669 quod
938 627 992 659 fiat

47 684 88 718 ibi
112 683 256 726 purgatio
280 692 298 714 a
322 682 430 723 culpa:

134 737 161 768 1.
185 735 287 767 Primo
310 743 367 776 per
391 734 470 766 illud
494 734 578 775 quod
604 733 719 766 dicitur
743 732 887 764 Matthaei
917 732 992 763 duo-

1 787 203 822 ma.decimo¹:
243 786 308 827 Qui
330 785 454 818 dixerit
487 790 604 817 contra
639 784 803 826 Spiritum
838 787 991 815 sanetum

0 2272 31 2294 ›si-

44 840 195 877 verbum,
218 848 281 870 non
311 838 506 876 remittetur,
531 838 561 869 ei
583 847 683 880 neque
707 837 740 868 in
769 835 829 868 7200
859 835 990 867 saeculo

44 902 140 936 neque
168 892 202 923 z'n
237 890 374 933 futuro.-
400 900 474 932 ergo
511 890 649 932 implicat
684 889 850 928 Dominus,
885 888 991 930 aliqua

43 948 166 989 peccata
190 944 306 976 remitti
332 944 361 975 in
386 943 508 982 futuro;
534 943 589 975 sed
614 951 676 974 non
700 941 758 974 nisi
790 941 821 973 in
846 944 991 982 purgato-

44 999 103 1031 rio:
127 1005 201 1038 ergo
225 1000 281 1029 etc.

128 1051 156 1082 2.
181 1049 271 1087 ltem,
302 1048 472 1090 Gregorius
503 1051 617 1090 quarto
645 1045 873 1088 Dialogorum2
899 1045 990 1084 dicit,

43 1102 124 1146 quod
153 1101 339 1143 «quaedam
376 1101 459 1133 leves
495 1100 607 1142 culpae
642 1100 848 1132 remittuntur
883 1098 915 1129 in
946 1098 991 1130 fu-

42 1159 160 1193 turo»,
185 1158 215 1186 et
246 1154 286 1186 ibi
320 1154 419 1185 multa
443 1153 532 1192 dicit,
565 1162 645 1195 quae
674 1152 712 1185 ad
739 1152 797 1184 hoc
829 1151 992 1183 ostenden-

43 1208 116 1241 dum
145 1207 269 1239 faciunt.
295 1206 333 1238 Sz'
348 1206 457 1244 dieas,
482 1206 567 1247 quod
591 1206 651 1238 boc
668 1204 811 1246 intelligit
836 1207 989 1245 quantum

42 1260 80 1293 ad
103 1263 223 1292 reatum
248 1268 381 1301 poenae;
406 1259 466 1291 hoc
494 1268 556 1290 non
581 1258 686 1297 solvit,
711 1257 785 1299 quia
811 1257 840 1288 in
865 1256 990 1294 futuro,

41 1316 145 1354 utpote
170 1313 200 1344 in
218 1312 415 1353 purgatorio,
439 1321 501 1343 non
518 1311 621 1344 solum
646 1311 681 1342 fit
697 1310 842 1352 purgatio
865 1319 883 1341 a
900 1312 990 1341 reatu

42 1366 204 1407 culparum
229 1364 414 1403 venialium,
440 1373 551 1396 verum
573 1364 666 1395 etiam
693 1362 875 1394 mortalium
893 1362 923 1393 in
941 1361 990 1393 bis

42 1418 93 1460 qui
117 1417 336 1459 poenitentiam
362 1417 392 1448 in
418 1417 476 1448 hac
501 1416 563 1448 vita
587 1425 648 1448 non
674 1415 840 1457 complent.

128 1470 156 1502 3.
182 1470 270 1509 Item,
294 1470 395 1502 omnis
427 1469 587 1511 purgatio,
618 1468 794 1501 secundum
826 1467 910 1508 quod
934 1467 992 1498 hu-

45 1523 190 1560 iusmodi,
209 1522 335 1564 respicit
359 1522 537 1554 foeditatem
555 1522 711 1563 aliquam3
728 1520 860 1552 foeditas
884 1523 989 1551 autem

43 1577 162 1609 animae
187 1576 279 1617 culpa
303 1575 388 1608 est³z
414 1584 489 1616 ergo
513 1575 653 1613 videtur,
678 1574 762 1616 quod
787 1573 990 1615 purgatorius

45 1629 122 1671 ignis
145 1629 184 1661 sit
208 1632 315 1660 contra
340 1628 475 1669 culpam.
501 1627 538 1660 Si
561 1627 666 1665 dicar,
691 1627 775 1668 quod
808 1630 855 1658 est
883 1629 991 1657 contra

43 1682 224 1723 pronitatem
240 1682 288 1713 vel
301 1681 461 1722 sequelam
476 1681 525 1713 vel
538 1680 656 1722 aliquid
672 1680 746 1718 tale;
760 1683 834 1711 tunc
850 1688 990 1721 quaero:

43 1743 112 1767 cum
136 1734 271 1766 liberum
297 1734 463 1765 arbitrium
490 1736 559 1775 post
582 1733 663 1765 hanc
687 1732 782 1764 vitam
808 1732 846 1763 sit
870 1731 912 1762 ita
936 1731 991 1762 im-

42 1787 153 1820 mobile
178 1790 322 1828 respectu
354 1786 536 1828 pronitatis‚
561 1786 642 1818 sicut
673 1787 818 1826 respectu
850 1784 991 1815 volunta-

45 1842 96 1879 tis;
119 1849 217 1882 quare
241 1840 311 1872 talis
343 1839 471 1881 sequela
496 1842 596 1880 potest
628 1838 776 1880 purgari,
801 1840 831 1869 et
854 1846 916 1868 non
942 1845 991 1868 ve-

42 1892 129 1925 nialis
153 1892 260 1934 culpa,
285 1900 356 1924 cum
382 1891 454 1933 plus
480 1891 582 1924 laedat
598 1891 736 1923 animam
761 1889 889 1931 sequela
911 1898 991 1921 mor-

42 1946 110 1978 talis
134 1955 228 1987 quam
252 1945 345 1987 culpa
369 1944 521 1977 venialis?

126 1999 156 2031 li.
191 1994 281 2037 Item,
317 1998 401 2039 quod
437 2000 552 2039 purgat
587 1996 730 2039 aliquid⁴¹
765 1996 871 2037 aliquo
895 1995 989 2027 modo

42 2051 133 2084 habet
156 2050 381 2093 oppositionem
406 2050 446 2082 ad
471 2049 568 2088 illud3
594 2050 647 2081 sed
671 2058 770 2090 poena
795 2057 911 2089 poenae
928 2057 989 2079 non

42 2104 222 2145 opponitur:
240 2112 314 2144 ergo
339 2102 363 2134 si
381 2106 427 2134 est
451 2102 493 2134 ibi
511 2102 671 2143 purgatio,
689 2110 750 2133 non
770 2105 817 2133 est
841 2110 857 2132 a
875 2109 987 2142 poena:

43 2164 113 2197 ergo
136 2165 154 2187 a
178 2155 271 2197 culpa
294 2155 408 2196 aliqua.

127 2208 269 2240 Cois-rm:
298 2208 324 2238 1.
350 2208 450 2248 Super
467 2206 546 2238 illud
565 2205 684 2247 primae
702 2205 823 2237 loannis
840 2205 949 2247 quinto
964 2204 988 2236 ⁵:

44 2260 98 2291 Est
116 2263 288 2301 peccatum
312 2259 357 2290 ad
387 2262 544 2296 mortem;
568 2257 692 2290 Glossa:
722 2257 843 2298 «Quod
868 2256 897 2288 in
933 2257 990 2288 hac

43 2312 103 2344 vita
126 2321 187 2344 non
210 2312 393 2353 corrigitur,
418 2311 537 2343 frustra
562 2314 630 2352 post
655 2315 789 2342 mortem
807 2310 898 2342 venia
922 2309 989 2341 eius

43 2365 216 2407 postulatur
243 2377 277 2396 »z
311 2374 386 2406 ergo
421 2364 508 2396 nulla
543 2368 613 2405 post
648 2368 782 2396 mortem
819 2363 862 2395 ibi
897 2362 990 2404 culpa

43 2422 203 2460 purgatur.

129 2473 158 2503 2.
180 2471 273 2510 Item,
298 2471 510 2503 Damascenus
528 2471 553 2501 ⁶:
585 2470 705 2511 «Quod
731 2474 778 2501 est
809 2468 990 2500 hominibus

44 2533 142 2563 mors,
166 2525 225 2556 boc
248 2528 295 2557 est
325 2524 444 2565 angelis
468 2532 611 2561 casus»,
636 2526 665 2554 et
696 2531 712 2554 e
737 2530 906 2559 converso;
935 2521 988 2552 sed

45 2576 141 2617 angeli
165 2582 233 2618 post
264 2585 371 2608 casum
397 2585 415 2607 a
447 2575 533 2607 nulla
557 2575 650 2616 culpa
683 2577 813 2615 possunt
839 2572 989 2604 liberari:

45 2637 116 2670 ergo
139 2638 194 2661 nec
218 2629 360 2661 homines
383 2631 454 2670 post
479 2631 621 2659 mortem.

1145 627 1174 659 3.
1198 627 1291 666 Item,
1316 627 1484 669 Gregorius
1508 627 1536 659 in
1562 627 1698 669 Dialogis
1713 628 1740 659 ⁷:
1771 627 1885 660 «Talis
1909 628 1940 660 in
1963 628 2007 660 iu-

1057 680 1138 712 dicio
1162 680 1295 721 quisque
1331 680 1458 712 futurus
1488 683 1552 719 est,
1588 680 1690 721 qualis
1714 680 1753 712 de
1789 689 1920 721 corpore
1942 680 2008 713 exi-

1057 731 1101 764 vit
1117 744 1150 763 »z
1177 732 1201 764 si
1227 741 1302 773 ergo
1325 732 1424 764 exivit
1447 741 1519 764 cum
1545 732 1671 764 veniali:
1696 736 1781 774 patet
1804 736 1861 765 etc.

1143 784 1173 815 4.
1198 784 1288 822 Item,
1317 784 1452 816 liberum
1481 785 1649 816 arbitrium
1682 785 1822 817 medium
1846 788 1893 818 est
1925 786 2007 818 inter

1054 835 1228 877 profectum
1259 836 1289 867 in
1318 836 1398 868 bono
1428 840 1458 869 et
1482 837 1697 869 liberationem
1726 846 1744 869 a
1773 837 1856 869 malo
1880 838 2006 879 culpae-3

1055 888 1109 920 sed
1134 892 1204 929 post
1228 892 1360 920 mortem
1384 898 1444 920 non
1470 893 1570 930 potest
1595 889 1624 921 in
1643 889 1723 921 bono
1747 890 1913 931 proficere:
1931 899 2006 932 ergo

1055 949 1111 973 nec
1134 950 1153 972 a
1176 940 1269 982 culpa
1292 941 1397 982 aliqua
1422 950 1597 982 resurgere.

1146 994 1174 1025 ὃ.
1199 993 1293 1031 item,
1315 993 1440 1026 facilius
1463 997 1510 1025 est
1535 993 1596 1025 labi
1622 994 1651 1025 in
1677 994 1797 1027 veniale
1815 1005 1909 1037 quam
1934 996 2008 1029 libe-

1055 1045 1118 1077 rari
1143 1054 1161 1077 a
1190 1045 1317 1084 veniali;
1346 1046 1401 1077 sed
1430 1049 1500 1087 post
1529 1050 1661 1078 mortem
1691 1056 1751 1079 non
1776 1052 1878 1089 potest
1901 1049 2006 1081 anima

1055 1098 1217 1130 venialiter
1242 1107 1385 1140 peccare:
1411 1107 1486 1140 ergo
1509 1108 1565 1131 nec
1590 1108 1608 1130 a
1632 1100 1743 1131 veniali
1770 1110 1946 1142 resurgere.

1145 1151 1174 1182 6.
1198 1150 1287 1189 Item,
1312 1151 1433 1182 veniale
1462 1151 1493 1182 in
1518 1151 1607 1183 nobis
1639 1161 1700 1183 non
1724 1156 1771 1184 est
1799 1153 1857 1185 nisi
1887 1154 2007 1186 ratione

1054 1202 1204 1234 fomitis3:
1230 1212 1305 1244 ergo
1322 1203 1425 1235 ablato
1449 1203 1569 1243 fomite,
1588 1204 1708 1237 veniale
1729 1214 1789 1237 non
1816 1210 1934 1244 manet;
1952 1207 2007 1239 sed

1054 1255 1153 1287 fomes
1176 1255 1320 1288 aufertur
1345 1256 1375 1287 in
1400 1259 1514 1295 morte,
1539 1266 1601 1288 non
1617 1261 1687 1298 post
1710 1262 1861 1290 mortem:
1887 1267 1961 1300 ergo
1978 1263 2008 1292 et

1055 1307 1186 1339 veniale.

1411 1423 1651 1446 CONCLUSlO.

1055 1520 1136 1551 Post
1158 1518 1243 1551 lianc
1268 1519 1370 1551 vitam
1389 1530 1496 1561 poena
1512 1520 1710 1561 pitryatorz't'
1730 1524 1831 1561 potest
1850 1531 2004 1564 pmyare

1143 1582 1208 1604 non
1231 1572 1337 1604 solum
1362 1582 1383 1604 a
1404 1582 1525 1614 poena,
1558 1573 1614 1604 sed
1637 1573 1736 1605 etiam
1760 1583 1782 1605 a
1814 1574 1913 1615 culpa
1933 1583 2004 1616 pec·

1144 1625 1213 1656 cati
1234 1624 1382 1656 veniatis.

1144 1729 1341 1761 RESPONDEoz
1367 1728 1559 1768 Dicendum,
1589 1730 1672 1771 quod
1697 1730 1877 1772 aliquorum
1914 1733 2008 1774 magi·
2022 1743 2098 1770 Opinio
2114 1744 2134 1765 1.

1055 1786 1194 1815 strorum
1229 1786 1260 1814 et
1291 1783 1370 1815 bene
1406 1782 1647 1824 intelligentium
1684 1784 1788 1824 opinio
1813 1784 1886 1824 fuit,
1923 1786 2007 1827 quod

1054 1836 1178 1868 nullum
1215 1839 1377 1877 peccatum
1402 1840 1472 1877 post
1509 1840 1640 1868 mortem
1678 1837 1865 1877 dimittitur,
1889 1847 1947 1880 pro
1971 1847 2007 1871 eo

1054 1889 1136 1931 quod
1171 1889 1262 1921 liberi
1290 1888 1412 1920 arbitrii
1449 1892 1603 1930 quantum
1633 1889 1673 1921 ad
1700 1890 1847 1922 meritum
1884 1891 1933 1923 vel
1958 1891 2009 1924 de-

1055 1941 1203 1974 meritum
1229 1941 1354 1973 omnino
1390 1945 1490 1973 cessat
1526 1950 1613 1973 usus.
1638 1942 1724 1974 Unde
1761 1942 1887 1982 dicunt,
1923 1944 2008 1985 quod

1054 1994 1187 2027 venialia
1211 1994 1360 2026 omnino⁹
1384 1994 1590 2026 remittuntur
1613 1997 1668 2026 aut
1689 2004 1745 2036 per
1771 1996 2007 2036 poenitentiam,

1053 2052 1107 2080 aut
1132 2057 1188 2089 per
1217 2047 1343 2079 finalem
1372 2047 1524 2088 gratiam,
1557 2048 1582 2079 si
1619 2057 1680 2079 non
1717 2048 1799 2080 adsit
1828 2048 1915 2081 locus
1939 2058 2009 2091 poe-

1054 2099 1215 2138 nitentiae,
1240 2100 1265 2131 si
1288 2100 1369 2132 forte
1393 2103 1494 2132 morte
1526 2104 1776 2142 praeoccupatus
1802 2101 1936 2133 moritur
1965 2102 2009 2134 iu-

1053 2156 1121 2185 stus
1145 2153 1249 2184 homo.

1143 2205 1303 2237 Rationem
1327 2208 1433 2237 autem
1465 2204 1561 2236 buius
1590 2205 1751 2246 positionis
1775 2209 1806 2237 et
1837 2205 2153 2247 intelligen-Expneaiur.

1054 2257 1128 2289 tiam
1154 2266 1210 2299 per
1228 2258 1312 2289 hunc
1337 2257 1466 2289 modum
1484 2257 1652 2297 assignant.
1670 2257 1783 2289 Dicunt
1807 2259 1904 2297 enini,
1922 2258 2006 2299 quod

1054 2311 1171 2352 triplex
1195 2315 1242 2342 est
1265 2310 1383 2351 gratia,
1408 2310 1524 2342 scilicet
1550 2309 1772 2351 baptismalis,
1794 2311 2005 2351 poenitentia-
2020 2323 2091 2352 Tripie
2120 2328 2166 2349 gra-

1054 2363 1094 2394 tis
1126 2367 1156 2395 et
1186 2362 1319 2403 finalis;
1354 2366 1384 2394 et
1409 2362 1567 2404 quaelibet
1603 2363 1716 2394 barum
1749 2362 1923 2404 gratiarum
1948 2372 2005 2404 pro
2076 2352 2112 2370 ²¹³¹

1053 2416 1101 2448 sui
1126 2416 1213 2447 initio
1248 2415 1421 2447 dominium
1458 2415 1552 2447 habet
1576 2415 1607 2446 in
1642 2415 1708 2456 ipsa
1736 2415 1850 2446 anima.
1875 2415 1932 2446 Pro
1968 2424 2005 2447 eo

1053 2468 1137 2509 quod
1167 2467 1346 2499 dominatur
1372 2468 1401 2499 in
1427 2467 1496 2508 ipso
1528 2467 1692 2508 inpressu,
1718 2470 1753 2498 ut
1781 2467 1880 2508 gratia
1909 2467 2006 2508 bapti-

1054 2520 1178 2558 smalis,
1203 2519 1252 2552 vel
1280 2524 1387 2551 status
1410 2519 1466 2550 sui
1487 2518 1668 2560 principio,
1694 2521 1728 2549 ut
1751 2518 1853 2550 finalis
1867 2519 1896 2557 ¹⁰,
1921 2518 2007 2551 delet

1054 2580 1178 2604 omnem
1214 2572 1361 2612 culpam,
1398 2581 1457 2602 non
1496 2575 1614 2602 tantum
1654 2571 1848 2608 mortalem,
1893 2580 2007 2603 verum

1054 2625 1147 2656 etiam
1172 2623 1340 2655 venialem.
1358 2623 1543 2655 Dominatur
1568 2627 1673 2655 autem
1695 2623 1794 2664 gratia
1811 2623 2007 2665 baptismalis

115 2804 122 2820 ¹
142 2805 215 2830 Vers.
237 2806 277 2830 32.

115 2848 125 2864 ²
144 2848 204 2880 Cap.
220 2850 260 2874 39.
275 2848 324 2874 Csr.
339 2849 427 2874 Glossa
443 2847 583 2874 ordinaria
597 2848 620 2872 in
636 2848 719 2872 Mattli.
737 2848 772 2877 12,
784 2847 826 2871 3-2.
841 2846 911 2877 apud
926 2847 994 2870 Stra-

47 2890 109 2916 bum
128 2894 152 2916 et
170 2892 299 2923 Lyraiium
329 2899 376 2917 nce
396 2899 445 2917 non
466 2891 493 2917 C.
515 2891 608 2922 Qualis
628 2891 689 2917 hinc
710 2891 772 2923 (4.),
797 2890 822 2915 d.
843 2890 884 2914 25.
905 2903 938 2907 —
960 2889 993 2913 ln-

46 2934 123 2960 ferius
142 2935 228 2961 vei-bis
247 2935 296 2962 hoc
316 2935 437 2969 iiztellz'yit
456 2936 544 2967 plures
563 2935 639 2960 codd.
660 2942 719 2960 cum
733 2934 794 2959 edd.
809 2940 944 2965 perperam
959 2933 994 2957 in-

48 2980 172 3005 terserunt
190 2986 251 3005 non.
272 2981 297 3004 ln
317 2980 366 3004 fine
386 2987 441 3011 arg.
462 2980 519 3005 cod.
540 2986 569 3004 aa
594 2979 678 3004 addit:
698 2979 722 3004 et
741 2978 778 3003 itu
797 2977 836 3003 m‘l
855 2979 921 3003 esset
945 2976 993 3002 illa

47 3021 207 3056 differentia,
229 3031 311 3058 quam
331 3024 465 3057 assiquat,
488 3023 559 3057 quod
573 3030 662 3056 parva
681 3022 817 3053 delentur,
833 3028 933 3054 maqnct
945 3028 994 3046 au-

49 3066 98 3091 tem
116 3073 179 3092 non.
200 3067 265 3092 Vide
285 3069 326 3092 liic
345 3068 379 3092 lit.
399 3068 524 3099 Magistri,
545 3074 567 3092 c.
587 3067 617 3098 6,
637 3066 681 3091 ubi
701 3066 792 3091 eadem
812 3065 928 3090 instantia
948 3065 994 3089 ser-

49 3111 89 3134 tur
107 3113 132 3135 et
149 3111 264 3136 solvitur.

116 3153 127 3169 3
147 3154 196 3179 Csr.
217 3162 295 3186 supra
314 3155 340 3180 d.
362 3155 401 3179 18.
423 3162 448 3185 p.
468 3154 495 3178 ll.
511 3153 573 3178 dub.
596 3153 618 3178 4.

119 3196 129 3213 ⁴
148 3198 234 3223 Plures
253 3198 329 3223 codd.
350 3197 434 3223 uliud.

119 3239 130 3256 ⁵
148 3241 221 3265 Vers.
242 3242 282 3265 116.
303 3255 336 3259 —
356 3241 459 3271 Otos-sa,
479 3247 547 3272 quae
565 3243 604 3264 est
622 3237 802 3264 interlinearis
830 3237 899 3269 apud
919 3238 994 3269 Lyra-

51 3289 126 3315 num,
146 3287 229 3309 sumta
248 3287 287 3310 est
304 3292 335 3309 ex
355 3285 471 3315 Gregor„
499 3283 564 3308 XVl.
585 3283 671 3307 Moral.
692 3289 713 3307 c.
734 3283 775 3307 68.
797 3289 820 3307 ri.
842 3283 888 3312 82,
908 3285 932 3306 et
952 3283 995 3306 lia-

49 3325 125 3352 betur
143 3328 218 3352 etiam
237 3328 307 3359 apud
326 3328 438 3359 Bedam,
460 3328 484 3351 in
504 3328 573 3351 hunc
592 3326 685 3351 locum.

123 3369 133 3385 ⁶
150 3369 217 3395 Libr.
237 3371 263 3395 ll.
278 3371 309 3395 de
322 3370 385 3395 Fide
398 3370 499 3395 orthod.
513 3376 534 3395 c.
556 3369 570 3393 4
583 3375 589 3394 ι
603 3368 708 3400 Oportet
728 3372 814 3394 autem
834 3369 907 3400 scire,
925 3368 996 3401 quod

1058 2799 1206 2825 hominibus
1226 2804 1263 2825 est
1283 2807 1366 2831 mors,
1383 2801 1431 2825 hoc
1444 2800 1542 2831 angelis
1555 2806 1611 2824 esse
1626 2799 1735 2830 lapsum.
1751 2800 1808 2824 Post
1822 2800 1924 2831 lapsum
1938 2801 2007 2825 enim

1058 2851 1108 2868 non
1128 2847 1166 2868 est
1185 2844 1247 2875 ipsis
1268 2844 1437 2875 poenitentia,
1460 2843 1524 2867 sicut
1553 2849 1599 2867 nec
1628 2842 1776 2867 hominibus
1804 2847 1863 2874 post
1886 2848 2004 2869 mortem.

1058 2887 1108 2912 Cl'r.
1128 2888 1153 2912 ll.
1175 2889 1242 2912 fient.
1263 2887 1287 2912 d.
1308 2887 1332 2912 7.
1353 2894 1377 2918 p.
1399 2887 1415 2911 l.
1436 2894 1458 2911 a.
1483 2888 1502 2911 l.
1523 2893 1547 2918 q.
1573 2887 1592 2910 l.

1127 2931 1137 2947 7
1158 2931 1225 2956 Libr.
1246 2931 1286 2956 lV.
1307 2938 1328 2956 c.
1349 2931 1398 2955 39:
1420 2930 1507 2962 Qualis
1526 2930 1585 2955 hinc
1604 2931 1714 2962 quisquc
1734 2930 1880 2962 egreditur,
1906 2931 1962 2955 talis
1981 2931 2006 2955 in

1057 2975 1152 3000 iudicio
1172 2978 1357 3006 praesentatur.

1128 3019 1139 3035 ⁸
1158 3019 1218 3044 Sive
1237 3019 1475 3050 concupiscentiae;
1496 3018 1540 3042 cfr.
1562 3020 1622 3042 tom.
1645 3018 1670 3042 ll.
1691 3024 1750 3049 pag.
1770 3017 1835 3049 767,
1856 3020 1914 3042 nota
1936 3017 1958 3042 4.

1127 3063 1137 3079 ⁹
1156 3062 1218 3088 Cod.
1239 3070 1267 3087 aa
1288 3061 1386 3088 onmia.

1130 3106 1151 3123 ¹0
1171 3107 1326 3131 Praebemus
1346 3107 1480 3131 lectionem
1503 3105 1559 3130 cod.
1580 3105 1619 3136 V3
1640 3105 1681 3129 alii
1702 3105 1791 3136 codd,
1812 3108 1840 3130 ut
1859 3104 1936 3130 codd.
1957 3105 2007 3130 LR

1059 3149 1106 3173 ST
1119 3149 1157 3179 X,
1178 3156 1238 3174 cum
1265 3150 1312 3173 hac
1340 3149 1447 3173 lectione
1467 3149 1636 3179 conveniunt,
1657 3155 1687 3173 eo
1707 3150 1825 3179 excepto,
1846 3148 1917 3180 quod
1937 3149 2009 3173 omit-

1059 3195 1112 3218 tant
1130 3193 1263 3223 exempla,
1285 3192 1338 3216 scil.
1358 3193 1387 3216 ut
1400 3190 1490 3224 qratia
1505 3190 1669 3224 baptismalis
1683 3194 1708 3216 et
1722 3192 1749 3216 ul
1762 3190 1860 3225 finalis,
1876 3191 1952 3216 codd.
1967 3191 2007 3216 lK

1060 3239 1157 3261 tantum
1177 3237 1207 3260 ut
1225 3234 1315 3268 qratia
1334 3234 1516 3268 baptismalis,
1537 3235 1606 3267 quod
1628 3235 1702 3260 codd.
1722 3235 1770 3259 FG
1792 3242 1930 3267 perperam
1949 3234 2009 3260 sub-

1059 3281 1166 3305 stituunt
1186 3286 1233 3311 pro
1253 3280 1284 3304 ut
1300 3278 1411 3312 finalis;
1431 3279 1487 3304 cod.
1509 3279 1528 3303 M
1551 3279 1739 3304 omittitsolum
1760 3280 1790 3305 ut
1807 3278 1897 3312 finalis
1910 3289 1921 3311 ‚-
1939 3279 2008 3311 edd.‚

1060 3325 1156 3349 omisso
1176 3324 1206 3348 ut
1224 3322 1323 3356 finalis,
1346 3329 1393 3354 pro
1412 3322 1453 3348 vel
1473 3322 1630 3348 substituunt
1643 3330 1711 3356 quae
1725 3323 1762 3348 in.
1776 3323 1925 3348 Secundum
1939 3323 2008 3348 Alex.

1059 3368 1126 3399 Hal.y
1147 3367 1171 3391 Ξ.
1192 3374 1217 3398 p.
1238 3367 1277 3391 lV.
1299 3374 1323 3399 q.
1345 3366 1384 3391 t5.
1405 3374 1439 3391 m.
1461 3367 1483 3392 3.
1504 3374 1526 3392 a.
1548 3367 1570 3391 3.
1591 3367 1606 3399 ς)
1626 3367 1649 3392 5.
1669 3368 1749 3398 gratia
1769 3366 1964 3401 poenitentialis
1983 3368 2009 3392 in
