2483 3882
6 975 46 997 iuio
61 975 79 994 1.

5 1235 82 1256 ebatur.

0 1445 49 1476 pinio
62 1445 82 1465 Ξ.

0 1478 1 1488 l

2 1551 80 1572 ebatur.

0 2264 2 2267 ,
15 2245 95 2272 opposi-

4 2274 53 2293 tum.

725 241 818 273 DIST.
843 239 901 272 Xll.
927 240 956 271 P.
982 239 1002 270 Ι.
1027 238 1108 270 ΑΒΤ.
1134 238 1177 269 111.
1203 237 1355 279 QUAEST.
1381 236 1424 268 Ill.

181 335 211 366 lt.
237 333 329 372 Item,
353 333 377 365 si
404 336 524 364 tantum
557 338 733 372 apparens:
759 337 835 370 ergo
870 337 931 359 non
955 335 1044 368 opor-

94 391 153 427 tet,
178 387 315 428 aliquam
341 384 520 418 violentiam
544 383 650 424 digitis
674 382 743 414 fleri
768 390 824 413 nec
840 380 946 422 aliquo
970 382 1041 411 actu

94 439 234 481 corporis
251 438 314 475 uti,
339 437 394 469 sed
412 436 497 469 solus
521 439 610 468 actus
626 435 749 467 animae
773 432 948 466 sufficeret:
971 440 1042 464 cum

93 501 169 533 ergo
192 494 350 533 oporteat,
368 488 547 521 violentiam
572 487 676 528 digitis
694 486 817 524 inferri,
843 487 942 527 patet,
959 483 1043 525 quod

94 548 141 577 est
164 544 206 576 ihi
232 552 306 576 vera
330 541 451 575 divisio.

447 654 684 678 CONCLUSIO.

171 755 206 786 ln
229 753 395 796 fractione
418 750 640 784 eucharistiae
664 755 710 783 est
734 760 813 782 vera
838 749 976 786 divisio,

350 809 379 837 et
402 804 532 847 quidem
556 803 591 835 in
614 802 788 844 speciebus.

184 914 379 946 RESPONDEo:
405 910 610 952 Quorundam
640 909 743 951 opinio
776 908 851 946 fuit,
884 907 968 949 quod
1002 906 1043 938 ibi

96 976 155 1000 non
179 970 226 999 est
248 975 328 997 vera
353 963 474 1002 divisio,
491 962 546 995 sed
572 966 694 994 tantum
711 970 898 1003 apparens;
922 968 978 992 nec
1005 963 1046 990 ta-

97 1029 166 1052 men
192 1022 238 1051 est
263 1018 304 1049 ihi
321 1016 439 1049 falsitas
465 1015 513 1048 vel
530 1015 685 1056 deceptio,
711 1013 783 1055 quia
801 1022 861 1045 non
888 1012 921 1044 fit
937 1012 976 1044 ad
995 1011 1047 1043 fal-

98 1073 242 1109 lendum,
268 1071 322 1103 sed
346 1070 384 1101 ad
412 1068 647 1105 instruendum3
673 1067 753 1099 sicut
777 1066 869 1098 etiam
896 1065 1047 1096 Dominus

97 1126 157 1157 alio
181 1124 273 1156 modo
289 1122 453 1164 apparuit,
478 1129 573 1162 quam
597 1123 693 1158 esset,
710 1118 874 1159 discipulis
898 1117 1046 1149 euntibus

99 1179 127 1210 in
148 1178 293 1210 Emmaus
308 1177 326 1214 ¹,
343 1184 399 1207 nec
417 1174 482 1206 ulla
499 1173 556 1206 fuit
573 1173 615 1205 ihi
637 1172 764 1204 falsitas.
778 1190 821 1194 -—
834 1171 891 1202 Sed
911 1171 969 1202 ista
986 1169 1048 1211 opi-

101 1231 152 1263 nio
176 1234 258 1263 stare
282 1238 343 1261 non
369 1231 484 1270 potest:
511 1227 599 1268 quia,
623 1226 647 1258 si
673 1233 734 1257 non
759 1229 806 1256 est
831 1224 873 1255 ihi
900 1232 973 1255 vera
990 1222 1048 1254 fra-

98 1284 174 1321 ctio,
199 1292 273 1324 ergo
290 1291 346 1314 nec
365 1289 437 1313 vere
463 1280 666 1312 masticantur
677 1278 810 1319 species,
835 1280 865 1308 et
882 1277 923 1308 ita
947 1279 1047 1308 totum

98 1337 224 1370 videtur
247 1344 315 1368 esse
340 1335 431 1367 fictio.

187 1390 314 1430 Propter
340 1388 396 1420 hoc
421 1387 480 1419 fuit
503 1386 564 1418 alia
586 1385 708 1427 opinio,
733 1392 813 1425 quae
842 1383 940 1421 dixit,
965 1382 1049 1424 quod

98 1443 192 1475 homo
215 1440 364 1484 fmtngyz't,
389 1440 463 1481 quia
486 1443 575 1471 actus
591 1441 638 1470 est
662 1446 680 1469 a
706 1441 793 1478 parte
815 1436 966 1473 hominis3
994 1435 1048 1467 sed

100 1500 202 1527 tamen
233 1494 309 1526 nihil
342 1493 383 1525 ihi
414 1491 609 1534 frangitur,
640 1490 713 1532 quia
745 1489 916 1521 accidentia
948 1488 1047 1529 frangi

99 1556 154 1589 per
180 1556 212 1580 se
236 1556 296 1578 non
322 1549 461 1588 possunt.
485 1563 526 1567 -—
552 1544 629 1575 llaec
653 1543 745 1575 eliam
772 1542 882 1583 positio
914 1550 974 1572 non
1001 1550 1050 1582 po-

1993 237 2054 267 285

1108 328 1167 357 test
1191 329 1290 357 stare:
1308 325 1382 366 quia
1398 324 1494 362 actio,
1513 324 1536 356 si
1563 322 1749 364 completur,
1768 322 1859 354 insert
1879 323 2054 364 passionem

1109 378 1283 410 necessario
1296 378 1315 409 ².

1200 431 1232 463 Et
1256 434 1422 472 propterea
1447 433 1493 462 est
1516 429 1577 461 alia
1601 429 1712 471 positio
1737 428 1947 466 rationabilis,
1973 428 2057 469 quod

1109 484 1220 520 divisio
1244 487 1291 515 est
1322 483 1364 515 ibi
1396 492 1476 514 vera
1508 486 1538 514 et
1569 482 1604 514 in
1631 481 1815 523 speciebzm,
1848 481 1921 523 quia
1955 484 2059 513 manet

1110 546 1184 569 vera
1220 536 1377 578 quantitas
1409 539 1438 568 et
1471 544 1544 567 vera
1580 534 1742 572 soliditas3
1774 537 1804 565 et
1835 533 1908 574 quia
1947 533 2059 565 divisio

1109 589 1311 630 consequitur
1335 589 1540 630 quantitatem
1574 596 1629 629 per
1658 595 1709 625 se;
1734 587 1813 619 sicut
1838 589 1884 619 est
1914 586 1954 618 ihi
1985 595 2058 618 vera

1109 642 1283 684 quantitas,
1309 641 1350 672 ita
1374 644 1404 672 et
1429 649 1503 672 vera
1527 640 1645 672 fractio.

1202 696 1226 725 l.
1253 693 1294 725 Ad
1322 693 1399 725 illud
1423 701 1498 734 ergo
1522 693 1605 734 quod
1631 692 1794 731 obiicitur,
1819 692 1901 734 quod
1929 701 1988 723 non
2014 694 2060 723 est

1110 747 1219 779 fractio
1245 747 1273 778 in
1299 746 1437 787 signato;
1462 745 1650 784 dicendum,
1680 745 1763 786 quod
1789 745 1897 777 fractio
1923 744 1975 776 illa
1999 753 2058 775 non

1112 800 1265 841 significat
1281 798 1480 840 fractionem
1498 799 1637 840 corporis
1651 798 1764 830 Christi
1784 798 1823 830 ihi
1839 798 1987 836 contenti,
2005 798 2059 829 sed

1111 852 1265 894 significat
1285 851 1492 893 pctsstsoiteiit,
1517 860 1598 892 quae
1622 851 1815 892 praeteriit³.

1199 906 1228 936 ἱ).
1254 904 1297 936 Ad
1322 903 1400 935 illud
1430 904 1514 945 quod
1547 903 1710 941 obiicitur,
1739 903 1822 944 quod
1856 903 1935 934 actio
1960 902 2061 934 termi-

1110 962 1203 990 natur
1234 958 1273 989 ad
1299 957 1524 995 substantiam3
1549 956 1736 994 dicendum,
1762 956 1844 997 quod
1879 964 1989 987 verum
2015 959 2061 987 est

1108 1021 1168 1052 per
1190 1015 1373 1047 ructui-cmm
1398 1009 1451 1042 sed
1477 1009 1502 1041 si
1527 1009 1672 1041 accidens
1698 1012 1801 1049 posset
1826 1018 1880 1049 per
1905 1018 1937 1040 se
1960 1012 2058 1045 stare.

1111 1065 1220 1105 utique
1237 1063 1458 1104 susceptivum
1476 1066 1554 1093 esset
1571 1061 1730 1099 accionis,
1748 1070 1830 1093 nunc
1848 1065 1951 1093 autem
1972 1061 2063 1092 mira-

1112 1117 1183 1150 culo
1201 1120 1279 1154 stat;
1296 1120 1326 1148 et
1345 1116 1413 1148 ideo
1430 1115 1574 1147 accidens
1591 1118 1637 1147 est
1653 1114 1794 1146 accionis
1810 1115 2027 1155 susceptivum
2044 1114 2061 1144 ⁴.

1201 1170 1229 1202 3.
1256 1169 1298 1202 Ad
1324 1169 1403 1201 illud
1427 1169 1511 1210 quod
1536 1168 1699 1206 obiicitur,
1717 1168 1799 1209 quod
1826 1168 1905 1200 sicut
1925 1167 2063 1199 acciden-

1113 1223 1154 1255 tia
1178 1225 1331 1264 apparent
1354 1225 1430 1258 etc.;
1447 1221 1635 1259 dicendum,
1660 1220 1744 1262 quod
1763 1220 1840 1252 illud
1865 1223 1911 1252 est
1936 1229 1974 1251 er
1991 1229 2062 1250 con-

1111 1274 1257 1317 sequenti
1265 1300 1272 1311 ,
1291 1274 1343 1306 sed
1370 1273 1488 1305 divisio
1507 1273 1607 1314 primo
1625 1276 1764 1313 apparet.
1785 1272 1869 1304 Unde
1890 1271 2063 1304 accidentia

1114 1331 1277 1369 appare-nt
1300 1330 1330 1358 et
1353 1336 1411 1367 per
1436 1335 1631 1368 consequens
1656 1325 1781 1356 educunt
1806 1325 1834 1355 in
1857 1324 2062 1365 cognitionem

1115 1381 1264 1418 subiecti,
1288 1383 1318 1412 et
1341 1384 1509 1420 antequam
1537 1379 1680 1410 veniatur
1697 1378 1735 1410 ad
1762 1378 1838 1416 hoc,
1864 1381 1963 1418 potest
1989 1376 2065 1408 fides

1114 1434 1252 1466 ohviare.
1277 1433 1336 1465 Sed
1370 1432 1415 1464 z'bz'
1434 1432 1549 1473 prima
1573 1430 1682 1473 fronte
1714 1435 1844 1472 apparet
1873 1430 2001 1466 divisio.
2035 1433 2063 1461 et

1115 1487 1183 1519 ideo
1202 1495 1326 1518 necesse
1344 1490 1434 1523 esset.
1448 1485 1495 1516 ibi
1506 1494 1574 1517 esse
1588 1484 1800 1525 deceptionem
1819 1484 1884 1515 sine
1902 1483 2007 1523 aliqua
2020 1491 2067 1514 ve-

1115 1540 1222 1576 ritate,
1235 1548 1275 1571 ex
1289 1538 1466 1579 camparte
1484 1537 1646 1569 veritatem
1660 1537 1670 1553 5
1687 1545 1755 1568 esse
1772 1536 1837 1567 sine
1856 1535 2035 1576 deceptione
2046 1535 2065 1565 ⁴³.

960 1678 1142 1720 QUAESTIO
1168 1678 1212 1709 lll.

719 1792 806 1833 Quid
829 1791 1013 1834 significent
1034 1794 1147 1832 partes
1172 1788 1296 1820 hostiae
1318 1787 1458 1830 finctae.

192 1923 294 1955 Tertio
319 1921 492 1963 quaeritur⁷
510 1920 586 1961 quid
611 1918 786 1960 significent
805 1920 928 1958 partes3
953 1919 983 1948 et
1008 1924 1055 1947 ea-

107 1984 177 2008 rum
203 1974 386 2017 significatio
410 1973 459 2005 his
484 1972 628 2005 versibus
653 1970 846 2003 continetur:

246 2064 330 2089 Hostia
351 2062 475 2087 dividitur
496 2063 519 2086 In
541 2064 639 2093 partes:
660 2061 734 2085 tincta
756 2059 844 2084 beatos
874 2063 876 2065 '

247 2108 335 2139 plene⁷
356 2108 423 2132 sicca
444 2109 513 2131 notat
532 2106 622 2137 vivos,
642 2108 743 2130 servata
764 2103 886 2136 sepultos.

197 2189 223 2219 l.
249 2187 402 2219 Ohiicitur
427 2186 528 2227 primo
553 2187 662 2216 contra
679 2182 954 2225 styitz'ftcatz'onem
979 2180 1058 2212 cliui-

108 2241 230 2273 siom'ss
254 2240 329 2282 quia.
353 2239 383 2271 in
409 2246 541 2280 corpore
565 2237 678 2269 Christi
706 2235 834 2277 mystico
859 2244 920 2266 non
945 2238 992 2267 est
1016 2233 1060 2265 di-

109 2295 204 2333 visio,
228 2293 283 2326 sed
316 2292 429 2325 uni0⁷:
455 2300 529 2332 ergo
554 2291 578 2322 si
604 2290 841 2321 Sacramentum
875 2292 921 2320 est
945 2296 1055 2319 verum

108 2348 251 2389 signum,
276 2346 305 2377 in
331 2346 532 2377 sacramento
556 2342 668 2375 divisio
693 2341 759 2374 fieri
787 2350 846 2373 non
873 2340 980 2378 dehet3
1005 2342 1060 2371 aut

109 2401 132 2433 si
159 2400 208 2441 fit,
234 2399 346 2431 falsum
373 2397 535 2439 significat.

197 2455 226 2485 ⁹2.
252 2453 344 2490 item,
361 2451 503 2488 videtur,
529 2449 611 2490 quod
638 2447 795 2480 sufficeret
821 2447 850 2478 in
880 2446 966 2477 (luces
999 2449 1062 2476 tan-

110 2510 176 2538 tum
202 2508 306 2547 partes
331 2503 490 2537 dividere.
516 2501 589 2543 quia
616 2500 747 2533 Ecclesia
770 2499 961 2531 sufficienter
986 2497 1062 2529 divi-

110 2560 195 2592 ditur
223 2558 252 2589 in
286 2557 373 2589 vivos
405 2560 435 2588 et
464 2559 613 2586 mortuos.
636 2553 673 2585 δι’
700 2553 809 2589 (treas,
831 2552 914 2593 quod
946 2549 1060 2582 mortui

108 2606 184 2645 ‘sunt
209 2612 237 2643 in
257 2610 372 2651 duplici
400 2607 681 2648 differentia.‹'1uia
706 2606 834 2647 quidam
864 2605 892 2636 in
918 2606 1063 2646 purgato-

113 2666 173 2704 rio,
199 2664 326 2706 quidam
354 2663 383 2694 in
401 2661 565 2703 paradiso:
591 2660 648 2692 hoc
672 2668 732 2690 non
751 2658 857 2696 solvit,
882 2657 955 2699 quia
979 2656 1062 2688 Beati

115 2727 173 2750 uon
200 2717 338 2757 indigent
367 2714 536 2747 sacrificio:
570 2722 644 2754 ergo
670 2722 729 2744 non
755 2711 869 2743 dehent
895 2711 923 2741 in
958 2712 1064 2741 nostro

114 2770 264 2803 sacrificio
289 2768 466 2810 significari.

204 2823 232 2854 3.
257 2822 350 2860 ltem,
376 2820 518 2857 videtur,
544 2819 628 2861 quod
655 2819 683 2850 in
706 2817 819 2859 plures
846 2820 966 2857 partes3
992 2816 1065 2858 quia

116 2876 176 2907 vivi
197 2878 269 2907 sunt
293 2874 321 2905 in
344 2872 506 2914 multiplici
533 2871 717 2903 differentia.
737 2869 870 2910 Quidam
893 2869 975 2900 enim
994 2871 1067 2900 sunt

1119 1914 1239 1951 ctctiv‘c',
1256 1913 1384 1955 quidam
1403 1910 1661 1953 contemplativi,-
1678 1910 1805 1952 quidam
1827 1909 1991 1951 praelati,
2010 1909 2073 1950 qui-

1121 1967 1193 1999 dam
1218 1966 1358 2003 subdite}
1382 1965 1511 2007 quidam
1536 1968 1609 1996 sunt
1634 1964 1724 2002 boni,
1747 1963 1876 2005 quidam
1901 1962 2002 1998 nuth:
2020 1962 2073 1993 sed

1121 2021 1144 2052 si
1171 2020 1286 2052 dehent
1310 2019 1478 2060 significari
1504 2018 1585 2057 vivi,
1609 2018 1690 2050 sicut
1720 2017 1850 2049 mortui:
1877 2025 1951 2057 ergo
1976 2015 2075 2047 multo

1121 2073 1230 2115 plures
1255 2072 1369 2105 dehent
1393 2080 1461 2103 esse
1486 2075 1600 2113 partes.
1620 2070 1657 2102 Si·
1680 2070 1792 2107 (licus,
1811 2069 1894 2110 quod
1917 2068 1999 2100 ¹muli
2015 2077 2073 2099 non

1123 2126 1274 2164 debent⁸;
1299 2129 1433 2157 eontra:
1463 2124 1606 2156 Christ-us
1637 2132 1692 2164 pro
1721 2122 1867 2154 omnihus
1900 2130 1932 2154 se
1964 2121 2076 2153 obtulit

1124 2180 1152 2211 in
1178 2188 1289 2216 cruce;
1315 2178 1369 2210 sed
1395 2178 1470 2209 haec
1503 2172 1618 2209 oblatio
1650 2180 1697 2208 est
1730 2174 1949 2208 rememoratio
1974 2174 2074 2206 illius:

1123 2241 1198 2274 ergo
1223 2236 1279 2264 etc.

1212 2286 1242 2317 lt.
1269 2285 1358 2323 hem,
1375 2284 1521 2316 obiicitur
1538 2286 1647 2315 contra
1664 2283 1722 2314 hoc
1746 2282 1830 2323 quod
1849 2282 1974 2320 dicitur,
1992 2281 2074 2322 quod

1126 2347 1199 2380 pars
1231 2338 1370 2369 incincta
1402 2336 1556 2377 significat
1589 2335 1706 2367 Beatos.
1740 2335 1802 2367 Sed
1830 2339 1969 2366 contra.-
1995 2334 2075 2366 calix

1126 2391 1279 2432 significat
1302 2390 1477 2431 passionem
1492 2389 1518 2420 ²²:
1545 2398 1620 2430 ergo
1645 2388 1732 2420 nullo
1757 2388 1848 2419 modo
1873 2387 2016 2428 congruit
2038 2387 2075 2418 ad

1127 2444 1365 2485 significandum
1393 2443 1510 2474 Beatos.

1216 2499 1245 2529 5
1271 2497 1362 2534 ltem,
1388 2496 1520 2530 dicitur.
1546 2495 1629 2536 quod
1657 2504 1729 2536 pars
1754 2498 1895 2525 comesta
1924 2493 2077 2534 significat

1127 2549 1325 2581 ambulantes
1358 2557 1453 2589 super
1488 2551 1601 2579 terram
1618 2547 1646 2577 ¹0.
1673 2546 1735 2578 Sed
1767 2550 1903 2577 contra:
1930 2545 1982 2576 illa
2007 2553 2078 2585 pars

1127 2606 1265 2635 comesta
1288 2602 1526 2642 incorporatum
1552 2600 1606 2632 sed
1631 2599 1829 2631 ambulantes
1860 2599 1987 2629 minime
2015 2607 2079 2639 pos-

1128 2659 1201 2687 sunt
1238 2653 1449 2695 incorporari:
1485 2662 1559 2693 ergo
1599 2661 1653 2693 per
1682 2652 1766 2683 illam
1804 2660 1863 2682 non
1901 2651 2013 2682 dehent
2044 2652 2078 2682 si-

1129 2707 1278 2749 guiticari.

1219 2761 1246 2791 6.
1273 2759 1364 2797 item,
1390 2759 1522 2796 dicitur,
1548 2758 1632 2799 quod
1666 2766 1737 2798 pars
1761 2762 1895 2788 servata
1928 2756 2080 2798 significat

1133 2817 1282 2845 mortuos.
1309 2812 1450 2844 Contra:
1478 2811 1585 2852 pauci,
1610 2814 1664 2842 aut
1689 2810 1766 2841 nulli
1801 2814 1979 2842 reservant:
2006 2819 2080 2850 ergo

1131 2866 1208 2898 nulli
1236 2865 1401 2907 perficiunt
1426 2865 1672 2896 Sacramentum.

189 3044 195 3060 ¹
217 3044 277 3069 Luc.
298 3043 340 3075 24,
368 3043 404 3067 15.
426 3042 490 3067 Vide
516 3042 557 3066 hic
583 3041 616 3065 lit.
646 3041 772 3071 Magistri,
803 3046 823 3064 ο.
855 3040 878 3069 2,
898 3039 942 3064 ubi
963 3040 1026 3063 haec
1045 3041 1069 3062 et

118 3096 171 3120 seq.
192 3088 280 3119 opinio
300 3088 460 3118 proponitur.

189 3132 198 3148 ²
219 3132 324 3156 Gilhert.
345 3131 449 3161 Porret.⁷
475 3130 507 3155 de
534 3131 581 3154 Sex
608 3129 747 3159 Principiis,
769 3135 790 3152 c.
811 3128 841 3152 2:
862 3127 987 3151 Naturalis
1006 3133 1068 3151 vero

119 3176 224 3200 actionis
243 3176 387 3206 proprietas
406 3178 444 3200 est
464 3175 610 3205 passionem
630 3179 661 3198 ex
681 3179 708 3197 se
727 3172 751 3195 in
772 3171 798 3195 id
818 3170 889 3202 quod
917 3170 1068 3200 subiicitur,

120 3220 225 3250 inferre;
246 3220 330 3244 omnis
348 3220 417 3243 enim
437 3219 502 3243 actio
522 3218 649 3249 passionis
669 3219 707 3241 est
726 3216 850 3245 effectiva,
871 3218 896 3239 ct
915 3221 992 3239 omne
1015 3221 1070 3245 pas-

121 3264 218 3288 sionem
239 3264 349 3288 inserens
368 3263 434 3287 actio
453 3265 499 3287 esi.
519 3261 571 3287 Csr.
594 3261 703 3290 Ariston,
725 3260 758 3284 ΙΙΙ.
775 3260 848 3290 Phys.
870 3262 926 3283 text.
947 3259 982 3282 18.
997 3265 1069 3290 seqq.

121 3307 155 3339 (c.
176 3307 220 3339 3.).
240 3321 273 3325 -—
295 3307 400 3331 lnserius
419 3306 479 3331 edd.
499 3306 618 3330 omittunt
637 3305 662 3329 et
680 3303 706 3328 in
725 3302 867 3336 speciebus,
891 3302 953 3335 quia
973 3303 1069 3327 manet.

191 3351 202 3367 ³
224 3351 287 3375 Vide
308 3352 348 3375 hic
367 3351 401 3375 lit.
422 3351 542 3381 Magistri,
564 3356 585 3374 c.
607 3348 629 3372 li.
649 3355 703 3380 seq.
723 3351 748 3372 et
767 3350 866 3379 (praest.
892 3354 946 3378 seq.

193 3394 202 3410 ⁴
222 3394 271 3419 Cl'r.
291 3402 369 3426 supra
390 3402 411 3419 a.
432 3395 455 3418 2.
476 3402 500 3426 q.
520 3394 542 3417 3.

1203 3037 1213 3052 5
1235 3035 1354 3061 Permulti
1375 3034 1450 3059 codd.
1473 3035 1614 3064 incongrue
1636 3020 1747 3063 rericus,
1771 3033 1817 3056 nisi
1839 3038 1885 3062 pro
1899 3037 1953 3056 esse
1973 3036 2083 3062 ponami-

1133 3081 1187 3109 est;
1208 3079 1265 3105 cod.
1288 3086 1316 3103 an
1338 3078 1434 3104 veritas
1454 3078 1525 3102 esset.
1546 3076 1597 3101 Cir.
1621 3077 1749 3101 innocent.
1770 3076 1811 3106 tlt,
1834 3075 1872 3099 Ν.
1893 3075 1925 3099 de
1950 3075 2027 3099 Sacro
2047 3075 2083 3098 λ]-

1134 3125 1194 3149 taris
1214 3124 1344 3154 mysterio,
1366 3129 1387 3146 c.
1408 3123 1431 3146 Θ.
1452 3128 1505 3153 seq.

1205 3168 1215 3184 ⁶
1236 3167 1301 3192 Vide
1320 3167 1434 3192 scholion
1455 3165 1487 3190 :id
1508 3165 1705 3196 praecedentem
1726 3167 1825 3196 quaesi.

1204 3212 1215 3227 ⁷
1235 3211 1300 3236 Vide
1320 3216 1398 3241 supra
1419 3209 1443 3233 d.
1465 3210 1489 3233 8,
1512 3216 1537 3239 p.
1559 3209 1585 3233 ΙΙ.
1606 3216 1628 3233 a.
1649 3209 1672 3232 ⁶2.
1693 3215 1717 3239 q.
1742 3208 1761 3232 1.
1782 3208 1814 3232 nd
1836 3208 1858 3232 l.
1878 3211 1902 3231 ct
1922 3206 1945 3231 5.

1205 3256 1216 3272 ⁸
1236 3256 1292 3280 Vat.
1313 3255 1416 3285 supplet
1435 3252 1590 3286 siqnificari.

1205 3300 1216 3315 ⁹
1236 3299 1320 3324 Matth.
1340 3298 1381 3328 20,
1402 3298 1449 3321 22:
1476 3297 1580 3321 Potestis
1606 3296 1695 3321 bibere
1723 3296 1827 3321 calicem
1854 3300 1911 3326 etc.y
1931 3299 1955 3320 et
1975 3295 2016 3322 26,
2038 3295 2083 3319 39:

1136 3345 1261 3369 Transeat
1280 3349 1294 3367 a
1315 3348 1356 3366 me
1376 3341 1439 3365 calix
1459 3341 1512 3365 istc.

1207 3387 1228 3402 ¹⁰
1248 3385 1396 3411 Secundum
1426 3385 1544 3416 Sergium
1582 3385 1685 3417 Papam,
1707 3385 1746 3409 liic
1774 3386 1798 3409 in
1825 3385 1858 3408 lit.
1879 3384 1998 3415 Magistri,
2020 3390 2040 3408 c.
2062 3383 2084 3414 i.

2073 435 2150 461 Opinio
2166 435 2184 455 3.
2197 436 2218 455 et

2088 461 2201 481 conclusio.

2088 699 2168 728 Solutio
2183 704 2220 725 op·

2076 727 2192 751 positorum

2080 1225 2207 1246 Notandum.
