2483 3882
4 1009 59 1032 ctatio

7 1038 60 1067 vetur

7 1065 60 1085 citer.

5 2780 69 2800 uetita.

718 221 810 253 DtST.
836 220 909 253 xvt.
934 220 964 252 P.
989 220 1008 251 l.
1034 220 1115 251 ART.
1141 220 1160 251 1.
1186 219 1338 260 QUAEST.
1363 219 1395 250 ΙΙ.

74 315 180 348 veniae
205 321 245 344 ex
269 310 518 343 consideratione
553 309 809 347 inisericordiam
835 308 895 340 alia
920 308 1021 346 mola,

75 368 224 400 deors-mn.
248 363 450 405 deprimam,
477 366 524 394 est
549 362 641 393 timor
665 370 801 403 poenae,
827 361 955 393 veniens
981 370 1019 392 ex

74 417 316 454 consideratione
340 415 465 447 divinae
489 414 634 446 iustitiae.
660 415 695 446 Et
727 414 765 446 de
792 414 839 446 his
864 414 955 445 molis
979 414 1022 445 di-

74 474 152 507 citur
176 468 408 502 Deuteronomii
434 467 585 509 vigesimo
608 470 721 509 quarto
737 468 760 498 ¹:
781 466 853 498 Non
877 466 1020 508 accipies

75 527 138 559 loco
161 522 311 565 pzssqnorts
335 519 526 563 inferiorem
552 524 581 552 et
596 520 802 561 superiorem
827 519 960 551 motam.
978 538 1022 542 -

73 576 155 611 Istud
180 584 234 607 vas
258 575 308 606 liic
332 573 522 610 conteritur,
548 572 621 614 quia
647 572 764 604 durum
790 575 853 609 est,
878 571 1022 603 11161ηοί-

74 631 292 664 teseat—eor
312 627 398 659 enim
423 626 548 658 (lurum
572 625 658 657 mate
682 624 808 656 habebit
830 624 864 656 in
887 624 1022 655 novissi-

73 692 124 716 mo
136 700 178 705 -—
192 680 239 713 vel
256 680 383 718 melius,
400 682 436 711 ut
452 678 567 720 peceati
587 678 751 710 delectatio
769 677 904 709 totaliter
921 676 1019 719 effun-

74 735 182 768 datur.
215 732 284 764 ldeo
312 731 428 764 dicitur
456 730 624 768 contritio,
657 739 718 761 non
750 728 886 771 fractio,
917 741 931 758 «
948 729 1022 770 quia

73 786 193 830 fractio
206 788 252 817 est
265 784 294 816 in
313 784 447 816 maiores
465 783 589 825 partes²
603 795 633 821 n,
650 782 803 814 contritio
821 782 852 814 in
871 782 1021 820 minoresg

74 844 102 874 et
125 839 249 881 quando
274 838 304 869 in
329 837 463 869 maiores
485 840 589 878 partes
613 840 660 868 est
682 834 826 877 fractio,
852 844 946 877 sapor
970 835 1023 867 ali-

73 902 132 936 quo
167 891 260 923 modo
295 893 453 928 remanet:
488 893 524 921 ut
559 892 750 920 autemnon
778 892 937 920 remaneat
965 897 1022 920 nee

73 955 162 988 sapor
186 954 241 977 nec
259 944 389 982 veritas,
406 943 476 975 ideo
493 943 523 974 in
542 946 647 984 partes
665 942 811 973 minimas
828 941 1021 973 conteritur.

72 1019 113 1024 —
126 1000 159 1032 Et
175 999 252 1030 liaeo
276 997 440 1030 delectatio
458 996 594 1028 totaliter
612 998 793 1027 removetur
810 1003 866 1036 per
880 1004 1021 1036 poenum

73 1057 238 1086 aeternam
262 1054 292 1083 et
315 1053 498 1082 removetur
522 1057 578 1090 per
600 1048 772 1090 praeirem
796 1051 826 1079 et
852 1047 921 1079 ideo
938 1051 1022 1079 utro-

1976 219 2038 251 385

1088 308 1182 350 bique
1218 307 1389 344 contritio,
1415 310 1445 338 et
1476 306 1506 338 in
1539 315 1646 348 poena
1681 310 1836 344 aeterna,
1861 307 2036 339 secundum

1086 360 1165 392 illud
1207 359 1410 392 Ecclesiastiei
1448 359 1599 400 vigesimo
1635 359 1806 400 septimo³z
1849 359 2040 392 Concor-etur

1086 423 1162 445 esum
1183 413 1383 455 delinquente
1408 412 1580 450 delictum,-
1597 415 1627 444 et
1643 421 1699 453 per
1721 412 1884 454 qratiam,
1902 413 2038 445 Psalmo:

1089 466 1151 498 Coi·
1176 466 1354 497 contritum
1379 469 1406 497 et
1431 464 1642 497 humitiatum
1668 465 1756 496 Deus
1779 475 1845 497 non
1862 466 2040 508 cle-spicies;

1087 519 1140 551 sed
1174 518 1285 550 aliter:
1319 518 1392 559 quia
1425 517 1471 549 ibi
1494 518 1667 550 conteritur
1700 518 1730 549 in
1762 518 1945 559 pulverem,
1977 528 2038 551 non

1086 575 1121 603 ut
1151 571 1247 602 uliud
1269 580 1330 602 vus
1355 570 1424 608 fiat,
1450 571 1524 612 quia
1549 571 1587 602 de
1613 571 1716 612 impiis
1740 571 1864 603 dicitur:
1894 571 1967 604 Non
1991 572 2039 604 sic

1087 624 1200 665 impii,
1237 633 1301 655 non
1324 623 1384 661 sie,
1408 624 1464 655 sed
1488 628 1648 666 tunquam
1669 624 1803 665 puttn'8⁴
1827 629 1904 663 etc.;
1930 626 1984 658 sed
2010 627 2039 658 in

1087 677 1271 709 contritione
1292 677 1427 718 yrcttiao
1451 680 1497 709 est
1520 677 1664 709 contritio
1688 678 1726 709 ad
1746 679 1960 719 generandum
1982 689 2040 712 ocis

1086 740 1208 762 novum
1232 734 1262 762 et
1287 730 1422 762 solidum
1459 739 1515 771 per
1552 730 1718 763 humorem
1745 732 1863 772 gratiae
1888 736 1919 764 et
1944 733 2040 774 lacry-

1087 792 1230 821 marurn;
1255 787 1285 815 et
1308 783 1380 815 ideo
1404 787 1487 816 recte
1524 783 1640 815 dicitur
1668 784 1833 822 contritio,
1859 794 1919 817 non
1944 786 2038 818 attri-

1087 835 1146 873 tio,
1171 835 1245 876 quia
1270 834 1406 876 partium
1433 835 1579 867 tritarum
1605 839 1651 868 est
1676 836 1766 875 unio,
1792 841 1828 868 ut
1851 837 1905 869 fiat
1930 847 1985 869 vas
2010 838 2041 869 in

1088 889 1250 925 honorem,
1274 888 1449 920 secundum
1476 888 1552 920 illud
1584 888 1623 920 de
1647 889 1758 921 Paulo:
1791 890 1854 922 Vas
1878 890 2041 923 electionis

1086 946 1131 973 est
1162 940 1262 979 milti,
1299 941 1431 973 Actuum
1461 942 1582 980 non053
1618 946 1648 973 et
1683 943 1839 975 secundae
1871 944 1909 975 ad
1944 944 2043 976 Timo-

1088 995 1195 1027 theuin
1220 994 1376 1026 secundo:
1410 994 1448 1026 Si
1481 994 1556 1036 quis
1587 995 1816 1027 ennuntctvcrit
1839 1006 1872 1027 se
1904 996 1945 1028 ab
1970 996 2042 1036 Itis,

1086 1047 1148 1078 erit
1171 1056 1231 1078 vus
1254 1050 1312 1079 etc.
1340 1047 1373 1078 Et
1397 1046 1441 1079 sio
1466 1050 1551 1088 patet
1576 1047 1655 1079 ratio
1680 1047 1764 1079 dieti.

909 1162 1204 1203 SOHOLION.

139 1270 154 1295 I.
176 1270 210 1294 De
229 1269 334 1294 nomine
353 1266 518 1294 contritionis
537 1267 599 1292 vide
619 1267 659 1292 hic
679 1273 703 1299 q.
724 1266 800 1291 incid.
821 1268 845 1290 et
865 1265 926 1290 dub.
948 1265 971 1290 3.
988 1265 1022 1290 De

71 1315 228 1340 distinctione
256 1314 321 1337 inter
349 1310 535 1338 contritionem
562 1309 670 1343 proprie
699 1309 796 1335 [lictum
816 1312 840 1334 et
859 1308 1023 1335 attritionem

72 1359 113 1384 cfr.
133 1364 210 1389 supra
240 1356 264 1381 d.
286 1355 309 1381 lt.
330 1363 355 1387 p.
376 1355 392 1380 l.
414 1354 475 1380 dub.
498 1355 525 1386 1,
547 1354 571 1379 (1.
597 1353 634 1379 tt..
655 1361 680 1385 p.
701 1353 726 1378 ll.
748 1353 811 1378 dul).
837 1353 861 1383 1,
883 1353 929 1378 sed
949 1360 1023 1384 prae-

72 1403 143 1434 cipue
163 1401 225 1426 infra
248 1400 271 1425 d.
297 1399 333 1424 17.
355 1406 380 1431 p.
400 1399 417 1424 1.
440 1406 461 1423 a.
483 1399 506 1423 2.
526 1406 552 1431 q.
573 1399 596 1423 3.
618 1397 756 1429 Quomodo
778 1396 879 1423 attritio
900 1397 943 1421 fiat
962 1403 1023 1423 con-

72 1445 149 1477 iricio,
169 1445 276 1470 docetur
295 1444 358 1468 infra
380 1443 404 1468 cl.
430 1443 466 1468 17.
486 1450 511 1474 p.
532 1443 546 1467 l.
568 1450 592 1467 a.
615 1443 638 1466 2.
659 1449 684 1474 q.
705 1442 728 1466 3.
749 1441 781 1466 ad
803 1441 825 1466 t.
846 1441 881 1465 De.
895 1442 1023 1466 attritione

71 1489 189 1517 naturali
208 1489 267 1514 vide
286 1489 312 1513 ll.
333 1489 400 1513 Sent.
422 1487 447 1513 d.
468 1488 509 1512 28.
530 1495 552 1512 a.
573 1488 597 1511 ⁶2.
618 1494 641 1519 q.
668 1487 686 1511 1.
707 1486 739 1512 ad
760 1487 783 1511 6.

138 1533 170 1558 Ut
188 1536 273 1558 autem
302 1533 391 1564 plura,
412 1539 480 1564 quae
500 1532 524 1555 in
545 1532 593 1555 hac
612 1533 636 1556 et
655 1538 709 1563 seq.
730 1530 789 1555 (list.
811 1534 964 1561 occurrunt,
985 1537 1022 1555 re-

72 1582 108 1604 ete
127 1577 314 1609 intelligantur,
331 1577 372 1601 hic
390 1575 577 1607 observamus,
598 1576 718 1607 antiquos
732 1574 902 1599 scholasticos
917 1574 949 1599 de
963 1580 1021 1600 con·

72 1621 174 1648 tritione
193 1622 290 1653 passim
312 1621 381 1653 loqui
402 1627 452 1645 non
473 1619 564 1644 eadem
580 1626 687 1650 prorsus
701 1618 813 1649 ratione,
827 1626 878 1651 qua
892 1625 947 1643 rem
962 1625 1023 1643 con-

72 1667 181 1693 siderant
199 1666 372 1695 reeentiores;
392 1668 416 1690 et
436 1665 499 1689 haec
519 1664 660 1689 differentia
680 1667 718 1688 est
738 1663 843 1694 duplex.
859 1662 950 1688 Primo
966 1663 1023 1695 qui-

73 1711 129 1737 dem
148 1711 173 1735 in
193 1710 340 1735 definitione
360 1707 527 1735 contritionis
546 1712 571 1733 et
590 1706 735 1733 attritionis
755 1707 787 1732 illi
809 1714 858 1732 non
879 1710 931 1732 tam
946 1706 1023 1732 moti-

71 1761 165 1781 vorum
185 1754 369 1783 differentiam,
384 1755 412 1777 ut
431 1755 546 1777 recentes
566 1751 688 1782 theologi,
709 1750 922 1780 considerabant,
943 1756 1022 1782 quam

72 1796 285 1831 informationem
303 1804 318 1821 a
337 1797 419 1827 gratia
440 1795 562 1821 habituali
583 1795 781 1826 procedentem,
796 1794 837 1819 vel
851 1794 968 1819 eiusdem
983 1793 1022 1819 (le-

71 1842 172 1876 fectum.
193 1842 256 1867 Hinc
275 1847 381 1867 omnem
400 1835 485 1865 actum
505 1840 602 1865 doloris
616 1840 732 1872 tempore
751 1840 848 1871 gratiae
868 1838 1023 1864 infusionem

72 1886 267 1920 praecedentem
287 1885 415 1911 vocabant
434 1884 605 1915 attritionem,
626 1891 685 1909 cum
705 1884 737 1910 sit
755 1882 878 1916 informis
888 1892 900 1915 ‚·
918 1886 1022 1908 econtra

73 1937 261 1964 quemcumque
281 1933 367 1955 actum
386 1928 535 1962 formatum
556 1928 676 1954 dicebant
689 1935 745 1953 esse
759 1927 953 1954 contritionem.
971 1927 1023 1952 Hoc

72 1976 184 2008 explicite
204 1982 262 2000 cum
283 1974 427 1999 Alexandro
447 1974 500 1998 Hal.
522 1973 558 2005 (S.
579 1980 604 2005 p.
625 1973 665 1998 lV.
686 1980 710 2005 q.
736 1972 774 1997 17.
796 1979 832 1997 m.
853 1972 878 1997 5.
893 1979 916 1997 a.
932 1973 965 2004 3.)
982 1972 1024 1997 do-

73 2023 110 2045 cet
128 2020 151 2045 S.
172 2020 264 2044 Thom.
286 2019 329 2049 (de
350 2019 428 2043 Verit.
457 2025 480 2050 q.
502 2018 543 2042 28.
564 2024 586 2042 a.
608 2017 660 2049 8.):
685 2016 801 2041 «Omnis
821 2016 895 2041 dolor
914 2016 946 2041 de
967 2023 1024 2047 pec-

73 2066 126 2089 eato
145 2065 168 2088 in
189 2063 298 2088 habente
318 2063 427 2094 gratiam
447 2065 485 2087 est
504 2061 626 2088 contritio
642 2071 666 2091 n,
689 2061 754 2086 sicut
774 2062 859 2086 omnis
873 2063 944 2085 aetus
964 2060 1024 2085 fidei

73 2109 166 2140 gratiae
184 2107 307 2133 habituali
327 2108 478 2132 coniunctus
498 2109 536 2131 est
554 2106 697 2140 formatus.

140 2151 277 2183 Secundo,
298 2150 482 2183 supponebant
501 2150 689 2181 communiter,
712 2149 829 2174 habitum
850 2149 948 2180 gratiae
974 2155 1023 2173 non

74 2195 125 2220 dari
145 2195 236 2220 adultis
255 2196 310 2220 sine
329 2195 390 2221 actu
411 2193 487 2220 istius
507 2193 681 2225 contritionis,
704 2200 754 2218 non
775 2192 881 2225 quidem
908 2193 1025 2226 tempore

74 2240 167 2271 gratiae
185 2240 339 2264 infusionem
353 2238 524 2270 praecedente
539 2237 633 2270 (quod,
648 2238 695 2262 ista
710 2237 857 2262 definitione
877 2237 1024 2268 supposita,

76 2286 112 2308 est
129 2283 306 2315 impossibile),
327 2283 373 2308 sed
393 2284 417 2307 in
438 2282 530 2307 eodem
559 2283 660 2307 instanti
690 2288 750 2306 cum
780 2281 908 2306 infusione
928 2282 1025 2312 gratiae

73 2327 194 2360 formato.
214 2329 242 2353 Et
260 2328 293 2353 de
313 2329 361 2353 hoc
381 2331 438 2353 actu
459 2335 489 2352 ac
509 2327 541 2352 de
569 2327 659 2352 ordine
687 2327 811 2357 naturae,
844 2333 922 2358 quem
949 2325 1026 2351 habet

1087 1268 1207 1296 respectu
1228 1265 1363 1290 infusionis
1382 1266 1479 1296 gri-niae
1498 1269 1523 1291 et
1541 1266 1699 1297 expulsionis
1720 1266 1825 1298 culpae,
1846 1267 1973 1292 subtiliter
1993 1268 2044 1293 dis-

1088 1308 1226 1340 putabant,
1248 1311 1275 1333 ut
1294 1311 1363 1340 patet
1382 1309 1446 1334 infra
1473 1309 1497 1334 d.
1532 1309 1569 1334 17.
1599 1316 1623 1341 p.
1649 1310 1664 1334 l.
1691 1317 1712 1334 a.
1734 1311 1758 1335 2,
1781 1311 1866 1342 Quare
1886 1314 1971 1337 autem
1995 1313 2042 1337 iste

1088 1356 1160 1378 aetus
1171 1354 1328 1378 contritionis
1340 1354 1363 1378 in
1375 1353 1469 1378 adultis
1480 1354 1509 1379 sit
1521 1360 1625 1385 semper
1636 1361 1767 1379 connexus
1781 1362 1841 1379 eum
1855 1355 2041 1388 iustificatione,

1087 1397 1162 1423 docet
1177 1398 1201 1422 S.
1216 1398 1309 1422 Tliom.
1324 1397 1369 1428 (de
1384 1398 1461 1423 Verit.
1477 1405 1500 1430 q.
1516 1398 1556 1422 28.
1571 1405 1594 1422 a.
1612 1398 1636 1423 3.
1652 1398 1685 1423 ad
1707 1399 1769 1430 10.),
1784 1400 1842 1431 quia
1858 1400 1910 1424 scil.
1929 1409 1941 1422 «
1956 1401 1980 1424 in
1995 1401 2044 1426 hoc

1087 1441 1231 1467 ostenditur
1250 1442 1387 1473 perfectior
1416 1442 1615 1467 communicatio
1636 1442 1739 1467 divinae
1759 1442 1894 1475 bonitatis,
1917 1444 1988 1476 quod
2016 1445 2045 1469 si-

1088 1486 1141 1510 mul
1161 1485 1219 1511 facit
1240 1486 1265 1510 in
1286 1486 1389 1510 homine
1409 1487 1499 1511 actum
1520 1486 1641 1517 iustitiae,
1665 1493 1743 1518 quam
1764 1488 1784 1511 si
1804 1487 1900 1512 faceret
1924 1487 2045 1514 habitum

1087 1534 1185 1556 tantum
1200 1540 1225 1555 ».
1241 1529 1290 1555 Cfr.
1306 1530 1411 1561 Bonav.,
1425 1531 1472 1555 loc.
1493 1531 1533 1555 cit.
1548 1538 1570 1555 a.
1587 1531 1608 1555 Ἰ.
1624 1538 1649 1563 q.
1663 1531 1677 1555 3
1687 1552 1693 1562 ,
1707 1534 1732 1556 et
1745 1531 1777 1556 de
1791 1531 1891 1557 actibus
1910 1539 2046 1564 praepara-

1088 1576 1159 1601 tortis
1174 1575 1289 1607 tempore
1302 1575 1508 1600 iustificationem
1524 1575 1739 1606 praecedentibus
1753 1575 1815 1601 ibid.
1831 1583 1854 1608 q.
1870 1577 1894 1608 2,
1905 1584 1926 1601 a.
1942 1578 1966 1602 2.
1981 1585 2005 1610 q.
2021 1578 2046 1603 3.

1088 1622 1112 1644 et
1131 1619 1269 1650 praecipue
1290 1618 1314 1643 d.
1336 1617 1376 1642 14.
1397 1625 1421 1649 p.
1442 1618 1457 1642 l.
1478 1625 1500 1643 a.
1522 1619 1544 1643 2.
1566 1626 1592 1651 q.
1614 1619 1638 1643 2.

1161 1663 1186 1687 ll.
1207 1663 1369 1694 Quaesti0nis
1394 1663 1412 1686 1.
1434 1662 1565 1687 conclusio
1595 1663 1729 1688 manifesta
1753 1667 1798 1688 est.
1820 1678 1853 1681 ——
1872 1664 1909 1689 De
1928 1664 2043 1698 aemilio,

1088 1707 1158 1739 quod
1179 1713 1234 1738 arg.
1255 1707 1278 1731 2.
1299 1706 1331 1731 ad
1353 1713 1444 1737 oppos.
1465 1707 1489 1730 in
1511 1707 1661 1731 contritione
1684 1714 1740 1732 esse
1765 1707 1871 1739 dieitur,
1899 1710 1942 1733 cfr.
1969 1710 2046 1734 etiam

1087 1751 1151 1776 infra
1167 1758 1189 1775 a.
1205 1752 1228 1775 2.
1249 1758 1275 1782 q.
1298 1751 1321 1775 2.
1342 1750 1374 1775 ad
1400 1751 1419 1775 1.
1439 1753 1464 1775 et
1483 1750 1545 1775 dub.
1569 1751 1577 1774 11
1586 1751 1608 1775 0.
1623 1765 1657 1768 ——
1671 1751 1706 1776 De
1725 1752 1772 1776 liae
1792 1755 1816 1776 et
1835 1752 1954 1783 pluribus
1974 1760 2046 1786 seqq.

1088 1804 1132 1828 qq.
1154 1796 1258 1827 plurimi
1278 1797 1495 1820 commentatores
1514 1795 1654 1820 Lombardi
1674 1799 1755 1828 agunt
1774 1797 1837 1821 infra
1858 1796 1883 1821 d.
1909 1797 1945 1822 17.

1160 1839 1195 1864 De
1215 1839 1307 1864 eadem
1328 1840 1495 1871 quaestione:
1525 1840 1593 1864 Alex.
1616 1840 1682 1871 Hah,
1703 1840 1727 1864 S.
1748 1847 1773 1871 p.
1794 1840 1834 1865 Ν.
1855 1848 1879 1873 q.
1903 1841 1944 1867 17.
1967 1848 2001 1866 m.
2024 1843 2046 1867 1.

1089 1891 1111 1909 a.
1135 1884 1157 1908 l.
1177 1897 1211 1901 —
1231 1883 1313 1915 Scot,
1333 1883 1374 1908 hie
1394 1890 1417 1915 q.
1440 1883 1463 1908 ’1.
1484 1890 1508 1908 n.
1529 1884 1561 1915 6;
1582 1884 1626 1909 etr.
1647 1884 1672 1909 d.
1695 1883 1734 1908 14.
1755 1892 1779 1917 q.
1801 1885 1824 1909 2.
1844 1899 1880 1903 -
1899 1886 1923 1910 S.
1945 1886 2047 1918 Thom.²

1089 1928 1114 1953 d.
1136 1928 1177 1952 117.
1198 1935 1223 1960 q.
1244 1928 1266 1951 2.
1288 1934 1310 1952 a.
1335 1928 1353 1952 1.
1374 1928 1536 1960 quaestiunc.
1564 1929 1591 1959 1,·
1612 1929 1702 1960 Suppl.
1722 1936 1747 1961 q.
1769 1930 1791 1954 11.
1813 1937 1836 1954 u.
1864 1930 1884 1954 1.
1908 1944 1940 1947 —
1960 1931 1986 1955 Β.
2007 1931 2045 1955 Al-

1090 1971 1168 2003 bert.‚
1190 1971 1222 1996 de
1241 1972 1289 1995 liae
1308 1974 1332 1996 et
1351 1978 1405 2003 seq.
1433 1979 1456 2004 q.
1483 1972 1525 1996 liic
1553 1979 1575 1996 a.
1605 1972 1659 1997 6-9.
1680 1986 1716 1990 -
1736 1973 1800 1998 1)θῑι·.
1821 1980 1835 1998 a
1856 1973 1930 2005 Tar.‚
1951 1973 1975 1999 d.
2004 1973 2045 1999 17.

1090 2023 1114 2048 q.
1140 2017 1158 2041 1.
1180 2023 1202 2041 a.
1228 2017 1248 2041 1.
1270 2017 1431 2048 quaestiunc.
1451 2017 1469 2041 1.
1485 2031 1518 2033 -
1533 2016 1652 2042 Richard.
1667 2024 1681 2042 a
1696 2017 1776 2048 Med„
1796 2017 1822 2043 d.
1845 2018 1885 2043 17.
1906 2025 1928 2043 a.
1949 2019 1967 2050 1.
1983 2026 2007 2051 q.
2027 2019 2046 2043 1.

1089 2074 1123 2078 —
1144 2060 1271 2091 Durand.‚
1292 2060 1317 2085 d.
1349 2060 1385 2085 17.
1407 2067 1431 2093 q.
1456 2061 1475 2085 1.
1497 2067 1522 2085 η.
1540 2060 1564 2085 7.
1586 2075 1619 2078 —
1640 2061 1744 2092 Dionys.
1766 2061 1868 2094 Carth,
1889 2062 1921 2088 de
1950 2064 1998 2088 hac
2023 2066 2048 2088 et

1089 2112 1143 2136 seq.
1164 2112 1189 2137 q.
1212 2104 1236 2129 (l.
1259 2105 1299 2129 ’17.
1320 2112 1344 2136 q.
1366 2104 1389 2129 4.

1161 2149 1197 2173 111.
1218 2149 1381 2180 Quaestionis
1401 2150 1424 2174 2.
1445 2149 1576 2174 conclusio
1605 2150 1651 2175 rite
1679 2151 1796 2182 sequitur
1821 2158 1851 2175 ex
1872 2151 1987 2176 doctrina
2015 2152 2047 2177 de

1089 2194 1183 2218 virtute
1204 2194 1387 2225 poenitentiae,
1408 2200 1487 2224 supra
1507 2193 1531 2218 d.
1558 2193 1596 2219 14.
1619 2201 1643 2225 p.
1665 2194 1680 2218 1.
1701 2201 1723 2219 a.
1748 2195 1766 2219 1.
1788 2196 1912 2226 exposita.

1162 2238 1196 2262 De
1215 2237 1307 2262 eadem
1328 2238 1495 2270 quaestione:
1511 2238 1579 2263 Alex.
1594 2238 1663 2269 Hal.⁷
1680 2238 1728 2263 loc.
1743 2240 1783 2263 eit.
1798 2246 1820 2264 a.
1835 2239 1858 2264 3.
1873 2243 1897 2264 et
1910 2247 1934 2265 a.
1956 2241 1975 2265 1.
1992 2240 2006 2272 ¹}
2021 2241 2048 2265 2.

1091 2282 1212 2313 —Seot.‚
1225 2282 1264 2306 lV.
1277 2282 1345 2307 Sent.
1363 2281 1388 2306 d.
1411 2281 1448 2306 tt..
1464 2289 1488 2314 q.
1511 2282 1530 2306 1.
1549 2289 1572 2307 n.
1596 2281 1631 2306 tt.
1649 2283 1802 2315 seqq—S.
1821 2283 1923 2315 Tuom,
1940 2284 1986 2309 loc.
2005 2285 2045 2309 cit.

1090 2326 1248 2358 quaestiunc.
1261 2326 1289 2357 2;
1302 2326 1390 2357 Suppl.
1400 2333 1424 2358 q.
1439 2326 1488 2351 l.a.
1498 2327 1634 2351 2.—Petr.
1643 2334 1657 2351 a
1667 2327 1735 2359 Tan,
1746 2327 1792 2352 loc.
1802 2328 1841 2353 cit.
1850 2329 2010 2360 quaestiunc.
2022 2330 2045 2353 2.

928 2428 1111 2470 QUAESTIO
1143 2428 1175 2459 ll.

724 2513 811 2554 Quid
833 2513 878 2545 sit
900 2512 1053 2545 contritio
1078 2512 1113 2544 in
1136 2522 1253 2554 penore
1278 2513 1392 2544 moris.

160 2613 301 2646 Secundo
325 2613 506 2655 quaeritur,
532 2612 608 2653 quid
634 2611 673 2643 sit
697 2611 842 2643 contritio
860 2611 890 2642 in
908 2619 1022 2652 genere

76 2666 177 2698 moi-is.
204 2667 237 2698 Et
261 2666 345 2708 quod
370 2666 410 2698 sit
433 2669 521 2698 actus
545 2664 699 2702 virinus,
725 2664 868 2696 videtur:

164 2720 188 2751 1.
213 2719 291 2761 Quia
316 2719 417 2751 omnis
441 2722 530 2751 actus
554 2717 690 2750 difficilis
715 2720 745 2749 et
770 2716 953 2748 meritorius
978 2720 1025 2748 est

76 2774 161 2803 actus
184 2771 336 2809 virtutis,
355 2771 402 2803 vel
421 2771 514 2809 (loni,
534 2770 582 2802 vel
601 2769 813 2802 beatitudinis
826 2769 835 2785 s
848 2781 859 2807 ‚·
883 2769 938 2801 sed
956 2778 1025 2800 con-

77 2823 158 2856 tritio
186 2828 231 2856 est
255 2824 436 2856 huiusmodi
469 2828 498 2856 et
534 2833 594 2855 non
631 2827 678 2855 est
708 2822 788 2854 ttoni
811 2831 866 2854 nee
892 2822 1026 2854 beatitu-

77 2876 179 2908 dinis:
204 2886 278 2920 ergo
301 2882 348 2910 est
372 2878 508 2909 virtutis.

1177 2612 1206 2641 2.
1231 2610 1320 2648 item,
1346 2610 1447 2642 omnis
1471 2614 1560 2642 actus
1596 2610 1778 2642 meritorius
1803 2611 1963 2652 specialis,
1989 2611 2042 2653 qui

1087 2663 1249 2704 egreditur
1273 2672 1291 2694 a
1315 2663 1453 2704 potentia
1489 2663 1713 2701 determinata,
1739 2667 1785 2696 est
1815 2665 1941 2696 virtutis
1977 2673 2046 2706 spe-

1089 2716 1192 2753 cialis3
1218 2716 1272 2748 sed
1298 2715 1442 2748 contritio
1478 2720 1525 2748 est
1560 2716 1759 2749 huiusmodi:
1797 2726 1872 2758 ergo
1897 2717 2042 2749 contritio

1089 2773 1136 2801 est
1160 2769 1286 2801 virtutis
1312 2768 1455 2810 specialis
1468 2770 1487 2799 ⁷.

1180 2821 1207 2853 3.
1238 2822 1330 2861 item,
1362 2821 1552 2863 poenitentia
1589 2826 1635 2854 est
1671 2822 1760 2854 dolor
1796 2826 1826 2855 et
1862 2824 2044 2856 amaritudo

1093 2875 1221 2913 mentis3
1246 2874 1301 2906 sed
1326 2878 1462 2912 constat7
1488 2874 1565 2906 illud
1584 2883 1651 2907 esse
1669 2875 1787 2907 dietum
1802 2885 1863 2917 per
1888 2885 2041 2914 causum,

146 3018 153 3034 ¹
175 3019 246 3044 Vers.
269 3020 292 3044 6.
313 3020 440 3051 Expositio
469 3020 545 3044 buius
571 3022 654 3044 textus
673 3023 710 3044 est
737 3018 881 3043 secundum
908 3019 1024 3050 Gregor.,

77 3062 148 3087 euius
166 3062 244 3087 verba
266 3063 325 3088 vide
346 3067 408 3088 tom.
430 3063 455 3087 11.
476 3070 535 3094 pag.
557 3063 622 3092 99⁶2,
645 3066 703 3087 nota
722 3062 746 3087 7.
762 3077 795 3079 —
808 3062 867 3094 Seq.
888 3066 970 3088 textus
989 3065 1027 3087 est

78 3105 148 3130 Eccli.
169 3107 195 3138 3,
217 3107 257 3131 27.
278 3121 312 3124 —
331 3107 394 3131 lnfra
416 3114 464 3138 pro
483 3113 531 3132 ras
550 3105 592 3132 hie
612 3106 668 3131 cod.
689 3113 718 3131 aa
739 3113 787 3132 vas
807 3105 852 3131 sir.

144 3149 155 3165 ²
174 3151 289 3182 Aristot,
320 3151 360 3175 tv.
382 3151 484 3176 Meteor.
505 3155 562 3176 text.
584 3150 626 3175 44..
648 3150 680 3182 (c.
701 3150 756 3182 9.):
777 3150 901 3175 Dtttcrunt
925 3154 1025 3182 autem,

77 3195 135 3226 quia
155 3194 249 3225 fractio
269 3196 375 3228 quidem
395 3200 432 3221 cst
453 3197 477 3220 in
497 3202 606 3226 magnas
625 3198 711 3226 partes
730 3194 823 3219 divisio
843 3198 867 3219 et
886 3196 1024 3227 separatio,

76 3236 164 3269 fricth'o
183 3238 374 3272 [comminutio]
396 3243 481 3265 autem
501 3240 525 3264 in
547 3245 716 3271 quascunque
735 3242 759 3264 et
779 3239 865 3270 plures
886 3238 995 3264 duabus.

146 3281 156 3297 ³
176 3283 246 3307 Vers.
267 3283 289 3308 3.
305 3297 339 3300 —
353 3284 411 3315 Seq.
433 3285 514 3308 textus
534 3286 572 3307 est
591 3283 629 3307 Ps.
651 3281 697 3314 50,
723 3283 759 3307 19.

146 3323 156 3340 ⁴
176 3325 265 3350 Psalm.
291 3326 314 3357 l,
336 3326 358 3351 4.

146 3367 156 3384 ⁵
175 3369 247 3394 Vers.
272 3369 308 3394 15.
324 3384 356 3387 -
370 3370 428 3402 Seq.
444 3372 525 3395 textus
544 3373 582 3394 est
597 3369 620 3394 11,
643 3369 710 3393 Tim.
733 3370 762 3400 2,
786 3370 830 3394 ⁴21:
846 3370 871 3393 Si
892 3370 950 3402 quis
964 3376 1026 3400 ergo

217 3420 244 3447 S.
263 3421 363 3447 Bonae.
384 3437 419 3441 —
438 3422 513 3447 Tom.
536 3422 576 3447 lv.

1090 3017 1271 3043 emundaverit
1290 3024 1316 3042 se
1337 3017 1369 3042 ab
1389 3017 1455 3048 istis,
1476 3017 1523 3041 erit
1548 3024 1594 3041 vas
1614 3018 1638 3041 in
1658 3018 1783 3042 honorem
1809 3017 1994 3042 sanctificatum
2021 3021 2045 3042 et

1091 3061 1152 3086 utile
1172 3061 1293 3092 Domino,
1308 3060 1340 3085 ad
1355 3067 1431 3085 omne
1445 3067 1512 3091 opus
1528 3060 1626 3085 bonum
1647 3065 1775 3091 paratum.
1789 3060 1839 3086 (It'r.
1854 3061 1942 3085 Guliel.
1960 3062 2047 3093 raris„

1092 3105 1123 3130 de
1143 3105 1311 3135 Poenitentia,
1333 3112 1353 3129 c.
1380 3105 1404 3135 l,
1427 3104 1471 3129 ubi
1491 3107 1567 3129 vocat
1586 3105 1769 3135 poenitentiam
1794 3113 1807 3127 (ε
1820 3106 1914 3132 veteris
1934 3106 2046 3130 bominis

1092 3150 1269 3174 contritionem
1291 3151 1315 3173 et
1334 3149 1542 3173 annihilationem
1556 3149 1617 3173 etin
1639 3149 1774 3180 pulverem
1796 3149 1984 3181 redactionem,
2004 3157 2047 3174 ve-

1092 3193 1135 3218 luti
1154 3193 1288 3218 ferientem
1309 3192 1421 3223 desuper
1440 3193 1492 3223 pilo
1513 3192 1608 3217 doloris
1627 3197 1652 3218 ct
1672 3193 1763 3218 malleo
1783 3193 2003 3224 indignationis».

1162 3236 1172 3253 ⁶
1192 3237 1257 3261 Vide
1276 3244 1355 3268 supra
1376 3243 1435 3267 pag.
1456 3237 1520 3267 318,
1543 3240 1600 3261 nota
1621 3237 1650 3268 5,
1671 3241 1695 3262 ct
1715 3237 1748 3262 111.
1769 3238 1837 3262 Sent.
1858 3237 1882 3262 d.
1904 3237 1944 3262 34..
1974 3245 1998 3269 p.
2026 3238 2044 3263 l.

1092 3288 1114 3305 a.
1139 3282 1158 3305 1.
1179 3288 1203 3313 q.
1229 3281 1247 3305 l.
1262 3287 1334 3312 seqq.

1162 3325 1172 3341 7
1193 3326 1240 3350 Pro
1260 3323 1381 3357 specialis
1401 3325 1457 3349 Vat.
1477 3331 1615 3356 perperam
1635 3324 1765 3351 substituit
1784 3327 1822 3351 ter
1840 3325 1997 3358 spiritualis.

1872 3422 1902 3447 to

2069 524 2143 546 Modus
2151 530 2200 545 con-

2057 551 2139 572 terendi
2163 551 2200 571 du-

2056 578 2112 605 plex.
