2483 3882
458 235 520 265 670
1217 225 1499 258 SENTENTIARUM
1524 224 1590 255 LlB.
1615 225 1663 256 IV.

544 320 638 357 Item,
663 318 746 359 quod
772 326 831 348 non
856 317 895 348 sit
919 316 957 347 de
982 314 1158 355 integritate
1176 314 1206 345 in
1223 312 1343 344 ratione
1360 321 1406 343 re-
1469 314 1536 342 tum
1561 310 1601 342 ad
1618 310 1897 351 concupiscentiae
1914 310 2149 351 defluxionem,
2171 314 2206 342 111
2223 311 2339 344 scilicet
2355 321 2413 344 non
2466 324 2468 329 ¹

456 372 573 409 medii,
599 371 741 403 videtur:
1470 363 1500 394 in
1529 371 1654 394 omnem
1688 362 1853 395 mullerem
1884 362 2042 401 intendat,
2075 362 2161 394 aliud
2192 366 2344 403 quantum
2376 365 2414 397 ad

546 423 573 455 3.
599 423 678 463 Quia
701 419 917 462 Augustinus¹
943 419 1035 457 dicit,
1059 418 1143 460 quod
1175 430 1189 447 «
1203 417 1338 450 sanctior
1359 420 1406 449 est
1470 415 1760 454 inordinationem,
1778 419 1813 447 ut
1830 415 1946 448 scilicet
1970 424 2032 447 non
2056 415 2202 454 libidine,
2232 415 2286 447 sed
2310 425 2415 449 amore

457 476 568 516 copula
593 474 743 506 mentium
769 482 862 514 quam
888 471 1060 512 corporalis
1071 482 1109 502 »ε
1135 479 1210 512 ergo
1234 470 1333 502 maior
1355 469 1407 501 da·
1469 468 1567 510 prolis
1590 469 1803 510 procreandae
1818 468 1828 482 ³
1861 468 1926 500 sive
1958 467 2178 499 matrimoniali
2210 467 2323 500 affectu
2351 477 2415 501 mu-

456 528 574 560 turibi
605 526 742 559 efficacia
774 529 882 557 contra
913 523 1197 565 concupiscentiam
1228 523 1259 554 in
1291 522 1406 554 unione
1471 522 1579 554 lierem
1604 524 1777 562 cognoscat.

455 579 581 612 mentali
607 587 702 620 quam
727 577 854 610 carnali.
1560 574 1697 605 Primum
1723 573 1818 615 igitur
1848 573 2019 615 siynalatn
2050 576 2080 604 et
2103 573 2244 614 primum
2275 573 2416 616 officiani
2429 579 2482 607 Aria

543 632 572 662 li.
598 631 691 668 item,
717 630 746 661 in
771 633 843 662 actu
867 629 920 661 illo
945 628 1080 661 efficitur
1104 628 1198 660 homo
1215 630 1298 659 totus
1316 636 1404 659 caro:
1470 629 1501 657 et
1524 626 1663 666 primum
1687 625 1869 657 remedium
1893 629 1966 658 sunt
1990 625 2021 657 in
2045 626 2245 657 Sacramento
2264 626 2416 658 matrimo-

456 692 530 724 ergo
545 692 604 724 per
622 682 817 724 oppositam,
843 690 914 713 cum
933 681 1050 722 gratia,
1068 689 1148 722 quae
1165 683 1212 712 est
1228 679 1405 712 remedium
1470 678 1511 709 nii
1538 681 1691 718 quantum
1715 677 1755 708 ad
1787 677 2036 709 coniunctionem
2069 676 2279 715 animemini,
2312 686 2416 711 secun-

455 738 563 768 contra
586 734 887 775 concupiscentiam,
904 733 996 765 faciat
1012 732 1226 774 spiritualem,
1244 741 1405 774 nunquam
1471 731 1546 762 dum
1572 733 1677 762 autem
1702 730 1805 761 solum
1829 732 1981 771 quantum
2007 729 2046 761 ad
2072 729 2331 761 coniunctionem
2353 739 2419 762 eor-

455 787 602 820 daturin
629 787 681 818 illo
705 790 786 819 actu.
1469 793 1598 825 perani.
1631 783 1665 814 Et
1688 783 1828 823 primum
1864 786 1911 814 est
1946 782 1984 813 de
2020 781 2195 814 substantia
2230 783 2432 815 matrimonii·
2472 800 2475 818 ι,

545 841 572 872 5.
597 840 690 877 Item,
723 839 753 870 in
785 842 857 871 actu
889 838 941 870 illo
974 838 1085 870 satisfit
1118 837 1406 879 concupiscentiae;
1470 839 1624 877 quantum
1649 835 1687 866 ad
1713 844 1779 866 6886
1802 834 2047 871 necessariani‚·
2071 834 2245 866 secundum
2268 838 2418 876 quantum
2472 823 2475 840 ¹

455 893 508 924 sed
534 892 609 924 dum
635 891 746 923 satisfit
769 891 815 929 ei,
848 892 914 932 ipsa
948 890 1138 928 intenditur3
1171 890 1225 922 sed
1255 890 1338 932 quod
1364 890 1407 921 in-
1470 888 1510 920 ad
1535 898 1601 919 6886
1622 887 1764 928 plenam.

454 944 553 976 tendit
577 943 859 985 concupiscentiam
884 952 945 975 non
963 947 1008 975 est
1026 943 1219 981 remedium,
1245 943 1341 974 11111110
1358 951 1407 974 ve·
1563 940 1596 971 Et
1620 940 1663 971 sic
1695 943 1779 980 patet
1810 939 1972 980 responsio
2003 939 2042 971 ad
2075 942 2243 980 utramque
2279 942 2461 980 partem,Ad
2477 953 2483 972 :i

454 1006 588 1029 uenum:
614 1005 689 1037 ergo
714 996 848 1028 carnalis
872 995 1054 1028 commixtio
1072 1004 1133 1027 non
1150 995 1406 1036 prodest,immo
1471 992 1692 1033 distinguendo
1728 992 1949 1033 perfectionem
1982 991 2138 1032 duplicem
2165 991 2230 1023 sive
2262 991 2417 1032 duplicem
2474 967 2477 1010 ἶ

455 1049 543 1081 obest
566 1049 606 1081 ad
631 1049 807 1081 remedium
833 1048 1033 1080 matrimonii.
1471 1045 1680 1085 integritatem
1705 1043 1920 1086 sufficientiae
1943 1047 1973 1075 et
1998 1043 2223 1085 plenitudinis.
2258 1044 2291 1075 Et
2315 1052 2420 1075 secun-

1472 1098 1546 1129 dum
1573 1097 1632 1129 hoc
1656 1096 1853 1137 distinguunt
1877 1096 2005 1128 iuristae
2020 1096 2030 1110 ⁴
2060 1096 2313 1135 matrimonium,
2346 1096 2481 1147 scili-mgis

808 1161 1047 1185 eouccusro.
1472 1153 1520 1182 cet
1545 1150 1779 1181 matrimonium
1811 1152 1926 1180 ratam
1950 1152 1979 1180 et
2010 1148 2243 1180 matrimonium
2277 1158 2420 1180 consant-

1471 1207 1609 1234 malain.

461 1259 585 1301 Copula
609 1259 759 1291 carnalis
782 1268 847 1289 non
872 1261 918 1289 est
933 1258 970 1289 cle
987 1257 1174 1299 integritate
1197 1256 1409 1289 matrimonii
1560 1255 1604 1287 Aa
1629 1255 1708 1286 illud
1733 1263 1807 1296 ergo
1831 1254 1915 1295 quod
1940 1254 2103 1292 obiicitur,
2128 1254 2211 1295 quod
2237 1254 2337 1295 gratia
2360 1257 2483 1309 nonpffls

547 1311 657 1354 quoad
680 1320 746 1342 esse
769 1310 988 1348 necessitatis,
1006 1309 1062 1341 secl
1076 1309 1181 1341 solani
1208 1310 1318 1352 qaoacl
1342 1319 1408 1342 esse
1473 1309 1567 1341 datur
1591 1309 1621 1340 in
1646 1308 1699 1339 illo
1723 1311 1813 1346 actu,
1846 1316 1919 1348 ergo
1952 1316 2013 1339 non
2043 1310 2090 1339 est
2114 1307 2290 1339 remedium
2314 1311 2419 1339 contra
2433 1310 2473 1335 3³21*

545 1363 775 1405 completionis.
1472 1364 1654 1402 peccatum,
1679 1360 1866 1398 dicendum,
1891 1360 1976 1401 quod
2001 1360 2177 1392 remedium
2202 1360 2329 1401 aliquod
2354 1369 2420 1392 con-
2434 1361 2483 1383 ⁰1⁵¹*

1472 1418 1521 1445 tra
1545 1417 1708 1455 peccatum
1732 1417 1779 1446 est
1803 1412 1986 1454 dupliciter:
2012 1416 2067 1445 aut
2091 1413 2164 1454 quia
2189 1412 2302 1445 liberat
2323 1423 2341 1445 a
2357 1423 2421 1455 pec-

544 1470 742 1501 ResroNDEo:
768 1468 960 1506 Dicendum,
985 1467 1070 1509 quod
1095 1467 1269 1509 integritas
1292 1468 1335 1500 rei
1354 1468 1409 1500 du·
1473 1469 1541 1498 cato
1566 1466 1757 1503 connnisso,
1782 1468 1812 1497 et
1837 1466 1895 1497 hoc
1919 1468 1966 1497 est
1989 1474 2046 1506 per
2070 1465 2220 1506 gratiam,
2242 1466 2369 1507 quaein
2386 1475 2421 1498 eo

323 1530 442 1551 nisnnctio.
457 1522 581 1564 pliciter
603 1522 772 1562 accipitur,
804 1520 948 1552 videlicet
972 1522 1125 1561 quantum
1151 1520 1191 1551 ad
1216 1529 1282 1551 esse
1307 1529 1409 1552 neces·
1474 1518 1651 1555 consertum
1683 1517 1852 1559 quoddam,
1877 1517 1962 1559 quod
1987 1517 2098 1549 liberat
2122 1527 2139 1549 a
2163 1521 2307 1559 peccam,
2339 1517 2421 1558 quod

457 1575 585 1612 sitatis,
611 1575 659 1606 vel
685 1578 838 1616 quantum
864 1573 903 1605 ad
928 1582 994 1604 esse
1018 1572 1239 1614 completionis
1264 1573 1329 1605 sive
1346 1573 1409 1614 ple-
1474 1571 1729 1602 committeretur
1761 1569 1868 1607 alias,
1901 1573 1932 1601 et
1955 1570 2017 1602 tale
2050 1569 2225 1602 remedium
2251 1573 2297 1602 est
2321 1571 2422 1602 matri·
2481 1579 2483 1610 g

326 1626 617 1659 Conclustonitudinis.
643 1626 670 1657 Si
691 1626 858 1667 loquamur
875 1629 1029 1666 quantum
1047 1625 1086 1657 ad
1104 1634 1170 1656 esse
1187 1624 1408 1663 necessitatis,
1475 1624 1632 1662 monium,
1657 1623 1730 1665 quia
1754 1623 1845 1655 multi
1872 1623 1986 1655 infirmi
2012 1626 2183 1665 urerentur
2207 1623 2422 1664 concupiscen-

456 1688 568 1711 verum
593 1682 656 1717 est,
681 1678 763 1719 quod
790 1678 1026 1709 Sacramentum
1052 1677 1243 1709 matrimonii
1268 1686 1336 1709 esse
1358 1677 1410 1708 ha·
1473 1677 1532 1715 tia,
1550 1676 1607 1708 nisi
1627 1677 1778 1708 haberent
1802 1685 1954 1715 uxorem,
1972 1685 2067 1718 quam
2085 1677 2299 1717 cognoscendo
2321 1677 2421 1709 carnis

456 1731 508 1763 bet
533 1731 599 1763 sine
623 1731 846 1763 commixtione
871 1730 988 1768 carnis;
1013 1730 1037 1761 51
1062 1733 1168 1761 autem
1193 1732 1347 1771 quantum
1368 1730 1409 1761 ad
1473 1729 1671 1761 adustionem
1703 1729 1842 1761 evadunt
1851 1741 1858 1767 3
1891 1733 1921 1761 et
1945 1729 1975 1760 in
2000 1729 2052 1761 tali
2078 1733 2229 1771 quantum
2260 1730 2299 1761 ad
2325 1739 2421 1761 asam

455 1793 521 1815 esse
541 1783 776 1825 plenitudinis,
802 1783 845 1815 sic
870 1786 916 1815 est
941 1783 979 1814 de
1003 1783 1070 1814 eius
1095 1782 1281 1823 integritate.
1310 1782 1343 1814 Et
1365 1782 1408 1814 sic
1473 1791 1533 1813 non
1559 1786 1606 1814 est
1634 1790 1759 1814 necesse
1788 1782 1919 1822 gratiam
1938 1781 2026 1820 dari,
2048 1782 2193 1823 quamvis
2215 1781 2244 1813 in
2267 1785 2339 1814 actu
2370 1782 2421 1813 illo

455 1836 631 1878 procedunt
654 1835 789 1867 rationes
812 1835 852 1867 ad
877 1839 981 1876 partes
1005 1835 1173 1876 oppositas.
1473 1835 1570 1876 possit
1594 1834 1688 1865 homo
1712 1833 1843 1872 mereri,
1869 1833 1949 1866 sicut
1973 1833 2141 1865 habebitur
2166 1833 2246 1865 infra
2257 1834 2277 1864 ⁵.

543 1889 578 1921 Et
601 1889 660 1920 hoc
683 1891 768 1930 patet
791 1888 844 1920 sic.
878 1888 909 1919 ln
934 1887 1133 1919 matrimonio
1162 1887 1245 1919 enim
1270 1887 1408 1919 conside·
1560 1887 1603 1919 Ad
1628 1886 1708 1918 illud
1732 1895 1808 1918 vero
1832 1886 1917 1927 quod
1941 1886 2052 1918 ultimo
2076 1885 2238 1924 obiicitur,
2260 1886 2344 1928 quod
2361 1895 2420 1918 non
2437 1886 2467 1907 Ad

310 1949 439 1976 Explicatur*
456 1946 567 1974 rantur
592 1942 668 1974 haec
692 1941 768 1980 tria,
793 1941 910 1973 scilicet
933 1941 1085 1983 signant,
1118 1939 1281 1983 officiam,
1310 1949 1408 1971 reine-
1471 1942 1518 1971 est
1541 1939 1572 1970 in
1597 1939 1791 1977 remedium,
1823 1939 1920 1970 immo
1944 1942 2070 1977 contra,
2102 1938 2176 1979 quia
2200 1938 2331 1971 intendit
2355 1947 2422 1970 con-

455 1995 557 2027 diant.
576 1995 733 2035 Quantum
751 1994 791 2026 ad
807 1994 1098 2036 significationem,
1121 1994 1304 2032 dicendum,
1322 1993 1407 2035 quod
1472 1991 1694 2032 cupiscentiam
1729 1990 1757 2022 in
1790 1990 2007 2023 satisfacIendo
2040 1990 2085 2029 ei3
2118 1990 2304 2029 dicendum,
2338 1991 2421 2032 quod

316 2056 398 2087 nunes}
413 2055 447 2101 si·f
455 2048 575 2090 duplex
599 2051 646 2080 est
669 2047 738 2079 eius
762 2047 962 2088 significatio:
997 2046 1150 2088 significat
1174 2046 1257 2078 enim
1282 2046 1407 2078 601111111-
1472 2044 1525 2086 qui
1550 2044 1706 2086 cognoscit
1730 2052 1865 2076 uxorem
1890 2043 1991 2075 debite
2015 2043 2283 2085 concupiscentiae
2300 2053 2360 2075 non
2378 2053 2421 2076 sa-

306 2085 587 2155 ῗῑῗὲἷιῖῗῗῗ’ῗεῖ6110116111
619 2100 732 2132 Christi
766 2104 796 2132 61
829 2099 981 2132 Ecclesiae
1006 2108 1062 2141 per
1087 2099 1260 2130 caritatem
1285 2102 1315 2131 et
1339 2107 1408 2130 con·
1471 2098 1600 2136 tisfacit,
1624 2097 1679 2129 sed
1704 2097 1808 2139 potius
1832 2097 1953 2135 obviat,
1979 2105 2017 2129 ne
2041 2100 2172 2135 uratum
2200 2100 2231 2128 et
2258 2097 2328 2129 ideo
2359 2107 2419 2129 non

296 2141 329 2156 me
347 2141 397 2156 'um'
455 2154 645 2186 iunctionem
670 2162 726 2195 per
750 2156 894 2184 naturae
923 2150 1186 2194 conformitatem
1201 2151 1223 2183 2.
1254 2170 1297 2174 —
1321 2151 1407 2182 811111-
1473 2150 1661 2188 intenditur,
1686 2150 1740 2182 sed
1766 2150 1937 2181 remittitur
1961 2150 1991 2181 in
2016 2158 2052 2181 eo
2069 2149 2174 2182 fervor
2196 2149 2343 2182 libidinis.
2361 2150 2419 2182 Sed

455 2207 525 2239 liter
550 2206 669 2247 duplex
694 2209 741 2238 est
770 2205 932 2248 officiam:
964 2214 1065 2237 unum
1096 2208 1143 2237 est
1174 2208 1310 2236 mattiae
1333 2204 1406 2236 edn-
1471 2203 1525 2244 qui
1550 2203 1722 2243 cognoscit,
1758 2206 1791 2234 ut
1815 2202 2005 2240 delectetur,
2037 2211 2099 2234 non
2131 2203 2287 2244 cognoscit
2319 2203 2420 2234 matri-

454 2258 594 2290 cationis
618 2262 648 2290 et
679 2258 824 2296 fomenti,
856 2260 886 2289 et
916 2257 1003 2289 aliud
1031 2256 1262 2298 procreandae
1288 2255 1404 2297 prolis.
1472 2255 1666 2293 monialiter;
1690 2258 1720 2286 et
1737 2255 1807 2286 talis
1824 2264 1883 2286 non
1901 2254 1996 2286 habet
2012 2255 2206 2293 remedium,
2224 2255 2319 2286 immo
2335 2264 2420 2296 prae-

454 2330 497 2334 —
518 2311 666 2344 Similiter
691 2310 810 2352 duplex
835 2314 882 2343 est
904 2310 1106 2341 rentecliain:
1132 2318 1230 2341 unum
1248 2312 1294 2341 est
1311 2317 1406 2350 quan·
1471 2311 1531 2340 stat
1554 2307 1823 2349 concupiscentiae
1847 2307 2020 2339 fomentum
2035 2307 2056 2338 ⁵.

1110 2460 1219 2492 Duum
1245 2459 1350 2491 CtRCA
1374 2459 1561 2491 LITTERAM
1585 2458 1768 2490 MAGtsTRt.

868 2586 945 2617 Due.
970 2585 990 2616 l.
1468 2583 1566 2621 enim,
1583 2583 1667 2624 quod
1685 2583 1922 2615 Sacramentum
1946 2582 2137 2614 matrimonii
2162 2582 2292 2614 deberet
2316 2583 2415 2624 primo

1469 2636 1579 2667 situari
1604 2636 1669 2667 sive
1694 2635 1797 2677 primo
1821 2635 1860 2667 de
1884 2643 1920 2667 eo
1948 2635 2084 2667 tractari.
2111 2635 2249 2666 Primum
2274 2635 2419 2676 quidem,

540 2692 572 2723 In
598 2695 685 2733 parte
716 2692 774 2724 ista
799 2695 871 2724 sunt
906 2691 1116 2723 dubitationes
1140 2690 1223 2722 circa
1248 2689 1403 2728 litteram,
1469 2687 1542 2729 quia
1563 2687 1662 2728 prins
1686 2690 1732 2718 cst
1763 2687 1850 2730 qaocl
1872 2687 2036 2724 animale,
2070 2687 2183 2719 deinde
2215 2687 2301 2729 qaod
2323 2687 2417 2728 spiri-

453 2750 482 2777 et
513 2745 615 2786 primo
648 2745 811 2786 quaeritur
844 2745 882 2776 de
914 2744 975 2775 situ
1008 2743 1103 2775 huius
1140 2743 1246 2784 partis.
1272 2742 1403 2774 Videtur
1471 2741 1595 2778 taale⁷;
1619 2741 1672 2772 sed
1691 2741 1926 2772 matrimonium
1952 2740 2079 2781 respicit
2095 2743 2211 2772 statum
2236 2740 2413 2778 animalem,

524 2899 531 2915 ¹
553 2900 680 2924 Sententia
700 2900 763 2923 haec
783 2899 910 2929 colligitur
928 2905 958 2923 ex
978 2899 1054 2929 Epist.
1076 2899 1134 2923 262.
1155 2898 1227 2929 (alias
1252 2897 1320 2929 199.)
1341 2904 1364 2921 n.
1381 2897 1403 2928 t,
1468 2897 1527 2921 inde
1548 2904 1594 2927 pro
1608 2895 1661 2921 sive
1674 2895 1892 2921 substituuntnec
1905 2894 1961 2921 sine
1981 2895 2061 2928 (quod
2081 2896 2157 2921 etiam
2177 2895 2264 2926 plures
2283 2895 2323 2919 alii
2343 2894 2415 2920 codd.

452 2948 476 2969 ct
495 2951 525 2968 ex
545 2944 560 2968 1.
580 2943 613 2968 (16
632 2943 731 2974 Nuptiis
750 2945 775 2967 et
803 2943 950 2973 concupisc.
970 2949 991 2967 c.
1014 2942 1054 2966 ll.
1076 2948 1101 2966 n.
1125 2942 1170 2972 Ἰ12,
1192 2948 1221 2966 ex
1242 2941 1337 2973 quibus
1357 2942 1404 2966 Ma-
1468 2940 1607 2972 exhibent).

452 2989 542 3019 gister,
557 2988 620 3012 infra
636 2987 659 3012 d.
674 2987 759 3012 XXX.
773 2994 795 3011 c.
818 2988 846 3018 2,
868 2986 995 3018 quaedam
1015 2986 1095 3010 affert.
1116 2985 1195 3016 Magis
1214 2985 1334 3010 convenii
1347 2987 1404 3009 Am-
1538 2983 1547 2999 ⁴
1568 2983 1616 3008 Ct'r.
1638 2983 1732 3014 verba,
1756 2990 1822 3015 quae
1842 2984 1951 3008 Gratian.
1973 2982 1999 3008 C.
2021 2982 2087 3009 Cum
2106 2981 2228 3008 initiatur
2242 2982 2315 3014 (35),
2335 2982 2360 3007 C.
2376 2981 2414 3006 27.

452 3031 538 3062 bros,
558 3031 599 3055 Vt.
619 3031 714 3061 Eposit.
736 3031 759 3054 in
780 3030 841 3054 Luc.
866 3030 895 3061 8,
916 3030 957 3053 2t.
978 3036 1002 3053 n.
1024 3029 1073 3053 36:
1093 3028 1275 3060 Religiosiorcs
1295 3028 1404 3058 copulae
1468 3035 1492 3060 q.
1514 3029 1542 3058 2,
1563 3028 1708 3058 praemittit,
1729 3031 1753 3052 et
1781 3027 1807 3052 C.
1828 3027 1983 3053 [nstitutum
2008 3028 2045 3052 est
2071 3027 2143 3059 (39),
2173 3026 2248 3058 ibid,
2271 3026 2413 3057 subiungit,

453 3076 578 3100 mentium
605 3075 731 3100 docentur
756 3081 812 3099 esse
839 3081 918 3106 quam
943 3080 1093 3104 corporum.
1119 3086 1154 3090 —
1179 3072 1229 3101 Pro
1255 3070 1403 3104 corporalis
1468 3070 1511 3095 ubi
1533 3071 1698 3102 distinguitur
1727 3071 1816 3102 triplex
1845 3071 2053 3101 matrimonium,
2075 3070 2127 3095 scil.
2154 3069 2304 3101 initiatam,
2326 3069 2414 3094 ratum

453 3119 510 3144 cod.
530 3120 548 3143 Ε
568 3125 721 3151 corporum.
1468 3117 1492 3139 ct
1510 3116 1726 3140 consummatum
1746 3114 1817 3146 (vitio
1837 3115 1901 3139 intra
1921 3114 1946 3139 d.
1968 3114 2008 3138 27.
2030 3113 2093 3139 dub.
2116 3113 2161 3145 5.),

523 3162 534 3178 ⁰-
554 3163 619 3188 Vide
639 3163 679 3187 hic
708 3163 741 3187 lit.
771 3163 897 3194 Magistri,
920 3169 940 3186 c.
970 3162 993 3186 6.
1015 3175 1047 3178 -
1068 3160 1129 3186 Cod.
1150 3161 1172 3185 K
1193 3158 1403 3186 coniunctionem
1538 3159 1548 3174 ⁵
1568 3158 1632 3183 Dub.
1654 3159 1684 3189 33
1707 3159 1750 3184 cfr.
1771 3158 1797 3183 d.
1820 3159 1861 3183 31.
1881 3165 1902 3183 a.
1927 3158 1948 3182 t.
1970 3165 1994 3189 q.
2014 3158 2033 3182 1.
2050 3161 2073 3182 61
2087 3164 2110 3182 a.
2129 3158 2152 3181 2.
2167 3164 2191 3189 q.
2211 3157 2230 3181 l.
2248 3163 2310 3188 seq.⁷
2331 3155 2354 3180 d.
2374 3155 2413 3179 32.

454 3206 531 3231 ctiam
551 3206 655 3232 divinae
673 3208 788 3232 naturae
807 3207 831 3231 et
850 3206 996 3235 humanae,
1020 3211 1088 3238 quae
1107 3205 1204 3237 eslper
1217 3205 1332 3229 naturae
1346 3209 1404 3229 con-
1467 3210 1489 3227 a.
1518 3203 1535 3227 1,
1558 3210 1582 3234 q.
1607 3204 1627 3228 l.
1650 3203 1682 3227 ad
1703 3204 1726 3228 3.
1746 3202 1796 3228 Cfr.
1816 3203 1891 3228 etiam
1913 3205 2011 3234 quaest.
2032 3201 2152 3233 praeced.

453 3246 621 3279 finmitatem.
642 3250 701 3274 Post
719 3251 742 3274 el
761 3249 970 3275 coniunctionem
990 3249 1049 3274 edd.
1070 3248 1169 3273 addunt
1187 3247 1339 3273 eorundem.
1537 3247 1548 3263 ⁶
1569 3247 1633 3272 Vide
1653 3248 1767 3272 scholion
1787 3247 1819 3271 ad
1841 3247 1863 3271 1.
1884 3247 1960 3271 liuius
1980 3245 2077 3271 articuli
2098 3248 2195 3277 quaest.

523 3291 534 3307 3
554 3292 586 3316 lta
606 3292 681 3317 codd.
703 3293 750 3317 ST
763 3293 801 3324 X,
823 3293 898 3318 codd.
919 3293 959 3317 11<
980 3292 1126 3323 creandae,
1148 3292 1189 3317 alii
1204 3292 1243 3317 vel
1260 3292 1340 3323 creat,
1362 3290 1402 3316 vel
1537 3290 1548 3307 ⁷
1568 3291 1645 3322 Epist.
1667 3291 1681 3314 l.
1702 3290 1758 3315 Cor.
1785 3291 1826 3321 15,
1848 3289 1894 3315 46:
1916 3289 1966 3314 Sed
1986 3296 2035 3314 non
2056 3289 2128 3320 prius
2148 3288 2218 3320 quod
2239 3286 2349 3318 spiritale
2368 3287 2411 3316 est,

455 3336 543 3365 coeat,
566 3335 626 3359 edd.
648 3342 707 3360 cum
734 3337 830 3368 aliquot
858 3337 935 3361 codd.
962 3337 1082 3361 omittunt
1099 3335 1283 3369 procreandae
1302 3338 1326 3360 et
1345 3334 1403 3360 sub·
1468 3335 1512 3360 sed
1534 3335 1603 3366 quod
1624 3335 1733 3359 animale
1753 3337 1799 3359 ete.
