<?xml version="1.0" encoding="UTF-8"?>
<!DOCTYPE html PUBLIC "-//W3C//DTD XHTML 1.0 Transitional//EN"
    "http://www.w3.org/TR/xhtml1/DTD/xhtml1-transitional.dtd">
<html xmlns="http://www.w3.org/1999/xhtml" xml:lang="en" lang="en">
 <head>
  <title>
</title>
<meta http-equiv="Content-Type" content="text/html;charset=utf-8" />
  <meta name='ocr-system' content='tesseract 3.04.00' />
  <meta name='ocr-capabilities' content='ocr_page ocr_carea ocr_par ocr_line ocrx_word'/>
</head>
<body>
  <div class='ocr_page' id='page_1' title='image "./doctorisseraphic04bona_1069.png"; bbox 0 0 2483 3882; ppageno 0'>
   <div class='ocr_carea' id='block_1_1' title="bbox 0 881 112 903">
    <p class='ocr_par' dir='ltr' id='par_1_1' title="bbox 0 881 112 903">
     <span class='ocr_line' id='line_1_1' title="bbox 0 881 112 903; baseline -0.009 0"><span class='ocrx_word' id='word_1_1' title='bbox 0 881 112 903; x_wconf 70' lang='lat' dir='ltr'>idamenta.</span> 
     </span>
    </p>
   </div>
   <div class='ocr_carea' id='block_1_2' title="bbox 0 1824 98 1872">
    <p class='ocr_par' dir='ltr' id='par_1_2' title="bbox 0 1824 98 1872">
     <span class='ocr_line' id='line_1_2' title="bbox 0 1824 98 1852; baseline 0.01 -7"><span class='ocrx_word' id='word_1_2' title='bbox 0 1824 3 1845; x_wconf 88' lang='lat' dir='ltr'>l</span> <span class='ocrx_word' id='word_1_3' title='bbox 15 1824 98 1852; x_wconf 80' lang='lat' dir='ltr'>opposi-</span> 
     </span>
     <span class='ocr_line' id='line_1_3' title="bbox 7 1852 59 1872; baseline 0 0"><span class='ocrx_word' id='word_1_4' title='bbox 7 1852 59 1872; x_wconf 84' lang='lat' dir='ltr'>tum.</span> 
     </span>
    </p>
   </div>
   <div class='ocr_carea' id='block_1_3' title="bbox 776 227 1430 269">
    <p class='ocr_par' dir='ltr' id='par_1_3' title="bbox 776 227 1430 269">
     <span class='ocr_line' id='line_1_4' title="bbox 776 227 1430 269; baseline 0.002 -10"><span class='ocrx_word' id='word_1_5' title='bbox 776 228 867 259; x_wconf 85' lang='lat' dir='ltr'>DlST.</span> <span class='ocrx_word' id='word_1_6' title='bbox 892 228 922 259; x_wconf 89' lang='lat' dir='ltr'>L.</span> <span class='ocrx_word' id='word_1_7' title='bbox 948 228 977 259; x_wconf 90' lang='lat' dir='ltr'>P.</span> <span class='ocrx_word' id='word_1_8' title='bbox 1003 228 1034 259; x_wconf 87' lang='lat' dir='ltr'>ll.</span> <span class='ocrx_word' id='word_1_9' title='bbox 1059 227 1140 259; x_wconf 73' lang='lat' dir='ltr'>ART.</span> <span class='ocrx_word' id='word_1_10' title='bbox 1165 227 1185 259; x_wconf 90' lang='lat' dir='ltr'>l.</span> <span class='ocrx_word' id='word_1_11' title='bbox 1210 228 1362 269; x_wconf 82' lang='lat' dir='ltr'>QUAEST.</span> <span class='ocrx_word' id='word_1_12' title='bbox 1387 229 1430 260; x_wconf 83' lang='lat' dir='ltr'>tlt.</span> 
     </span>
    </p>
   </div>
   <div class='ocr_carea' id='block_1_4' title="bbox 2000 233 2082 265">
    <p class='ocr_par' dir='ltr' id='par_1_4' title="bbox 2000 233 2082 265">
     <span class='ocr_line' id='line_1_5' title="bbox 2000 233 2082 265; baseline 0.012 -1"><span class='ocrx_word' id='word_1_13' title='bbox 2000 233 2082 265; x_wconf 69' lang='lat'>1049</span> 
     </span>
    </p>
   </div>
   <div class='ocr_carea' id='block_1_5' title="bbox 467 407 1227 448">
    <p class='ocr_par' dir='ltr' id='par_1_5' title="bbox 467 407 1227 448">
     <span class='ocr_line' id='line_1_6' title="bbox 467 407 1227 448; baseline -0.004 -6"><span class='ocrx_word' id='word_1_14' title='bbox 467 424 482 428; x_wconf 37' lang='lat' dir='ltr'>r</span> <span class='ocrx_word' id='word_1_15' title='bbox 975 407 1158 448; x_wconf 79' lang='lat' dir='ltr'>QUAESTIO</span> <span class='ocrx_word' id='word_1_16' title='bbox 1182 408 1227 439; x_wconf 86' lang='lat'>111.</span> 
     </span>
    </p>
   </div>
   <div class='ocr_carea' id='block_1_6' title="bbox 659 503 1545 547">
    <p class='ocr_par' dir='ltr' id='par_1_6' title="bbox 659 503 1545 547">
     <span class='ocr_line' id='line_1_7' title="bbox 659 503 1545 547; baseline 0.005 -13"><span class='ocrx_word' id='word_1_17' title='bbox 659 503 776 535; x_wconf 73' lang='lat' dir='ltr'>Utrum</span> <span class='ocrx_word' id='word_1_18' title='bbox 800 503 896 535; x_wconf 78' lang='lat' dir='ltr'>Beati</span> <span class='ocrx_word' id='word_1_19' title='bbox 917 507 945 535; x_wconf 78' lang='lat' dir='ltr'>et</span> <span class='ocrx_word' id='word_1_20' title='bbox 969 503 1123 535; x_wconf 74' lang='lat' dir='ltr'>damnati</span> <span class='ocrx_word' id='word_1_21' title='bbox 1146 508 1259 535; x_wconf 77' lang='lat' dir='ltr'>mutuo</span> <span class='ocrx_word' id='word_1_22' title='bbox 1283 514 1316 536; x_wconf 71' lang='lat' dir='ltr'>se</span> <span class='ocrx_word' id='word_1_23' title='bbox 1339 511 1545 547; x_wconf 70' lang='lat' dir='ltr'>coynoscctnt.</span> 
     </span>
    </p>
   </div>
   <div class='ocr_carea' id='block_1_7' title="bbox 108 612 1069 2652">
    <p class='ocr_par' dir='ltr' id='par_1_7' title="bbox 117 612 1069 811">
     <span class='ocr_line' id='line_1_8' title="bbox 208 612 1069 655; baseline 0.001 -11"><span class='ocrx_word' id='word_1_24' title='bbox 208 613 311 645; x_wconf 90' lang='lat' dir='ltr'>Tertio</span> <span class='ocrx_word' id='word_1_25' title='bbox 334 612 498 654; x_wconf 88' lang='lat' dir='ltr'>quaeritur</span> <span class='ocrx_word' id='word_1_26' title='bbox 523 613 561 644; x_wconf 89' lang='lat' dir='ltr'>de</span> <span class='ocrx_word' id='word_1_27' title='bbox 578 613 752 654; x_wconf 78' lang='lat' dir='ltr'>cognitione</span> <span class='ocrx_word' id='word_1_28' title='bbox 769 613 890 645; x_wconf 87' lang='lat' dir='ltr'>animae</span> <span class='ocrx_word' id='word_1_29' title='bbox 907 617 1069 655; x_wconf 79' lang='lat' dir='ltr'>separatae</span> 
     </span>
     <span class='ocr_line' id='line_1_9' title="bbox 117 665 1069 708; baseline 0 -10"><span class='ocrx_word' id='word_1_30' title='bbox 117 674 175 708; x_wconf 88' lang='lat' dir='ltr'>per</span> <span class='ocrx_word' id='word_1_31' title='bbox 199 665 462 707; x_wconf 81' lang='lat' dir='ltr'>comparationem</span> <span class='ocrx_word' id='word_1_32' title='bbox 488 665 527 697; x_wconf 90' lang='lat' dir='ltr'>ad</span> <span class='ocrx_word' id='word_1_33' title='bbox 552 669 667 697; x_wconf 87' lang='lat' dir='ltr'>statum</span> <span class='ocrx_word' id='word_1_34' title='bbox 701 665 865 698; x_wconf 87' lang='lat' dir='ltr'>Beatorum</span> <span class='ocrx_word' id='word_1_35' title='bbox 880 678 888 704; x_wconf 79' lang='lat'><em>3</em></span> <span class='ocrx_word' id='word_1_36' title='bbox 920 669 951 698; x_wconf 89' lang='lat' dir='ltr'>et</span> <span class='ocrx_word' id='word_1_37' title='bbox 978 675 1069 708; x_wconf 88' lang='lat' dir='ltr'>quae-</span> 
     </span>
     <span class='ocr_line' id='line_1_10' title="bbox 119 718 1067 759; baseline 0 -9"><span class='ocrx_word' id='word_1_38' title='bbox 119 718 218 757; x_wconf 84' lang='lat' dir='ltr'>ritur,</span> <span class='ocrx_word' id='word_1_39' title='bbox 243 721 350 750; x_wconf 88' lang='lat' dir='ltr'>utrum</span> <span class='ocrx_word' id='word_1_40' title='bbox 377 720 488 750; x_wconf 89' lang='lat' dir='ltr'>mutuo</span> <span class='ocrx_word' id='word_1_41' title='bbox 512 726 544 750; x_wconf 89' lang='lat' dir='ltr'>se</span> <span class='ocrx_word' id='word_1_42' title='bbox 568 721 771 759; x_wconf 77' lang='lat' dir='ltr'>cognoscant,</span> <span class='ocrx_word' id='word_1_43' title='bbox 796 718 912 750; x_wconf 88' lang='lat' dir='ltr'>scilicet</span> <span class='ocrx_word' id='word_1_44' title='bbox 929 718 1067 750; x_wconf 88' lang='lat' dir='ltr'>damnati</span> 
     </span>
     <span class='ocr_line' id='line_1_11' title="bbox 120 770 948 811; baseline -0.005 -5"><span class='ocrx_word' id='word_1_45' title='bbox 120 774 245 810; x_wconf 77' lang='lat' dir='ltr'>Beatos,</span> <span class='ocrx_word' id='word_1_46' title='bbox 270 774 300 803; x_wconf 90' lang='lat' dir='ltr'>et</span> <span class='ocrx_word' id='word_1_47' title='bbox 324 779 340 802; x_wconf 90' lang='lat' dir='ltr'>e</span> <span class='ocrx_word' id='word_1_48' title='bbox 365 779 524 802; x_wconf 89' lang='lat' dir='ltr'>converso.</span> <span class='ocrx_word' id='word_1_49' title='bbox 552 770 585 802; x_wconf 88' lang='lat' dir='ltr'>Et</span> <span class='ocrx_word' id='word_1_50' title='bbox 608 771 692 811; x_wconf 90' lang='lat' dir='ltr'>quod</span> <span class='ocrx_word' id='word_1_51' title='bbox 717 770 778 809; x_wconf 91' lang='lat' dir='ltr'>sic,</span> <span class='ocrx_word' id='word_1_52' title='bbox 803 771 948 802; x_wconf 87' lang='lat' dir='ltr'>videtur:</span> 
     </span>
    </p>

    <p class='ocr_par' dir='ltr' id='par_1_8' title="bbox 118 823 1067 969">
     <span class='ocr_line' id='line_1_12' title="bbox 210 823 1067 864; baseline -0.001 -8"><span class='ocrx_word' id='word_1_53' title='bbox 210 826 236 856; x_wconf 86' lang='lat'>1.</span> <span class='ocrx_word' id='word_1_54' title='bbox 263 824 318 856; x_wconf 86' lang='lat' dir='ltr'>Per</span> <span class='ocrx_word' id='word_1_55' title='bbox 342 823 420 855; x_wconf 90' lang='lat' dir='ltr'>illud</span> <span class='ocrx_word' id='word_1_56' title='bbox 445 823 546 854; x_wconf 87' lang='lat' dir='ltr'>Lucae</span> <span class='ocrx_word' id='word_1_57' title='bbox 570 823 691 855; x_wconf 90' lang='lat' dir='ltr'>decimo</span> <span class='ocrx_word' id='word_1_58' title='bbox 723 826 812 855; x_wconf 85' lang='lat' dir='ltr'>sexto</span> <span class='ocrx_word' id='word_1_59' title='bbox 827 824 845 861; x_wconf 76' lang='lat'>¹,</span> <span class='ocrx_word' id='word_1_60' title='bbox 870 823 954 864; x_wconf 89' lang='lat' dir='ltr'>quod</span> <span class='ocrx_word' id='word_1_61' title='bbox 978 823 1067 855; x_wconf 89' lang='lat' dir='ltr'>dives</span> 
     </span>
     <span class='ocr_line' id='line_1_13' title="bbox 119 875 1067 920; baseline -0.004 -10"><span class='ocrx_word' id='word_1_62' title='bbox 119 878 241 920; x_wconf 86' lang='lat' dir='ltr'>positus</span> <span class='ocrx_word' id='word_1_63' title='bbox 266 877 294 908; x_wconf 90' lang='lat' dir='ltr'>in</span> <span class='ocrx_word' id='word_1_64' title='bbox 320 875 484 907; x_wconf 87' lang='lat' dir='ltr'>tormentis</span> <span class='ocrx_word' id='word_1_65' title='bbox 516 875 594 907; x_wconf 89' lang='lat' dir='ltr'>vidit</span> <span class='ocrx_word' id='word_1_66' title='bbox 617 875 791 913; x_wconf 79' lang='lat' dir='ltr'>Abraham,</span> <span class='ocrx_word' id='word_1_67' title='bbox 816 879 846 907; x_wconf 91' lang='lat' dir='ltr'>et</span> <span class='ocrx_word' id='word_1_68' title='bbox 869 875 1023 907; x_wconf 77' lang='lat' dir='ltr'>Abraham</span> <span class='ocrx_word' id='word_1_69' title='bbox 1051 885 1067 907; x_wconf 93' lang='lat' dir='ltr'>e</span> 
     </span>
     <span class='ocr_line' id='line_1_14' title="bbox 118 928 509 969; baseline -0.01 -6"><span class='ocrx_word' id='word_1_70' title='bbox 118 938 270 963; x_wconf 85' lang='lat' dir='ltr'>converso</span> <span class='ocrx_word' id='word_1_71' title='bbox 294 928 371 960; x_wconf 91' lang='lat' dir='ltr'>vidit</span> <span class='ocrx_word' id='word_1_72' title='bbox 396 928 509 969; x_wconf 88' lang='lat' dir='ltr'>ipsum.</span> 
     </span>
    </p>

    <p class='ocr_par' dir='ltr' id='par_1_9' title="bbox 116 980 1065 1074">
     <span class='ocr_line' id='line_1_15' title="bbox 206 980 1065 1022; baseline -0.001 -9"><span class='ocrx_word' id='word_1_73' title='bbox 206 983 236 1013; x_wconf 72' lang='lat'>2.</span> <span class='ocrx_word' id='word_1_74' title='bbox 261 981 353 1018; x_wconf 87' lang='lat' dir='ltr'>Item,</span> <span class='ocrx_word' id='word_1_75' title='bbox 378 980 589 1021; x_wconf 68' lang='lat' dir='ltr'>Gregorius‘23</span> <span class='ocrx_word' id='word_1_76' title='bbox 620 992 634 1009; x_wconf 88' lang='lat'>«</span> <span class='ocrx_word' id='word_1_77' title='bbox 650 980 794 1012; x_wconf 81' lang='lat' dir='ltr'>Infideles</span> <span class='ocrx_word' id='word_1_78' title='bbox 818 980 848 1011; x_wconf 93' lang='lat' dir='ltr'>in</span> <span class='ocrx_word' id='word_1_79' title='bbox 884 980 946 1011; x_wconf 88' lang='lat' dir='ltr'>imo</span> <span class='ocrx_word' id='word_1_80' title='bbox 975 980 1065 1022; x_wconf 91' lang='lat' dir='ltr'>positi</span> 
     </span>
     <span class='ocr_line' id='line_1_16' title="bbox 116 1032 822 1074; baseline -0.004 -8"><span class='ocrx_word' id='word_1_81' title='bbox 116 1034 225 1067; x_wconf 90' lang='lat' dir='ltr'>fideles</span> <span class='ocrx_word' id='word_1_82' title='bbox 249 1041 345 1074; x_wconf 87' lang='lat' dir='ltr'>super</span> <span class='ocrx_word' id='word_1_83' title='bbox 370 1041 402 1064; x_wconf 88' lang='lat' dir='ltr'>se</span> <span class='ocrx_word' id='word_1_84' title='bbox 427 1032 458 1063; x_wconf 91' lang='lat' dir='ltr'>in</span> <span class='ocrx_word' id='word_1_85' title='bbox 482 1032 590 1073; x_wconf 89' lang='lat' dir='ltr'>requie</span> <span class='ocrx_word' id='word_1_86' title='bbox 614 1032 822 1064; x_wconf 89' lang='lat' dir='ltr'>attendunt».</span> 
     </span>
    </p>

    <p class='ocr_par' dir='ltr' id='par_1_10' title="bbox 114 1084 1068 1391">
     <span class='ocr_line' id='line_1_17' title="bbox 204 1084 1067 1126; baseline 0 -9"><span class='ocrx_word' id='word_1_87' title='bbox 204 1085 234 1117; x_wconf 85' lang='lat'>3.</span> <span class='ocrx_word' id='word_1_88' title='bbox 258 1085 332 1117; x_wconf 86' lang='lat' dir='ltr'>ltem</span> <span class='ocrx_word' id='word_1_89' title='bbox 344 1111 351 1123; x_wconf 85' lang='grc'>,</span> <span class='ocrx_word' id='word_1_90' title='bbox 368 1084 497 1116; x_wconf 75' lang='lat' dir='ltr'>ratione</span> <span class='ocrx_word' id='word_1_91' title='bbox 514 1085 659 1116; x_wconf 86' lang='lat' dir='ltr'>videtur:</span> <span class='ocrx_word' id='word_1_92' title='bbox 685 1084 758 1126; x_wconf 86' lang='lat' dir='ltr'>quia</span> <span class='ocrx_word' id='word_1_93' title='bbox 775 1085 930 1126; x_wconf 84' lang='lat' dir='ltr'>opposita,</span> <span class='ocrx_word' id='word_1_94' title='bbox 949 1085 1006 1118; x_wconf 86' lang='lat' dir='ltr'>sihi</span> <span class='ocrx_word' id='word_1_95' title='bbox 1025 1085 1067 1117; x_wconf 92' lang='lat' dir='ltr'>in-</span> 
     </span>
     <span class='ocr_line' id='line_1_18' title="bbox 115 1136 1067 1179; baseline 0 -9"><span class='ocrx_word' id='word_1_96' title='bbox 115 1137 215 1170; x_wconf 84' lang='lat' dir='ltr'>vicem</span> <span class='ocrx_word' id='word_1_97' title='bbox 240 1140 419 1179; x_wconf 88' lang='lat' dir='ltr'>comparata</span> <span class='ocrx_word' id='word_1_98' title='bbox 443 1140 473 1169; x_wconf 87' lang='lat' dir='ltr'>et</span> <span class='ocrx_word' id='word_1_99' title='bbox 497 1136 591 1168; x_wconf 91' lang='lat' dir='ltr'>simul</span> <span class='ocrx_word' id='word_1_100' title='bbox 627 1137 710 1175; x_wconf 75' lang='lat' dir='ltr'>visa,</span> <span class='ocrx_word' id='word_1_101' title='bbox 737 1137 834 1178; x_wconf 86' lang='lat' dir='ltr'>magis</span> <span class='ocrx_word' id='word_1_102' title='bbox 862 1137 1067 1170; x_wconf 81' lang='lat' dir='ltr'>elucescunt3</span> 
     </span>
     <span class='ocr_line' id='line_1_19' title="bbox 115 1189 1068 1230; baseline 0.001 -8"><span class='ocrx_word' id='word_1_103' title='bbox 115 1194 145 1223; x_wconf 91' lang='lat' dir='ltr'>et</span> <span class='ocrx_word' id='word_1_104' title='bbox 169 1190 260 1222; x_wconf 88' lang='lat' dir='ltr'>etiam</span> <span class='ocrx_word' id='word_1_105' title='bbox 287 1190 436 1222; x_wconf 87' lang='lat' dir='ltr'>decorant</span> <span class='ocrx_word' id='word_1_106' title='bbox 464 1189 672 1221; x_wconf 87' lang='lat' dir='ltr'>universum:</span> <span class='ocrx_word' id='word_1_107' title='bbox 705 1198 780 1230; x_wconf 86' lang='lat' dir='ltr'>ergo</span> <span class='ocrx_word' id='word_1_108' title='bbox 811 1189 835 1221; x_wconf 89' lang='lat' dir='ltr'>si</span> <span class='ocrx_word' id='word_1_109' title='bbox 868 1190 941 1221; x_wconf 88' lang='lat' dir='ltr'>mali</span> <span class='ocrx_word' id='word_1_110' title='bbox 975 1191 1068 1223; x_wconf 84' lang='lat' dir='ltr'>habe-</span> 
     </span>
     <span class='ocr_line' id='line_1_20' title="bbox 114 1242 1065 1284; baseline -0.002 -8"><span class='ocrx_word' id='word_1_111' title='bbox 114 1243 193 1276; x_wconf 83' lang='lat' dir='ltr'>bunt</span> <span class='ocrx_word' id='word_1_112' title='bbox 216 1252 347 1284; x_wconf 88' lang='lat' dir='ltr'>poenam</span> <span class='ocrx_word' id='word_1_113' title='bbox 373 1245 502 1274; x_wconf 89' lang='lat' dir='ltr'>eatenus</span> <span class='ocrx_word' id='word_1_114' title='bbox 527 1242 699 1279; x_wconf 83' lang='lat' dir='ltr'>intensam,</span> <span class='ocrx_word' id='word_1_115' title='bbox 721 1251 784 1283; x_wconf 88' lang='lat' dir='ltr'>qna</span> <span class='ocrx_word' id='word_1_116' title='bbox 801 1245 902 1283; x_wconf 84' lang='lat' dir='ltr'>potest</span> <span class='ocrx_word' id='word_1_117' title='bbox 918 1243 1065 1284; x_wconf 81' lang='lat' dir='ltr'>cogitari,</span> 
     </span>
     <span class='ocr_line' id='line_1_21' title="bbox 114 1294 1066 1335; baseline -0.002 -7"><span class='ocrx_word' id='word_1_118' title='bbox 114 1300 144 1329; x_wconf 91' lang='lat' dir='ltr'>et</span> <span class='ocrx_word' id='word_1_119' title='bbox 168 1295 312 1328; x_wconf 89' lang='lat' dir='ltr'>similiter</span> <span class='ocrx_word' id='word_1_120' title='bbox 336 1295 406 1327; x_wconf 84' lang='lat' dir='ltr'>boni</span> <span class='ocrx_word' id='word_1_121' title='bbox 433 1294 583 1335; x_wconf 78' lang='lat' dir='ltr'>gloriam,</span> <span class='ocrx_word' id='word_1_122' title='bbox 609 1298 639 1326; x_wconf 90' lang='lat' dir='ltr'>et</span> <span class='ocrx_word' id='word_1_123' title='bbox 663 1298 798 1335; x_wconf 87' lang='lat' dir='ltr'>utraque</span> <span class='ocrx_word' id='word_1_124' title='bbox 823 1295 996 1327; x_wconf 88' lang='lat' dir='ltr'>intenditur</span> <span class='ocrx_word' id='word_1_125' title='bbox 1021 1304 1066 1327; x_wconf 90' lang='lat' dir='ltr'>re-</span> 
     </span>
     <span class='ocr_line' id='line_1_22' title="bbox 115 1346 1064 1391; baseline -0.003 -9"><span class='ocrx_word' id='word_1_126' title='bbox 115 1352 225 1391; x_wconf 89' lang='lat' dir='ltr'>spectu</span> <span class='ocrx_word' id='word_1_127' title='bbox 237 1348 386 1383; x_wconf 81' lang='lat' dir='ltr'>alterins;</span> <span class='ocrx_word' id='word_1_128' title='bbox 400 1356 475 1387; x_wconf 89' lang='lat' dir='ltr'>ergo</span> <span class='ocrx_word' id='word_1_129' title='bbox 492 1346 619 1387; x_wconf 89' lang='lat' dir='ltr'>utrique</span> <span class='ocrx_word' id='word_1_130' title='bbox 637 1346 752 1378; x_wconf 81' lang='lat' dir='ltr'>debent</span> <span class='ocrx_word' id='word_1_131' title='bbox 770 1351 879 1379; x_wconf 87' lang='lat' dir='ltr'>mutuo</span> <span class='ocrx_word' id='word_1_132' title='bbox 897 1356 929 1379; x_wconf 91' lang='lat' dir='ltr'>se</span> <span class='ocrx_word' id='word_1_133' title='bbox 946 1348 1064 1380; x_wconf 87' lang='lat' dir='ltr'>videre.</span> 
     </span>
    </p>

    <p class='ocr_par' dir='ltr' id='par_1_11' title="bbox 113 1398 1066 1757">
     <span class='ocr_line' id='line_1_23' title="bbox 201 1398 1066 1440; baseline -0.001 -8"><span class='ocrx_word' id='word_1_134' title='bbox 201 1401 231 1432; x_wconf 77' lang='grc' dir='ltr'>[ι.</span> <span class='ocrx_word' id='word_1_135' title='bbox 257 1400 349 1437; x_wconf 81' lang='lat' dir='ltr'>Item,</span> <span class='ocrx_word' id='word_1_136' title='bbox 375 1401 511 1437; x_wconf 80' lang='lat' dir='ltr'>constat,</span> <span class='ocrx_word' id='word_1_137' title='bbox 536 1398 620 1440; x_wconf 89' lang='lat' dir='ltr'>quod</span> <span class='ocrx_word' id='word_1_138' title='bbox 646 1398 715 1430; x_wconf 86' lang='lat' dir='ltr'>boni</span> <span class='ocrx_word' id='word_1_139' title='bbox 742 1399 924 1440; x_wconf 80' lang='lat' dir='ltr'>gaudebunt</span> <span class='ocrx_word' id='word_1_140' title='bbox 949 1404 979 1431; x_wconf 89' lang='lat' dir='ltr'>et</span> <span class='ocrx_word' id='word_1_141' title='bbox 1002 1400 1066 1431; x_wconf 88' lang='lat' dir='ltr'>lau-</span> 
     </span>
     <span class='ocr_line' id='line_1_24' title="bbox 115 1451 1065 1494; baseline -0.002 -8"><span class='ocrx_word' id='word_1_142' title='bbox 115 1454 235 1486; x_wconf 88' lang='lat' dir='ltr'>dabunt</span> <span class='ocrx_word' id='word_1_143' title='bbox 258 1453 311 1484; x_wconf 86' lang='lat' dir='ltr'>Dei</span> <span class='ocrx_word' id='word_1_144' title='bbox 338 1451 505 1490; x_wconf 85' lang='lat' dir='ltr'>iustitiam,</span> <span class='ocrx_word' id='word_1_145' title='bbox 528 1451 601 1483; x_wconf 89' lang='lat' dir='ltr'>mali</span> <span class='ocrx_word' id='word_1_146' title='bbox 619 1451 762 1483; x_wconf 86' lang='lat' dir='ltr'>similiter</span> <span class='ocrx_word' id='word_1_147' title='bbox 780 1452 931 1484; x_wconf 85' lang='lat' dir='ltr'>dolebunt</span> <span class='ocrx_word' id='word_1_148' title='bbox 948 1453 986 1484; x_wconf 91' lang='lat' dir='ltr'>de</span> <span class='ocrx_word' id='word_1_149' title='bbox 1003 1453 1065 1494; x_wconf 90' lang='lat' dir='ltr'>glo-</span> 
     </span>
     <span class='ocr_line' id='line_1_25' title="bbox 115 1504 1064 1545; baseline -0.001 -7"><span class='ocrx_word' id='word_1_150' title='bbox 115 1506 161 1538; x_wconf 84' lang='lat' dir='ltr'>ria</span> <span class='ocrx_word' id='word_1_151' title='bbox 184 1506 318 1537; x_wconf 88' lang='lat' dir='ltr'>amissa:</span> <span class='ocrx_word' id='word_1_152' title='bbox 344 1513 418 1545; x_wconf 89' lang='lat' dir='ltr'>ergo</span> <span class='ocrx_word' id='word_1_153' title='bbox 443 1504 467 1536; x_wconf 92' lang='lat' dir='ltr'>si</span> <span class='ocrx_word' id='word_1_154' title='bbox 492 1513 553 1535; x_wconf 91' lang='lat' dir='ltr'>non</span> <span class='ocrx_word' id='word_1_155' title='bbox 578 1504 727 1545; x_wconf 87' lang='lat' dir='ltr'>contingit</span> <span class='ocrx_word' id='word_1_156' title='bbox 751 1505 889 1545; x_wconf 87' lang='lat' dir='ltr'>gaudere</span> <span class='ocrx_word' id='word_1_157' title='bbox 911 1508 940 1537; x_wconf 91' lang='lat' dir='ltr'>et</span> <span class='ocrx_word' id='word_1_158' title='bbox 958 1505 1064 1537; x_wconf 89' lang='lat' dir='ltr'>dolere</span> 
     </span>
     <span class='ocr_line' id='line_1_26' title="bbox 114 1557 1061 1599; baseline -0.001 -9"><span class='ocrx_word' id='word_1_159' title='bbox 114 1558 172 1590; x_wconf 92' lang='lat' dir='ltr'>nisi</span> <span class='ocrx_word' id='word_1_160' title='bbox 205 1558 244 1590; x_wconf 88' lang='lat' dir='ltr'>de</span> <span class='ocrx_word' id='word_1_161' title='bbox 276 1557 398 1599; x_wconf 88' lang='lat' dir='ltr'>cognito</span> <span class='ocrx_word' id='word_1_162' title='bbox 412 1557 431 1595; x_wconf 80' lang='lat'>⁴,</span> <span class='ocrx_word' id='word_1_163' title='bbox 456 1557 583 1598; x_wconf 89' lang='lat' dir='ltr'>utrique</span> <span class='ocrx_word' id='word_1_164' title='bbox 609 1561 813 1598; x_wconf 78' lang='lat' dir='ltr'>cognoscent,</span> <span class='ocrx_word' id='word_1_165' title='bbox 842 1557 959 1589; x_wconf 83' lang='lat' dir='ltr'>scilicet</span> <span class='ocrx_word' id='word_1_166' title='bbox 991 1558 1061 1589; x_wconf 83' lang='lat' dir='ltr'>honi</span> 
     </span>
     <span class='ocr_line' id='line_1_27' title="bbox 114 1609 1063 1651; baseline 0 -8"><span class='ocrx_word' id='word_1_167' title='bbox 114 1611 312 1644; x_wconf 86' lang='lat' dir='ltr'>severitatem</span> <span class='ocrx_word' id='word_1_168' title='bbox 338 1609 489 1648; x_wconf 86' lang='lat' dir='ltr'>iustitiae,</span> <span class='ocrx_word' id='word_1_169' title='bbox 514 1613 544 1641; x_wconf 90' lang='lat' dir='ltr'>et</span> <span class='ocrx_word' id='word_1_170' title='bbox 569 1609 641 1641; x_wconf 90' lang='lat' dir='ltr'>mali</span> <span class='ocrx_word' id='word_1_171' title='bbox 659 1609 841 1651; x_wconf 86' lang='lat' dir='ltr'>dignitatem</span> <span class='ocrx_word' id='word_1_172' title='bbox 860 1609 985 1651; x_wconf 86' lang='lat' dir='ltr'>gloriae.</span> <span class='ocrx_word' id='word_1_173' title='bbox 1004 1611 1063 1643; x_wconf 88' lang='lat' dir='ltr'>Sed</span> 
     </span>
     <span class='ocr_line' id='line_1_28' title="bbox 113 1662 1064 1705; baseline -0.002 -8"><span class='ocrx_word' id='word_1_174' title='bbox 113 1664 185 1697; x_wconf 88' lang='lat' dir='ltr'>boni</span> <span class='ocrx_word' id='word_1_175' title='bbox 218 1663 276 1695; x_wconf 88' lang='lat' dir='ltr'>hoc</span> <span class='ocrx_word' id='word_1_176' title='bbox 307 1671 368 1694; x_wconf 88' lang='lat' dir='ltr'>non</span> <span class='ocrx_word' id='word_1_177' title='bbox 401 1662 508 1694; x_wconf 87' lang='lat' dir='ltr'>vident</span> <span class='ocrx_word' id='word_1_178' title='bbox 539 1662 569 1693; x_wconf 90' lang='lat' dir='ltr'>in</span> <span class='ocrx_word' id='word_1_179' title='bbox 602 1670 652 1701; x_wconf 82' lang='lat' dir='ltr'>se,</span> <span class='ocrx_word' id='word_1_180' title='bbox 676 1670 733 1694; x_wconf 90' lang='lat' dir='ltr'>nec</span> <span class='ocrx_word' id='word_1_181' title='bbox 758 1662 830 1693; x_wconf 86' lang='lat' dir='ltr'>mali</span> <span class='ocrx_word' id='word_1_182' title='bbox 855 1662 885 1694; x_wconf 89' lang='lat' dir='ltr'>in</span> <span class='ocrx_word' id='word_1_183' title='bbox 911 1671 964 1695; x_wconf 89' lang='lat' dir='ltr'>se:</span> <span class='ocrx_word' id='word_1_184' title='bbox 989 1672 1064 1705; x_wconf 87' lang='lat' dir='ltr'>ergo</span> 
     </span>
     <span class='ocr_line' id='line_1_29' title="bbox 113 1714 657 1757; baseline -0.009 -7"><span class='ocrx_word' id='word_1_185' title='bbox 113 1720 250 1754; x_wconf 82' lang='lat' dir='ltr'>constat,</span> <span class='ocrx_word' id='word_1_186' title='bbox 274 1715 357 1757; x_wconf 88' lang='lat' dir='ltr'>quod</span> <span class='ocrx_word' id='word_1_187' title='bbox 383 1714 490 1746; x_wconf 89' lang='lat' dir='ltr'>vident</span> <span class='ocrx_word' id='word_1_188' title='bbox 514 1714 657 1746; x_wconf 88' lang='lat' dir='ltr'>invicem.</span> 
     </span>
    </p>

    <p class='ocr_par' dir='ltr' id='par_1_12' title="bbox 111 1766 1064 1913">
     <span class='ocr_line' id='line_1_30' title="bbox 202 1766 1064 1808; baseline 0.001 -9"><span class='ocrx_word' id='word_1_189' title='bbox 202 1768 345 1800; x_wconf 60' lang='lat' dir='ltr'>Conrna:</span> <span class='ocrx_word' id='word_1_190' title='bbox 374 1768 400 1798; x_wconf 79' lang='lat' dir='ltr'>t.</span> <span class='ocrx_word' id='word_1_191' title='bbox 426 1767 508 1798; x_wconf 87' lang='lat' dir='ltr'>lnter</span> <span class='ocrx_word' id='word_1_192' title='bbox 539 1774 592 1798; x_wconf 91' lang='lat' dir='ltr'>eos</span> <span class='ocrx_word' id='word_1_193' title='bbox 624 1770 671 1798; x_wconf 86' lang='lat' dir='ltr'>est</span> <span class='ocrx_word' id='word_1_194' title='bbox 702 1766 989 1808; x_wconf 87' lang='lat' dir='ltr'>improportionalis</span> <span class='ocrx_word' id='word_1_195' title='bbox 1021 1768 1064 1800; x_wconf 92' lang='lat' dir='ltr'>di-</span> 
     </span>
     <span class='ocr_line' id='line_1_31' title="bbox 112 1818 1062 1861; baseline -0.003 -7"><span class='ocrx_word' id='word_1_196' title='bbox 112 1821 246 1854; x_wconf 80' lang='lat' dir='ltr'>stantia:</span> <span class='ocrx_word' id='word_1_197' title='bbox 271 1828 345 1861; x_wconf 85' lang='lat' dir='ltr'>ergo</span> <span class='ocrx_word' id='word_1_198' title='bbox 376 1819 402 1851; x_wconf 89' lang='lat' dir='ltr'>si</span> <span class='ocrx_word' id='word_1_199' title='bbox 431 1818 470 1850; x_wconf 91' lang='lat' dir='ltr'>ad</span> <span class='ocrx_word' id='word_1_200' title='bbox 495 1818 644 1850; x_wconf 82' lang='lat' dir='ltr'>visionem</span> <span class='ocrx_word' id='word_1_201' title='bbox 671 1818 844 1860; x_wconf 80' lang='lat' dir='ltr'>requiritur</span> <span class='ocrx_word' id='word_1_202' title='bbox 868 1820 1062 1860; x_wconf 77' lang='lat' dir='ltr'>praesentia,</span> 
     </span>
     <span class='ocr_line' id='line_1_32' title="bbox 111 1870 946 1913; baseline -0.005 -7"><span class='ocrx_word' id='word_1_203' title='bbox 111 1873 255 1911; x_wconf 79' lang='lat' dir='ltr'>videtur,</span> <span class='ocrx_word' id='word_1_204' title='bbox 278 1871 360 1913; x_wconf 89' lang='lat' dir='ltr'>quod</span> <span class='ocrx_word' id='word_1_205' title='bbox 388 1880 447 1903; x_wconf 88' lang='lat' dir='ltr'>non</span> <span class='ocrx_word' id='word_1_206' title='bbox 473 1870 592 1912; x_wconf 82' lang='lat' dir='ltr'>possint</span> <span class='ocrx_word' id='word_1_207' title='bbox 616 1874 727 1902; x_wconf 88' lang='lat' dir='ltr'>mutuo</span> <span class='ocrx_word' id='word_1_208' title='bbox 751 1879 783 1903; x_wconf 90' lang='lat' dir='ltr'>se</span> <span class='ocrx_word' id='word_1_209' title='bbox 807 1871 915 1903; x_wconf 87' lang='lat' dir='ltr'>videre</span> <span class='ocrx_word' id='word_1_210' title='bbox 927 1872 946 1902; x_wconf 83' lang='lat'>⁵.</span> 
     </span>
    </p>

    <p class='ocr_par' dir='ltr' id='par_1_13' title="bbox 112 1924 1063 2071">
     <span class='ocr_line' id='line_1_33' title="bbox 202 1924 1063 1966; baseline -0.002 -8"><span class='ocrx_word' id='word_1_211' title='bbox 202 1928 232 1958; x_wconf 63' lang='grc' dir='ltr'>Ξ).</span> <span class='ocrx_word' id='word_1_212' title='bbox 261 1926 353 1964; x_wconf 79' lang='lat' dir='ltr'>ltem,</span> <span class='ocrx_word' id='word_1_213' title='bbox 386 1924 485 1966; x_wconf 88' lang='lat' dir='ltr'>gloria</span> <span class='ocrx_word' id='word_1_214' title='bbox 516 1928 564 1957; x_wconf 85' lang='lat' dir='ltr'>est</span> <span class='ocrx_word' id='word_1_215' title='bbox 593 1924 728 1965; x_wconf 84' lang='lat' dir='ltr'>qualitas</span> <span class='ocrx_word' id='word_1_216' title='bbox 761 1924 950 1965; x_wconf 81' lang='lat' dir='ltr'>spiritualis,</span> <span class='ocrx_word' id='word_1_217' title='bbox 983 1925 1063 1957; x_wconf 88' lang='lat' dir='ltr'>sicut</span> 
     </span>
     <span class='ocr_line' id='line_1_34' title="bbox 112 1976 1062 2021; baseline -0.003 -10"><span class='ocrx_word' id='word_1_218' title='bbox 112 1979 251 2021; x_wconf 80' lang='lat' dir='ltr'>gratia⁶3</span> <span class='ocrx_word' id='word_1_219' title='bbox 276 1978 330 2010; x_wconf 88' lang='lat' dir='ltr'>sed</span> <span class='ocrx_word' id='word_1_220' title='bbox 355 1977 490 2019; x_wconf 84' lang='lat' dir='ltr'>qualitas</span> <span class='ocrx_word' id='word_1_221' title='bbox 514 1977 631 2018; x_wconf 88' lang='lat' dir='ltr'>gratiae</span> <span class='ocrx_word' id='word_1_222' title='bbox 655 1985 715 2008; x_wconf 90' lang='lat' dir='ltr'>non</span> <span class='ocrx_word' id='word_1_223' title='bbox 740 1976 866 2009; x_wconf 87' lang='lat' dir='ltr'>videtur</span> <span class='ocrx_word' id='word_1_224' title='bbox 886 1977 1028 2009; x_wconf 83' lang='lat' dir='ltr'>exterius</span> <span class='ocrx_word' id='word_1_225' title='bbox 1045 1986 1062 2009; x_wconf 89' lang='lat' dir='ltr'>a</span> 
     </span>
     <span class='ocr_line' id='line_1_35' title="bbox 112 2029 685 2071; baseline -0.005 -7"><span class='ocrx_word' id='word_1_226' title='bbox 112 2041 172 2064; x_wconf 90' lang='lat' dir='ltr'>non</span> <span class='ocrx_word' id='word_1_227' title='bbox 197 2031 352 2063; x_wconf 85' lang='lat' dir='ltr'>habente:</span> <span class='ocrx_word' id='word_1_228' title='bbox 378 2039 453 2071; x_wconf 84' lang='lat' dir='ltr'>ergo</span> <span class='ocrx_word' id='word_1_229' title='bbox 477 2038 532 2062; x_wconf 85' lang='lat' dir='ltr'>nec</span> <span class='ocrx_word' id='word_1_230' title='bbox 557 2029 685 2070; x_wconf 87' lang='lat' dir='ltr'>gloriae.</span> 
     </span>
    </p>

    <p class='ocr_par' dir='ltr' id='par_1_14' title="bbox 108 2082 1063 2538">
     <span class='ocr_line' id='line_1_36' title="bbox 200 2082 1062 2123; baseline -0.001 -7"><span class='ocrx_word' id='word_1_231' title='bbox 200 2083 230 2117; x_wconf 82' lang='lat'>3.</span> <span class='ocrx_word' id='word_1_232' title='bbox 256 2084 348 2121; x_wconf 78' lang='lat' dir='ltr'>ltem,</span> <span class='ocrx_word' id='word_1_233' title='bbox 373 2082 580 2115; x_wconf 82' lang='lat' dir='ltr'>consideratio</span> <span class='ocrx_word' id='word_1_234' title='bbox 606 2091 724 2123; x_wconf 87' lang='lat' dir='ltr'>poenae</span> <span class='ocrx_word' id='word_1_235' title='bbox 748 2082 859 2114; x_wconf 85' lang='lat' dir='ltr'>incutit</span> <span class='ocrx_word' id='word_1_236' title='bbox 890 2085 1062 2123; x_wconf 76' lang='lat' dir='ltr'>terrorem,</span> 
     </span>
     <span class='ocr_line' id='line_1_37' title="bbox 110 2134 1063 2177; baseline -0.002 -8"><span class='ocrx_word' id='word_1_237' title='bbox 110 2140 140 2169; x_wconf 88' lang='lat' dir='ltr'>et</span> <span class='ocrx_word' id='word_1_238' title='bbox 163 2136 371 2169; x_wconf 83' lang='lat' dir='ltr'>consideratio</span> <span class='ocrx_word' id='word_1_239' title='bbox 388 2135 505 2177; x_wconf 84' lang='lat' dir='ltr'>gloriae</span> <span class='ocrx_word' id='word_1_240' title='bbox 522 2138 651 2176; x_wconf 86' lang='lat' dir='ltr'>generat</span> <span class='ocrx_word' id='word_1_241' title='bbox 667 2134 840 2176; x_wconf 85' lang='lat' dir='ltr'>gaudium;</span> <span class='ocrx_word' id='word_1_242' title='bbox 865 2135 920 2167; x_wconf 89' lang='lat' dir='ltr'>sed</span> <span class='ocrx_word' id='word_1_243' title='bbox 945 2135 974 2167; x_wconf 91' lang='lat' dir='ltr'>in</span> <span class='ocrx_word' id='word_1_244' title='bbox 1002 2145 1063 2167; x_wconf 88' lang='lat' dir='ltr'>ma-</span> 
     </span>
     <span class='ocr_line' id='line_1_38' title="bbox 109 2187 1060 2229; baseline -0.003 -7"><span class='ocrx_word' id='word_1_245' title='bbox 109 2190 148 2222; x_wconf 88' lang='lat' dir='ltr'>lis</span> <span class='ocrx_word' id='word_1_246' title='bbox 172 2189 295 2221; x_wconf 88' lang='lat' dir='ltr'>nullum</span> <span class='ocrx_word' id='word_1_247' title='bbox 320 2189 381 2222; x_wconf 87' lang='lat' dir='ltr'>erit</span> <span class='ocrx_word' id='word_1_248' title='bbox 408 2188 577 2229; x_wconf 79' lang='lat' dir='ltr'>gaudium,</span> <span class='ocrx_word' id='word_1_249' title='bbox 610 2187 640 2218; x_wconf 88' lang='lat' dir='ltr'>in</span> <span class='ocrx_word' id='word_1_250' title='bbox 677 2187 765 2219; x_wconf 84' lang='lat' dir='ltr'>bonis</span> <span class='ocrx_word' id='word_1_251' title='bbox 796 2187 904 2219; x_wconf 89' lang='lat' dir='ltr'>nullus</span> <span class='ocrx_word' id='word_1_252' title='bbox 936 2191 1060 2220; x_wconf 88' lang='lat' dir='ltr'>terror:</span> 
     </span>
     <span class='ocr_line' id='line_1_39' title="bbox 109 2239 1060 2283; baseline -0.003 -9"><span class='ocrx_word' id='word_1_253' title='bbox 109 2251 184 2283; x_wconf 88' lang='lat' dir='ltr'>ergo</span> <span class='ocrx_word' id='word_1_254' title='bbox 208 2245 265 2274; x_wconf 88' lang='lat' dir='ltr'>etc.</span> <span class='ocrx_word' id='word_1_255' title='bbox 290 2260 333 2264; x_wconf 91' lang='lat'>—</span> <span class='ocrx_word' id='word_1_256' title='bbox 357 2241 394 2273; x_wconf 83' lang='lat' dir='ltr'>Si</span> <span class='ocrx_word' id='word_1_257' title='bbox 422 2241 534 2278; x_wconf 76' lang='lat' dir='ltr'>dicas,</span> <span class='ocrx_word' id='word_1_258' title='bbox 563 2240 647 2281; x_wconf 87' lang='lat' dir='ltr'>quod</span> <span class='ocrx_word' id='word_1_259' title='bbox 679 2239 861 2281; x_wconf 86' lang='lat' dir='ltr'>«recipitur</span> <span class='ocrx_word' id='word_1_260' title='bbox 886 2240 1060 2272; x_wconf 87' lang='lat' dir='ltr'>secundum</span> 
     </span>
     <span class='ocr_line' id='line_1_40' title="bbox 108 2292 1061 2335; baseline -0.004 -8"><span class='ocrx_word' id='word_1_261' title='bbox 108 2295 238 2327; x_wconf 89' lang='lat' dir='ltr'>modum</span> <span class='ocrx_word' id='word_1_262' title='bbox 264 2294 458 2335; x_wconf 74' lang='lat' dir='ltr'>recipientis,</span> <span class='ocrx_word' id='word_1_263' title='bbox 482 2302 543 2325; x_wconf 91' lang='lat' dir='ltr'>non</span> <span class='ocrx_word' id='word_1_264' title='bbox 568 2293 732 2334; x_wconf 79' lang='lat' dir='ltr'>recepti»,</span> <span class='ocrx_word' id='word_1_265' title='bbox 758 2296 787 2324; x_wconf 90' lang='lat' dir='ltr'>et</span> <span class='ocrx_word' id='word_1_266' title='bbox 812 2292 882 2324; x_wconf 89' lang='lat' dir='ltr'>ideo</span> <span class='ocrx_word' id='word_1_267' title='bbox 906 2292 936 2323; x_wconf 92' lang='lat' dir='ltr'>in</span> <span class='ocrx_word' id='word_1_268' title='bbox 970 2292 1061 2324; x_wconf 88' lang='lat' dir='ltr'>malis</span> 
     </span>
     <span class='ocr_line' id='line_1_41' title="bbox 108 2344 1060 2389; baseline -0.003 -9"><span class='ocrx_word' id='word_1_269' title='bbox 108 2351 237 2389; x_wconf 85' lang='lat' dir='ltr'>generat</span> <span class='ocrx_word' id='word_1_270' title='bbox 248 2346 462 2379; x_wconf 84' lang='lat' dir='ltr'>confusionem</span> <span class='ocrx_word' id='word_1_271' title='bbox 475 2350 506 2378; x_wconf 87' lang='lat' dir='ltr'>et</span> <span class='ocrx_word' id='word_1_272' title='bbox 519 2346 549 2377; x_wconf 89' lang='lat' dir='ltr'>in</span> <span class='ocrx_word' id='word_1_273' title='bbox 567 2345 656 2377; x_wconf 85' lang='lat' dir='ltr'>bonis</span> <span class='ocrx_word' id='word_1_274' title='bbox 673 2345 825 2386; x_wconf 85' lang='lat' dir='ltr'>gaudium</span> <span class='ocrx_word' id='word_1_275' title='bbox 834 2357 842 2383; x_wconf 81' lang='lat'><em>3</em></span> <span class='ocrx_word' id='word_1_276' title='bbox 857 2353 931 2385; x_wconf 86' lang='lat' dir='ltr'>ergo</span> <span class='ocrx_word' id='word_1_277' title='bbox 944 2344 969 2376; x_wconf 92' lang='lat' dir='ltr'>si</span> <span class='ocrx_word' id='word_1_278' title='bbox 984 2345 1060 2377; x_wconf 87' lang='lat' dir='ltr'>haec</span> 
     </span>
     <span class='ocr_line' id='line_1_42' title="bbox 109 2398 1061 2439; baseline -0.004 -7"><span class='ocrx_word' id='word_1_279' title='bbox 109 2399 173 2432; x_wconf 88' lang='lat' dir='ltr'>duo</span> <span class='ocrx_word' id='word_1_280' title='bbox 196 2399 311 2432; x_wconf 86' lang='lat' dir='ltr'>dehent</span> <span class='ocrx_word' id='word_1_281' title='bbox 334 2407 403 2431; x_wconf 88' lang='lat' dir='ltr'>esse</span> <span class='ocrx_word' id='word_1_282' title='bbox 425 2402 496 2439; x_wconf 88' lang='lat' dir='ltr'>post</span> <span class='ocrx_word' id='word_1_283' title='bbox 520 2398 689 2436; x_wconf 85' lang='lat' dir='ltr'>iudicium,</span> <span class='ocrx_word' id='word_1_284' title='bbox 715 2406 790 2438; x_wconf 85' lang='lat' dir='ltr'>ergo</span> <span class='ocrx_word' id='word_1_285' title='bbox 812 2400 882 2438; x_wconf 90' lang='lat' dir='ltr'>post</span> <span class='ocrx_word' id='word_1_286' title='bbox 902 2405 935 2429; x_wconf 87' lang='lat' dir='ltr'>se</span> <span class='ocrx_word' id='word_1_287' title='bbox 952 2405 1061 2438; x_wconf 88' lang='lat' dir='ltr'>cogno-</span> 
     </span>
     <span class='ocr_line' id='line_1_43' title="bbox 108 2450 1059 2494; baseline -0.004 -9"><span class='ocrx_word' id='word_1_288' title='bbox 108 2456 215 2490; x_wconf 85' lang='lat' dir='ltr'>scent;</span> <span class='ocrx_word' id='word_1_289' title='bbox 240 2452 324 2494; x_wconf 87' lang='lat' dir='ltr'>quod</span> <span class='ocrx_word' id='word_1_290' title='bbox 349 2456 396 2484; x_wconf 87' lang='lat' dir='ltr'>est</span> <span class='ocrx_word' id='word_1_291' title='bbox 420 2455 528 2484; x_wconf 89' lang='lat' dir='ltr'>contra</span> <span class='ocrx_word' id='word_1_292' title='bbox 559 2451 764 2492; x_wconf 87' lang='lat' dir='ltr'>Gregorium‚</span> <span class='ocrx_word' id='word_1_293' title='bbox 796 2454 832 2482; x_wconf 77' lang='lat' dir='ltr'>ut</span> <span class='ocrx_word' id='word_1_294' title='bbox 862 2450 997 2482; x_wconf 87' lang='lat' dir='ltr'>habetur</span> <span class='ocrx_word' id='word_1_295' title='bbox 1029 2450 1059 2481; x_wconf 91' lang='lat' dir='ltr'>in</span> 
     </span>
     <span class='ocr_line' id='line_1_44' title="bbox 109 2506 243 2538; baseline -0.007 -1"><span class='ocrx_word' id='word_1_296' title='bbox 109 2506 212 2538; x_wconf 87' lang='lat' dir='ltr'>littera</span> <span class='ocrx_word' id='word_1_297' title='bbox 223 2506 243 2536; x_wconf 90' lang='lat'>⁷.</span> 
     </span>
    </p>

    <p class='ocr_par' dir='ltr' id='par_1_15' title="bbox 108 2555 1060 2652">
     <span class='ocr_line' id='line_1_45' title="bbox 196 2555 1060 2598; baseline -0.003 -8"><span class='ocrx_word' id='word_1_298' title='bbox 196 2559 227 2590; x_wconf 74' lang='lat' dir='ltr'>li.</span> <span class='ocrx_word' id='word_1_299' title='bbox 251 2558 344 2597; x_wconf 80' lang='lat' dir='ltr'>Item,</span> <span class='ocrx_word' id='word_1_300' title='bbox 368 2557 400 2589; x_wconf 89' lang='lat' dir='ltr'>in</span> <span class='ocrx_word' id='word_1_301' title='bbox 425 2558 514 2590; x_wconf 85' lang='lat' dir='ltr'>bonis</span> <span class='ocrx_word' id='word_1_302' title='bbox 538 2560 585 2590; x_wconf 89' lang='lat' dir='ltr'>est</span> <span class='ocrx_word' id='word_1_303' title='bbox 607 2556 782 2598; x_wconf 82' lang='lat' dir='ltr'>compassio</span> <span class='ocrx_word' id='word_1_304' title='bbox 800 2556 838 2588; x_wconf 92' lang='lat' dir='ltr'>de</span> <span class='ocrx_word' id='word_1_305' title='bbox 857 2555 992 2587; x_wconf 85' lang='lat' dir='ltr'>bonitate</span> <span class='ocrx_word' id='word_1_306' title='bbox 1009 2564 1060 2587; x_wconf 89' lang='lat' dir='ltr'>na-</span> 
     </span>
     <span class='ocr_line' id='line_1_46' title="bbox 108 2608 1059 2652; baseline -0.005 -9"><span class='ocrx_word' id='word_1_307' title='bbox 108 2614 218 2643; x_wconf 85' lang='lat' dir='ltr'>turae:</span> <span class='ocrx_word' id='word_1_308' title='bbox 243 2619 317 2652; x_wconf 82' lang='lat' dir='ltr'>ergo</span> <span class='ocrx_word' id='word_1_309' title='bbox 346 2610 372 2642; x_wconf 87' lang='lat' dir='ltr'>si</span> <span class='ocrx_word' id='word_1_310' title='bbox 404 2619 462 2642; x_wconf 92' lang='lat' dir='ltr'>non</span> <span class='ocrx_word' id='word_1_311' title='bbox 496 2609 618 2641; x_wconf 89' lang='lat' dir='ltr'>tollitur</span> <span class='ocrx_word' id='word_1_312' title='bbox 649 2608 772 2641; x_wconf 85' lang='lat' dir='ltr'>bonitas</span> <span class='ocrx_word' id='word_1_313' title='bbox 804 2611 953 2645; x_wconf 85' lang='lat' dir='ltr'>naturae,</span> <span class='ocrx_word' id='word_1_314' title='bbox 984 2616 1059 2648; x_wconf 84' lang='lat' dir='ltr'>ergo</span> 
     </span>
    </p>
   </div>
   <div class='ocr_carea' id='block_1_8' title="bbox 1091 1338 1099 2574">
    <p class='ocr_par' dir='ltr' id='par_1_16' title="bbox 1091 1338 1099 2574">
     <span class='ocr_line' id='line_1_47' title="bbox 1091 1338 1099 2574; baseline 0 0"><span class='ocrx_word' id='word_1_315' title='bbox 1091 1338 1099 2574; x_wconf 95' lang='lat' dir='ltr'> </span> 
     </span>
    </p>
   </div>
   <div class='ocr_carea' id='block_1_9' title="bbox 1133 614 2080 765">
    <p class='ocr_par' dir='ltr' id='par_1_17' title="bbox 1133 614 2080 765">
     <span class='ocr_line' id='line_1_48' title="bbox 1133 614 2078 662; baseline 0.012 -17"><span class='ocrx_word' id='word_1_316' title='bbox 1133 614 1271 646; x_wconf 84' lang='lat' dir='ltr'>maxime</span> <span class='ocrx_word' id='word_1_317' title='bbox 1307 615 1423 657; x_wconf 85' lang='lat' dir='ltr'>vigebit</span> <span class='ocrx_word' id='word_1_318' title='bbox 1458 617 1488 648; x_wconf 91' lang='lat' dir='ltr'>in</span> <span class='ocrx_word' id='word_1_319' title='bbox 1523 618 1568 650; x_wconf 87' lang='lat' dir='ltr'>eis</span> <span class='ocrx_word' id='word_1_320' title='bbox 1604 620 1797 661; x_wconf 79' lang='lat' dir='ltr'>compassio:</span> <span class='ocrx_word' id='word_1_321' title='bbox 1830 630 1904 662; x_wconf 84' lang='lat' dir='ltr'>ergo</span> <span class='ocrx_word' id='word_1_322' title='bbox 1937 623 2078 662; x_wconf 79' lang='lat' dir='ltr'>videtur,</span> 
     </span>
     <span class='ocr_line' id='line_1_49' title="bbox 1133 666 2079 714; baseline 0.013 -18"><span class='ocrx_word' id='word_1_323' title='bbox 1133 666 1245 707; x_wconf 91' lang='lat' dir='ltr'>quodsi</span> <span class='ocrx_word' id='word_1_324' title='bbox 1277 667 1402 699; x_wconf 90' lang='lat' dir='ltr'>videant</span> <span class='ocrx_word' id='word_1_325' title='bbox 1436 672 1588 702; x_wconf 89' lang='lat' dir='ltr'>tormenta</span> <span class='ocrx_word' id='word_1_326' title='bbox 1621 671 1793 711; x_wconf 87' lang='lat' dir='ltr'>malorum,</span> <span class='ocrx_word' id='word_1_327' title='bbox 1825 674 1909 714; x_wconf 86' lang='lat' dir='ltr'>quod</span> <span class='ocrx_word' id='word_1_328' title='bbox 1942 676 2079 708; x_wconf 86' lang='lat' dir='ltr'>maxime</span> 
     </span>
     <span class='ocr_line' id='line_1_50' title="bbox 1133 717 2080 765; baseline 0.013 -17"><span class='ocrx_word' id='word_1_329' title='bbox 1133 717 1266 750; x_wconf 86' lang='lat' dir='ltr'>doleant.</span> <span class='ocrx_word' id='word_1_330' title='bbox 1293 719 1327 750; x_wconf 87' lang='lat' dir='ltr'>Et</span> <span class='ocrx_word' id='word_1_331' title='bbox 1350 720 1408 752; x_wconf 86' lang='lat' dir='ltr'>hoc</span> <span class='ocrx_word' id='word_1_332' title='bbox 1434 720 1558 753; x_wconf 90' lang='lat' dir='ltr'>videtur</span> <span class='ocrx_word' id='word_1_333' title='bbox 1589 722 1758 764; x_wconf 85' lang='lat' dir='ltr'>Gregorius</span> <span class='ocrx_word' id='word_1_334' title='bbox 1789 725 1910 765; x_wconf 76' lang='lat' dir='ltr'>dicere,</span> <span class='ocrx_word' id='word_1_335' title='bbox 1934 731 1964 758; x_wconf 92' lang='lat' dir='ltr'>et</span> <span class='ocrx_word' id='word_1_336' title='bbox 1988 728 2080 760; x_wconf 87' lang='lat' dir='ltr'>habe-</span> 
     </span>
    </p>
   </div>
   <div class='ocr_carea' id='block_1_10' title="bbox 1134 771 2077 856">
    <p class='ocr_par' dir='ltr' id='par_1_18' title="bbox 1134 771 2077 856">
     <span class='ocr_line' id='line_1_51' title="bbox 1134 771 2077 820; baseline 0.014 -20"><span class='ocrx_word' id='word_1_337' title='bbox 1134 772 1185 801; x_wconf 91' lang='lat' dir='ltr'>tur</span> <span class='ocrx_word' id='word_1_338' title='bbox 1211 771 1239 802; x_wconf 90' lang='lat' dir='ltr'>in</span> <span class='ocrx_word' id='word_1_339' title='bbox 1264 771 1367 804; x_wconf 83' lang='lat' dir='ltr'>littera</span> <span class='ocrx_word' id='word_1_340' title='bbox 1378 772 1399 811; x_wconf 73' lang='lat'>²³,</span> <span class='ocrx_word' id='word_1_341' title='bbox 1423 774 1506 814; x_wconf 89' lang='lat' dir='ltr'>qnod</span> <span class='ocrx_word' id='word_1_342' title='bbox 1537 775 1677 808; x_wconf 84' lang='lat' dir='ltr'>«volunt</span> <span class='ocrx_word' id='word_1_343' title='bbox 1702 778 1834 809; x_wconf 84' lang='lat' dir='ltr'>transire</span> <span class='ocrx_word' id='word_1_344' title='bbox 1860 788 1916 820; x_wconf 86' lang='lat' dir='ltr'>per</span> <span class='ocrx_word' id='word_1_345' title='bbox 1932 780 2077 813; x_wconf 80' lang='lat' dir='ltr'>affectum</span> 
     </span>
     <span class='ocr_line' id='line_1_52' title="bbox 1134 822 1412 856; baseline 0.011 -3"><span class='ocrx_word' id='word_1_346' title='bbox 1134 822 1365 856; x_wconf 83' lang='lat' dir='ltr'>misericordiae</span> <span class='ocrx_word' id='word_1_347' title='bbox 1383 837 1412 856; x_wconf 84' lang='lat'>».</span> 
     </span>
    </p>
   </div>
   <div class='ocr_carea' id='block_1_11' title="bbox 1486 940 1724 965">
    <p class='ocr_par' dir='ltr' id='par_1_19' title="bbox 1486 940 1724 965">
     <span class='ocr_line' id='line_1_53' title="bbox 1486 940 1724 965; baseline 0.008 -3"><span class='ocrx_word' id='word_1_348' title='bbox 1486 940 1724 965; x_wconf 79' lang='lat' dir='ltr'>CONCLUSIO.</span> 
     </span>
    </p>
   </div>
   <div class='ocr_carea' id='block_1_12' title="bbox 1134 1031 2080 1237">
    <p class='ocr_par' dir='ltr' id='par_1_20' title="bbox 1134 1031 2080 1237">
     <span class='ocr_line' id='line_1_54' title="bbox 1134 1031 2080 1082; baseline 0.014 -20"><span class='ocrx_word' id='word_1_349' title='bbox 1134 1031 1234 1063; x_wconf 74' lang='lat' dir='ltr'>Electz&#39;</span> <span class='ocrx_word' id='word_1_350' title='bbox 1255 1033 1492 1067; x_wconf 73' lang='lat' dir='ltr'>‹lctiimctloi‘mn</span> <span class='ocrx_word' id='word_1_351' title='bbox 1512 1046 1637 1077; x_wconf 69' lang='lat' dir='ltr'>poenas</span> <span class='ocrx_word' id='word_1_352' title='bbox 1668 1042 1695 1069; x_wconf 77' lang='lat' dir='ltr'>ec</span> <span class='ocrx_word' id='word_1_353' title='bbox 1725 1049 1814 1071; x_wconf 69' lang='lat' dir='ltr'>itzriic</span> <span class='ocrx_word' id='word_1_354' title='bbox 1845 1045 1873 1071; x_wconf 77' lang='lat' dir='ltr'>et</span> <span class='ocrx_word' id='word_1_355' title='bbox 1898 1047 1972 1082; x_wconf 70' lang='lat' dir='ltr'>post</span> <span class='ocrx_word' id='word_1_356' title='bbox 1995 1042 2080 1074; x_wconf 65' lang='lat' dir='ltr'>iacti-</span> 
     </span>
     <span class='ocr_line' id='line_1_55' title="bbox 1220 1085 2076 1133; baseline 0.013 -17"><span class='ocrx_word' id='word_1_357' title='bbox 1220 1085 1308 1117; x_wconf 79' lang='lat' dir='ltr'>cz&#39;um</span> <span class='ocrx_word' id='word_1_358' title='bbox 1332 1087 1440 1119; x_wconf 73' lang='lat' dir='ltr'>vident</span> <span class='ocrx_word' id='word_1_359' title='bbox 1465 1088 1497 1120; x_wconf 76' lang='lat' dir='ltr'>iit</span> <span class='ocrx_word' id='word_1_360' title='bbox 1517 1089 1579 1121; x_wconf 80' lang='lat' dir='ltr'>Deo</span> <span class='ocrx_word' id='word_1_361' title='bbox 1596 1091 1642 1121; x_wconf 73' lang='lat' dir='ltr'>acl</span> <span class='ocrx_word' id='word_1_362' title='bbox 1661 1091 1790 1133; x_wconf 60' lang='lat' dir='ltr'>olm-itte</span> <span class='ocrx_word' id='word_1_363' title='bbox 1814 1093 2004 1132; x_wconf 65' lang='lat' dir='ltr'>eziiimtmm</span> <span class='ocrx_word' id='word_1_364' title='bbox 2021 1096 2076 1127; x_wconf 72' lang='lat' dir='ltr'>dct-</span> 
     </span>
     <span class='ocr_line' id='line_1_56' title="bbox 1219 1138 2076 1189; baseline 0.013 -21"><span class='ocrx_word' id='word_1_365' title='bbox 1219 1138 1327 1170; x_wconf 70' lang='lat' dir='ltr'>wmctti</span> <span class='ocrx_word' id='word_1_366' title='bbox 1348 1149 1424 1171; x_wconf 59' lang='lat' dir='ltr'>‘uero</span> <span class='ocrx_word' id='word_1_367' title='bbox 1445 1140 1617 1173; x_wconf 65' lang='lat' dir='ltr'>elector-mn</span> <span class='ocrx_word' id='word_1_368' title='bbox 1639 1142 1785 1184; x_wconf 59' lang='grc' dir='ltr'>,οῖον-κάπὶ</span> <span class='ocrx_word' id='word_1_369' title='bbox 1809 1154 1898 1176; x_wconf 72' lang='lat' dir='ltr'>nunc</span> <span class='ocrx_word' id='word_1_370' title='bbox 1921 1146 2076 1189; x_wconf 74' lang='lat' dir='ltr'>aliquate-</span> 
     </span>
     <span class='ocr_line' id='line_1_57' title="bbox 1219 1192 2011 1237; baseline 0.011 -15"><span class='ocrx_word' id='word_1_371' title='bbox 1219 1201 1283 1222; x_wconf 74' lang='lat' dir='ltr'>nus</span> <span class='ocrx_word' id='word_1_372' title='bbox 1307 1192 1530 1231; x_wconf 69' lang='lat' dir='ltr'>considerant,</span> <span class='ocrx_word' id='word_1_373' title='bbox 1555 1203 1620 1225; x_wconf 68' lang='lat' dir='ltr'>iton</span> <span class='ocrx_word' id='word_1_374' title='bbox 1644 1205 1719 1227; x_wconf 77' lang='lat' dir='ltr'>vero</span> <span class='ocrx_word' id='word_1_375' title='bbox 1742 1201 1815 1237; x_wconf 70' lang='lat' dir='ltr'>post</span> <span class='ocrx_word' id='word_1_376' title='bbox 1839 1197 2011 1231; x_wconf 64' lang='lat' dir='ltr'>indictum.</span> 
     </span>
    </p>
   </div>
   <div class='ocr_carea' id='block_1_13' title="bbox 1124 1297 2235 2650">
    <p class='ocr_par' dir='ltr' id='par_1_21' title="bbox 1125 1297 2235 2282">
     <span class='ocr_line' id='line_1_58' title="bbox 1221 1297 2077 1342; baseline 0.012 -15"><span class='ocrx_word' id='word_1_377' title='bbox 1221 1297 1420 1329; x_wconf 71' lang='lat' dir='ltr'>Rnsponnno:</span> <span class='ocrx_word' id='word_1_378' title='bbox 1446 1298 1637 1337; x_wconf 84' lang='lat' dir='ltr'>Dicendum,</span> <span class='ocrx_word' id='word_1_379' title='bbox 1666 1301 1749 1342; x_wconf 87' lang='lat' dir='ltr'>quod</span> <span class='ocrx_word' id='word_1_380' title='bbox 1782 1303 1988 1336; x_wconf 84' lang='lat' dir='ltr'>consideratio</span> <span class='ocrx_word' id='word_1_381' title='bbox 2012 1305 2077 1338; x_wconf 91' lang='lat' dir='ltr'>sive</span> 
     </span>
     <span class='ocr_line' id='line_1_59' title="bbox 1131 1349 2078 1395; baseline 0.011 -16"><span class='ocrx_word' id='word_1_382' title='bbox 1131 1349 1265 1390; x_wconf 83' lang='lat' dir='ltr'>cognitio</span> <span class='ocrx_word' id='word_1_383' title='bbox 1281 1349 1397 1390; x_wconf 84' lang='lat' dir='ltr'>gloriae</span> <span class='ocrx_word' id='word_1_384' title='bbox 1415 1350 1579 1382; x_wconf 86' lang='lat' dir='ltr'>Beatorum</span> <span class='ocrx_word' id='word_1_385' title='bbox 1598 1354 1644 1383; x_wconf 89' lang='lat' dir='ltr'>est</span> <span class='ocrx_word' id='word_1_386' title='bbox 1661 1352 1809 1393; x_wconf 70' lang='lat' dir='ltr'>reprobis</span> <span class='ocrx_word' id='word_1_387' title='bbox 1830 1364 1946 1395; x_wconf 77' lang='lat' dir='ltr'>poena,</span> <span class='ocrx_word' id='word_1_388' title='bbox 1964 1360 1994 1388; x_wconf 88' lang='lat' dir='ltr'>et</span> <span class='ocrx_word' id='word_1_389' title='bbox 2010 1366 2078 1389; x_wconf 85' lang='lat' dir='ltr'>con-</span> 
     </span>
     <span class='ocr_line' id='line_1_60' title="bbox 1131 1401 2077 1446; baseline 0.011 -14"><span class='ocrx_word' id='word_1_390' title='bbox 1131 1401 1278 1433; x_wconf 82' lang='lat' dir='ltr'>sideratio</span> <span class='ocrx_word' id='word_1_391' title='bbox 1295 1402 1360 1434; x_wconf 89' lang='lat' dir='ltr'>sive</span> <span class='ocrx_word' id='word_1_392' title='bbox 1384 1403 1517 1443; x_wconf 79' lang='lat' dir='ltr'>cognitio</span> <span class='ocrx_word' id='word_1_393' title='bbox 1541 1412 1658 1444; x_wconf 82' lang='lat' dir='ltr'>poenae</span> <span class='ocrx_word' id='word_1_394' title='bbox 1683 1406 1890 1446; x_wconf 84' lang='lat' dir='ltr'>reproborum</span> <span class='ocrx_word' id='word_1_395' title='bbox 1910 1413 1956 1440; x_wconf 89' lang='lat' dir='ltr'>est</span> <span class='ocrx_word' id='word_1_396' title='bbox 1972 1409 2077 1442; x_wconf 70' lang='lat' dir='ltr'>electis</span> 
     </span>
     <span class='ocr_line' id='line_1_61' title="bbox 1130 1454 2077 1499; baseline 0.011 -15"><span class='ocrx_word' id='word_1_397' title='bbox 1130 1454 1303 1494; x_wconf 67' lang='lat' dir='ltr'>gaudiumg</span> <span class='ocrx_word' id='word_1_398' title='bbox 1328 1454 1401 1496; x_wconf 86' lang='lat' dir='ltr'>qnia</span> <span class='ocrx_word' id='word_1_399' title='bbox 1425 1455 1467 1486; x_wconf 92' lang='lat' dir='ltr'>illi</span> <span class='ocrx_word' id='word_1_400' title='bbox 1493 1456 1691 1488; x_wconf 85' lang='lat' dir='ltr'>considerant</span> <span class='ocrx_word' id='word_1_401' title='bbox 1711 1457 1857 1499; x_wconf 61' lang='lat' dir='ltr'>gloriam</span> <span class='ocrx_word' id='word_1_402' title='bbox 1880 1460 1940 1492; x_wconf 86' lang='lat' dir='ltr'>snb</span> <span class='ocrx_word' id='word_1_403' title='bbox 1958 1462 2077 1494; x_wconf 88' lang='lat' dir='ltr'>ratione</span> 
     </span>
     <span class='ocr_line' id='line_1_62' title="bbox 1130 1506 2078 1548; baseline 0.009 -12"><span class='ocrx_word' id='word_1_404' title='bbox 1130 1506 1339 1544; x_wconf 68' lang='lat' dir='ltr'>dimissionis,</span> <span class='ocrx_word' id='word_1_405' title='bbox 1370 1507 1418 1539; x_wconf 90' lang='lat' dir='ltr'>isti</span> <span class='ocrx_word' id='word_1_406' title='bbox 1440 1517 1579 1548; x_wconf 77' lang='lat' dir='ltr'>poenam</span> <span class='ocrx_word' id='word_1_407' title='bbox 1603 1509 1662 1541; x_wconf 84' lang='lat' dir='ltr'>snb</span> <span class='ocrx_word' id='word_1_408' title='bbox 1688 1511 1805 1542; x_wconf 82' lang='lat' dir='ltr'>ratione</span> <span class='ocrx_word' id='word_1_409' title='bbox 1830 1512 1962 1544; x_wconf 65' lang='lat' dir='ltr'>(livinae</span> <span class='ocrx_word' id='word_1_410' title='bbox 1984 1514 2078 1546; x_wconf 74' lang='lat' dir='ltr'>ultio-</span> 
     </span>
     <span class='ocr_line' id='line_1_63' title="bbox 1129 1558 2077 1599; baseline 0.009 -10"><span class='ocrx_word' id='word_1_411' title='bbox 1129 1558 1201 1595; x_wconf 76' lang='lat' dir='ltr'>7tz&#39;s;</span> <span class='ocrx_word' id='word_1_412' title='bbox 1226 1559 1350 1591; x_wconf 62' lang='lat' dir='ltr'>unde-⁰:</span> <span class='ocrx_word' id='word_1_413' title='bbox 1376 1559 1567 1591; x_wconf 69' lang='lat' dir='ltr'>Laetabitur</span> <span class='ocrx_word' id='word_1_414' title='bbox 1596 1561 1722 1599; x_wconf 69' lang='lat' dir='ltr'>iustus,</span> <span class='ocrx_word' id='word_1_415' title='bbox 1754 1572 1828 1594; x_wconf 74' lang='lat' dir='ltr'>eum</span> <span class='ocrx_word' id='word_1_416' title='bbox 1862 1565 1979 1597; x_wconf 65' lang='lat' dir='ltr'>oz&#39;rterz&#39;c</span> <span class='ocrx_word' id='word_1_417' title='bbox 2010 1567 2077 1598; x_wconf 73' lang='lat' dir='ltr'>vin-</span> 
     </span>
     <span class='ocr_line' id='line_1_64' title="bbox 1129 1611 2078 1659; baseline 0.009 -18"><span class='ocrx_word' id='word_1_418' title='bbox 1129 1611 1261 1643; x_wconf 72' lang='lat' dir='ltr'>dictam.</span> <span class='ocrx_word' id='word_1_419' title='bbox 1287 1611 1439 1652; x_wconf 84' lang='lat' dir='ltr'>Quoniam</span> <span class='ocrx_word' id='word_1_420' title='bbox 1458 1612 1552 1653; x_wconf 86' lang='lat' dir='ltr'>igitur</span> <span class='ocrx_word' id='word_1_421' title='bbox 1569 1613 1667 1654; x_wconf 82' lang='lat' dir='ltr'>gloria</span> <span class='ocrx_word' id='word_1_422' title='bbox 1684 1615 1853 1647; x_wconf 90' lang='lat' dir='ltr'>electorum</span> <span class='ocrx_word' id='word_1_423' title='bbox 1871 1626 1996 1659; x_wconf 82' lang='lat' dir='ltr'>semper</span> <span class='ocrx_word' id='word_1_424' title='bbox 2017 1628 2078 1650; x_wconf 87' lang='lat' dir='ltr'>ma-</span> 
     </span>
     <span class='ocr_line' id='line_1_65' title="bbox 1130 1664 2235 1707; baseline 0.009 -13"><span class='ocrx_word' id='word_1_425' title='bbox 1130 1667 1181 1695; x_wconf 88' lang='lat' dir='ltr'>net</span> <span class='ocrx_word' id='word_1_426' title='bbox 1205 1667 1235 1695; x_wconf 89' lang='lat' dir='ltr'>et</span> <span class='ocrx_word' id='word_1_427' title='bbox 1259 1667 1328 1704; x_wconf 85' lang='lat' dir='ltr'>post</span> <span class='ocrx_word' id='word_1_428' title='bbox 1356 1664 1505 1696; x_wconf 88' lang='lat' dir='ltr'>iudicium</span> <span class='ocrx_word' id='word_1_429' title='bbox 1540 1665 1599 1696; x_wconf 90' lang='lat' dir='ltr'>erit</span> <span class='ocrx_word' id='word_1_430' title='bbox 1630 1667 1792 1707; x_wconf 80' lang='lat' dir='ltr'>copiosor3</span> <span class='ocrx_word' id='word_1_431' title='bbox 1825 1668 1894 1700; x_wconf 88' lang='lat' dir='ltr'>ideo</span> <span class='ocrx_word' id='word_1_432' title='bbox 1927 1669 2015 1702; x_wconf 89' lang='lat' dir='ltr'>electi</span> <span class='ocrx_word' id='word_1_433' title='bbox 2047 1674 2078 1703; x_wconf 86' lang='lat' dir='ltr'>et</span> <span class='ocrx_word' id='word_1_434' title='bbox 2091 1677 2202 1699; x_wconf 71' lang='lat' dir='ltr'>Conclusio</span> <span class='ocrx_word' id='word_1_435' title='bbox 2215 1677 2235 1699; x_wconf 83' lang='lat'>1·</span> 
     </span>
     <span class='ocr_line' id='line_1_66' title="bbox 1128 1716 2076 1760; baseline 0.009 -14"><span class='ocrx_word' id='word_1_436' title='bbox 1128 1724 1211 1747; x_wconf 90' lang='lat' dir='ltr'>nunc</span> <span class='ocrx_word' id='word_1_437' title='bbox 1236 1720 1265 1747; x_wconf 88' lang='lat' dir='ltr'>et</span> <span class='ocrx_word' id='word_1_438' title='bbox 1289 1720 1363 1748; x_wconf 87' lang='lat' dir='ltr'>tunc</span> <span class='ocrx_word' id='word_1_439' title='bbox 1386 1716 1493 1748; x_wconf 76' lang='lat' dir='ltr'>vident</span> <span class='ocrx_word' id='word_1_440' title='bbox 1509 1726 1640 1758; x_wconf 87' lang='lat' dir='ltr'>poenam</span> <span class='ocrx_word' id='word_1_441' title='bbox 1658 1719 1884 1760; x_wconf 78' lang='lat' dir='ltr'>reproborum,</span> <span class='ocrx_word' id='word_1_442' title='bbox 1902 1723 2076 1754; x_wconf 87' lang='lat' dir='ltr'>secundum</span> 
     </span>
     <span class='ocr_line' id='line_1_67' title="bbox 1128 1768 2075 1814; baseline 0.008 -15"><span class='ocrx_word' id='word_1_443' title='bbox 1128 1769 1212 1809; x_wconf 91' lang='lat' dir='ltr'>quod</span> <span class='ocrx_word' id='word_1_444' title='bbox 1237 1768 1352 1800; x_wconf 87' lang='lat' dir='ltr'>dicitur</span> <span class='ocrx_word' id='word_1_445' title='bbox 1375 1769 1487 1800; x_wconf 89' lang='lat' dir='ltr'>ultimo</span> <span class='ocrx_word' id='word_1_446' title='bbox 1511 1770 1627 1809; x_wconf 78' lang='lat' dir='ltr'>Isaiae3</span> <span class='ocrx_word' id='word_1_447' title='bbox 1644 1771 1767 1810; x_wconf 75' lang='lat' dir='ltr'>vident,</span> <span class='ocrx_word' id='word_1_448' title='bbox 1786 1772 1930 1814; x_wconf 85' lang='lat' dir='ltr'>inquam,</span> <span class='ocrx_word' id='word_1_449' title='bbox 1948 1775 1978 1806; x_wconf 91' lang='lat' dir='ltr'>in</span> <span class='ocrx_word' id='word_1_450' title='bbox 1996 1775 2075 1814; x_wconf 81' lang='lat' dir='ltr'>Deo,</span> 
     </span>
     <span class='ocr_line' id='line_1_68' title="bbox 1128 1821 2078 1868; baseline 0.008 -17"><span class='ocrx_word' id='word_1_451' title='bbox 1128 1821 1194 1852; x_wconf 85' lang='lat' dir='ltr'>sive</span> <span class='ocrx_word' id='word_1_452' title='bbox 1219 1821 1247 1852; x_wconf 90' lang='lat' dir='ltr'>in</span> <span class='ocrx_word' id='word_1_453' title='bbox 1273 1821 1402 1862; x_wconf 83' lang='lat' dir='ltr'>speculo</span> <span class='ocrx_word' id='word_1_454' title='bbox 1430 1825 1573 1861; x_wconf 88' lang='lat' dir='ltr'>aeterno,</span> <span class='ocrx_word' id='word_1_455' title='bbox 1599 1832 1669 1855; x_wconf 89' lang='lat' dir='ltr'>cum</span> <span class='ocrx_word' id='word_1_456' title='bbox 1694 1824 1785 1856; x_wconf 82' lang='lat' dir='ltr'>saciat</span> <span class='ocrx_word' id='word_1_457' title='bbox 1809 1825 1848 1856; x_wconf 85' lang='lat' dir='ltr'>ad</span> <span class='ocrx_word' id='word_1_458' title='bbox 1874 1834 1983 1858; x_wconf 87' lang='lat' dir='ltr'>eorum</span> <span class='ocrx_word' id='word_1_459' title='bbox 2017 1827 2078 1868; x_wconf 89' lang='lat' dir='ltr'>glo-</span> 
     </span>
     <span class='ocr_line' id='line_1_69' title="bbox 1128 1873 2235 1921; baseline 0.008 -17"><span class='ocrx_word' id='word_1_460' title='bbox 1128 1873 1206 1904; x_wconf 86' lang='lat' dir='ltr'>riam</span> <span class='ocrx_word' id='word_1_461' title='bbox 1232 1873 1467 1905; x_wconf 87' lang='lat' dir='ltr'>cumulandam.</span> <span class='ocrx_word' id='word_1_462' title='bbox 1492 1874 1707 1916; x_wconf 85' lang='lat' dir='ltr'>Reproborum</span> <span class='ocrx_word' id='word_1_463' title='bbox 1732 1886 1831 1918; x_wconf 86' lang='lat' dir='ltr'>poena</span> <span class='ocrx_word' id='word_1_464' title='bbox 1848 1878 1991 1911; x_wconf 88' lang='lat' dir='ltr'>similiter</span> <span class='ocrx_word' id='word_1_465' title='bbox 2006 1884 2076 1921; x_wconf 88' lang='lat' dir='ltr'>post</span> <span class='ocrx_word' id='word_1_466' title='bbox 2091 1886 2201 1908; x_wconf 75' lang='lat' dir='ltr'>Conclusio</span> <span class='ocrx_word' id='word_1_467' title='bbox 2212 1887 2235 1908; x_wconf 73' lang='lat'>2»</span> 
     </span>
     <span class='ocr_line' id='line_1_70' title="bbox 1128 1925 2078 1969; baseline 0.008 -13"><span class='ocrx_word' id='word_1_468' title='bbox 1128 1925 1279 1958; x_wconf 89' lang='lat' dir='ltr'>iudicium</span> <span class='ocrx_word' id='word_1_469' title='bbox 1304 1926 1501 1965; x_wconf 73' lang='lat' dir='ltr'>intendetur,</span> <span class='ocrx_word' id='word_1_470' title='bbox 1531 1931 1561 1959; x_wconf 90' lang='lat' dir='ltr'>et</span> <span class='ocrx_word' id='word_1_471' title='bbox 1592 1928 1670 1960; x_wconf 87' lang='lat' dir='ltr'>adeo</span> <span class='ocrx_word' id='word_1_472' title='bbox 1695 1928 1891 1969; x_wconf 65' lang='lat' dir='ltr'>intendetur,</span> <span class='ocrx_word' id='word_1_473' title='bbox 1916 1935 1950 1963; x_wconf 92' lang='lat' dir='ltr'>ut</span> <span class='ocrx_word' id='word_1_474' title='bbox 1974 1931 2078 1964; x_wconf 85' lang='lat' dir='ltr'>Beato-</span> 
     </span>
     <span class='ocr_line' id='line_1_71' title="bbox 1128 1978 2076 2019; baseline 0.009 -11"><span class='ocrx_word' id='word_1_475' title='bbox 1128 1987 1199 2009; x_wconf 92' lang='lat' dir='ltr'>rum</span> <span class='ocrx_word' id='word_1_476' title='bbox 1224 1978 1355 2019; x_wconf 88' lang='lat' dir='ltr'>gloriam</span> <span class='ocrx_word' id='word_1_477' title='bbox 1389 1988 1448 2010; x_wconf 91' lang='lat' dir='ltr'>non</span> <span class='ocrx_word' id='word_1_478' title='bbox 1482 1979 1571 2011; x_wconf 85' lang='lat' dir='ltr'>liceat</span> <span class='ocrx_word' id='word_1_479' title='bbox 1595 1981 1640 2012; x_wconf 86' lang='lat' dir='ltr'>eis</span> <span class='ocrx_word' id='word_1_480' title='bbox 1664 1981 1863 2014; x_wconf 88' lang='lat' dir='ltr'>considerare</span> <span class='ocrx_word' id='word_1_481' title='bbox 1889 1992 1945 2016; x_wconf 89' lang='lat' dir='ltr'>nec</span> <span class='ocrx_word' id='word_1_482' title='bbox 1969 1984 2008 2016; x_wconf 85' lang='lat' dir='ltr'>ab</span> <span class='ocrx_word' id='word_1_483' title='bbox 2032 1985 2076 2017; x_wconf 89' lang='lat' dir='ltr'>eis</span> 
     </span>
     <span class='ocr_line' id='line_1_72' title="bbox 1127 2030 2073 2075; baseline 0.008 -14"><span class='ocrx_word' id='word_1_484' title='bbox 1127 2030 1283 2062; x_wconf 83' lang='lat' dir='ltr'>auxilium</span> <span class='ocrx_word' id='word_1_485' title='bbox 1302 2035 1424 2071; x_wconf 82' lang='lat' dir='ltr'>petere,</span> <span class='ocrx_word' id='word_1_486' title='bbox 1443 2035 1477 2063; x_wconf 87' lang='lat' dir='ltr'>ut</span> <span class='ocrx_word' id='word_1_487' title='bbox 1494 2032 1581 2064; x_wconf 76' lang='lat' dir='ltr'>dives</span> <span class='ocrx_word' id='word_1_488' title='bbox 1598 2033 1685 2074; x_wconf 90' lang='lat' dir='ltr'>petiit</span> <span class='ocrx_word' id='word_1_489' title='bbox 1699 2033 1736 2072; x_wconf 72' lang='lat'>¹03</span> <span class='ocrx_word' id='word_1_490' title='bbox 1754 2034 1827 2075; x_wconf 88' lang='lat' dir='ltr'>quia</span> <span class='ocrx_word' id='word_1_491' title='bbox 1846 2038 2073 2068; x_wconf 83' lang='lat' dir='ltr'>tormentorum</span> 
     </span>
     <span class='ocr_line' id='line_1_73' title="bbox 1127 2084 2075 2127; baseline 0.007 -13"><span class='ocrx_word' id='word_1_492' title='bbox 1127 2091 1258 2115; x_wconf 89' lang='lat' dir='ltr'>suornm</span> <span class='ocrx_word' id='word_1_493' title='bbox 1284 2084 1530 2124; x_wconf 86' lang='lat' dir='ltr'>magnitudinem</span> <span class='ocrx_word' id='word_1_494' title='bbox 1557 2094 1616 2116; x_wconf 91' lang='lat' dir='ltr'>non</span> <span class='ocrx_word' id='word_1_495' title='bbox 1649 2089 1797 2127; x_wconf 85' lang='lat' dir='ltr'>poterunt</span> <span class='ocrx_word' id='word_1_496' title='bbox 1830 2088 2000 2127; x_wconf 82' lang='lat' dir='ltr'>sustinere,</span> <span class='ocrx_word' id='word_1_497' title='bbox 2033 2089 2075 2120; x_wconf 86' lang='lat' dir='ltr'>ita</span> 
     </span>
     <span class='ocr_line' id='line_1_74' title="bbox 1126 2135 2076 2176; baseline 0.007 -10"><span class='ocrx_word' id='word_1_498' title='bbox 1126 2135 1210 2176; x_wconf 88' lang='lat' dir='ltr'>quod</span> <span class='ocrx_word' id='word_1_499' title='bbox 1243 2135 1331 2167; x_wconf 84' lang='lat' dir='ltr'>liceat</span> <span class='ocrx_word' id='word_1_500' title='bbox 1355 2136 1424 2167; x_wconf 83' lang='lat' dir='ltr'>aliis</span> <span class='ocrx_word' id='word_1_501' title='bbox 1449 2146 1577 2176; x_wconf 79' lang='lat' dir='ltr'>vacare,</span> <span class='ocrx_word' id='word_1_502' title='bbox 1603 2137 1698 2169; x_wconf 88' lang='lat' dir='ltr'>immo</span> <span class='ocrx_word' id='word_1_503' title='bbox 1722 2138 1978 2172; x_wconf 77' lang='lat' dir='ltr'>absorbebuntur</span> <span class='ocrx_word' id='word_1_504' title='bbox 2002 2144 2076 2173; x_wconf 90' lang='lat' dir='ltr'>tota-</span> 
     </span>
     <span class='ocr_line' id='line_1_75' title="bbox 1127 2187 2074 2232; baseline 0.007 -14"><span class='ocrx_word' id='word_1_505' title='bbox 1127 2187 1197 2219; x_wconf 86' lang='lat' dir='ltr'>liter</span> <span class='ocrx_word' id='word_1_506' title='bbox 1221 2197 1238 2219; x_wconf 86' lang='lat' dir='ltr'>a</span> <span class='ocrx_word' id='word_1_507' title='bbox 1262 2188 1380 2229; x_wconf 88' lang='lat' dir='ltr'>poenis.</span> <span class='ocrx_word' id='word_1_508' title='bbox 1405 2207 1447 2211; x_wconf 85' lang='lat'>—-</span> <span class='ocrx_word' id='word_1_509' title='bbox 1471 2189 1693 2222; x_wconf 85' lang='lat' dir='ltr'>Concedendae</span> <span class='ocrx_word' id='word_1_510' title='bbox 1725 2199 1801 2232; x_wconf 89' lang='lat' dir='ltr'>ergo</span> <span class='ocrx_word' id='word_1_511' title='bbox 1824 2196 1897 2224; x_wconf 89' lang='lat' dir='ltr'>sunt</span> <span class='ocrx_word' id='word_1_512' title='bbox 1921 2193 2074 2231; x_wconf 86' lang='lat' dir='ltr'>rationes,</span> 
     </span>
     <span class='ocr_line' id='line_1_76' title="bbox 1125 2240 1626 2282; baseline 0.004 -11"><span class='ocrx_word' id='word_1_513' title='bbox 1125 2240 1209 2281; x_wconf 88' lang='lat' dir='ltr'>quod</span> <span class='ocrx_word' id='word_1_514' title='bbox 1236 2244 1345 2272; x_wconf 87' lang='lat' dir='ltr'>mutuo</span> <span class='ocrx_word' id='word_1_515' title='bbox 1370 2250 1402 2272; x_wconf 86' lang='lat' dir='ltr'>se</span> <span class='ocrx_word' id='word_1_516' title='bbox 1427 2246 1626 2282; x_wconf 80' lang='lat' dir='ltr'>cognoscunt.</span> 
     </span>
    </p>

    <p class='ocr_par' dir='ltr' id='par_1_22' title="bbox 1124 2293 2235 2544">
     <span class='ocr_line' id='line_1_77' title="bbox 1217 2293 2235 2340; baseline 0.009 -17"><span class='ocrx_word' id='word_1_517' title='bbox 1217 2293 1243 2323; x_wconf 86' lang='lat' dir='ltr'>l.</span> <span class='ocrx_word' id='word_1_518' title='bbox 1269 2293 1311 2324; x_wconf 81' lang='lat' dir='ltr'>Ad</span> <span class='ocrx_word' id='word_1_519' title='bbox 1338 2293 1414 2325; x_wconf 88' lang='lat' dir='ltr'>illud</span> <span class='ocrx_word' id='word_1_520' title='bbox 1433 2294 1516 2335; x_wconf 87' lang='lat' dir='ltr'>qnod</span> <span class='ocrx_word' id='word_1_521' title='bbox 1534 2293 1680 2326; x_wconf 86' lang='lat' dir='ltr'>obiicitur</span> <span class='ocrx_word' id='word_1_522' title='bbox 1705 2295 1733 2326; x_wconf 91' lang='lat' dir='ltr'>in</span> <span class='ocrx_word' id='word_1_523' title='bbox 1759 2297 1971 2336; x_wconf 77' lang='lat' dir='ltr'>contrarium,</span> <span class='ocrx_word' id='word_1_524' title='bbox 1988 2298 2072 2340; x_wconf 90' lang='lat' dir='ltr'>quod</span> <span class='ocrx_word' id='word_1_525' title='bbox 2102 2305 2183 2335; x_wconf 63' lang='lat' dir='ltr'>solutio</span> <span class='ocrx_word' id='word_1_526' title='bbox 2197 2311 2235 2333; x_wconf 75' lang='lat'>01³-</span> 
     </span>
     <span class='ocr_line' id='line_1_78' title="bbox 1124 2333 2212 2389; baseline 0.007 -13"><span class='ocrx_word' id='word_1_527' title='bbox 1124 2348 1171 2376; x_wconf 86' lang='lat' dir='ltr'>est</span> <span class='ocrx_word' id='word_1_528' title='bbox 1196 2344 1275 2376; x_wconf 89' lang='lat' dir='ltr'>inter</span> <span class='ocrx_word' id='word_1_529' title='bbox 1303 2354 1356 2377; x_wconf 88' lang='lat' dir='ltr'>eos</span> <span class='ocrx_word' id='word_1_530' title='bbox 1384 2346 1669 2387; x_wconf 86' lang='lat' dir='ltr'>improportionalis</span> <span class='ocrx_word' id='word_1_531' title='bbox 1693 2348 1857 2387; x_wconf 81' lang='lat' dir='ltr'>distantia3</span> <span class='ocrx_word' id='word_1_532' title='bbox 1887 2350 2073 2389; x_wconf 86' lang='lat' dir='ltr'>dicendum,</span> <span class='ocrx_word' id='word_1_533' title='bbox 2089 2333 2212 2358; x_wconf 51' lang='lat' dir='ltr'><strong>‘mmmm‘</strong></span> 
     </span>
     <span class='ocr_line' id='line_1_79' title="bbox 1124 2397 2216 2444; baseline 0.004 -16"><span class='ocrx_word' id='word_1_534' title='bbox 1124 2397 1208 2438; x_wconf 88' lang='lat' dir='ltr'>quod</span> <span class='ocrx_word' id='word_1_535' title='bbox 1234 2407 1293 2429; x_wconf 89' lang='lat' dir='ltr'>non</span> <span class='ocrx_word' id='word_1_536' title='bbox 1317 2403 1491 2439; x_wconf 86' lang='lat' dir='ltr'>agnoscunt</span> <span class='ocrx_word' id='word_1_537' title='bbox 1514 2399 1598 2430; x_wconf 74' lang='lat' dir='ltr'>mali</span> <span class='ocrx_word' id='word_1_538' title='bbox 1620 2399 1717 2432; x_wconf 80' lang='lat' dir='ltr'>bonos</span> <span class='ocrx_word' id='word_1_539' title='bbox 1741 2409 1797 2442; x_wconf 89' lang='lat' dir='ltr'>per</span> <span class='ocrx_word' id='word_1_540' title='bbox 1823 2401 1968 2434; x_wconf 89' lang='lat' dir='ltr'>intuitum</span> <span class='ocrx_word' id='word_1_541' title='bbox 1988 2412 2073 2444; x_wconf 84' lang='lat' dir='ltr'>prae·</span> <span class='ocrx_word' id='word_1_542' title='bbox 2088 2410 2216 2432; x_wconf 74' lang='lat' dir='ltr'>Notandum.</span> 
     </span>
     <span class='ocr_line' id='line_1_80' title="bbox 1124 2450 2074 2495; baseline 0.007 -15"><span class='ocrx_word' id='word_1_543' title='bbox 1124 2450 1260 2487; x_wconf 78' lang='lat' dir='ltr'>sentiae,</span> <span class='ocrx_word' id='word_1_544' title='bbox 1282 2450 1337 2493; x_wconf 87' lang='lat' dir='ltr'>sed</span> <span class='ocrx_word' id='word_1_545' title='bbox 1362 2459 1417 2492; x_wconf 87' lang='lat' dir='ltr'>per</span> <span class='ocrx_word' id='word_1_546' title='bbox 1442 2451 1722 2483; x_wconf 82' lang='lat' dir='ltr'>considerationem</span> <span class='ocrx_word' id='word_1_547' title='bbox 1741 2453 1980 2495; x_wconf 80' lang='lat' dir='ltr'>intelligentiae,</span> <span class='ocrx_word' id='word_1_548' title='bbox 1998 2455 2074 2487; x_wconf 71' lang='lat' dir='ltr'>boni</span> 
     </span>
     <span class='ocr_line' id='line_1_81' title="bbox 1125 2502 1768 2544; baseline 0.005 -11"><span class='ocrx_word' id='word_1_549' title='bbox 1125 2511 1199 2534; x_wconf 89' lang='lat' dir='ltr'>vero</span> <span class='ocrx_word' id='word_1_550' title='bbox 1224 2502 1322 2534; x_wconf 88' lang='lat' dir='ltr'>malos</span> <span class='ocrx_word' id='word_1_551' title='bbox 1346 2503 1376 2534; x_wconf 93' lang='lat' dir='ltr'>in</span> <span class='ocrx_word' id='word_1_552' title='bbox 1401 2503 1529 2544; x_wconf 88' lang='lat' dir='ltr'>speculo</span> <span class='ocrx_word' id='word_1_553' title='bbox 1553 2507 1583 2535; x_wconf 90' lang='lat' dir='ltr'>et</span> <span class='ocrx_word' id='word_1_554' title='bbox 1609 2504 1637 2535; x_wconf 92' lang='lat' dir='ltr'>in</span> <span class='ocrx_word' id='word_1_555' title='bbox 1662 2505 1725 2537; x_wconf 89' lang='lat' dir='ltr'>Deo</span> <span class='ocrx_word' id='word_1_556' title='bbox 1740 2505 1768 2536; x_wconf 89' lang='lat'>¹¹.</span> 
     </span>
    </p>

    <p class='ocr_par' dir='ltr' id='par_1_23' title="bbox 1124 2555 2074 2650">
     <span class='ocr_line' id='line_1_82' title="bbox 1213 2555 2072 2599; baseline 0.009 -14"><span class='ocrx_word' id='word_1_557' title='bbox 1213 2556 1241 2586; x_wconf 69' lang='lat'>2.</span> <span class='ocrx_word' id='word_1_558' title='bbox 1265 2555 1309 2587; x_wconf 76' lang='lat' dir='ltr'>Ad</span> <span class='ocrx_word' id='word_1_559' title='bbox 1335 2555 1412 2587; x_wconf 89' lang='lat' dir='ltr'>illud</span> <span class='ocrx_word' id='word_1_560' title='bbox 1430 2556 1514 2596; x_wconf 91' lang='lat' dir='ltr'>quod</span> <span class='ocrx_word' id='word_1_561' title='bbox 1531 2556 1677 2588; x_wconf 82' lang='lat' dir='ltr'>obiicitur</span> <span class='ocrx_word' id='word_1_562' title='bbox 1694 2557 1732 2589; x_wconf 89' lang='lat' dir='ltr'>de</span> <span class='ocrx_word' id='word_1_563' title='bbox 1749 2556 1865 2599; x_wconf 85' lang='lat' dir='ltr'>gloria,</span> <span class='ocrx_word' id='word_1_564' title='bbox 1887 2559 2072 2597; x_wconf 75' lang='lat' dir='ltr'>dicendum,</span> 
     </span>
     <span class='ocr_line' id='line_1_83' title="bbox 1124 2607 2074 2650; baseline 0.007 -12"><span class='ocrx_word' id='word_1_565' title='bbox 1124 2607 1207 2648; x_wconf 86' lang='lat' dir='ltr'>quod</span> <span class='ocrx_word' id='word_1_566' title='bbox 1234 2616 1291 2639; x_wconf 89' lang='lat' dir='ltr'>non</span> <span class='ocrx_word' id='word_1_567' title='bbox 1318 2608 1424 2639; x_wconf 85' lang='lat' dir='ltr'>vident</span> <span class='ocrx_word' id='word_1_568' title='bbox 1451 2609 1549 2649; x_wconf 83' lang='lat' dir='ltr'>ipsam</span> <span class='ocrx_word' id='word_1_569' title='bbox 1573 2609 1690 2650; x_wconf 83' lang='lat' dir='ltr'>gloriae</span> <span class='ocrx_word' id='word_1_570' title='bbox 1715 2611 1907 2650; x_wconf 72' lang='lat' dir='ltr'>essentiam,</span> <span class='ocrx_word' id='word_1_571' title='bbox 1932 2613 1987 2645; x_wconf 86' lang='lat' dir='ltr'>sed</span> <span class='ocrx_word' id='word_1_572' title='bbox 2005 2622 2074 2645; x_wconf 91' lang='lat' dir='ltr'>con-</span> 
     </span>
    </p>
   </div>
   <div class='ocr_carea' id='block_1_14' title="bbox 801 2711 1380 2719">
    <p class='ocr_par' dir='ltr' id='par_1_24' title="bbox 801 2711 1380 2719">
     <span class='ocr_line' id='line_1_84' title="bbox 801 2711 1380 2719; baseline 0 0"><span class='ocrx_word' id='word_1_573' title='bbox 801 2711 1380 2719; x_wconf 95' lang='lat' dir='ltr'> </span> 
     </span>
    </p>
   </div>
   <div class='ocr_carea' id='block_1_15' title="bbox 107 2778 1058 3379">
    <p class='ocr_par' dir='ltr' id='par_1_25' title="bbox 180 2778 439 2810">
     <span class='ocr_line' id='line_1_85' title="bbox 180 2778 439 2810; baseline -0.004 -7"><span class='ocrx_word' id='word_1_574' title='bbox 180 2778 187 2794; x_wconf 85' lang='lat'>1</span> <span class='ocrx_word' id='word_1_575' title='bbox 209 2778 283 2803; x_wconf 90' lang='lat' dir='ltr'>Vers.</span> <span class='ocrx_word' id='word_1_576' title='bbox 304 2778 345 2803; x_wconf 75' lang='lat'>23.</span> <span class='ocrx_word' id='word_1_577' title='bbox 367 2784 439 2810; x_wconf 86' lang='lat' dir='ltr'>seqq.</span> 
     </span>
    </p>

    <p class='ocr_par' dir='ltr' id='par_1_26' title="bbox 107 2820 1058 2979">
     <span class='ocr_line' id='line_1_86' title="bbox 177 2820 1058 2853; baseline -0.002 -7"><span class='ocrx_word' id='word_1_578' title='bbox 177 2822 189 2837; x_wconf 76' lang='lat'>2</span> <span class='ocrx_word' id='word_1_579' title='bbox 207 2821 277 2847; x_wconf 86' lang='lat' dir='ltr'>Libr.</span> <span class='ocrx_word' id='word_1_580' title='bbox 299 2821 324 2846; x_wconf 91' lang='lat' dir='ltr'>ll.</span> <span class='ocrx_word' id='word_1_581' title='bbox 345 2821 437 2847; x_wconf 89' lang='lat' dir='ltr'>Homil.</span> <span class='ocrx_word' id='word_1_582' title='bbox 457 2822 482 2846; x_wconf 87' lang='lat' dir='ltr'>in</span> <span class='ocrx_word' id='word_1_583' title='bbox 506 2822 604 2853; x_wconf 79' lang='lat' dir='ltr'>Evang.</span> <span class='ocrx_word' id='word_1_584' title='bbox 630 2821 718 2846; x_wconf 85' lang='lat' dir='ltr'>homil.</span> <span class='ocrx_word' id='word_1_585' title='bbox 740 2821 780 2846; x_wconf 76' lang='lat'>40.</span> <span class='ocrx_word' id='word_1_586' title='bbox 802 2828 825 2845; x_wconf 91' lang='lat' dir='ltr'>n.</span> <span class='ocrx_word' id='word_1_587' title='bbox 847 2821 876 2845; x_wconf 79' lang='lat'>2:</span> <span class='ocrx_word' id='word_1_588' title='bbox 896 2821 973 2852; x_wconf 81' lang='lat' dir='ltr'>Quia,</span> <span class='ocrx_word' id='word_1_589' title='bbox 995 2820 1058 2844; x_wconf 89' lang='lat' dir='ltr'>dum</span> 
     </span>
     <span class='ocr_line' id='line_1_87' title="bbox 107 2864 1057 2898; baseline -0.002 -7"><span class='ocrx_word' id='word_1_590' title='bbox 107 2873 155 2898; x_wconf 84' lang='lat' dir='ltr'>per</span> <span class='ocrx_word' id='word_1_591' title='bbox 178 2866 349 2891; x_wconf 87' lang='lat' dir='ltr'>damnationis</span> <span class='ocrx_word' id='word_1_592' title='bbox 377 2873 439 2891; x_wconf 85' lang='lat' dir='ltr'>suae</span> <span class='ocrx_word' id='word_1_593' title='bbox 467 2866 594 2897; x_wconf 85' lang='lat' dir='ltr'>supplicia</span> <span class='ocrx_word' id='word_1_594' title='bbox 622 2865 739 2890; x_wconf 81' lang='lat' dir='ltr'>infideles</span> <span class='ocrx_word' id='word_1_595' title='bbox 763 2866 787 2890; x_wconf 91' lang='lat' dir='ltr'>in</span> <span class='ocrx_word' id='word_1_596' title='bbox 816 2866 869 2890; x_wconf 88' lang='lat' dir='ltr'>imo</span> <span class='ocrx_word' id='word_1_597' title='bbox 898 2867 972 2896; x_wconf 79' lang='lat' dir='ltr'>sunt,</span> <span class='ocrx_word' id='word_1_598' title='bbox 995 2864 1057 2889; x_wconf 84' lang='lat' dir='ltr'>tide-</span> 
     </span>
     <span class='ocr_line' id='line_1_88' title="bbox 107 2909 1058 2943; baseline -0.004 -7"><span class='ocrx_word' id='word_1_599' title='bbox 107 2911 144 2936; x_wconf 81' lang='lat' dir='ltr'>les</span> <span class='ocrx_word' id='word_1_600' title='bbox 163 2917 281 2943; x_wconf 87' lang='lat' dir='ltr'>quosque</span> <span class='ocrx_word' id='word_1_601' title='bbox 301 2914 359 2936; x_wconf 88' lang='lat' dir='ltr'>ante</span> <span class='ocrx_word' id='word_1_602' title='bbox 389 2910 456 2935; x_wconf 88' lang='lat' dir='ltr'>diem</span> <span class='ocrx_word' id='word_1_603' title='bbox 486 2910 591 2935; x_wconf 78' lang='lat' dir='ltr'>extremi</span> <span class='ocrx_word' id='word_1_604' title='bbox 620 2910 707 2934; x_wconf 85' lang='lat' dir='ltr'>iudicii</span> <span class='ocrx_word' id='word_1_605' title='bbox 727 2916 807 2941; x_wconf 87' lang='lat' dir='ltr'>super</span> <span class='ocrx_word' id='word_1_606' title='bbox 825 2916 852 2934; x_wconf 89' lang='lat' dir='ltr'>se</span> <span class='ocrx_word' id='word_1_607' title='bbox 872 2910 896 2933; x_wconf 90' lang='lat' dir='ltr'>in</span> <span class='ocrx_word' id='word_1_608' title='bbox 917 2909 1005 2940; x_wconf 85' lang='lat' dir='ltr'>requie</span> <span class='ocrx_word' id='word_1_609' title='bbox 1024 2911 1058 2932; x_wconf 85' lang='lat' dir='ltr'>at-</span> 
     </span>
     <span class='ocr_line' id='line_1_89' title="bbox 107 2954 221 2979; baseline 0 0"><span class='ocrx_word' id='word_1_610' title='bbox 107 2954 221 2979; x_wconf 79' lang='lat' dir='ltr'>tendunt.</span> 
     </span>
    </p>

    <p class='ocr_par' dir='ltr' id='par_1_27' title="bbox 108 2996 1057 3117">
     <span class='ocr_line' id='line_1_90' title="bbox 178 2996 1057 3029; baseline -0.002 -7"><span class='ocrx_word' id='word_1_611' title='bbox 178 2997 188 3014; x_wconf 81' lang='grc'>3</span> <span class='ocrx_word' id='word_1_612' title='bbox 208 2998 273 3022; x_wconf 79' lang='lat' dir='ltr'>Vide</span> <span class='ocrx_word' id='word_1_613' title='bbox 292 3000 353 3023; x_wconf 88' lang='lat' dir='ltr'>tom.</span> <span class='ocrx_word' id='word_1_614' title='bbox 373 2998 390 3023; x_wconf 89' lang='grc'>1.</span> <span class='ocrx_word' id='word_1_615' title='bbox 410 3005 470 3029; x_wconf 83' lang='lat' dir='ltr'>pag.</span> <span class='ocrx_word' id='word_1_616' title='bbox 490 2997 557 3029; x_wconf 78' lang='lat'>495,</span> <span class='ocrx_word' id='word_1_617' title='bbox 579 3001 639 3023; x_wconf 84' lang='lat' dir='ltr'>nota</span> <span class='ocrx_word' id='word_1_618' title='bbox 660 2998 682 3022; x_wconf 86' lang='lat' dir='ltr'>l.</span> <span class='ocrx_word' id='word_1_619' title='bbox 703 2997 784 3022; x_wconf 85' lang='lat' dir='ltr'>verba</span> <span class='ocrx_word' id='word_1_620' title='bbox 805 2998 906 3022; x_wconf 77' lang='lat' dir='ltr'>Aristot.</span> <span class='ocrx_word' id='word_1_621' title='bbox 927 3010 960 3014; x_wconf 97' lang='lat'>—</span> <span class='ocrx_word' id='word_1_622' title='bbox 981 2996 1057 3027; x_wconf 87' lang='lat' dir='ltr'>Quod</span> 
     </span>
     <span class='ocr_line' id='line_1_91' title="bbox 109 3040 1057 3075; baseline -0.003 -8"><span class='ocrx_word' id='word_1_623' title='bbox 109 3041 233 3075; x_wconf 75' lang='lat' dir='ltr'>oppositis</span> <span class='ocrx_word' id='word_1_624' title='bbox 247 3042 395 3074; x_wconf 84' lang='lat' dir='ltr'>(antithetis)</span> <span class='ocrx_word' id='word_1_625' title='bbox 411 3042 549 3067; x_wconf 88' lang='lat' dir='ltr'>decoretur</span> <span class='ocrx_word' id='word_1_626' title='bbox 562 3042 728 3073; x_wconf 84' lang='lat' dir='ltr'>universum,</span> <span class='ocrx_word' id='word_1_627' title='bbox 743 3041 818 3067; x_wconf 88' lang='lat' dir='ltr'>docet</span> <span class='ocrx_word' id='word_1_628' title='bbox 831 3042 948 3072; x_wconf 59' lang='lat' dir='ltr'>August„</span> <span class='ocrx_word' id='word_1_629' title='bbox 965 3044 1025 3066; x_wconf 85' lang='lat' dir='ltr'>tom.</span> <span class='ocrx_word' id='word_1_630' title='bbox 1041 3040 1057 3064; x_wconf 92' lang='lat' dir='ltr'>l.</span> 
     </span>
     <span class='ocr_line' id='line_1_92' title="bbox 108 3085 466 3117; baseline 0 -7"><span class='ocrx_word' id='word_1_631' title='bbox 108 3085 175 3110; x_wconf 86' lang='lat' dir='ltr'>Sent.</span> <span class='ocrx_word' id='word_1_632' title='bbox 196 3092 257 3117; x_wconf 80' lang='lat' dir='ltr'>pag.</span> <span class='ocrx_word' id='word_1_633' title='bbox 276 3085 341 3117; x_wconf 80' lang='lat'>786,</span> <span class='ocrx_word' id='word_1_634' title='bbox 364 3088 422 3110; x_wconf 82' lang='lat' dir='ltr'>nota</span> <span class='ocrx_word' id='word_1_635' title='bbox 443 3085 466 3110; x_wconf 92' lang='lat'>7.</span> 
     </span>
    </p>

    <p class='ocr_par' dir='ltr' id='par_1_28' title="bbox 107 3127 1058 3286">
     <span class='ocr_line' id='line_1_93' title="bbox 178 3127 1058 3160; baseline -0.002 -7"><span class='ocrx_word' id='word_1_636' title='bbox 178 3127 190 3145; x_wconf 82' lang='lat'><strong>⁴</strong></span> <span class='ocrx_word' id='word_1_637' title='bbox 208 3129 321 3160; x_wconf 58' lang='lat' dir='ltr'>Ariston,</span> <span class='ocrx_word' id='word_1_638' title='bbox 343 3129 368 3153; x_wconf 83' lang='lat' dir='ltr'>ll.</span> <span class='ocrx_word' id='word_1_639' title='bbox 390 3129 422 3154; x_wconf 85' lang='lat' dir='ltr'>de</span> <span class='ocrx_word' id='word_1_640' title='bbox 441 3130 545 3160; x_wconf 81' lang='lat' dir='ltr'>Anima,</span> <span class='ocrx_word' id='word_1_641' title='bbox 560 3131 618 3154; x_wconf 84' lang='lat' dir='ltr'>text.</span> <span class='ocrx_word' id='word_1_642' title='bbox 633 3129 674 3153; x_wconf 79' lang='lat'>20.</span> <span class='ocrx_word' id='word_1_643' title='bbox 696 3128 728 3157; x_wconf 84' lang='lat' dir='ltr'>(c.</span> <span class='ocrx_word' id='word_1_644' title='bbox 749 3128 798 3159; x_wconf 75' lang='lat'>2.):</span> <span class='ocrx_word' id='word_1_645' title='bbox 818 3127 865 3152; x_wconf 87' lang='lat' dir='ltr'>Ubi</span> <span class='ocrx_word' id='word_1_646' title='bbox 879 3128 948 3152; x_wconf 88' lang='lat' dir='ltr'>enim</span> <span class='ocrx_word' id='word_1_647' title='bbox 967 3133 1058 3151; x_wconf 82' lang='lat' dir='ltr'>sensus</span> 
     </span>
     <span class='ocr_line' id='line_1_94' title="bbox 107 3169 1056 3204; baseline -0.002 -7"><span class='ocrx_word' id='word_1_648' title='bbox 107 3174 158 3204; x_wconf 80' lang='lat' dir='ltr'>est,</span> <span class='ocrx_word' id='word_1_649' title='bbox 177 3176 202 3198; x_wconf 84' lang='lat' dir='ltr'>et</span> <span class='ocrx_word' id='word_1_650' title='bbox 222 3172 295 3197; x_wconf 85' lang='lat' dir='ltr'>dolor</span> <span class='ocrx_word' id='word_1_651' title='bbox 314 3175 339 3197; x_wconf 89' lang='lat' dir='ltr'>et</span> <span class='ocrx_word' id='word_1_652' title='bbox 357 3172 477 3203; x_wconf 81' lang='lat' dir='ltr'>voluptas</span> <span class='ocrx_word' id='word_1_653' title='bbox 497 3173 671 3204; x_wconf 86' lang='lat' dir='ltr'>consequitur.</span> <span class='ocrx_word' id='word_1_654' title='bbox 686 3171 736 3196; x_wconf 74' lang='lat' dir='ltr'>cfr.</span> <span class='ocrx_word' id='word_1_655' title='bbox 751 3171 812 3196; x_wconf 83' lang='lat' dir='ltr'>ibid.</span> <span class='ocrx_word' id='word_1_656' title='bbox 827 3174 884 3196; x_wconf 80' lang='lat' dir='ltr'>text.</span> <span class='ocrx_word' id='word_1_657' title='bbox 908 3170 948 3195; x_wconf 75' lang='lat'>27.</span> <span class='ocrx_word' id='word_1_658' title='bbox 964 3169 996 3201; x_wconf 89' lang='lat' dir='ltr'>(c.</span> <span class='ocrx_word' id='word_1_659' title='bbox 1012 3170 1056 3202; x_wconf 86' lang='lat'>3.).</span> 
     </span>
     <span class='ocr_line' id='line_1_95' title="bbox 107 3214 1056 3247; baseline -0.003 -6"><span class='ocrx_word' id='word_1_660' title='bbox 107 3230 142 3233; x_wconf 97' lang='lat'><strong>—</strong></span> <span class='ocrx_word' id='word_1_661' title='bbox 160 3216 197 3241; x_wconf 88' lang='lat' dir='ltr'>De</span> <span class='ocrx_word' id='word_1_662' title='bbox 215 3217 273 3247; x_wconf 78' lang='lat' dir='ltr'>ipso</span> <span class='ocrx_word' id='word_1_663' title='bbox 292 3223 347 3247; x_wconf 83' lang='lat' dir='ltr'>arg.</span> <span class='ocrx_word' id='word_1_664' title='bbox 366 3216 426 3241; x_wconf 85' lang='lat' dir='ltr'>vide</span> <span class='ocrx_word' id='word_1_665' title='bbox 454 3217 495 3241; x_wconf 85' lang='lat' dir='ltr'>hic</span> <span class='ocrx_word' id='word_1_666' title='bbox 523 3216 556 3240; x_wconf 89' lang='lat' dir='ltr'>lit.</span> <span class='ocrx_word' id='word_1_667' title='bbox 583 3216 708 3246; x_wconf 76' lang='lat' dir='ltr'>Magistri,</span> <span class='ocrx_word' id='word_1_668' title='bbox 730 3222 751 3240; x_wconf 84' lang='lat' dir='ltr'>c.</span> <span class='ocrx_word' id='word_1_669' title='bbox 778 3214 802 3239; x_wconf 85' lang='lat'>7.</span> <span class='ocrx_word' id='word_1_670' title='bbox 822 3228 858 3233; x_wconf 88' lang='lat'>—</span> <span class='ocrx_word' id='word_1_671' title='bbox 876 3214 901 3238; x_wconf 89' lang='lat' dir='ltr'>ln</span> <span class='ocrx_word' id='word_1_672' title='bbox 927 3214 977 3238; x_wconf 84' lang='lat' dir='ltr'>fine</span> <span class='ocrx_word' id='word_1_673' title='bbox 1001 3220 1056 3245; x_wconf 82' lang='lat' dir='ltr'>arg.</span> 
     </span>
     <span class='ocr_line' id='line_1_96' title="bbox 107 3259 844 3286; baseline -0.001 -2"><span class='ocrx_word' id='word_1_674' title='bbox 107 3259 217 3285; x_wconf 86' lang='lat' dir='ltr'>vocibus</span> <span class='ocrx_word' id='word_1_675' title='bbox 234 3259 322 3285; x_wconf 76' lang='lat' dir='ltr'>vident</span> <span class='ocrx_word' id='word_1_676' title='bbox 340 3259 452 3286; x_wconf 71' lang='lat' dir='ltr'>invicem</span> <span class='ocrx_word' id='word_1_677' title='bbox 471 3259 547 3285; x_wconf 86' lang='lat' dir='ltr'>codd.</span> <span class='ocrx_word' id='word_1_678' title='bbox 566 3259 586 3284; x_wconf 83' lang='lat' dir='ltr'>R</span> <span class='ocrx_word' id='word_1_679' title='bbox 598 3260 618 3284; x_wconf 59' lang='lat' dir='ltr'>S»</span> <span class='ocrx_word' id='word_1_680' title='bbox 634 3260 790 3284; x_wconf 81' lang='lat' dir='ltr'>interserunt</span> <span class='ocrx_word' id='word_1_681' title='bbox 809 3265 844 3284; x_wconf 80' lang='lat' dir='ltr'>se.</span> 
     </span>
    </p>

    <p class='ocr_par' dir='ltr' id='par_1_29' title="bbox 109 3301 1057 3379">
     <span class='ocr_line' id='line_1_97' title="bbox 178 3301 1057 3334; baseline -0.005 -5"><span class='ocrx_word' id='word_1_682' title='bbox 178 3303 189 3320; x_wconf 87' lang='lat'>⁵</span> <span class='ocrx_word' id='word_1_683' title='bbox 207 3303 317 3334; x_wconf 86' lang='lat' dir='ltr'>Aristot.‚</span> <span class='ocrx_word' id='word_1_684' title='bbox 338 3304 370 3329; x_wconf 87' lang='lat' dir='ltr'>de</span> <span class='ocrx_word' id='word_1_685' title='bbox 390 3304 472 3329; x_wconf 83' lang='lat' dir='ltr'>Sensu</span> <span class='ocrx_word' id='word_1_686' title='bbox 491 3306 517 3328; x_wconf 84' lang='lat' dir='ltr'>et</span> <span class='ocrx_word' id='word_1_687' title='bbox 535 3310 604 3328; x_wconf 83' lang='lat' dir='ltr'>sens.</span> <span class='ocrx_word' id='word_1_688' title='bbox 622 3309 644 3327; x_wconf 86' lang='lat' dir='ltr'>c.</span> <span class='ocrx_word' id='word_1_689' title='bbox 665 3303 689 3327; x_wconf 89' lang='lat'>8.</span> <span class='ocrx_word' id='word_1_690' title='bbox 712 3302 744 3333; x_wconf 81' lang='lat' dir='ltr'>(c.</span> <span class='ocrx_word' id='word_1_691' title='bbox 759 3301 808 3333; x_wconf 87' lang='lat'>7.):</span> <span class='ocrx_word' id='word_1_692' title='bbox 829 3302 870 3326; x_wconf 82' lang='lat' dir='ltr'>Est</span> <span class='ocrx_word' id='word_1_693' title='bbox 890 3302 973 3333; x_wconf 84' lang='lat' dir='ltr'>enim,</span> <span class='ocrx_word' id='word_1_694' title='bbox 988 3301 1057 3326; x_wconf 89' lang='lat' dir='ltr'>unde</span> 
     </span>
     <span class='ocr_line' id='line_1_98' title="bbox 109 3345 1057 3379; baseline -0.003 -7"><span class='ocrx_word' id='word_1_695' title='bbox 109 3346 214 3379; x_wconf 88' lang='lat' dir='ltr'>quidem</span> <span class='ocrx_word' id='word_1_696' title='bbox 234 3354 285 3371; x_wconf 92' lang='lat' dir='ltr'>non</span> <span class='ocrx_word' id='word_1_697' title='bbox 304 3347 434 3379; x_wconf 85' lang='lat' dir='ltr'>videatur,</span> <span class='ocrx_word' id='word_1_698' title='bbox 455 3346 551 3371; x_wconf 83' lang='lat' dir='ltr'>infinita</span> <span class='ocrx_word' id='word_1_699' title='bbox 572 3346 715 3371; x_wconf 67' lang='lat' dir='ltr'>distantias..</span> <span class='ocrx_word' id='word_1_700' title='bbox 736 3349 774 3370; x_wconf 86' lang='lat' dir='ltr'>est</span> <span class='ocrx_word' id='word_1_701' title='bbox 793 3347 879 3377; x_wconf 86' lang='lat' dir='ltr'>itaque</span> <span class='ocrx_word' id='word_1_702' title='bbox 906 3345 1003 3377; x_wconf 87' lang='lat' dir='ltr'>aliquid</span> <span class='ocrx_word' id='word_1_703' title='bbox 1022 3345 1057 3370; x_wconf 92' lang='lat' dir='ltr'>ul-</span> 
     </span>
    </p>
   </div>
   <div class='ocr_carea' id='block_1_16' title="bbox 249 3398 611 3425">
    <p class='ocr_par' dir='ltr' id='par_1_30' title="bbox 249 3398 611 3425">
     <span class='ocr_line' id='line_1_99' title="bbox 249 3398 611 3425; baseline -0.006 0"><span class='ocrx_word' id='word_1_704' title='bbox 249 3399 278 3425; x_wconf 92' lang='lat' dir='ltr'>S.</span> <span class='ocrx_word' id='word_1_705' title='bbox 299 3399 401 3425; x_wconf 76' lang='lat' dir='ltr'>Bomio.</span> <span class='ocrx_word' id='word_1_706' title='bbox 419 3413 455 3417; x_wconf 98' lang='lat'><strong>—</strong></span> <span class='ocrx_word' id='word_1_707' title='bbox 475 3399 548 3423; x_wconf 91' lang='lat' dir='ltr'>Tom.</span> <span class='ocrx_word' id='word_1_708' title='bbox 569 3398 611 3423; x_wconf 90' lang='lat' dir='ltr'>IV.</span> 
     </span>
    </p>
   </div>
   <div class='ocr_carea' id='block_1_17' title="bbox 1087 2779 1093 3376">
    <p class='ocr_par' dir='ltr' id='par_1_31' title="bbox 1087 2779 1093 3376">
     <span class='ocr_line' id='line_1_100' title="bbox 1087 2779 1093 3376; baseline 0 0"><span class='ocrx_word' id='word_1_709' title='bbox 1087 2779 1093 3376; x_wconf 95' lang='lat' dir='ltr'> </span> 
     </span>
    </p>
   </div>
   <div class='ocr_carea' id='block_1_18' title="bbox 1123 2776 2073 2932">
    <p class='ocr_par' dir='ltr' id='par_1_32' title="bbox 1124 2776 2073 2847">
     <span class='ocr_line' id='line_1_101' title="bbox 1124 2776 2073 2811; baseline 0.005 -11"><span class='ocrx_word' id='word_1_710' title='bbox 1124 2777 1214 2800; x_wconf 82' lang='lat' dir='ltr'>timum</span> <span class='ocrx_word' id='word_1_711' title='bbox 1243 2776 1390 2807; x_wconf 68' lang='lat' dir='ltr'>distantiae,</span> <span class='ocrx_word' id='word_1_712' title='bbox 1412 2776 1479 2800; x_wconf 71' lang='lat' dir='ltr'>nntle</span> <span class='ocrx_word' id='word_1_713' title='bbox 1509 2783 1558 2801; x_wconf 89' lang='lat' dir='ltr'>non</span> <span class='ocrx_word' id='word_1_714' title='bbox 1588 2777 1698 2809; x_wconf 70' lang='lat' dir='ltr'>videtur,</span> <span class='ocrx_word' id='word_1_715' title='bbox 1720 2781 1745 2803; x_wconf 83' lang='lat' dir='ltr'>ot</span> <span class='ocrx_word' id='word_1_716' title='bbox 1764 2779 1895 2811; x_wconf 72' lang='lat' dir='ltr'>primum,</span> <span class='ocrx_word' id='word_1_717' title='bbox 1916 2779 1985 2804; x_wconf 85' lang='lat' dir='ltr'>unde</span> <span class='ocrx_word' id='word_1_718' title='bbox 2004 2780 2073 2805; x_wconf 67' lang='lat' dir='ltr'>vide-</span> 
     </span>
     <span class='ocr_line' id='line_1_102' title="bbox 1124 2823 1597 2847; baseline 0.006 -3"><span class='ocrx_word' id='word_1_719' title='bbox 1124 2823 1164 2845; x_wconf 87' lang='lat' dir='ltr'>tur</span> <span class='ocrx_word' id='word_1_720' title='bbox 1183 2823 1230 2844; x_wconf 70' lang='lat' dir='ltr'>otc.</span> <span class='ocrx_word' id='word_1_721' title='bbox 1593 2846 1597 2847; x_wconf 52' lang='lat'>.</span> 
     </span>
    </p>

    <p class='ocr_par' dir='ltr' id='par_1_33' title="bbox 1123 2863 2071 2932">
     <span class='ocr_line' id='line_1_103' title="bbox 1192 2863 2071 2898; baseline 0.006 -10"><span class='ocrx_word' id='word_1_722' title='bbox 1192 2863 1203 2880; x_wconf 84' lang='lat'><strong><em>⁶</em></strong></span> <span class='ocrx_word' id='word_1_723' title='bbox 1222 2864 1384 2889; x_wconf 70' lang='lat' dir='ltr'>Retinuimns</span> <span class='ocrx_word' id='word_1_724' title='bbox 1404 2871 1462 2889; x_wconf 74' lang='lat' dir='ltr'>cnm</span> <span class='ocrx_word' id='word_1_725' title='bbox 1490 2865 1544 2889; x_wconf 70' lang='lat' dir='ltr'>Vnt.</span> <span class='ocrx_word' id='word_1_726' title='bbox 1573 2864 1641 2890; x_wconf 64' lang='lat' dir='ltr'>ssent</span> <span class='ocrx_word' id='word_1_727' title='bbox 1667 2865 1772 2898; x_wconf 65' lang='lat' dir='ltr'>qratia,</span> <span class='ocrx_word' id='word_1_728' title='bbox 1795 2866 1866 2898; x_wconf 81' lang='lat' dir='ltr'>quod</span> <span class='ocrx_word' id='word_1_729' title='bbox 1893 2868 1917 2891; x_wconf 89' lang='lat' dir='ltr'>in</span> <span class='ocrx_word' id='word_1_730' title='bbox 1943 2867 2018 2892; x_wconf 86' lang='lat' dir='ltr'>codd.</span> <span class='ocrx_word' id='word_1_731' title='bbox 2047 2871 2071 2893; x_wconf 81' lang='lat' dir='ltr'>ot</span> 
     </span>
     <span class='ocr_line' id='line_1_104' title="bbox 1123 2906 1388 2932; baseline 0.004 -1"><span class='ocrx_word' id='word_1_732' title='bbox 1123 2906 1163 2931; x_wconf 88' lang='lat' dir='ltr'>ed.</span> <span class='ocrx_word' id='word_1_733' title='bbox 1189 2908 1194 2931; x_wconf 99' lang='grc'>1</span> <span class='ocrx_word' id='word_1_734' title='bbox 1218 2907 1388 2932; x_wconf 78' lang='lat' dir='ltr'>desideratur.</span> 
     </span>
    </p>
   </div>
   <div class='ocr_carea' id='block_1_19' title="bbox 1123 2950 2071 3067">
    <p class='ocr_par' dir='ltr' id='par_1_34' title="bbox 1123 2950 2071 3067">
     <span class='ocr_line' id='line_1_105' title="bbox 1193 2950 2071 2984; baseline 0.005 -9"><span class='ocrx_word' id='word_1_735' title='bbox 1193 2950 1204 2966; x_wconf 94' lang='lat'>⁷</span> <span class='ocrx_word' id='word_1_736' title='bbox 1224 2951 1268 2975; x_wconf 88' lang='lat' dir='ltr'>llic</span> <span class='ocrx_word' id='word_1_737' title='bbox 1286 2958 1307 2976; x_wconf 87' lang='lat' dir='ltr'>c.</span> <span class='ocrx_word' id='word_1_738' title='bbox 1328 2952 1351 2976; x_wconf 81' lang='grc'><strong><em>.’5,</em></strong></span> <span class='ocrx_word' id='word_1_739' title='bbox 1376 2966 1406 2969; x_wconf 82' lang='grc'><strong>-</strong></span> <span class='ocrx_word' id='word_1_740' title='bbox 1427 2952 1507 2976; x_wconf 74' lang='lat' dir='ltr'>Prima</span> <span class='ocrx_word' id='word_1_741' title='bbox 1529 2953 1668 2983; x_wconf 78' lang='lat' dir='ltr'>propositio</span> <span class='ocrx_word' id='word_1_742' title='bbox 1687 2960 1742 2984; x_wconf 80' lang='lat' dir='ltr'>arg.</span> <span class='ocrx_word' id='word_1_743' title='bbox 1763 2958 1800 2978; x_wconf 71' lang='lat' dir='ltr'>est</span> <span class='ocrx_word' id='word_1_744' title='bbox 1819 2954 1962 2978; x_wconf 65' lang='lat' dir='ltr'>secundum</span> <span class='ocrx_word' id='word_1_745' title='bbox 1987 2958 2071 2979; x_wconf 82' lang='lat' dir='ltr'>ancto-</span> 
     </span>
     <span class='ocr_line' id='line_1_106' title="bbox 1123 2994 1897 3028; baseline 0.005 -10"><span class='ocrx_word' id='word_1_746' title='bbox 1123 3001 1177 3018; x_wconf 79' lang='lat' dir='ltr'>reni</span> <span class='ocrx_word' id='word_1_747' title='bbox 1198 2994 1253 3019; x_wconf 82' lang='lat' dir='ltr'>libri</span> <span class='ocrx_word' id='word_1_748' title='bbox 1274 2994 1306 3019; x_wconf 86' lang='lat' dir='ltr'>de</span> <span class='ocrx_word' id='word_1_749' title='bbox 1325 2994 1427 3025; x_wconf 79' lang='lat' dir='ltr'>Catisis;</span> <span class='ocrx_word' id='word_1_750' title='bbox 1448 2995 1508 3020; x_wconf 68' lang='lat' dir='ltr'>vide</span> <span class='ocrx_word' id='word_1_751' title='bbox 1527 3002 1604 3027; x_wconf 81' lang='lat' dir='ltr'>supra</span> <span class='ocrx_word' id='word_1_752' title='bbox 1625 3003 1685 3027; x_wconf 82' lang='lat' dir='ltr'>pag.</span> <span class='ocrx_word' id='word_1_753' title='bbox 1705 2997 1770 3028; x_wconf 70' lang='lat'>986,</span> <span class='ocrx_word' id='word_1_754' title='bbox 1794 3000 1850 3021; x_wconf 77' lang='lat' dir='ltr'>nota</span> <span class='ocrx_word' id='word_1_755' title='bbox 1872 2998 1897 3022; x_wconf 82' lang='lat'>5.</span> 
     </span>
     <span class='ocr_line' id='line_1_107' title="bbox 1192 3037 2022 3067; baseline 0.006 -5"><span class='ocrx_word' id='word_1_756' title='bbox 1192 3037 1203 3053; x_wconf 77' lang='lat'>⁸</span> <span class='ocrx_word' id='word_1_757' title='bbox 1222 3039 1266 3063; x_wconf 85' lang='lat' dir='ltr'>llic</span> <span class='ocrx_word' id='word_1_758' title='bbox 1286 3045 1307 3063; x_wconf 88' lang='lat' dir='ltr'>c.</span> <span class='ocrx_word' id='word_1_759' title='bbox 1328 3039 1351 3063; x_wconf 83' lang='lat' dir='ltr'>G.</span> <span class='ocrx_word' id='word_1_760' title='bbox 1375 3053 1406 3056; x_wconf 86' lang='lat'>—</span> <span class='ocrx_word' id='word_1_761' title='bbox 1428 3039 1482 3063; x_wconf 82' lang='lat' dir='ltr'>Mox</span> <span class='ocrx_word' id='word_1_762' title='bbox 1502 3039 1578 3064; x_wconf 82' lang='lat' dir='ltr'>codd.</span> <span class='ocrx_word' id='word_1_763' title='bbox 1601 3040 1640 3064; x_wconf 62' lang='lat' dir='ltr'>tl&lt;</span> <span class='ocrx_word' id='word_1_764' title='bbox 1661 3039 1797 3065; x_wconf 57' lang='lat' dir='ltr'>mammae</span> <span class='ocrx_word' id='word_1_765' title='bbox 1816 3040 2022 3067; x_wconf 69' lang='lat' dir='ltr'>iiit‘sert&#39;cordiae.</span> 
     </span>
    </p>
   </div>
   <div class='ocr_carea' id='block_1_20' title="bbox 1121 3081 2070 3377">
    <p class='ocr_par' dir='ltr' id='par_1_35' title="bbox 1121 3081 2070 3245">
     <span class='ocr_line' id='line_1_108' title="bbox 1192 3081 2069 3116; baseline 0.005 -10"><span class='ocrx_word' id='word_1_766' title='bbox 1192 3081 1203 3097; x_wconf 85' lang='lat'>⁹</span> <span class='ocrx_word' id='word_1_767' title='bbox 1222 3082 1312 3107; x_wconf 82' lang='lat' dir='ltr'>Psalni.</span> <span class='ocrx_word' id='word_1_768' title='bbox 1334 3082 1380 3111; x_wconf 75' lang='lat'>57,</span> <span class='ocrx_word' id='word_1_769' title='bbox 1406 3083 1442 3107; x_wconf 91' lang='lat' dir='ltr'>ll.</span> <span class='ocrx_word' id='word_1_770' title='bbox 1464 3082 1529 3107; x_wconf 76' lang='lat' dir='ltr'>Vide</span> <span class='ocrx_word' id='word_1_771' title='bbox 1558 3083 1598 3107; x_wconf 84' lang='lat' dir='ltr'>nic</span> <span class='ocrx_word' id='word_1_772' title='bbox 1622 3083 1655 3108; x_wconf 84' lang='lat' dir='ltr'>lit.</span> <span class='ocrx_word' id='word_1_773' title='bbox 1686 3084 1812 3115; x_wconf 80' lang='lat' dir='ltr'>Magistri,</span> <span class='ocrx_word' id='word_1_774' title='bbox 1833 3092 1854 3109; x_wconf 78' lang='lat' dir='ltr'>c.</span> <span class='ocrx_word' id='word_1_775' title='bbox 1875 3084 1903 3116; x_wconf 81' lang='lat'>7,</span> <span class='ocrx_word' id='word_1_776' title='bbox 1924 3084 1966 3110; x_wconf 85' lang='lat' dir='ltr'>nbi</span> <span class='ocrx_word' id='word_1_777' title='bbox 1992 3086 2069 3110; x_wconf 81' lang='lat' dir='ltr'>etiam</span> 
     </span>
     <span class='ocr_line' id='line_1_109' title="bbox 1122 3125 2070 3159; baseline 0.004 -9"><span class='ocrx_word' id='word_1_778' title='bbox 1122 3126 1265 3157; x_wconf 80' lang='lat' dir='ltr'>allegantur</span> <span class='ocrx_word' id='word_1_779' title='bbox 1292 3125 1372 3151; x_wconf 76' lang='lat' dir='ltr'>verba</span> <span class='ocrx_word' id='word_1_780' title='bbox 1404 3126 1457 3151; x_wconf 76' lang='lat' dir='ltr'>lsai.</span> <span class='ocrx_word' id='word_1_781' title='bbox 1479 3127 1526 3157; x_wconf 81' lang='grc'>66,</span> <span class='ocrx_word' id='word_1_782' title='bbox 1549 3126 1594 3157; x_wconf 64' lang='lat' dir='ltr'>at,</span> <span class='ocrx_word' id='word_1_783' title='bbox 1616 3127 1648 3151; x_wconf 74' lang='lat' dir='ltr'>nil</span> <span class='ocrx_word' id='word_1_784' title='bbox 1676 3135 1742 3159; x_wconf 83' lang='lat' dir='ltr'>quae</span> <span class='ocrx_word' id='word_1_785' title='bbox 1771 3128 1866 3152; x_wconf 73' lang='lat' dir='ltr'>Bonav.</span> <span class='ocrx_word' id='word_1_786' title='bbox 1899 3130 2014 3154; x_wconf 72' lang='lat' dir='ltr'>recurrit.</span> <span class='ocrx_word' id='word_1_787' title='bbox 2037 3143 2070 3147; x_wconf 91' lang='lat'>—-</span> 
     </span>
     <span class='ocr_line' id='line_1_110' title="bbox 1122 3169 2070 3204; baseline 0.004 -10"><span class='ocrx_word' id='word_1_788' title='bbox 1122 3169 1197 3201; x_wconf 89' lang='lat' dir='ltr'>Quod</span> <span class='ocrx_word' id='word_1_789' title='bbox 1217 3170 1297 3201; x_wconf 82' lang='lat' dir='ltr'>gloria</span> <span class='ocrx_word' id='word_1_790' title='bbox 1317 3170 1457 3195; x_wconf 79' lang='lat' dir='ltr'>electorum</span> <span class='ocrx_word' id='word_1_791' title='bbox 1476 3169 1565 3195; x_wconf 63' lang='lat' dir='ltr'>maior</span> <span class='ocrx_word' id='word_1_792' title='bbox 1584 3171 1615 3196; x_wconf 86' lang='lat' dir='ltr'>sit</span> <span class='ocrx_word' id='word_1_793' title='bbox 1634 3175 1691 3201; x_wconf 81' lang='lat' dir='ltr'>post</span> <span class='ocrx_word' id='word_1_794' title='bbox 1710 3171 1847 3202; x_wconf 80' lang='lat' dir='ltr'>iudicium,</span> <span class='ocrx_word' id='word_1_795' title='bbox 1862 3171 1937 3198; x_wconf 85' lang='lat' dir='ltr'>‹locct</span> <span class='ocrx_word' id='word_1_796' title='bbox 1951 3173 2070 3204; x_wconf 79' lang='lat' dir='ltr'>Magister</span> 
     </span>
     <span class='ocr_line' id='line_1_111' title="bbox 1121 3213 1440 3245; baseline 0 -7"><span class='ocrx_word' id='word_1_797' title='bbox 1121 3220 1199 3245; x_wconf 85' lang='lat' dir='ltr'>supra</span> <span class='ocrx_word' id='word_1_798' title='bbox 1220 3213 1244 3238; x_wconf 87' lang='lat' dir='ltr'>d.</span> <span class='ocrx_word' id='word_1_799' title='bbox 1266 3213 1353 3238; x_wconf 81' lang='lat' dir='ltr'>XLlX.</span> <span class='ocrx_word' id='word_1_800' title='bbox 1375 3220 1396 3238; x_wconf 80' lang='lat' dir='ltr'>c,</span> <span class='ocrx_word' id='word_1_801' title='bbox 1418 3213 1440 3238; x_wconf 66' lang='lat' dir='ltr'>fi.</span> 
     </span>
    </p>

    <p class='ocr_par' dir='ltr' id='par_1_36' title="bbox 1121 3256 2070 3335">
     <span class='ocr_line' id='line_1_112' title="bbox 1193 3256 2070 3291; baseline 0.003 -10"><span class='ocrx_word' id='word_1_802' title='bbox 1193 3256 1213 3273; x_wconf 80' lang='lat'>¹⁰</span> <span class='ocrx_word' id='word_1_803' title='bbox 1231 3257 1292 3282; x_wconf 80' lang='lat' dir='ltr'>Luc.</span> <span class='ocrx_word' id='word_1_804' title='bbox 1312 3258 1349 3289; x_wconf 77' lang='lat'>16,</span> <span class='ocrx_word' id='word_1_805' title='bbox 1365 3257 1412 3282; x_wconf 68' lang='lat' dir='ltr'>at:</span> <span class='ocrx_word' id='word_1_806' title='bbox 1434 3258 1460 3281; x_wconf 71' lang='lat' dir='ltr'>lit</span> <span class='ocrx_word' id='word_1_807' title='bbox 1480 3258 1533 3288; x_wconf 81' lang='lat' dir='ltr'>ipse</span> <span class='ocrx_word' id='word_1_808' title='bbox 1553 3258 1667 3283; x_wconf 85' lang='lat' dir='ltr'>clamans</span> <span class='ocrx_word' id='word_1_809' title='bbox 1686 3258 1760 3283; x_wconf 83' lang='lat' dir='ltr'>dixit:</span> <span class='ocrx_word' id='word_1_810' title='bbox 1776 3259 1848 3283; x_wconf 76' lang='lat' dir='ltr'>Pater</span> <span class='ocrx_word' id='word_1_811' title='bbox 1867 3259 2010 3291; x_wconf 78' lang='lat' dir='ltr'>Abraham,</span> <span class='ocrx_word' id='word_1_812' title='bbox 2025 3260 2070 3284; x_wconf 85' lang='lat' dir='ltr'>mi-</span> 
     </span>
     <span class='ocr_line' id='line_1_113' title="bbox 1121 3301 1997 3335; baseline 0.003 -9"><span class='ocrx_word' id='word_1_813' title='bbox 1121 3308 1206 3326; x_wconf 75' lang='lat' dir='ltr'>serere</span> <span class='ocrx_word' id='word_1_814' title='bbox 1226 3302 1276 3326; x_wconf 89' lang='lat' dir='ltr'>mei</span> <span class='ocrx_word' id='word_1_815' title='bbox 1296 3305 1342 3326; x_wconf 78' lang='lat' dir='ltr'>etc,</span> <span class='ocrx_word' id='word_1_816' title='bbox 1363 3316 1397 3319; x_wconf 88' lang='lat'><strong>—</strong></span> <span class='ocrx_word' id='word_1_817' title='bbox 1416 3302 1521 3326; x_wconf 58' lang='lat' dir='ltr'>interius</span> <span class='ocrx_word' id='word_1_818' title='bbox 1542 3306 1599 3333; x_wconf 83' lang='lat' dir='ltr'>post</span> <span class='ocrx_word' id='word_1_819' title='bbox 1619 3301 1694 3328; x_wconf 69' lang='lat' dir='ltr'>liceat</span> <span class='ocrx_word' id='word_1_820' title='bbox 1713 3303 1771 3328; x_wconf 80' lang='lat' dir='ltr'>cod.</span> <span class='ocrx_word' id='word_1_821' title='bbox 1792 3303 1812 3327; x_wconf 86' lang='lat' dir='ltr'>G</span> <span class='ocrx_word' id='word_1_822' title='bbox 1832 3303 1935 3335; x_wconf 82' lang='lat' dir='ltr'>supplet</span> <span class='ocrx_word' id='word_1_823' title='bbox 1954 3303 1997 3329; x_wconf 81' lang='lat' dir='ltr'>eis.</span> 
     </span>
    </p>

    <p class='ocr_par' dir='ltr' id='par_1_37' title="bbox 1193 3344 1630 3377">
     <span class='ocr_line' id='line_1_114' title="bbox 1193 3344 1630 3377; baseline 0 -7"><span class='ocrx_word' id='word_1_824' title='bbox 1193 3344 1211 3360; x_wconf 84' lang='lat'>¹¹</span> <span class='ocrx_word' id='word_1_825' title='bbox 1233 3344 1284 3370; x_wconf 75' lang='lat' dir='ltr'>Csr.</span> <span class='ocrx_word' id='word_1_826' title='bbox 1304 3346 1345 3369; x_wconf 86' lang='lat' dir='ltr'>hic</span> <span class='ocrx_word' id='word_1_827' title='bbox 1365 3345 1398 3370; x_wconf 86' lang='lat' dir='ltr'>lit.</span> <span class='ocrx_word' id='word_1_828' title='bbox 1420 3346 1544 3377; x_wconf 78' lang='lat' dir='ltr'>Magistri,</span> <span class='ocrx_word' id='word_1_829' title='bbox 1565 3353 1586 3370; x_wconf 69' lang='lat' dir='ltr'>c.</span> <span class='ocrx_word' id='word_1_830' title='bbox 1607 3346 1630 3370; x_wconf 88' lang='lat'>7.</span> 
     </span>
    </p>
   </div>
   <div class='ocr_carea' id='block_1_21' title="bbox 1882 3400 1928 3425">
    <p class='ocr_par' dir='ltr' id='par_1_38' title="bbox 1882 3400 1928 3425">
     <span class='ocr_line' id='line_1_115' title="bbox 1882 3400 1928 3425; baseline 0.022 -1"><span class='ocrx_word' id='word_1_831' title='bbox 1882 3400 1928 3425; x_wconf 78' lang='lat'>132</span> 
     </span>
    </p>
   </div>
  </div>
 </body>
</html>
