2483 3882
300 2418 334 2439 Ad
348 2417 430 2445 opposi-

341 2446 393 2465 tum.

442 256 504 287 870

1199 252 1483 284 SENTENTIARUM
1507 252 1574 283 LIB.
1600 253 1647 284 tv.

1275 424 1571 465 SCHOLION.

512 543 527 566 I.
548 542 583 566 De
603 540 684 566 tribus
704 539 879 571 opinionibus,
902 546 968 570 quae
987 539 1090 564 fuerunt
1110 538 1241 564 deradice
1262 540 1391 570 cognatio-

442 588 479 611 nis
493 584 648 619 spiritualis,
665 584 725 609 vide
747 590 824 615 supra
839 584 863 607 in
879 584 1042 608 Praenotatis.
1058 583 1126 608 idem
1146 584 1238 614 repetit
1258 584 1281 609 S.
1297 584 1390 609 Tliom.

443 631 498 660 (liic
520 637 544 661 q.
569 630 588 653 l.
609 636 630 654 a.
652 629 680 659 2;
702 628 791 659 Suppl.
812 635 836 660 q.
857 628 897 652 56.
919 635 940 652 a.
968 628 1017 659 2.),
1045 628 1088 660 qui
1116 627 1258 658 concludit,
1279 628 1389 653 eandem

441 674 555 700 contrahi
575 675 672 698 tantum
692 678 739 702 per
758 671 917 702 baptismum
937 674 961 695 et
974 670 1210 702 contii-mationem3
1231 672 1272 696 cui
1291 675 1389 697 senten-

440 720 488 743 tiae
517 717 649 742 communi
667 723 759 747 reapse
778 717 855 740 etiam
875 715 997 740 adhaeret
1016 719 1106 740 auctor
1134 718 1221 740 noster
1246 716 1390 741 seeundum

440 762 566 794 principia
585 760 618 785 ab
632 761 688 791 ipso
703 761 792 791 posita.
807 759 879 784 Unde
893 759 969 784 etiarn
983 759 1031 784 sibi
1045 762 1164 784 constans
1177 759 1306 791 approbat
1320 760 1391 792 quod

441 806 509 831 idem
530 806 554 830 S.
575 805 689 829 Thomas
709 803 773 835 (loc.
794 804 834 828 cit.
855 803 887 828 ad
908 803 943 835 8.)
959 803 1046 834 docet,
1066 803 1161 828 scilieet
1176 810 1223 834 per
1242 804 1391 829 Sacramen-

440 853 494 874 tum
511 847 685 881 poenitenliae
705 855 755 872 non
775 848 904 879 contrahi,
921 848 1026 879 proprie
1046 847 1188 879 loquendo,
1210 849 1391 879 cognationem

441 893 615 924 spiritualem,
636 892 681 916 sed
705 901 716 913 α
731 894 830 916 tantum
845 890 977 923 quoddam
998 891 1090 915 foedus
1107 891 1172 915 inter
1191 891 1353 916 sacerdotem
1367 895 1391 917 et

441 937 575 962 mullerem
595 936 772 967 confitentem,
792 936 874 960 simile
894 936 1040 967 cognationi
1060 935 1223 966 spirituali».
1243 937 1262 960 A
1277 935 1390 961 Concilio

442 981 555 1006 Trident.
570 982 654 1011 (sess.
671 980 764 1005 XXlV.
781 980 813 1005 de
835 980 945 1004 Reform.
966 987 986 1004 c.
1002 980 1035 1010 2.)
1056 980 1131 1004 etiam
1153 980 1201 1004 lioc
1220 980 1392 1011 impedimen-

441 1030 494 1050 tum
516 1026 660 1050 restrictum
680 1028 731 1055 est,
752 1025 785 1050 ita
805 1027 832 1049 ut
851 1030 900 1049 non
927 1024 959 1048 sit
978 1024 1024 1048 nisi
1038 1024 1105 1048 inter
1123 1022 1279 1049 ministrum
1298 1025 1392 1049 utrius-

441 1076 492 1101 que
521 1069 677 1094 Sacramenti
700 1071 725 1092 et
750 1068 916 1099 recipientem
942 1067 1016 1099 illud,
1038 1074 1085 1091 nec
1114 1074 1162 1092 non
1190 1068 1254 1092 inter
1279 1067 1391 1093 eundem

442 1118 466 1138 et
488 1113 650 1144 suscipientis
678 1115 812 1143 parentes:
834 1118 911 1143 porro
931 1112 995 1136 inter
1011 1110 1152 1144 patrinum.
1171 1109 1224 1143 (vei
1244 1112 1392 1144 matrinam)

1456 542 1481 564 et
1500 541 1678 572 1·ccipientem;
1699 541 1810 573 denique
1830 542 1894 567 inter
1912 542 2052 575 patrinum
2071 548 2096 568 et
2115 546 2224 569 matrem
2243 545 2402 576 recipientis,

1456 590 1503 609 nec
1523 591 1572 609 non
1592 585 1657 610 inter
1675 585 1822 611 matrinam
1841 589 1865 612 et
1884 590 1983 618 patrem
2003 587 2128 612 eiusdem.

1527 628 1563 653 De
1584 629 1606 653 l.
1627 630 1789 661 quaestione:
1810 630 1889 661 scot,
1910 631 1950 655 liic
1970 635 2068 663 quaest.
2091 633 2179 663 unica,
2198 632 2242 657 ubi
2271 634 2347 658 etiam
2372 633 2404 658 de

1457 675 1508 697 toto
1530 673 1551 696 l.
1572 675 1596 697 et
1616 673 1639 697 2.
1659 676 1706 698 art.
1728 674 1787 704 agit.
1808 688 1842 691 ——
1861 675 1885 698 S.
1912 675 2019 706 Tuom„
2040 675 2102 700 loeis
2121 676 2170 700 citt.
2191 690 2225 693 —
2244 676 2270 701 Β.
2296 676 2400 708 Albert.,

1458 716 1489 741 de
1509 717 1556 741 linc
1574 720 1598 741 et
1617 723 1670 748 seq.
1692 724 1716 749 q.
1737 718 1777 742 nic
1797 724 1820 742 a.
1844 717 1894 742 sl-5.
1916 732 1950 736 —-
1970 719 2033 744 l‘etr.
2054 726 2067 743 a
2089 719 2160 751 Tar.⁷
2182 720 2223 745 hic
2242 728 2267 752 q.
2291 721 2310 745 l.
2337 728 2359 746 a.
2377 722 2402 746 2.

1456 774 1489 778 —
1504 760 1623 785 Ricliard.
1642 767 1657 785 a
1676 760 1749 792 Med,
1769 761 1809 786 liic
1827 768 1851 787 a.
1875 762 1896 787 l.
1920 769 1944 794 q.
1966 763 1989 787 2.
2009 777 2044 780 —-
2063 763 2097 788 De
2117 764 2165 788 hae
2183 768 2208 789 et
2228 765 2242 788 2
2262 771 2335 797 seqq.
2361 772 2403 797 qq.

1458 804 1581 836 Durand.,
1604 805 1644 829 liic
1663 812 1688 837 q.
1710 805 1736 836 .1;
1757 805 1861 836 Dionys.
1881 805 1975 839 Carth.⁷
1997 807 2038 831 hie
2057 814 2082 839 q.
2104 808 2187 832 unica.

1529 848 1554 872 ll.
1575 848 1610 872 De
1624 849 1647 872 2.
1662 849 1825 880 quaestione:
1840 850 1865 874 S.
1880 849 1981 881 Tliom„
1995 850 2057 875 loeis
2070 852 2119 876 citt.
2134 858 2156 876 a.
2170 852 2191 875 l.
2205 865 2240 870 —
2252 851 2281 877 Β.
2302 851 2404 884 Albert.‚

1457 892 1498 916 hic
1517 898 1540 916 a.
1561 892 1584 916 2.
1607 905 1641 909 -—
1665 892 1727 917 l'ctr.
1748 900 1761 917 a
1782 892 1854 925 Tar„
1877 893 1924 918 loc.
1945 894 1986 919 cit.
2008 901 2032 919 a.
2054 895 2075 919 l.
2099 909 2132 912 —-
2154 895 2273 920 Richard.
2293 903 2306 920 a
2327 896 2404 928 Med,

1458 936 1505 960 loc.
1525 936 1566 960 cit.
1586 943 1610 967 q.
1633 936 1654 960 sl.

1528 980 1564 1004 lll.
1587 980 1622 1005 De
1642 980 1664 1004 3.
1685 982 1846 1012 quaestione:
1867 982 1890 1006 S.
1906 981 2013 1013 Tuom,
2034 982 2095 1007 locis
2112 984 2161 1008 citt.
2181 984 2221 1008 nic
2240 991 2262 1008 a.
2289 984 2312 1008 3.
2333 991 2409 1016 quae-

1458 1024 1549 1048 stiunc.
1571 1024 1594 1048 2.
1628 1024 1656 1054 3,
1676 1027 1700 1049 et
1731 1025 1821 1056 Suppl.
1854 1032 1876 1050 a.
1904 1024 1926 1050 4.
1953 1025 1976 1050 5.
2009 1040 2037 1043 —
2062 1026 2088 1050 B.
2115 1027 2222 1059 Albert.,
2257 1028 2298 1052 liic
2329 1035 2352 1053 a.
2379 1028 2404 1052 6.

1462 1081 1492 1085 -—
1518 1068 1582 1093 Petr.
1608 1075 1622 1093 a
1648 1068 1722 1100 Tan,
1749 1069 1796 1094 loc.
1825 1069 1865 1094 cit.
1897 1077 1919 1094 a.
1947 1070 1970 1094 3.
1997 1084 2030 1087 —
2056 1070 2177 1095 Ricliard.
2205 1078 2218 1095 a
2253 1071 2330 1102 llied.,
2359 1071 2407 1096 loc.

1457 1113 1497 1137 cit.
1519 1119 1543 1144 q.
1565 1112 1589 1136 3.

1307 1227 1491 1269 Quasssrio
1516 1228 1548 1259 ll.

935 1335 1051 1367 Utrum
1077 1335 1228 1377 coenatio
1251 1334 1440 1376 ,spiritualis
1471 1334 1629 1376 impediat
1652 1335 1916 1367 nictm'mouz'tmn.

536 1449 678 1481 Secundo
702 1448 885 1490 quaeritur,
909 1451 1016 1479 utrum
1047 1447 1188 1488 cognatio
1222 1446 1395 1488 spiritualis

444 1502 594 1544 impediat
618 1501 862 1533 matrimonium.
890 1501 924 1532 Et
947 1500 1031 1542 quod
1057 1500 1114 1538 sic,
1140 1500 1275 1532 videtur.

537 1556 563 1586 1.
589 1554 689 1586 Causa
714 1554 890 1595 trigesima,
922 1554 1104 1595 quaestione
1128 1553 1267 1594 prima¹‚
1294 1553 1337 1585 De
1361 1562 1395 1584 eo

286 1608 531 1651 Fundamentaquml
554 1607 770 1649 interroyctstz'
791 1611 863 1645 eto,
888 1610 918 1638 et
942 1606 1041 1638 infra:
1069 1619 1083 1635 «
1104 1606 1133 1637 Si
1166 1605 1310 1644 filiolam,
1342 1609 1396 1637 aut

445 1664 648 1693 commatrem
684 1669 773 1692 suam
809 1659 922 1701 aliquis
958 1659 987 1691 in
1026 1659 1261 1691 matrimonium
1298 1659 1396 1690 duxe-

442 1715 499 1753 rit,
524 1714 716 1755 separandos
740 1721 808 1745 esse
832 1712 1009 1745 iudicamus
1034 1716 1064 1744 et
1093 1712 1179 1753 gravi
1206 1711 1395 1753 poenitentia

442 1767 624 1809 plectendos
640 1778 669 1797 ».

532 1821 560 1851 Ξ).
591 1820 682 1857 ltem,
706 1818 835 1850 ratione
852 1818 978 1850 videtur
1004 1818 1061 1850 hoc
1080 1818 1200 1859 ipsum:
1226 1820 1312 1848 tanto
1343 1817 1396 1848 ho-

443 1873 562 1904 nestius
579 1876 609 1904 et
625 1872 737 1913 purius
754 1871 997 1903 custodiendum
1014 1874 1061 1903 est
1078 1870 1255 1909 vinculum,
1278 1874 1394 1912 quanto

444 1929 490 1957 est
515 1924 652 1956 sanctius
677 1927 705 1955 et
723 1923 934 1965 spiritualius:
961 1923 985 1955 si
1002 1931 1077 1963 ergo
1102 1926 1230 1964 propter
1255 1923 1395 1954 nonesta-

444 1981 507 2009 tem
531 1986 590 2008 non
616 1980 717 2018 potest
741 1976 881 2008 contrahi
916 1975 1162 2013 matrimonium,
1187 1975 1240 2007 ubi
1266 1976 1396 2007 interve-

445 2031 490 2062 nit
514 2029 675 2062 vinculum
710 2029 834 2061 carnale
863 2032 894 2060 et
917 2028 1059 2070 cognatio
1091 2027 1271 2066 carnalis‘23
1297 2027 1396 2059 multo

444 2083 573 2121 fortius,
599 2083 652 2114 uhi
677 2082 844 2114 intervenit
867 2082 1008 2122 cognatio
1033 2081 1213 2122 spiritualis.

534 2136 562 2167 3.
588 2135 680 2173 item,
704 2135 757 2176 qui
782 2138 829 2167 est
864 2134 1030 2175 proximus
1060 2134 1242 2175 cognatione
1278 2133 1395 2165 carnali

445 2189 627 2221 tractandus
651 2192 696 2220 est
720 2187 833 2219 affectu
866 2186 1160 2228 consanguinitatis:
1187 2187 1210 2218 si
1245 2195 1320 2227 ergo
1344 2186 1395 2218 ille

444 2242 574 2274 affectus
597 2250 658 2273 non
683 2240 819 2273 admittit
843 2240 986 2281 copulam
1005 2239 1126 2277 carnis,
1151 2239 1247 2271 immo
1272 2243 1398 2271 natura-

445 2295 515 2327 liter
540 2294 668 2335 refugit:
693 2302 767 2334 ergo
785 2297 815 2325 et
832 2293 973 2333 cognatio
996 2292 1183 2333 spiritualis,
1202 2295 1235 2323 ut
1261 2291 1395 2323 videtur.

534 2347 674 2379 CONTna:
695 2348 721 2378 i.
736 2346 882 2387 Cognatio
900 2345 1072 2387 spiritualis
1090 2349 1194 2376 manet
1211 2344 1306 2376 simul
1323 2353 1395 2376 cum

447 2401 660 2432 matrimonio:
686 2408 761 2440 ergo
785 2408 845 2431 non
872 2398 1011 2439 impedit.
1035 2397 1210 2429 Probatio:
1228 2397 1329 2429 Causa
1346 2397 1398 2429 tri-

446 2453 578 2495 gesima.
601 2452 782 2494 quaestione
810 2452 912 2493 prima
926 2451 947 2490 ³,
975 2451 1018 2482 De
1042 2460 1076 2482 co
1104 2450 1192 2493 quod
1216 2450 1398 2492 interroyot-

445 2506 509 2538 sti:
541 2519 555 2535 «
579 2506 607 2538 Si
640 2506 789 2546 coniuges
820 2505 949 2547 legitimi
982 2504 1081 2536 filiuni
1116 2513 1209 2536 suum
1244 2504 1282 2536 de
1315 2504 1397 2537 fonte

447 2559 658 2601 susceperint,
684 2558 708 2590 si
734 2558 860 2595 volunt,
886 2557 979 2589 simul
1010 2560 1155 2588 maneant
1171 2568 1205 2587 »z
1231 2566 1306 2598 ergo
1334 2566 1395 2589 non

446 2612 679 2654 compelluntur
703 2611 859 2653 separari:
878 2619 952 2651 ergo
976 2609 1148 2651 spiritualis
1173 2610 1314 2651 cognatio
1337 2619 1397 2642 non

446 2665 585 2706 impedit.

535 2719 563 2749 2.
590 2718 678 2757 Item,
705 2716 846 2758 cognatio
869 2715 1003 2748 carnalis
1028 2715 1164 2756 disponit
1187 2715 1227 2747 ad
1252 2715 1399 2756 spiritua-

447 2770 527 2802 lem:
560 2779 635 2811 ergo
667 2779 727 2801 non
761 2769 877 2801 liabent
908 2768 1135 2810 oppositionem
1168 2769 1207 2800 ad
1242 2768 1394 2800 invicem:

446 2832 520 2864 ergo
544 2832 606 2854 nna
638 2832 698 2854 non
730 2826 869 2864 praestat
892 2821 981 2853 alteri
1013 2822 1291 2863 impedimentum:
1322 2830 1396 2862 ergo

447 2884 502 2906 nec
527 2875 709 2907 commixtio
733 2874 836 2907 carnis
860 2874 1048 2915 susceptioni
1066 2873 1274 2909 Sacramenli,
1300 2882 1356 2905 nec
1380 2882 1397 2905 e

446 2938 605 2961 converso.

535 2982 563 3013 3.
589 2982 680 3020 item,
699 2982 769 3023 plus
794 2981 866 3013 facit
882 2981 934 3022 qui
953 2981 1088 3022 aliquem
1112 2980 1150 3012 de
1175 2989 1283 3012 errore
1302 2980 1397 3011 trahit

446 3034 484 3066 ad
511 3034 621 3073 tidem,
647 3044 740 3076 quam
766 3034 818 3076 qui
845 3034 1036 3075 baptizatum
1063 3033 1145 3064 levat
1162 3033 1200 3064 de
1225 3032 1322 3071 fonte;
1340 3033 1394 3064 sed

1460 1446 1484 1479 si
1510 1447 1580 1488 quis
1597 1446 1780 1479 convertat⁴
1803 1447 1940 1489 aliquan]
1958 1448 1997 1480 ad
2022 1448 2136 1487 fidem,
2152 1458 2213 1481 non
2238 1450 2409 1491 impeditur

1461 1509 1532 1532 cum
1557 1508 1593 1532 ea
1621 1500 1824 1537 contrahere,
1858 1500 1953 1532 immo
1978 1505 2078 1542 potest
2110 1502 2266 1543 sponsalia
2291 1507 2410 1535 contra-

1460 1552 1536 1583 here
1561 1552 1620 1584 sul)
1645 1552 1703 1583 hac
1726 1552 1920 1591 conditione,
1953 1554 1978 1585 si
2004 1554 2077 1585 velit
2100 1555 2139 1586 ad
2164 1554 2258 1587 tidem
2284 1556 2408 1588 venire:

1460 1612 1535 1645 ergo
1560 1613 1616 1636 nec
1640 1603 1822 1645 impeditur,
1846 1605 1872 1636 si
1904 1605 1986 1637 levat
2015 1606 2054 1638 de
2077 1606 2177 1645 sonte,
2209 1607 2284 1648 quin
2316 1608 2411 1640 etiam

1460 1658 1557 1699 possit
1582 1658 1776 1690 contrahere.

1549 1711 1578 1742 li.
1604 1710 1697 1748 [tem.
1721 1710 1887 1742 diversitas
1912 1710 1941 1742 in
1967 1711 2202 1753 participatione
2219 1713 2409 1746 Sacrainenti

1461 1763 1591 1805 impedit
1623 1763 1877 1801 matrimonium,
1911 1768 1945 1796 ut
1978 1768 2053 1805 puta
2084 1765 2188 1798 cultus
2220 1766 2408 1807 disparitas3

1461 1816 1514 1848 sed
1539 1817 1682 1858 opposita
1706 1816 1822 1849 liabent
1846 1817 2004 1858 oppositos
2029 1818 2157 1850 effectus
2176 1818 2203 1850 ⁵:
2228 1827 2302 1860 ergo
2324 1820 2408 1860 quod

1460 1868 1533 1900 facit
1557 1869 1804 1902 conformitatem
1829 1870 1860 1902 in
1877 1870 1966 1903 cultu
1989 1875 2025 1903 et-
2047 1871 2246 1903 Sacramento
2275 1872 2411 1913 disponit

1461 1922 1498 1953 ad
1524 1922 1771 1954 Sacramentum.
1797 1923 1857 1955 Hoc
1872 1927 1978 1955 autem
2003 1923 2075 1956 facit
2092 1924 2281 1965 dispensatio
2306 1928 2335 1956 et
2351 1925 2410 1957 col-

1461 1974 1534 2006 latio
1559 1975 1720 2016 baptismi:
1746 1984 1821 2016 ergo
1845 1979 1901 2008 etc.

1815 2090 2055 2114 CONCLUSIO.

1464 2184 1621 2226 Coynatio
1651 2185 1852 2226 spiritualis,
1876 2186 1908 2217 δέ
1937 2186 2192 2218 inatrt'monium
2219 2188 2409 2229 praecedit,

1550 2238 1685 2280 impedit
1705 2238 1965 2271 contrahendum
1983 2243 2011 2271 et
2027 2240 2156 2272 dirimit
2183 2245 2411 2279 contractum,-

1550 2291 1581 2322 sz'
1604 2301 1678 2322 vero
1709 2292 1869 2334 aequum,
1895 2292 2061 2324 interdum
2094 2292 2174 2325 toltit
2201 2293 2254 2325 ius
2284 2295 2413 2335 petendi

1550 2344 1701 2376 debitum.

1551 2450 1749 2483 Rnsrounsso:
1775 2450 1966 2490 Dicendum,
1995 2452 2078 2493 quod
2104 2452 2245 2493 cognatio
2269 2452 2481 2494 spiritua-„1⁵25

1463 2503 1499 2536 lis
1531 2507 1632 2545 potest
1663 2503 1774 2546 sequi,
1798 2507 1853 2535 aut
1874 2504 2070 2544 praeoedere
2102 2505 2347 2537 matrimonium.
2380 2506 2408 2537 Si

1461 2560 1632 2599 sequatur,
1657 2556 1844 2597 generaliter
1869 2565 1978 2588 verum
2012 2561 2075 2595 est,
2106 2558 2189 2599 quod
2224 2567 2283 2589 non
2310 2562 2409 2599 potest
2424 2574 2483 2596 eone]

1463 2609 1632 2650 infringere
1657 2609 1846 2641 matrimonii
1873 2609 2034 2641 vinculum
2050 2610 2070 2641 ὓ.

1551 2662 1608 2694 Sed
1635 2665 1737 2693 tamen
1770 2665 1923 2703 quantum
1948 2662 1988 2694 ad
2013 2662 2061 2694 ius
2086 2663 2225 2695 solvendi
2251 2663 2409 2704 debitum,
2440 2680 2481 2701 025

1462 2714 1738 2756 distinguendum:
1762 2714 1835 2756 quia
1852 2715 1910 2747 hoc
1934 2719 1988 2746 aut
2009 2715 2124 2747 factum
2143 2719 2189 2748 est
2205 2716 2410 2754 necessitate,
2425 2706 2483 2754 {ffl‘ffi

1462 2771 1497 2799 ut
1520 2771 1596 2808 puta
1619 2767 1746 2808 quando
1769 2767 1923 2809 parvulus
1941 2771 1986 2800 est
2012 2768 2041 2799 in
2066 2769 2207 2810 periculo
2231 2770 2357 2808 mortis,
2382 2773 2411 2801 et

1462 2829 1521 2852 non
1539 2825 1586 2852 est
1602 2821 1654 2862 qui
1673 2820 1808 2862 baptizet
1824 2829 1912 2859 eum,
1936 2824 1991 2853 aut
2014 2830 2055 2853 ex
2072 2821 2281 2862 temerantia,
2300 2826 2354 2854 aut
2371 2831 2411 2854 ex

1461 2873 1640 2905 induslria.
1676 2873 1707 2904 ln
1742 2873 1843 2914 primo
1882 2882 1954 2905 casu
1991 2874 2173 2915 simpliciter
2205 2883 2266 2906 non
2297 2875 2410 2907 amittit
2425 2890 2483 2912 0020]

1436 2932 1439 2938 “
1461 2927 1509 2958 ius
1534 2926 1657 2968 petendi
1684 2935 1740 2958 nee
1764 2926 1924 2963 solvendi:
1950 2927 1979 2958 in
2001 2927 2139 2959 secundo
2164 2936 2239 2959 casu
2257 2927 2409 2967 similiter,

1461 2979 1484 3011 si
1511 2979 1569 3011 suit
1592 2979 1768 3020 diligentia,
1793 2988 1854 3011 non
1879 2979 2008 3016 amittit:
2028 2979 2058 3011 in
2085 2980 2174 3012 tertio
2199 2988 2273 3011 casu
2298 2980 2412 3012 amittit

1461 3032 1510 3064 ius
1534 3032 1658 3073 petendi
1683 3032 1736 3073 qui
1771 3032 1828 3064 hoc
1853 3031 1942 3070 sacit3
1974 3036 2095 3070 tamen,
2129 3033 2201 3074 quia
2234 3042 2293 3064 non
2319 3033 2412 3065 debet

518 3215 523 3231 ¹
545 3215 605 3240 Can.
626 3216 655 3241 5:
677 3216 713 3241 Dc
732 3222 760 3241 eo
781 3215 852 3249 quod
877 3215 1079 3249 intel-roqastls,
1102 3216 1145 3247 qui
1174 3216 1266 3247 intiger
1286 3216 1395 3240 retertur

448 3258 487 3282 liic
507 3259 539 3283 lit.
561 3259 686 3289 Magistri,
708 3266 729 3284 c.
750 3261 774 3284 2.

516 3302 525 3317 ‘2
545 3301 594 3326 Cir.
615 3303 639 3327 d.
662 3302 701 3327 ¹it).
722 3310 746 3334 q.
767 3297 861 3330 ‘zsubi
881 3304 956 3327 etium
978 3303 1009 3329 de
1029 3311 1081 3335 seq.
1103 3311 1157 3334 arg.

515 3345 525 3360 3
545 3346 604 3370 Can.
626 3346 649 3370 5.
670 3346 720 3371 Cir.
751 3351 808 3371 nota
835 3348 983 3378 penultima.
1003 3361 1037 3365 —-
1057 3348 1182 3378 Superius
1203 3350 1260 3378 post
1288 3345 1395 3379 impedit

447 3388 503 3412 cod.
524 3388 540 3412 L
561 3389 663 3419 supplet
682 3389 892 3415 visio-tinemutm.

1529 3214 1539 3230 ⁴
1559 3216 1646 3240 Plures
1665 3214 1742 3239 codd.
1762 3213 1858 3246 trahit,
1880 3214 1956 3239 codd.
1977 3214 2024 3238 FG
2045 3213 2180 3240 convertit.

1529 3259 1540 3275 5
1558 3260 1669 3291 Aristot.,
1691 3259 1733 3283 lV.
1760 3259 1864 3283 Meteor.
1887 3260 1946 3283 text.
1969 3257 2008 3283 41.
2030 3258 2062 3290 (e.
2082 3257 2134 3290 7.):
2149 3257 2295 3283 Contrariae
2310 3260 2411 3282 contra-

1457 3304 1555 3328 riorum
1576 3310 1676 3328 causae.
1696 3316 1732 3320 —
1750 3301 1839 3329 Maior
1857 3305 1958 3327 ostensu
1978 3306 2016 3327 est
2035 3309 2114 3333 supra
2141 3302 2165 3327 d.
2186 3302 2227 3327 39.
2248 3308 2270 3326 a.
2293 3302 2314 3326 4,
2335 3309 2360 3334 q.
2383 3302 2405 3327 l.

1527 3346 1538 3362 ⁶
1558 3345 1607 3370 Csr.
1628 3345 1653 3371 C.
1674 3345 1705 3371 St
1724 3345 1764 3372 vir
1782 3346 1844 3378 (2.),
1864 3345 1895 3370 X.
1918 3345 1949 3370 de
1969 3344 2127 3377 Cognatione
2147 3345 2271 3378 spirituali
2293 3344 2346 3376 (lib.
2368 3345 2408 3370 1V.

1459 3390 1493 3415 tit.
1518 3390 1576 3421 ll.).
