2483 3882
342 1215 420 1242 Stipes.

274 1426 330 1453 Quid
350 1427 420 1457 lineae

294 1458 421 1483 consangui-

295 1481 375 1500 mtatis.

300 2483 356 2509 Quid
372 2489 417 2509 gra-

270 2646 353 2673 Duplex
360 2653 419 2677 ‚com-

297 2676 387 2700 putatio.

444 232 507 264 846

1175 408 1384 441 TRACTATIO
1408 408 1681 450 QUAESTIONUM.

1316 545 1534 570 PRAENOTATA.

528 675 572 707 Ad
597 674 833 716 intelligentiam
850 674 947 706 huius
971 674 1070 716 partis
1089 674 1321 715 procedendum
1346 677 1393 707 est

440 728 542 769 primo
570 727 746 759 secundum
770 727 852 759 viam
881 727 1113 765 narrationis;
1137 727 1275 759 secundo
1299 735 1392 765 vero,

439 780 614 813 secundum
639 780 722 811 viam
747 779 981 822 inquisitionis.

528 833 686 874 Quantum
704 832 744 864 ad
761 832 914 874 primum,
931 836 967 864 ut
982 832 1190 874 intelligibilia
1202 832 1292 872 fiant,
1310 841 1391 874 quae

297 895 424 916 113113113-
439 885 587 918 dicuntur
612 885 642 917 in
668 888 756 926 parte
780 885 857 924 ista,
880 885 1102 927 praeponenda
1126 889 1172 918 est
1200 885 1317 927 triplex
1342 886 1392 918 de-

321 921 391 942 tionis.

437 938 536 970 finitio
560 942 590 970 et
614 937 731 980 triplex
756 938 864 970 notula
888 938 953 971 sive
977 938 1124 980 regula1.

526 991 629 1023 Primo
662 991 757 1032 igitur
789 991 959 1023 videndum
993 995 1057 1029 est,
1082 991 1157 1033 quid
1188 991 1227 1023 sit
1257 1001 1392 1023 consan-

278 1044 595 1110 nggiffipassanpninicas.
615 1044 896 1086 Consctnyninitas
912 1048 1018 1076 autem
1036 1044 1186 1076 definitur
1204 1044 1260 1077 sic:
1290 1057 1304 1073 «
1317 1044 1391 1077 Con-

437 1097 631 1138 sanguinitas
643 1100 690 1129 est
703 1097 864 1129 vinculum
879 1106 1087 1138 personarum
1105 1097 1144 1128 ab
1158 1097 1267 1129 eodem
1287 1097 1391 1139 stipite

437 1149 705 1188 descendentium,
730 1149 846 1181 carnali
873 1149 1095 1191 propagatione
1119 1152 1313 1181 contractum
1333 1149 1343 1163 ²
1360 1161 1390 1181 n.

435 1202 541 1244 Stipes
572 1207 677 1235 autem
704 1206 832 1235 vocatur
858 1211 1009 1244 persona,
1034 1211 1051 1233 a
1075 1211 1137 1243 qua
1169 1202 1267 1244 aliqui
1292 1202 1391 1234 duxe-

434 1260 510 1287 runt
533 1255 703 1297 originem,
728 1265 746 1287 a
770 1265 833 1297 qua
853 1255 1079 1287 descendentes
1111 1258 1184 1287 sunt
1209 1256 1392 1297 consangui-

434 1308 483 1341 nei
508 1308 547 1340 ad
572 1309 705 1341 invicem
730 1312 761 1341 et
785 1308 828 1340 illi
854 1308 965 1347 etiam,
989 1317 1008 1339 a
1032 1317 1094 1349 quo
1119 1311 1201 1340 sunt.

523 1361 666 1393 Secundo
690 1361 862 1393 videndum
888 1364 952 1398 est,
976 1360 1052 1402 quid
1078 1360 1117 1393 sit
1146 1361 1232 1393 linea
1255 1370 1392 1393 consan-

433 1414 630 1456 guinitatis,
655 1423 735 1456 quae
760 1414 909 1446 definitur
935 1414 994 1446 siss:
1019 1413 1144 1446 «Linea
1168 1417 1215 1446 est
1246 1414 1391 1446 ordinata

435 1469 575 1502 collectio
607 1478 815 1511 personarum
837 1470 1107 1511 consanguinitate
1139 1469 1390 1508 coniunctarum,

435 1522 474 1554 ab
491 1523 601 1555 eodem
618 1523 722 1564 stipite
740 1522 1008 1561 descendentium,
1026 1522 1168 1554 diversos
1186 1522 1305 1563 gradus
1322 1531 1392 1554 con-

435 1575 536 1607 tinens
551 1575 561 1590 3
579 1587 609 1615 »1.
624 1575 709 1607 Unde
727 1575 841 1607 dicitnr
866 1575 1024 1606 ordinata
1042 1574 1201 1613 collectio,
1226 1575 1389 1616 quoniam,

436 1628 516 1660 sicut
532 1628 610 1660 ordo
634 1631 681 1659 est
697 1628 726 1659 in
753 1628 834 1660 linea
852 1627 1129 1669 praedicamentali
1147 1628 1321 1660 secundum
1341 1636 1389 1660 su-

434 1681 543 1722 perius
559 1684 588 1713 et
606 1681 753 1719 inferius;
771 1681 815 1712 sic
836 1681 865 1712 in
889 1681 969 1712 linea
987 1681 1265 1722 consanguinitatis
1283 1690 1389 1713 secun-

435 1733 511 1765 dum
544 1733 633 1775 prius
665 1737 694 1765 et
728 1733 893 1775 posterius.
928 1733 1081 1774 Quoniam
1114 1734 1192 1766 ordo
1224 1733 1388 1775 tripliciter

434 1790 535 1828 potest
551 1786 665 1827 accipi,
684 1786 732 1818 vel
753 1787 791 1818 ad
810 1786 839 1818 id
862 1787 946 1828 quod
973 1796 1086 1828 supra,
1112 1787 1160 1819 vel
1184 1787 1223 1819 ad
1251 1787 1280 1818 id
1304 1787 1388 1828 quod

434 1839 529 1877 infra,
554 1839 603 1871 vel
631 1839 669 1871 ad
692 1839 721 1871 id
746 1839 829 1880 quod
847 1839 951 1876 iuxta;
969 1839 1039 1871 ideo
1059 1843 1120 1871 tres
1145 1839 1244 1871 lineae
1262 1848 1389 1872 consue-

434 1896 549 1924 verunt
572 1892 734 1933 assignari.
760 1892 920 1933 Quaedam
945 1892 1027 1924 enim
1052 1896 1098 1924 est
1122 1892 1387 1930 aseendentimn,

434 1945 589 1987 quaedam
612 1945 891 1983 descendentium,
917 1945 1071 1987 quaedam
1099 1945 1386 1977 ti‘fflzsoersctiinin.

434 2017 477 2021 -—-
493 1999 670 2031 Secundum
697 1999 810 2031 lineam
829 1998 1052 2030 ascendentem
1074 2002 1297 2039 conmutantur
1322 2008 1388 2040 gra-

435 2050 495 2083 dus
531 2050 594 2089 ita,
626 2051 743 2083 scilicet
778 2054 868 2093 pater
905 2054 935 2083 et
972 2055 1085 2090 mater,
1120 2060 1199 2083 avus
1234 2054 1264 2083 et
1299 2051 1386 2090 avia,

433 2112 572 2145 proavus
596 2107 626 2135 et
651 2103 795 2145 proavia,
820 2108 932 2135 atavus
956 2108 986 2135 et
1010 2104 1121 2135 atavia.
1139 2122 1182 2127 —
1206 2104 1387 2136 Secundum

434 2155 547 2187 lineam
571 2155 825 2193 descendentem,
847 2156 931 2188 filius
957 2160 986 2188 et
1011 2156 1089 2195 filia,
1108 2165 1204 2197 nepos
1221 2160 1251 2188 et
1267 2157 1386 2198 neptis,

432 2216 588 2249 pronepos
612 2212 642 2240 et
666 2209 842 2249 proneptis,
867 2209 1005 2249 abnepos
1037 2212 1068 2240 et
1099 2208 1252 2250 abneptis.
1274 2228 1318 2232 —
1339 2209 1387 2241 Se-

433 2261 572 2293 cundum
592 2261 705 2293 lineam
724 2261 992 2299 transuersctlem,
1012 2261 1075 2293 duo
1092 2261 1219 2300 fratres,
1238 2261 1293 2293 filii
1312 2261 1386 2294 duo-

432 2324 504 2346 rum
529 2314 681 2353 fratrum,
706 2318 834 2356 nepotes
859 2315 997 2347 duorum
1022 2315 1172 2353 fratrum,
1197 2319 1385 2356 pronepotes

432 2368 567 2400 duorum
594 2368 746 2406 fratrum,
772 2371 802 2399 et
827 2368 867 2399 ibi
885 2371 940 2400 est
965 2372 1075 2400 status.

520 2421 623 2452 Tertio
648 2420 819 2453 videndum
844 2425 905 2459 est,
929 2421 1005 2462 quid
1031 2421 1069 2453 sit
1091 2421 1239 2463 oratius,
1262 2421 1314 2463 qui
1341 2421 1384 2453 sic

431 2473 622 2505 delinitur&
654 2485 668 2501 «
686 2473 809 2505 Gradus
833 2478 879 2505 est
900 2473 1050 2505 habitudo
1072 2473 1255 2505 distantium
1282 2482 1387 2514 perso-

429 2535 559 2564 narum,
584 2535 646 2568 qua
667 2527 874 2567 cognoscitur,
892 2531 986 2568 quota
1005 2527 1213 2568 generationis
1238 2526 1384 2558 distantia

431 2580 512 2612 duae
536 2588 689 2621 personae
713 2579 863 2612 differunt
880 2580 960 2611 inter
978 2588 1011 2612 se
1028 2592 1059 2610 >›.
1075 2599 1118 2602 —
1137 2580 1171 2611 Et
1187 2583 1273 2618 nota,
1298 2579 1382 2621 quod

429 2632 488 2664 ista
512 2632 651 2665 definitio
676 2636 723 2665 est
747 2632 920 2665 secuudum
947 2633 1017 2664 iura
1042 2633 1214 2664 canonica.
1238 2632 1313 2664 Nam
1340 2641 1386 2665 se-

430 2685 569 2717 cundum
597 2685 666 2717 iura
695 2685 807 2717 ciuilia
832 2685 950 2726 gradus
979 2685 1176 2727 accipiuntur
1208 2685 1383 2717 secundum

1205 228 1488 260 SENTENTIARUM
1513 228 1580 260 LIB.
1604 228 1651 261 IV.

1458 683 1628 707 numerum
1652 683 1860 716 personarum
1877 676 2078 708 collectarum
2104 676 2134 708 in
2152 676 2242 710 linea.
2256 678 2342 711 Unde
2366 678 2409 711 di-

1458 731 1533 760 cunt
1557 728 1702 769 legistae,
1726 722 1811 770 quod
1835 729 1932 761 frater
1956 733 1986 761 et
2010 738 2099 762 soror
2123 730 2206 762 dnos
2234 731 2352 772 gradus
2368 731 2408 763 fa-

1457 781 1561 819 ciunt;
1585 781 1640 813 sed
1665 781 1832 813 decretista
1856 781 1947 821 dicit,
1972 782 2057 824 quod
2081 792 2186 815 unum
2211 787 2240 816 et
2268 785 2406 828 primum

1456 833 1592 874 gradum
1607 833 1628 865 ⁵.
1652 833 1713 866 Nec
1737 837 1783 866 est
1814 834 2035 874 contradictio,
2060 836 2134 877 quia
2165 836 2259 868 unius
2288 836 2410 869 habitu-

1457 884 1538 917 dinis
1570 886 1634 918 duo
1666 889 1739 918 sunt
1770 890 1930 925 extrema3
1962 890 1992 919 et
2022 888 2097 929 quia.
2128 888 2302 921 secundum
2339 888 2409 920 iura

1456 939 1604 971 canonica
1628 939 1746 980 gradus
1767 943 1814 971 est
1838 938 2011 977 habituri&
2029 949 2100 972 cum
2122 941 2256 982 duplicis
2273 941 2408 973 extremi

1455 1000 1519 1023 una
1547 992 1586 1023 sit
1618 992 1787 1031 habitudo,
1812 993 1939 1034 ponitur
1972 1002 2055 1025 unus
2086 994 2222 1035 gradus3
2247 994 2301 1026 sed
2334 995 2407 1035 quia

1456 1044 1538 1076 duae
1564 1048 1637 1076 sunt
1667 1054 1836 1086 personae,
1861 1049 1892 1077 et
1919 1045 2077 1087 quaelibet
2109 1055 2202 1078 snum
2228 1051 2407 1088 respectum

1456 1097 1550 1129 habet
1578 1098 1617 1129 ad
1646 1097 1854 1139 principium;
1880 1098 1949 1130 ideo
1977 1103 2200 1140 computantur
2232 1100 2406 1132 secundum

1456 1150 1540 1191 leges
1564 1150 1628 1182 duo
1652 1151 1780 1192 gradus.

1545 1203 1596 1235 llis
1621 1203 1712 1242 visis,
1744 1204 1898 1236 notandae
1930 1207 2002 1236 sunt
2027 1204 2077 1237 hic
2110 1208 2173 1237 tres
2205 1205 2339 1237 notulae.
2366 1224 2406 1228 —
2423 1213 2481 1235 Nomi

1456 1256 1558 1288 Prima
1582 1260 1646 1295 est,
1671 1256 1755 1298 quod
1780 1256 1857 1288 nulli
1884 1257 1954 1289 licet
1979 1258 2165 1290 contrahere
2197 1267 2268 1290 cum
2301 1258 2407 1300 aliqua
2421 1242 2483 1288 Priixii

1456 1318 1557 1350 usque
1585 1309 1624 1341 ad
1653 1313 1801 1351 quartum
1831 1310 1965 1351 gradum
1998 1310 2173 1348 inclusive;
2198 1314 2228 1343 et
2260 1311 2329 1343 talis
2361 1315 2407 1344 est

1456 1362 1638 1394 huiusmodi
1656 1362 1835 1403 probibitio,
1855 1363 1962 1404 «quod
1981 1363 2004 1396 si
2023 1363 2093 1405 quis
2111 1368 2219 1396 contra
2236 1373 2304 1396 eam
2322 1374 2408 1406 prae-

1456 1414 1605 1446 sumserit
1622 1415 1779 1456 copulari,
1797 1415 1884 1447 nulla
1902 1415 2127 1457 longinquitate
2149 1416 2336 1449 defendatur
2356 1426 2406 1449 an-

1455 1476 1587 1505 norum,
1605 1477 1676 1500 curn
1699 1468 1890 1500 diuturnitas
1915 1471 2093 1510 temporum
2117 1478 2176 1500 non
2203 1469 2323 1501 minuat
2340 1478 2407 1511 pec-

1456 1523 1573 1559 catum,
1599 1520 1652 1552 sed
1678 1525 1808 1562 angeat;
1837 1524 1868 1553 et
1896 1524 1981 1552 tanto
2005 1521 2151 1562 graviora
2175 1522 2236 1554 sint
2261 1522 2405 1562 crimina,

1455 1577 1572 1614 quanto
1608 1573 1727 1605 diutius
1762 1573 1917 1606 infelicem
1957 1574 2094 1606 animan]
2130 1575 2268 1607 detinent
2303 1575 2407 1617 alliga-

1455 1629 1517 1658 tam
1535 1638 1569 1664 »;
1595 1630 1624 1658 et
1648 1627 1707 1658 boc
1731 1626 1885 1668 probatur
1915 1627 2028 1665 Extra,
2054 1627 2092 1659 de
2117 1627 2404 1669 Consanguinitate,

1455 1678 1527 1711 Non
1553 1679 1699 1721 oportet⁶
1725 1683 1782 1712 etc.

1543 1733 1685 1765 Secunda
1701 1733 1809 1765 notula
1834 1737 1894 1771 est,
1912 1734 1995 1775 quod
2022 1745 2036 1762 α
2051 1737 2113 1765 toto
2131 1734 2230 1775 gradu
2252 1743 2404 1775 personae
2421 1740 2483 1762 Secur

1454 1785 1678 1818 descendentes
1702 1795 1720 1817 a
1751 1786 1854 1827 stipite
1879 1786 1995 1818 distant
2022 1796 2040 1818 a
2069 1795 2101 1818 se
2134 1787 2284 1825 invicem,
2309 1792 2404 1829 quoto

1454 1838 1570 1870 distant
1593 1848 1611 1870 a
1640 1839 1766 1880 stipite⁷
1782 1852 1816 1876 »ς
1841 1843 1871 1871 et
1895 1839 1983 1878 ideo,
2009 1839 2032 1872 si
2064 1839 2178 1881 aliquis
2215 1840 2283 1871 vult
2307 1840 2405 1877 scire,

1453 1895 1549 1933 quoto
1573 1892 1674 1932 gradu
1698 1892 1795 1934 aliqui
1812 1892 1870 1924 sibi
1895 1892 2063 1931 attineant3
2089 1901 2160 1924 cum
2180 1892 2248 1924 talis
2276 1893 2405 1925 attinen-

1454 1944 1495 1975 tia
1523 1945 1674 1985 originem
1707 1945 1801 1977 ducat
1830 1954 1847 1976 a
1879 1945 1998 1987 stipite,
2023 1949 2163 1987 oportet,
2189 1946 2270 1987 quod
2301 1946 2339 1977 ad
2371 1945 2407 1977 il-

1452 1996 1514 2028 iam
1543 2006 1710 2038 personam
1743 2001 1901 2037 recurrat,
1926 1998 1974 2030 cui
2005 1998 2218 2030 immediatius
2247 1998 2404 2039 coniungi-

1452 2053 1513 2081 tur.
1534 2050 1683 2092 Exempla
1708 2050 1871 2082 manifesta
1896 2054 1987 2089 sunt,
2004 2055 2039 2082 ut
2057 2051 2081 2083 si
2099 2051 2138 2082 ab
2156 2051 2176 2082 Α
2196 2051 2367 2092 procedant
2383 2051 2405 2082 B

1452 2106 1482 2134 et
1506 2102 1544 2141 G,
1569 2107 1598 2135 et
1625 2103 1644 2134 Β
1668 2103 1851 2144 generetC,
1875 2106 1905 2135 et
1929 2103 1949 2135 C
1974 2103 2017 2142 D,
2043 2107 2073 2135 et
2096 2104 2121 2134 D
2147 2103 2183 2143 E,
2206 2107 2236 2135 et
2262 2104 2282 2135 E
2306 2103 2405 2141 F;s'1-

1451 2155 1566 2187 militer
1592 2156 1615 2187 G
1640 2160 1768 2197 generet
1790 2156 1823 2194 H,
1847 2159 1877 2188 et
1903 2156 1925 2187 H
1949 2160 2077 2196 generet
2102 2156 2121 2195 1,
2146 2159 2176 2188 et
2193 2156 2203 2187 l
2221 2159 2348 2197 generet
2364 2155 2403 2195 K,

1452 2211 1481 2240 et
1506 2208 1529 2239 K
1556 2209 1592 2246 L,
1617 2209 1640 2240 si
1675 2208 1722 2240 vis
1746 2209 1843 2247 scire,
1875 2212 1969 2250 quoto
1998 2209 2099 2249 gradu
2132 2208 2248 2240 distant
2273 2209 2291 2239 F
2315 2212 2345 2240 et
2376 2208 2403 2247 I,

1451 2264 1573 2303 oportet
1598 2262 1764 2303 utriusque
1781 2262 2014 2302 generationem
2036 2262 2188 2294 reducere
2205 2262 2243 2293 ad
2270 2263 2305 2300 A,
2330 2261 2403 2302 quia

1451 2318 1514 2346 toto
1539 2314 1640 2355 gradu
1666 2314 1815 2346 disserunt
1839 2314 1878 2346 ab
1904 2314 2054 2353 invicem,
2080 2318 2175 2356 quoto
2199 2324 2217 2346 a
2241 2315 2353 2356 stipite.

1540 2367 1643 2399 Tertia
1668 2367 1777 2408 regula
1801 2371 1863 2406 est,
1889 2367 1969 2409 quod
1998 2368 2123 2409 quando
2149 2376 2300 2409 personae
2325 2367 2483 2399 inae-Tertia

1451 2420 1586 2462 qualiter
1610 2420 1726 2452 distant
1750 2430 1767 2452 a
1789 2420 1910 2462 stipite,
1932 2424 2039 2461 utpote
2067 2420 2193 2462 quando
2217 2429 2280 2452 una
2305 2421 2334 2452 in
2360 2429 2404 2452 se-

1451 2473 1554 2505 cundo
1571 2474 1688 2514 gradu,
1714 2477 1744 2505 et
1761 2473 1859 2505 altera
1876 2473 1906 2504 iu
1931 2473 2053 2515 quinte,
2070 2473 2153 2514 quod
2173 2473 2253 2505 linea
2278 2482 2403 2505 consan-

1450 2526 1610 2567 guinitatis
1634 2530 1664 2558 et
1688 2527 1806 2567 gradus
1831 2526 1923 2558 debet
1948 2526 2122 2567 computari
2148 2526 2320 2559 secundum
2344 2526 2404 2558 dis-

1449 2579 1577 2610 tantiam
1598 2579 1695 2620 magis
1713 2579 1833 2611 remoti.
1860 2579 1895 2611 Et
1912 2579 1970 2611 ista
1994 2578 2104 2620 regula
2121 2578 2327 2611 confirmatur
2343 2587 2400 2620 per

1449 2631 1528 2663 illud
1553 2632 1638 2673 qnod
1656 2632 1771 2664 dicitur
1797 2632 1908 2669 Extra,
1934 2632 1973 2664 de
1990 2631 2280 2673 Consanguinitate‚
2303 2631 2331 2663 in
2357 2631 2402 2663 ul-

1451 2685 1526 2716 tima
1557 2685 1703 2717 decretali
1720 2685 1740 2724 ⁸,
1766 2694 1846 2726 quae
1878 2689 1925 2717 est
1956 2685 2156 2727 Gregoriana.
2173 2703 2215 2708 -—
2233 2685 2319 2717 Ratio
2351 2694 2402 2717 au·
2418 2690 2483 2711 Ratio·

502 2924 509 2940 ¹
533 2926 564 2950 lta
585 2925 660 2950 codd.
681 2925 728 2950 FG
742 2925 794 2956 114,
815 2932 926 2957 quornm
947 2926 1021 2950 lectio
1041 2933 1071 2950 cx
1085 2933 1159 2958 seqq.
1181 2925 1320 2956 probatur,
1340 2926 1381 2950 alii

432 2969 507 2993 codd.
528 2973 552 2993 et
571 2969 630 2994 edd.
650 2969 795 3002 responsio.

501 3013 510 3028 ἵ
532 3013 680 3038 Secundum
701 3013 726 3038 B.
748 3013 852 3045 Attici-t,
874 3015 915 3038 liic
935 3021 956 3038 a.
976 3015 995 3044 l,
1016 3014 1080 3038 naec
1099 3013 1213 3038 definitio
1232 3013 1290 3039 data
1311 3017 1349 3039 est
1368 3021 1380 3038 a

430 3057 589 3087 iurisperitis.
617 3056 668 3082 Csr.
689 3056 715 3082 C.
737 3057 778 3081 35.
798 3065 823 3089 q.
847 3057 876 3088 ij,
900 3057 942 3082 ubi
969 3058 993 3081 in
1021 3057 1071 3081 tino
1094 3057 1229 3082 exhibetur
1253 3064 1265 3081 a
1293 3057 1381 3081 Glossa

434 3110 445 3123 (ι
461 3100 599 3126 Declaratio
620 3101 719 3126 arboris
733 3102 961 3132 consanguinitatis
977 3111 999 3126 n.
1015 3116 1048 3118 —
1061 3101 1149 3126 Glossa
1170 3102 1193 3125 in
1209 3100 1236 3126 C.
1257 3100 1334 3132 Quod
1346 3100 1381 3126 di-

431 3143 504 3170 lectio
525 3145 583 3177 (3),
605 3145 637 3169 X.
659 3145 691 3170 de
716 3144 941 3177 Consanguinitate
961 3150 985 3170 et
1011 3146 1079 3170 affin.
1104 3145 1161 3177 (lib.
1191 3145 1233 3170 ΙΨ.
1255 3146 1291 3170 tit.
1312 3144 1384 3176 14.);

431 3188 513 3219 Stipes
533 3189 677 3219 appellatur
691 3190 836 3214 communis
850 3196 956 3220 parens,
977 3196 991 3214 a
1006 3196 1058 3221 quo
1079 3189 1165 3220 plures
1180 3189 1381 3220 descenderunt,

431 3231 495 3256 sicut
509 3232 577 3256 Isaac
598 3232 643 3257 suit
655 3233 734 3264 stipes
754 3234 819 3258 Esau
833 3236 857 3257 ct
877 3233 968 3264 lacob;
983 3237 1007 3258 ot
1025 3234 1104 3264 stipes
1119 3240 1167 3257 non
1190 3233 1248 3258 facit
1260 3233 1381 3264 gradum.

499 3274 509 3290 3
528 3275 587 3300 Loc.
607 3277 646 3301 cit.
666 3290 701 3294 —
715 3277 750 3301 De
771 3277 835 3301 linea
853 3276 1092 3309 praedicamentali
1116 3277 1176 3301 vide
1196 3280 1256 3302 tom.
1274 3277 1300 3301 11.
1322 3283 1382 3308 pag.

430 3316 475 3348 ts,
496 3322 552 3343 nota
578 3320 596 3343 l.
618 3334 650 3337 —
670 3320 733 3345 Edd.
755 3322 875 3346 omittunt
894 3321 999 3346 inferius
1017 3321 1055 3347 sic
1074 3320 1102 3346 in
1122 3320 1223 3346 linea...
1241 3320 1381 3352 Quoniam.

500 3361 509 3376 ⁴
530 3362 563 3385 Ex
584 3366 731 3392 praenotata
753 3364 927 3389 Declarationc
948 3364 1047 3389 arboris
1067 3365 1305 3396 consanguinitatis.

1518 2925 1528 2941 5
1549 2925 1613 2950 Vide
1633 2925 1659 2950 C.
1679 2924 1721 2950 Ad
1738 2924 1825 2951 sedem
1845 2924 2019 2958 apostoticam
2038 2924 2100 2957 (2),
2121 2924 2147 2950 C.
2168 2925 2210 2950 35.
2233 2932 2259 2957 q.
2281 2925 2310 2956 ὃς
2330 2925 2398 2950 Iusti-

1447 2970 1526 3001 nian.‚
1549 2970 1577 2994 D.
1598 2969 1735 2994 XXXVlll.
1756 2969 1788 2994 do
1808 2969 1938 2994 Gradibus
1956 2973 1981 2994 et
2000 2969 2121 2994 affinibus
2141 2972 2188 2993 etc.
2209 2969 2260 3001 (tit.
2286 2969 2333 2999 ll.)
2351 2975 2398 3000 per

1447 3017 1536 3038 totum.
1551 3017 1575 3038 et
1589 3014 1623 3037 lll.
1639 3013 1744 3039 lustitut.
1761 3014 1885 3044 imperial.
1901 3013 1932 3037 dc
1946 3013 2075 3038 Gradibus
2089 3013 2272 3044 cognationum
2287 3011 2338 3043 (tit.
2354 3012 2397 3044 6.)‚

1447 3064 1493 3088 per
1514 3061 1603 3082 totum.
1618 3071 1651 3074 ——
1667 3057 1713 3081 l‘ro
1732 3057 1803 3083 Nam
1824 3056 1883 3081 edd.
1906 3064 1966 3082 cum
1987 3056 2073 3081 multis
2093 3056 2168 3081 codd.
2188 3062 2251 3082 non.

1516 3100 1527 3116 6
1547 3101 1606 3126 Sive
1626 3101 1687 3127 Non
1706 3100 1777 3126 debet
1797 3101 1859 3132 (8.),
1881 3100 1922 3125 lib.
1945 3100 1985 3125 lV.
2006 3102 2042 3126 tit.
2070 3099 2117 3132 14,
2139 3107 2169 3125 ex
2189 3106 2241 3132 quo
2268 3099 2396 3131 praedicta

1446 3144 1536 3169 verba.
1549 3159 1583 3162 —
1596 3145 1652 3169 Mox
1673 3152 1720 3176 pro
1739 3144 1834 3170 nolula
1854 3145 1911 3170 cod.
1931 3145 1949 3169 L
1970 3143 2072 3177 regula.

1516 3188 1527 3204 7
1547 3189 1642 3219 Regula
1668 3189 1687 3213 1.
1708 3195 1756 3219 pro
1782 3189 1847 3213 linea
1871 3188 2008 3213 collaterali
2028 3188 2154 3220 (aequali)
2175 3189 2199 3212 in
2226 3187 2395 3219 praeallegata

1447 3233 1620 3258 Declaratione
1640 3232 1741 3258 arboris
1760 3240 1883 3264 consang.
1897 3246 1933 3250 —
1945 3232 2007 3258 lbid.
2022 3236 2058 3257 est
2073 3233 2148 3257 etiam
2163 3239 2218 3264 seq.
2235 3232 2280 3263 (3.)
2297 3231 2395 3262 regula.

1447 3290 1480 3293 —
1499 3277 1634 3308 Aliquanto
1654 3277 1759 3301 inferius
1778 3283 1826 3307 pro
1846 3275 1944 3301 distant
1963 3282 2013 3300 non
2034 3276 2109 3307 pauci
2130 3275 2206 3300 codd.
2228 3274 2360 3308 differant.

1517 3319 1527 3335 ⁸
1547 3320 1634 3351 incipit
1652 3319 1706 3351 Vir,
1723 3319 1769 3352 qui
1781 3326 1797 3345 a
1810 3318 1894 3352 stipite
1908 3319 1969 3352 (9.),
1986 3319 2028 3345 lib.
2050 3319 2090 3344 lV.
2110 3320 2145 3345 tit.
2162 3319 2247 3344 11.-
2260 3319 2395 3351 Aliquanto

1446 3364 1552 3389 interius
1571 3370 1619 3395 pro
1637 3363 1663 3388 in
1684 3363 1775 3396 quinto
1795 3363 1852 3389 cod.
1872 3364 1889 3388 Z
1908 3370 1957 3397 per
1976 3363 2100 3397 quinque.
