2483 3882
714 454 933 519 LIBER
978 456 1314 525 QUARTUS
1360 457 1935 526 SENTENTIARUM

1022 596 1079 647 DE
1113 596 1345 648 DOCTRINA
1380 598 1626 649 SlGNORUM.

417 1203 468 1231 His
491 1202 625 1231 tractatis
646 1209 724 1239 quae
747 1201 784 1229 ad
808 1200 975 1229 doctrinam
999 1208 1099 1229 rerum
1122 1201 1288 1238 pertinent,
1310 1200 1421 1239 quibus
1454 1201 1612 1231 fruendum
1647 1205 1707 1237 est,
1730 1206 1758 1231 et
1781 1202 1892 1240 quibus
1924 1203 2067 1233 utendum
2090 1207 2150 1240 est⁷
2172 1208 2201 1234 et
2225 1213 2304 1243 quae

338 1256 477 1285 fruuntur
499 1258 527 1285 et
549 1257 682 1289 utuntur,
706 1253 742 1283 ad
766 1253 933 1282 doctrinam
957 1252 1111 1290 signorum
1133 1252 1322 1282 accedamus.

1029 1371 1183 1398 lNClPtUNT
1204 1372 1359 1397 CAPITULA
1381 1372 1503 1404 QUAliTl
1524 1373 1612 1397 LIBRI.

723 1483 861 1507 D1ST1NCT10
881 1482 896 1506 1.

334 1540 392 1565 Car.
412 1540 428 1564 l.
449 1539 486 1563 Dc
505 1538 684 1563 sacramentis.

404 1592 429 1615 ll.
450 1590 518 1622 Quid
536 1591 568 1615 sit
586 1590 790 1614 Sacramentum.

397 1644 432 1668 lli.
453 1643 520 1675 Quid
539 1644 570 1667 sit
589 1643 701 1674 signum.

397 1697 437 1722 tv.
458 1697 532 1728 Quol
554 1696 673 1721 differant
691 1696 794 1727 signum
815 1698 839 1720 et
859 1695 1063 1719 Sacramentum.

405 1749 434 1774 V.
454 1750 539 1781 Quare
558 1750 670 1774 instituta
691 1749 760 1773 sint²
779 1749 951 1773 Sacramenta.

394 1803 435 1828 Vl.
456 1803 491 1827 De
511 1803 651 1828 differentia
673 1803 898 1827 Sacramentorum
918 1804 1037 1826 veterum
1057 1803 1079 1825 et
1100 1806 1238 1825 nox-orum.

387 1856 438 1880 Vll.
459 1855 495 1879 De
515 1855 719 1879 circumcisione.

378 1908 438 1932 Vlll.
458 1907 532 1939 Quod
554 1907 698 1932 remedium
718 1906 751 1930 illi
772 1905 931 1937 habuerunt,
961 1906 1005 1937 qui
1030 1905 1135 1929 suerunt
1162 1907 1219 1929 ante
1239 1904 1284 1928 cir-

508 1960 702 1985 cumcisionem.

397 2013 439 2037 IX.
460 2012 496 2037 De
514 2013 671 2038 institutione
691 2012 895 2037 circumcisionis
914 2014 938 2036 et
957 2018 1043 2036 causa.

404 2065 436 2090 X.
456 2066 492 2090 Dc
512 2072 571 2096 parx
580 2066 627 2090 ulis
646 2065 774 2090 defunctis
797 2066 855 2089 ante
884 2064 952 2089 diem
978 2067 1114 2095 octavum,
1135 2069 1188 2094 quo
1207 2062 1285 2087 tiebat

508 2119 677 2143 circumcisio.

716 2170 855 2194 Dis'riuc'rto
875 2170 900 2193 ll.

332 2221 390 2247 Car.
411 2223 426 2247 l.
446 2223 483 2247 De
503 2223 674 2247 sacramentis
693 2229 777 2247 noxae
795 2222 860 2253 legis
870 2221 888 2246 3.
909 2222 944 2246 De
963 2221 1102 2252 baptismo.

404 2275 430 2299 ll.
451 2275 487 2299 De
507 2274 647 2299 differentia
667 2274 788 2305 baptismi
809 2274 909 2298 loannis
928 2278 952 2299 et
972 2273 1072 2298 Christi.

394 2327 430 2351 lll.
451 2327 517 2358 Quid
538 2327 650 2351 utilitatis
671 2326 760 2351 habuit
778 2326 923 2357 baptismus
944 2326 1051 2350 loannis.

393 2380 434 2405 IV.
455 2380 479 2404 Si
500 2380 546 2405 suit
566 2380 761 2404 Sacramentum
782 2379 928 2410 baptismus
948 2379 996 2403 ille.

402 2433 432 2457 V.
454 2432 489 2457 De
509 2433 590 2457 forma
611 2432 731 2463 baptismi
753 2432 859 2456 loannis.

712 2484 849 2509 DJsTfficTio
869 2484 905 2508 111.

332 2536 390 2561 ΠΛΡ.
411 2537 425 2560 l.
447 2537 515 2568 Quid
534 2537 565 2561 sit
585 2536 738 2567 baptismus.

402 2589 428 2614 ll.
449 2589 484 2613 De
504 2590 585 2614 forma
605 2589 734 2620 baptismi.

395 2643 431 2666 lll.
452 2641 527 2673 Quod
546 2642 660 2672 Apostoli
680 2642 704 2666 in
725 2641 816 2666 Christi
836 2642 940 2666 nomine
960 2641 1164 2672 baptizaverunt.

394 2694 434 2719 lV.
455 2695 479 2718 Si
499 2695 524 2718 in
545 2695 649 2719 nomine
669 2695 748 2719 Patris
766 2695 846 2725 possit
867 2694 931 2719 tradi
952 2693 1096 2725 baptismus
1106 2692 1124 2718 ⁴.

401 2747 431 2771 V.
452 2747 487 2771 Dc
508 2748 664 2772 institutione
684 2747 813 2777 baptismi.

392 2799 434 2823 Vl.
456 2799 540 2830 Quare
560 2800 584 2823 in
604 2806 670 2831 aquo
692 2802 788 2824 tantum
810 2799 859 2824 fiat.

386 2851 437 2875 Vll.
458 2851 492 2875 De
513 2852 686 2883 immersione,
707 2853 808 2883 quotics
828 2851 881 2876 lieri
903 2851 1002 2876 debeat.

376 2904 436 2928 Vlll.
457 2904 566 2935 Quando
586 2904 746 2929 circumcisio
767 2905 852 2929 amisit
870 2904 923 2928 vim
943 2910 1025 2928 suam.

393 2956 434 2979 lx.
455 2956 490 2980 De
510 2963 587 2980 causa
607 2956 770 2981 institutionis
790 2955 919 2986 baptismi.

704 3009 842 3033 Dis'rixui'io
862 3010 903 3033 lV.

332 3059 390 3085 CAP.
410 3061 425 3085 1.
447 3061 481 3085 De
500 3061 547 3085 illis
567 3062 610 3093 qui
631 3062 775 3092 suscipiunt
798 3061 993 3086 Sacramentum
1013 3062 1037 3085 et
1056 3067 1125 3091 rem,
1146 3063 1171 3085 et
1189 3067 1245 3084 rem
1257 3062 1283 3085 et

506 3120 556 3137 non
577 3114 780 3145 Sacramentum,
801 3116 825 3138 ct
845 3114 1038 3139 Sacramentum
1059 3116 1083 3138 et
1102 3119 1152 3137 non
1172 3119 1236 3137 rem.

1421 1482 1449 1507 ll.
1470 1482 1505 1507 De
1524 1482 1580 1507 ficte
1600 1483 1789 1508 accedentibus.

1414 1534 1450 1559 lll.
1471 1534 1609 1565 Quomodo
1628 1536 1783 1566 intelligatur
1802 1536 1880 1561 illud:
1902 1537 2033 1569 Quotquot
2052 1538 2075 1561 in
2096 1536 2196 1563 Christo
2218 1537 2302 1569 bapti-

1528 1588 1575 1612 zati
1595 1588 1670 1619 estis,
1688 1588 1817 1614 Christum
1837 1588 1963 1614 induistis.

1414 1640 1454 1664 lV.
1475 1639 1550 1670 Quod
1570 1640 1656 1670 passio
1684 1640 1787 1671 supplet
1812 1641 1895 1664 vicem
1922 1640 2042 1671 baptismi
2074 1643 2098 1666 et
2118 1641 2183 1666 sides
2202 1644 2227 1666 et
2245 1649 2303 1667 con-

1528 1692 1601 1716 tritio.

1423 1745 1452 1769 V.
1473 1745 1540 1776 Quid
1559 1746 1639 1776 prosit
1659 1745 1805 1776 baptismus
1824 1752 1884 1770 cum
1906 1745 1956 1770 fide
1975 1745 2165 1771 accedentibus.

1415 1798 1453 1823 Vl.
1474 1798 1541 1829 Quid
1562 1798 1717 1823 dimittitur⁵
1735 1799 1760 1822 in
1781 1797 1909 1829 baptismo
1929 1799 2009 1823 iustis.

1406 1851 1455 1875 Vll.
1477 1850 1556 1875 Cuius
1576 1851 1612 1875 rei
1640 1851 1672 1875 sit
1699 1851 1894 1876 Sacramentum
1923 1850 2080 1882 baptismus,
2109 1857 2189 1883 quem
2214 1851 2303 1882 recipit

1527 1904 1609 1928 iustus
1619 1903 1637 1928 ⁵.

1734 1956 1871 1981 Dis'nucno
1890 1956 1921 1981 V.

1349 2008 1408 2034 Car.
1428 2009 1443 2033 l.
1464 2008 1540 2040 Quod
1550 2008 1696 2040 baptismus
1706 2016 1788 2040 aeque
1798 2008 1883 2033 bonus
1899 2011 1961 2033 esta
1972 2008 2041 2033 bono
2054 2008 2095 2033 vel
2108 2015 2122 2032 a
2136 2008 2204 2033 malo
2219 2008 2300 2034 datus.

1421 2062 1447 2086 ll.
1468 2061 1503 2086 De
1523 2064 1646 2092 potestate
1666 2061 1788 2093 baptismi
1808 2066 1833 2087 et
1852 2062 2000 2086 ministerio.

1411 2115 1447 2139 111.
1468 2115 1539 2146 Quae
1558 2114 1605 2140 suit
1625 2118 1737 2146 potestas
1756 2114 1886 2147 baptismi,
1906 2121 1985 2147 quam
2005 2113 2120 2139 Christus
2138 2114 2222 2145 potuit
2240 2113 2301 2138 dare

1526 2170 1608 2194 servis
1627 2172 1652 2194 et
1671 2176 1722 2193 non
1743 2168 1821 2193 dedit.

1728 2221 1865 2245 Dis'rinc'rio
1884 2220 1925 2245 Vl.

1348 2272 1406 2297 Car.
1426 2273 1442 2297 l.
1463 2272 1563 2304 Quibus
1582 2273 1656 2297 liceat
1674 2272 1814 2303 baptizare.

1420 2326 1445 2349 ll.
1466 2326 1491 2349 Si
1511 2325 1688 2356 rebaptizandi
1707 2327 1766 2349 sunt
1785 2324 1817 2349 ab
1837 2324 1971 2349 haereticis
1990 2323 2119 2354 baptizati.

1411 2378 1447 2402 lll.
1468 2377 1544 2409 Quod
1563 2378 1647 2402 nullus
1666 2379 1691 2402 in
1712 2381 1828 2403 materno
1849 2379 1921 2401 utero
1940 2376 2092 2407 baptizatur.

1411 2431 1451 2456 lV.
1471 2431 1561 2455 Utrum
1581 2430 1727 2462 baptismus
1745 2431 1789 2462 sit,
1811 2437 1871 2455 cum
1891 2429 1972 2454 verba
1985 2431 2107 2460 corrupte
2126 2429 2300 2460 proferuntur.

1421 2484 1450 2508 V.
1471 2484 1506 2508 De
1525 2484 1566 2507 illo
1586 2484 1629 2515 qui
1650 2490 1698 2514 pro
1719 2483 1780 2508 ludo
1799 2483 1970 2513 immergitur.

1408 2535 1450 2560 Vl.

1403 2588 1454 2612 Vll.
1473 2588 1510 2612 De
1530 2588 1686 2612 catechismo
1706 2591 1730 2612 et
1748 2588 1900 2612 exorcismo.

1471 2536 1506 2559 De
1526 2537 1693 2566 responsione
1714 2536 1884 2566 patrinorum.

1720 2640 1857 2665 DIST1NCT10
1877 2639 1927 2664 Vll.

1349 2693 1407 2719 ΟΜ».
1427 2694 1443 2718 l.
1465 2693 1500 2718 Dc
1520 2694 1687 2718 sacramento
1707 2692 1916 2717 confirmationis.

1420 2746 1445 2769 ll.
1465 2745 1541 2777 Quod
1560 2752 1610 2770 non
1631 2746 1677 2769 nisi
1698 2753 1711 2769 a
1731 2746 1841 2769 summis
1860 2743 2038 2769 sacerdotibus
2058 2743 2122 2769 tradi
2141 2746 2234 2775 potest.

1410 2798 1445 2822 lli.
1466 2797 1559 2829 Quae⁷
1578 2798 1609 2822 sit
1628 2798 1710 2822 virtus
1730 2798 1806 2822 huius
1826 2797 1991 2822 Sacramenti.

1409 2850 1448 2874 lV.
1469 2850 1559 2875 Utrum
1580 2851 1628 2874 hoc
1648 2850 1843 2874 Sacramentum
1862 2849 1894 2873 sit
1913 2848 2017 2879 dignius
2037 2847 2174 2879 baptismo.

1420 2903 1449 2928 V.
1471 2903 1559 2927 Utrum
1580 2903 1661 2933 possit
1679 2903 1772 2927 iterari.

1710 2954 1849 2979 D1s‘1‘1NCT10
1870 2954 1929 2978 Vlll.

1347 3007 1406 3033 Car.
1427 3008 1441 3031 1.
1462 3007 1499 3032 De
1519 3008 1684 3032 Sacramento
1703 3007 1796 3031 altaris.

1418 3060 1443 3084 ll.
1464 3059 1539 3091 Quod
1568 3060 1644 3084 huius
1672 3059 1829 3084 Sacramenti
1857 3059 1882 3083 in
1912 3059 1991 3083 veteri
2021 3058 2184 3084 Testamento
2213 3057 2296 3089 figura

1523 3112 1670 3143 praecessit,
1690 3112 1755 3136 sicut
1774 3114 1798 3136 et
1816 3110 1946 3142 baptismi.

405 3236 413 3251 ¹
433 3235 513 3261 Codd.
534 3236 611 3260 EHL
633 3236 778 3267 Quomodo.

403 3279 414 3295 2'
432 3279 513 3304 Codd.
533 3280 584 3305 KL
596 3281 615 3304 M
629 3280 677 3305 ΟΡ
697 3284 721 3306 et
740 3281 780 3306 ed.
802 3282 810 3305 11
836 3282 906 3307 sunt.

404 3323 415 3339 3
434 3323 521 3348 Plures
541 3323 616 3348 codd.
636 3325 756 3349 omittunt
775 3325 824 3349 hoc
844 3325 994 3356 capitulum.

405 3365 415 3382 ⁴
434 3367 467 3392 lta
476 3367 578 3392 codcl.E
590 3368 609 3391 ll
621 3368 642 3398 Q
652 3371 676 3393 et
688 3368 728 3393 ed.
745 3369 763 3400 l,
775 3369 815 3393 alii
827 3369 902 3393 codd.
913 3367 1279 3400 adduntetFilt'z'postPutris.

1417 3236 1428 3252 ⁵
1447 3235 1527 3261 Codd.
1548 3236 1566 3260 A
1580 3236 1596 3259 E
1615 3234 1773 3260 dimittatur.

1414 3280 1425 3296 ⁶
1446 3279 1508 3305 Cod.
1528 3280 1548 3304 D
1568 3279 1639 3305 addit
1658 3282 1779 3304 octavum
1799 3279 1956 3310 capitulum:
1975 3277 2007 3304 Si
2023 3276 2146 3310 parvulis
2166 3276 2248 3302 (latur
2267 3276 2295 3303 z'n

1346 3323 1475 3357 baptismo
1494 3323 1592 3357 mulla,
1615 3330 1668 3356 qua
1684 3322 1815 3356 proficere
1834 3322 1861 3348 z'n
1880 3321 1980 3347 mzaiori
1999 3322 2083 3346 aetate
2098 3322 2224 3353 possum.

1415 3366 1426 3383 ⁷
1444 3368 1477 3392 lta
1497 3366 1571 3392 codd.
1592 3367 1733 3391 DEHKL
1753 3369 1778 3391 et
1796 3366 1836 3391 ed.
1859 3366 1885 3397 ν1,
1906 3365 1947 3390 alii
1966 3364 2042 3390 codd.
2065 3363 2143 3395 Quid.
