2483 3882
203 968 236 989 Ad
251 968 333 995 opposi-

243 997 294 1016 tum.

358 236 397 267 ¹14
1111 233 1393 266 SENTENTmRUM
1416 234 1483 266 LIB.
1509 235 1556 268 IV.

442 324 472 355 4.
497 323 586 362 Item,
603 323 839 355 Sacramentum
863 324 910 353 est
925 321 1130 360 elementum;
1154 324 1209 353 aut
1225 330 1300 363 ergo

352 385 478 417 purum
494 375 684 407 elementum
708 373 894 416 corporale,
918 373 1082 405 autetiam
1105 372 1208 405 sinnii
1226 382 1299 406 cuin

353 429 412 461 hoc
436 428 510 461 dicit
537 427 656 469 aliquid
680 426 864 469 spirituale.
883 427 949 458 Non
969 435 1095 468 purum
1117 426 1299 468 corporale,

353 481 412 513 hoc
440 483 576 513 constat:
600 489 675 521 ergo
699 489 772 512 cum
794 480 853 512 hoc
877 479 952 511 dicit
975 479 1094 521 aliquid
1114 479 1299 521 spirituale.

352 533 433 566 Illud
461 542 536 575 ergo
567 533 730 574 spirituale
758 536 813 564 aut
836 532 945 564 unitur
969 532 996 564 ei
1020 533 1195 565 secundum
1218 533 1299 565 veri—

353 590 469 624 tatem,
494 589 548 618 aut
571 585 746 618 secundum
771 584 1000 623 intentionem
1023 585 1079 617 sed
1107 594 1168 617 non
1193 594 1300 618 secun-

352 639 429 671 dum
445 638 615 670 veritatem
630 637 770 670 —illud
797 640 927 676 constat,
952 647 1024 670 cum
1043 647 1103 670 non
1125 639 1164 671 sit
1180 647 1298 681 caan,

351 691 432 724 sicut
456 691 535 723 infra
553 691 563 708 ¹
589 690 775 732 probabitur
791 710 835 714 —
854 699 930 732 ergo
954 691 1129 723 secundum
1155 691 1300 723 intentio-

350 753 431 776 nem.
450 744 509 776 Sed
534 743 617 776 uniri
642 744 817 776 secundum
841 743 1043 776 intentionem
1065 747 1113 776 θεῖ
1137 744 1238 783 uniri,
1263 745 1300 777 si-

349 800 401 829 cut
425 797 581 838 signatum
606 797 716 829 unitur
740 797 842 838 signo:
859 805 934 838 ergo
958 796 997 829 de
1021 796 1298 829 Sacramentorum

349 850 525 891 integritate
548 853 596 882 est
619 850 687 891 ipsa
706 849 901 891 significatio.
1200 845 1202 848 ’

435 902 578 935 CONTRA:
607 904 633 934 1.
658 903 859 935 Sacramenta
878 902 1094 944 principaliter
1118 906 1192 935 sunt
1215 903 1299 935 insti-

348 959 415 988 tuta
439 956 478 988 ad
503 956 699 993 curandum3
723 955 778 988 sed
802 955 843 987 ad
867 955 939 994 hoc,
965 955 1048 997 quod
1073 955 1180 997 aliqua
1203 956 1299 987 medi-

348 1008 417 1040 cina
440 1008 480 1040 sit
496 1008 655 1047 curativa,
679 1008 757 1040 nihil
781 1008 868 1047 facit,
886 1008 970 1050 quod
995 1007 1189 1040 curationem
1207 1008 1298 1049 signi-

347 1061 432 1099 ficet,
464 1061 519 1093 sed
544 1061 659 1093 sufficit
691 1061 808 1100 solum,
841 1061 926 1103 quod
959 1064 1060 1093 curet:
1095 1070 1169 1102 ergo
1194 1061 1298 1093 Sacra-

347 1118 487 1147 mentum
521 1118 623 1156 potest
654 1123 723 1146 esse
755 1114 894 1156 perfecta
926 1114 1081 1146 medicina
1105 1114 1199 1146 etiam
1232 1113 1298 1146 sine

347 1167 585 1210 significatione:
612 1176 686 1209 ergo
707 1167 891 1208 significatio
909 1176 969 1198 non
993 1170 1041 1199 est
1057 1167 1096 1198 de
1120 1166 1297 1207 integritate

346 1221 547 1253 sacramenti.

433 1275 462 1305 ᾖ.
487 1274 579 1312 item,
604 1274 628 1305 si
654 1272 891 1305 Sacramentum
923 1275 969 1304 est
994 1272 1162 1309 medicina,
1191 1272 1297 1304 Sacra-

345 1330 487 1359 mentum
511 1326 616 1367 aliquo
640 1325 733 1357 modo
757 1328 803 1357 est
828 1333 939 1362 causa;
965 1324 1020 1357 sed
1044 1333 1139 1356 causa
1164 1333 1224 1356 non
1250 1328 1296 1356 est

345 1381 467 1421 signum
494 1379 637 1417 effectus,
661 1378 757 1409 immo
790 1378 889 1419 magis
914 1378 1070 1419 signatum
1086 1377 1114 1409 ²:
1147 1386 1222 1419 ergo
1246 1378 1297 1409 Sa-

344 1432 493 1465 cramenti
519 1432 623 1473 potius
647 1434 693 1463 est
716 1430 908 1473 sigynifieari
929 1440 1023 1472 quam
1048 1430 1250 1472 Siyiiificctre.

433 1484 461 1516 3.
479 1484 570 1523 ltem,
588 1484 612 1516 si
631 1484 754 1526 signum
772 1487 819 1515 θεῖ
836 1483 874 1515 de
892 1483 1068 1524 integritate
1086 1483 1294 1521 Sacramenti3

344 1547 418 1580 ergo
442 1537 527 1579 quod
551 1546 611 1568 non
638 1536 791 1577 significat
814 1545 875 1567 non
908 1540 955 1567 est
979 1536 1233 1575 Sacramentum,
1266 1539 1296 1567 et

347 1591 431 1633 quod
455 1599 516 1622 non
541 1589 695 1631 significat
711 1589 802 1627 huic,
828 1588 856 1620 ei
879 1588 929 1620 cui
954 1597 1015 1619 non
1051 1587 1217 1629 significat,
1234 1597 1295 1619 non

346 1648 393 1677 est
417 1644 673 1680 Sacramentum,
698 1641 753 1673 sed
785 1641 1022 1673 Sacramentum
1046 1640 1194 1682 baptismi
1218 1641 1296 1672 nibil

347 1696 500 1738 significat
522 1695 670 1737 parvulo:
697 1703 772 1735 ergo
804 1693 937 1735 parvulo
961 1702 1021 1725 non
1047 1697 1093 1725 est
1117 1694 1297 1725 Sacramen-

349 1754 429 1782 tum:
455 1758 529 1790 ergo
562 1748 638 1780 dum
663 1747 817 1789 parvulus
849 1747 959 1788 recipit
991 1747 1201 1788 baptismum,
1234 1755 1295 1778 non

346 1803 456 1845 recipit
479 1802 726 1834 Sacramentum.
750 1800 810 1832 Sed
835 1800 893 1831 hoc
917 1803 963 1832 θεῖ
986 1799 1163 1831 absurdum
1178 1800 1202 1831 ³:
1221 1808 1296 1841 ergo

346 1857 471 1898 signum
496 1864 557 1886 non
581 1857 627 1886 est
651 1854 690 1886 de
715 1853 891 1894 integritate
916 1853 1117 1885 Sacramenti.

434 1909 463 1940 ίι.
488 1908 581 1945 item,
606 1907 629 1939 si
648 1907 790 1947 signum,
812 1910 958 1946 actergo
982 1905 1294 1944 demonstrativum,

345 1965 399 1993 aut
420 1959 681 2002 proynoscienin,
706 1962 761 1990 aut
777 1957 1083 1995 rementoraiivnnz;
1110 1967 1171 1989 non
1191 1962 1294 1999 potest

345 2023 412 2047 esse
429 2014 488 2046 nisi
506 2012 816 2049 demonstrativum,
835 2011 982 2053 quoniam
999 2010 1093 2043 efficit
1110 2012 1193 2053 quod
1219 2011 1295 2053 figu-

344 2071 410 2105 rat,
435 2066 485 2098 vel
514 2065 642 2103 saltem,
668 2064 692 2096 si
721 2073 781 2095 non
810 2063 920 2102 efficit,
945 2072 1018 2095 cum
1047 2064 1170 2104 signum
1200 2068 1231 2096 et
1259 2064 1295 2096 si-

344 2122 471 2160 gnatum
506 2118 567 2150 sint
598 2116 744 2155 relativa,
774 2119 846 2148 sunt
878 2116 972 2148 simul
1005 2119 1135 2148 natura:
1161 2125 1236 2157 ergo
1269 2116 1293 2149 si

345 2171 470 2212 signum
506 2174 552 2202 est
587 2178 750 2211 praesens,
782 2172 811 2201 et
846 2169 1002 2210 signatum
1017 2169 1038 2200 ⁴².
1071 2169 1130 2201 Sed
1169 2169 1295 2201 demon-

342 2223 522 2255 strativum
547 2232 607 2254 non
632 2227 691 2259 θεῖ,
716 2225 750 2254 ut
775 2222 917 2260 videtur,
935 2221 1022 2263 quia,
1045 2222 1068 2253 si
1095 2222 1293 2254 hoc—cum

343 2276 556 2314 demonstret,
589 2276 690 2307 inesse
722 2275 875 2317 gratiam,
900 2280 930 2307 et
960 2284 1021 2306 non
1055 2275 1204 2313 insit,—-
1221 2278 1293 2307 tunc

342 2329 468 2361 videtur
496 2338 564 2361 θεεθ
592 2329 705 2360 falsum
732 2328 874 2369 signum:
900 2337 974 2369 ergo
997 2331 1027 2359 et
1050 2327 1164 2359 falsum
1190 2328 1294 2360 Sacra-

342 2386 494 2413 mentum.

430 2435 457 2465 o'.
483 2434 576 2472 Item,
601 2434 624 2465 si
651 2434 775 2475 signum
800 2437 863 2472 est,
888 2437 943 2465 aut
967 2437 1014 2466 θεῖ
1037 2432 1209 2470 naturale,
1238 2436 1293 2464 aut

341 2486 568 2518 voluntariam
583 2486 604 2517 5.
622 2487 650 2518 Si
676 2486 846 2518 naturaie:
864 2495 939 2527 ergo
964 2486 1164 2518 Sacramenta
1185 2491 1258 2517 sunt
1275 2494 1292 2516 a

341 2543 470 2578 natura,
487 2543 517 2571 et
534 2540 558 2572 si
576 2540 634 2571 hoc
651 2558 693 2562 ——
710 2549 782 2572 cum
807 2539 885 2571 illud
910 2539 995 2580 quod
1012 2542 1059 2571 est
1076 2538 1235 2577 naturale,
1254 2539 1292 2571 sit

341 2593 423 2625 idem
440 2593 525 2634 apud
542 2601 650 2625 omnes
662 2596 792 2625 —tnnc
805 2601 879 2633 ergo
896 2595 926 2624 et
943 2592 1194 2630 Sacramentum,
1208 2592 1290 2636 quod

341 2650 461 2678 certum
487 2649 533 2678 θεῖ
557 2655 624 2679 θεεθ
650 2646 774 2678 falsum.
799 2646 829 2677 Si
849 2645 1095 2677 volnntccriznn:
1120 2654 1195 2686 ergo
1220 2654 1291 2677 cum

1367 322 1545 354 voluntaria
1575 325 1751 364 augeantur
1774 326 1806 355 et
1836 323 2019 356 minuantur
2052 328 2114 358 tota
2137 327 2208 366 die,
2232 328 2313 361 sicut

1363 377 1448 416 patet
1464 375 1495 406 in
1512 374 1714 414 dictionibus,
1738 383 1813 416 ergo
1830 376 1898 417 pari
1922 377 2041 410 ratione
2065 378 2200 418 videtur,
2224 381 2311 422 quod

1364 428 1563 461 Sacramenta
1587 428 1706 470 possint
1729 428 1845 460 mutari
1869 438 1927 471 pro
1948 432 2028 462 voto.
2046 450 2089 454 —
2105 432 2132 463 Si
2153 435 2187 464 tn
2205 433 2310 471 dieas,

1363 481 1447 522 quod
1479 484 1552 513 sunt
1575 481 1663 522 signa
1691 481 1881 519 voluntaria,
1906 482 1980 523 quia
1997 482 2008 498 ⁶
2032 492 2050 514 a
2082 484 2240 518 voluntate
2269 485 2313 518 di-

1363 533 1452 571 vina;
1475 533 1532 565 sed
1562 533 1635 566 talia
1660 536 1733 566 sunt
1764 537 1867 566 cetera
1899 538 2021 573 creata,
2045 539 2076 568 et
2106 545 2198 569 omne
2226 538 2311 579 quod

1362 590 1409 619 est
1441 586 1500 618 sub
1531 586 1632 619 caelo:
1658 594 1733 627 ergo
1763 595 1825 618 non
1853 586 1968 619 debent
1999 587 2059 620 dici
2093 592 2220 631 propter
2252 590 2311 623 hoc

1364 639 1451 680 signa
1474 638 1669 676 voluntaria;
1692 641 1746 670 aut
1770 639 1795 670 si
1821 639 1896 678 hoc,
1921 645 1996 672 tunc
2021 641 2088 681 pari
2122 642 2240 675 ratione
2267 652 2313 676 ce-

1363 694 1430 723 tera
1453 691 1514 723 alia
1534 694 1649 723 creata.

1717 805 1956 830 CONCLUSIO.

1421 902 1628 945 Siqnisiecttio
1653 907 1698 934 est
1722 903 1761 935 de
1784 903 1923 936 essentia
1948 904 2252 938 Sam-amentorum.

1452 1008 1650 1040 Ruspounnoz
1675 1008 1718 1040 Ad
1740 1008 1974 1050 praedictorum
2005 1009 2239 1052 intelligentiam
2263 1016 2309 1045 est
2324 1020 2444 1042 Conclusio.

1361 1060 1544 1099 notandum,
1569 1060 1653 1101 quod
1678 1061 1914 1093 sacramentalis
1945 1062 2100 1095 medicina
2124 1063 2162 1095 de
2186 1073 2243 1096 sua
2268 1065 2310 1097 in-

1362 1113 1504 1154 tegritate
1520 1113 1615 1145 habet
1631 1113 1904 1154 significationem,
1928 1118 1958 1147 et
1976 1115 2052 1147 haec
2071 1117 2247 1150 communis
2263 1122 2310 1150 θεῖ

1361 1170 1391 1197 et
1415 1166 1587 1197 essentialis
1612 1166 1758 1198 omnibus
1783 1166 2001 1200 Sacramentis.

1451 1217 1537 1249 Ratio
1561 1222 1666 1249 autem
1692 1218 1804 1256 huius,
1837 1223 1873 1250 ut
1896 1220 2007 1258 cred0‚
2040 1221 2116 1253 haec
2146 1225 2208 1254 est:
2237 1232 2310 1264 quo·
2324 1231 2386 1252 Ratio
2401 1232 2420 1252 1.

1361 1269 1444 1301 niam
1467 1270 1701 1302 sacramentalis
1725 1271 1880 1303 medicina
1896 1275 1942 1304 θεῖ
1957 1272 2122 1315 sufficiens
2138 1275 2147 1290 ⁷
2172 1275 2312 1308 medica—

1360 1331 1449 1359 τηεψ
1466 1322 1614 1363 quoniam
1631 1322 1726 1363 igitur
1742 1323 1836 1355 homo
1853 1323 1960 1365 lapsus
1982 1333 2042 1356 non
2064 1328 2184 1359 tantum
2203 1327 2310 1369 lapsus

1359 1377 1406 1406 est
1428 1374 1459 1405 in
1483 1374 1671 1415 pronitatem
1695 1376 1977 1417 concupiscentiae,
2002 1378 2054 1410 sed
2079 1378 2172 1410 etiam
2197 1379 2227 1411 in
2245 1390 2312 1414 cae-

1359 1428 1482 1459 citatem
1509 1427 1716 1468 ignorantiae:
1735 1428 1818 1468 ideo,
1836 1429 1918 1461 utin
1942 1434 2077 1472 utroque
2101 1436 2232 1465 curetur
2254 1443 2309 1474 per

1360 1480 1612 1520 Sacramentum,
1636 1491 1697 1513 non
1723 1485 1843 1514 tantum
1869 1483 1962 1515 debet
1986 1484 2102 1517 habere
2131 1486 2309 1519 Sacramen-

1360 1536 1427 1564 tum
1452 1533 1527 1574 quid
1554 1534 1759 1575 gratuitum,
1777 1534 1832 1566 sed
1857 1535 1949 1566 etiam
1979 1537 2188 1579 mysticum&
2214 1541 2244 1571 et
2267 1539 2310 1571 ita

1361 1586 1565 1628 figurativum
1590 1591 1619 1619 et
1644 1588 1896 1629 significativum.
1926 1608 1968 1612 —
1993 1591 2138 1629 Rursus,
2165 1593 2239 1634 quia
2263 1596 2309 1626 θεῖ
2324 1603 2386 1624 natio
2401 1604 2421 1624 2.

1359 1639 1524 1682 sufficiens
1542 1641 1695 1673 medicina
1721 1641 1759 1673 de
1784 1650 1830 1680 εθ,
1848 1642 1907 1674 fert
1932 1651 2036 1675 secum
2056 1653 2149 1676 suum
2171 1655 2312 1688 praepet-

1360 1693 1537 1724 raim-imm.
1563 1694 1649 1726 Unde
1673 1694 1754 1726 sicut
1778 1695 1933 1727 medicina
1957 1697 2128 1738 corporalis
2152 1707 2212 1730 non
2242 1709 2311 1740 pro-

1360 1746 1442 1784 dest,
1460 1746 1517 1778 nisi
1536 1751 1744 1788 praeparetur
1761 1748 1949 1789 suscipiens,
1974 1749 2017 1781 sic
2034 1759 2160 1783 necesse
2177 1755 2223 1783 est
2240 1752 2308 1784 fieri

1361 1799 1579 1840 spiritualiter3
1605 1803 1634 1831 et
1655 1801 1801 1841 quoniam
1827 1801 1906 1833 fides
1923 1801 2059 1843 disponit
2083 1803 2256 1843 hominem,
2274 1808 2309 1837 ut

1359 1852 1387 1883 ei
1412 1851 1472 1883 sint
1497 1851 1658 1884 salutifera
1682 1852 1899 1890 Sacramenta;
1924 1859 1954 1885 et
1979 1858 2083 1887 motus
2099 1855 2172 1887 fidei
2196 1857 2310 1889 excita-

1360 1908 1412 1936 tur
1437 1913 1492 1946 per
1521 1905 1746 1937 exhibitionem
1772 1905 1866 1946 signi,
1898 1910 1933 1938 ut
1965 1908 2105 1948 requirat
2129 1908 2309 1949 signatum;

1360 1961 1390 1989 et
1415 1966 1469 1998 per
1494 1957 1551 1989 hoc
1569 1957 1662 1989 homo
1683 1958 1860 1998 disponitur
1877 1959 1915 1990 ad
1933 1960 2140 1992 curationem:
2159 1952 2229 1993 ideo
2245 1965 2308 1993 tan-

1359 2019 1454 2051 quam
1487 2010 1641 2042 medicina
1677 2009 1788 2042 efficax
1821 2015 1851 2042 et
1883 2010 2041 2044 sufficiens
2074 2014 2309 2047 sacramentalis

1359 2063 1515 2095 medicina
1543 2063 1637 2094 habet
1670 2062 1926 2104 significationem
1960 2064 1998 2096 de
2022 2074 2079 2096 sua
2111 2064 2309 2107 integritate3

1359 2119 1389 2148 et
1414 2116 1475 2154 ita,
1500 2115 1707 2148 essentialiter
1733 2115 1905 2157 loquendo,
1934 2117 2170 2150 Sacramentum
2199 2122 2245 2151 θεῖ
2273 2120 2310 2152 si-

1360 2177 1467 2209 gnum.

1452 2223 1476 2252 l.
1503 2221 1537 2252 Et
1561 2230 1617 2262 per
1634 2221 1692 2253 hoc
1710 2225 1793 2262 patet
1809 2222 1972 2263 responsio
1995 2223 2034 2254 ad
2056 2224 2195 2264 primum
2220 2234 2310 2266 argu·
2338 2235 2418 2256 Somno
2433 2241 2470 2262 op-

2324 2262 2448 2288 positorum.

1359 2278 1518 2312 mentum,
1543 2274 1627 2315 quod
1656 2274 1761 2306 obiicit
1793 2274 1831 2306 de
1857 2274 2010 2306 medicina
2040 2276 2212 2316 corporali:
2237 2287 2310 2319 quo-

1358 2327 1440 2358 niam
1466 2336 1527 2358 non
1552 2330 1598 2359 θεῖ
1622 2327 1731 2365 simile,
1757 2331 1791 2358 ut
1815 2327 1875 2358 iam
1900 2331 1993 2369 patet.

1448 2381 1476 2411 9..
1501 2379 1545 2411 Ad
1571 2379 1649 2411 illud
1674 2379 1758 2420 quod
1775 2379 1931 2418 obiicitur,
1956 2381 2040 2421 quod
2065 2390 2160 2413 causa
2184 2391 2244 2413 non
2262 2386 2309 2415 est

1358 2432 1483 2473 signnm
1509 2431 1656 2470 effectus;
1680 2432 1862 2470 dicendum,
1888 2433 1971 2474 quod
2004 2433 2083 2465 illud
2109 2443 2220 2466 verum
2245 2438 2308 2474 est,

1359 2485 1485 2526 quando
1509 2485 1661 2517 habitudo
1686 2485 1826 2526 signandi
1861 2486 2062 2527 consequitur
2091 2487 2309 2519 habitudinem

1359 2538 1526 2576 causandi3
1559 2538 1590 2569 in
1623 2539 1831 2570 Sacramentis
1862 2542 1967 2571 autem
1996 2540 2160 2572 antecedit.
2185 2559 2229 2562 —
2252 2541 2307 2573 Vel
2322 2546 2404 2567 Aliter-

1358 2592 1546 2630 dicendum,
1564 2592 1646 2633 quod
1670 2592 1729 2623 hoc
1754 2601 1865 2624 verum
1890 2596 1936 2624 est
1960 2592 1991 2624 in
2016 2593 2064 2624 his
2088 2602 2168 2634 quae
2193 2594 2309 2627 'nabent

1356 2654 1429 2676 vere
1453 2654 1493 2677 ac
1514 2644 1650 2686 proprie
1675 2645 1826 2677 rationem
1851 2654 1964 2677 causae
1996 2649 2026 2677 et
2050 2646 2178 2679 effectus
2191 2659 2199 2686 3
2233 2656 2307 2679 vera

413 2930 420 2945 1
442 2930 544 2961 Quaest.
566 2929 588 2954 4..
602 2943 637 2947 —-
651 2930 757 2954 Inferius
776 2932 834 2961 post
853 2931 891 2955 est
909 2929 986 2954 codd.
1006 2930 1125 2954 omittunt
1143 2928 1224 2954 uniri.

412 2973 422 2989 2²
440 2974 554 3003 Aristot,
585 2973 616 2997 de
645 2973 754 2997 Divinat.
780 2979 826 3003 per
856 2979 976 2997 somnum
1005 2979 1026 2997 c.
1061 2972 1085 2996 l:
1116 2972 1177 2996 Dico
1206 2974 1291 2996 autem

343 3023 453 3042 anesum
474 3017 588 3048 quidem,
604 3019 631 3041 nt
647 3017 734 3041 lunam
755 3016 869 3041 defectus
888 3016 959 3047 solis,
973 3018 997 3040 et
1016 3015 1131 3040 laborem
1146 3015 1238 3047 sebris;
1257 3015 1292 3041 si-
1340 3037 1344 3040 .

340 3067 424 3093 ynam
448 3067 508 3085 vero
533 3060 647 3085 desectus
672 3060 770 3085 stellam
791 3060 948 3091 subintrare,
974 3060 1138 3090 asperitatem
1164 3066 1228 3084 vero
1248 3060 1291 3084 lin-

342 3111 408 3135 guae
428 3104 561 3129 sebricndi.

411 3148 421 3164 3
440 3147 490 3173 Cir.
510 3149 574 3173 infra
594 3149 618 3173 d.
640 3148 662 3173 4.
682 3156 707 3180 p.
728 3149 753 3173 ll.
774 3156 796 3173 a.
818 3150 840 3173 2.
861 3156 886 3181 q.
912 3149 930 3173 1.
950 3155 1023 3181 seqq.
1044 3162 1076 3165 —
1097 3149 1221 3180 Superius
1242 3155 1290 3180 pro

342 3192 404 3218 hnic
424 3192 481 3217 cod.
503 3200 531 3217 aa
552 3192 608 3218 hoc.

413 3236 423 3252 ¹¹
442 3237 543 3268 Boedn,
563 3237 593 3261 V.
614 3237 646 3262 de
671 3237 772 3262 Consol.
798 3244 875 3269 prosa
902 3237 930 3262 4:
956 3237 1037 3262 Omne
1063 3238 1158 3263 etenim
1186 3239 1289 3269 signnm

341 3283 439 3305 tantum
461 3280 523 3312 quid
547 3281 578 3305 sit
603 3281 727 3311 ostendit,
754 3288 803 3305 non
830 3288 893 3305 vcro
913 3281 989 3306 efficit
1014 3281 1085 3313 quod
1111 3281 1235 3312 designat.
1257 3295 1290 3299 -

341 3325 450 3355 Aristot,
473 3324 504 3349 (le
530 3324 686 3348 Pracdicam.
707 3331 728 3348 c.
750 3324 784 3349 De
810 3323 849 3349 Itis
873 3331 940 3356 quae
966 3324 1001 3349 ad
1026 3324 1128 3358 aliquid
1154 3325 1288 3357 (relativis)

340 3369 386 3393 ait:
409 3368 533 3393 Videntur
552 3372 637 3393 autem
659 3367 714 3400 [psa
734 3367 770 3392 aci
786 3367 887 3400 aliquid
905 3369 980 3393 simul
1001 3375 1057 3393 esse
1079 3372 1168 3394 natura
1188 3372 1234 3394 etc.
1256 3384 1289 3387 —

1354 2928 1379 2952 In
1400 2929 1527 2959 principio
1548 2935 1602 2959 arg.
1617 2930 1675 2959 post
1697 2928 1768 2959 Item,
1785 2927 1808 2952 si
1823 2927 1882 2952 edd.
1897 2928 2018 2959 supplent
2036 2927 2243 2954 Sacramentum
2256 2929 2302 2960 esi,

1355 2972 1431 2997 codd.
1453 2973 1472 2997 [ἱ
1495 2979 1523 2996 aa
1544 2973 1588 2997 est.

1426 3016 1436 3032 5
1454 3016 1504 3041 Cn.
1532 3017 1572 3041 hic
1596 3016 1629 3041 lit.
1650 3016 1774 3047 Magistri,
1795 3023 1815 3040 c.
1838 3014 1860 3040 i.
1884 3030 1917 3032 —
1938 3016 2003 3040 Infra
2030 3016 2202 3046 respiciuntur
2224 3015 2305 3040 verba

1355 3060 1450 3091 Boeth„
1470 3059 1502 3084 de
1523 3059 1666 3084 Divisione:
1686 3059 1749 3084 Nam
1770 3059 1841 3091 quod
1860 3059 1931 3090 apud
1950 3066 2040 3084 omnes
2059 3059 2129 3084 idem
2142 3062 2180 3084 est
2199 3062 2305 3084 naturae

1353 3106 1392 3128 est
1410 3106 1455 3128 etc.
1477 3103 1526 3128 Cir.
1548 3108 1606 3128 tom.
1633 3104 1667 3127 lll.
1688 3110 1747 3134 pag.
1774 3103 1833 3132 818,
1855 3106 1912 3128 notn
1938 3104 1956 3128 1.
1980 3117 2015 3121 -
2037 3103 2174 3135 Aliquanto
2198 3103 2306 3128 inferius

1356 3151 1413 3179 post
1432 3147 1459 3173 in
1479 3146 1648 3178 dictionibus,
1670 3154 1717 3179 pro
1737 3154 1789 3180 quo
1814 3148 1855 3172 ed.
1881 3148 1885 3171 l
1915 3146 2124 3179 inductionibus,
2151 3147 2207 3172 Vat.
2234 3147 2305 3172 addit

1356 3192 1396 3218 vel
1415 3191 1543 3218 terminis.

1424 3236 1435 3252 θ
1455 3236 1517 3261 Edd.
1532 3236 1653 3267 supplent
1670 3237 1747 3267 sunt,
1764 3239 1788 3261 et
1807 3235 1918 3261 subinde
1932 3242 1979 3267 pro
1999 3234 2045 3261 sed
2057 3234 2121 3260 talia
2134 3235 2198 3260 sunt
2213 3234 2305 3259 substi-

1355 3283 1429 3306 tuunt
1446 3280 1492 3306 sed
1510 3286 1571 3306 cnm
1591 3279 1655 3305 talia
1673 3279 1738 3311 sint,
1759 3280 1816 3305 cod.
1838 3281 1843 3304 l
1864 3281 1966 3311 contra,
1987 3279 2032 3305 sed
2050 3278 2116 3304 talia
2135 3280 2204 3304 sunt.

1424 3324 1435 3340 ⁷
1454 3324 1515 3349 Cod.
1537 3324 1560 3349 X
1581 3324 1645 3349 bene
1665 3323 1759 3357 efficax
1778 3325 1803 3349 et
1820 3324 1958 3358 sufficiens.

1424 3368 1435 3385 3
1454 3368 1504 3394 Csr.
1524 3369 1589 3393 infra
1609 3368 1633 3393 d.
1654 3369 1677 3393 3.
1698 3376 1724 3400 p.
1744 3369 1759 3393 l.
1780 3376 1801 3393 a.
1827 3369 1845 3393 l.
1867 3375 1891 3400 q.
1912 3368 1935 3392 3.
1955 3368 1980 3392 in
2000 3374 2070 3399 corp.
