<?xml version="1.0" encoding="UTF-8"?>
<!DOCTYPE html PUBLIC "-//W3C//DTD XHTML 1.0 Transitional//EN"
    "http://www.w3.org/TR/xhtml1/DTD/xhtml1-transitional.dtd">
<html xmlns="http://www.w3.org/1999/xhtml" xml:lang="en" lang="en">
 <head>
  <title>
</title>
<meta http-equiv="Content-Type" content="text/html;charset=utf-8" />
  <meta name='ocr-system' content='tesseract 3.04.00' />
  <meta name='ocr-capabilities' content='ocr_page ocr_carea ocr_par ocr_line ocrx_word'/>
</head>
<body>
  <div class='ocr_page' id='page_1' title='image "./doctorisseraphic04bona_0443.png"; bbox 0 0 2483 3882; ppageno 0'>
   <div class='ocr_carea' id='block_1_1' title="bbox 4 68 14 1153">
    <p class='ocr_par' dir='ltr' id='par_1_1' title="bbox 4 68 14 1153">
     <span class='ocr_line' id='line_1_1' title="bbox 4 68 14 1153; baseline 0 0"><span class='ocrx_word' id='word_1_1' title='bbox 4 68 14 1153; x_wconf 95' lang='lat' dir='ltr'> </span> 
     </span>
    </p>
   </div>
   <div class='ocr_carea' id='block_1_2' title="bbox 0 1679 4 2289">
    <p class='ocr_par' dir='ltr' id='par_1_2' title="bbox 0 1679 4 2289">
     <span class='ocr_line' id='line_1_2' title="bbox 0 1679 4 2289; baseline 0 0"><span class='ocrx_word' id='word_1_2' title='bbox 0 1679 4 2289; x_wconf 95' lang='lat' dir='ltr'> </span> 
     </span>
    </p>
   </div>
   <div class='ocr_carea' id='block_1_3' title="bbox 15 1358 65 1387">
    <p class='ocr_par' dir='ltr' id='par_1_3' title="bbox 15 1358 65 1387">
     <span class='ocr_line' id='line_1_3' title="bbox 15 1358 65 1387; baseline 0 -7"><span class='ocrx_word' id='word_1_3' title='bbox 15 1358 65 1387; x_wconf 84' lang='lat' dir='ltr'>posi-</span> 
     </span>
    </p>
   </div>
   <div class='ocr_carea' id='block_1_4' title="bbox 714 225 1417 268">
    <p class='ocr_par' dir='ltr' id='par_1_4' title="bbox 714 225 1417 268">
     <span class='ocr_line' id='line_1_4' title="bbox 714 225 1417 268; baseline 0 -11"><span class='ocrx_word' id='word_1_4' title='bbox 714 225 806 257; x_wconf 89' lang='lat' dir='ltr'>DlST.</span> <span class='ocrx_word' id='word_1_5' title='bbox 832 226 917 258; x_wconf 90' lang='lat' dir='ltr'>XVII.</span> <span class='ocrx_word' id='word_1_6' title='bbox 942 225 972 257; x_wconf 92' lang='lat' dir='ltr'>P.</span> <span class='ocrx_word' id='word_1_7' title='bbox 997 225 1017 257; x_wconf 84' lang='lat'>1.</span> <span class='ocrx_word' id='word_1_8' title='bbox 1042 225 1123 257; x_wconf 80' lang='lat' dir='ltr'>ART.</span> <span class='ocrx_word' id='word_1_9' title='bbox 1148 226 1167 258; x_wconf 89' lang='lat' dir='ltr'>I.</span> <span class='ocrx_word' id='word_1_10' title='bbox 1193 226 1346 268; x_wconf 87' lang='lat' dir='ltr'>QUAEST.</span> <span class='ocrx_word' id='word_1_11' title='bbox 1370 226 1417 259; x_wconf 94' lang='lat' dir='ltr'>IV.</span> 
     </span>
    </p>
   </div>
   <div class='ocr_carea' id='block_1_5' title="bbox 80 313 1034 884">
    <p class='ocr_par' dir='ltr' id='par_1_5' title="bbox 82 313 1034 510">
     <span class='ocr_line' id='line_1_5' title="bbox 84 313 1032 355; baseline -0.003 -7"><span class='ocrx_word' id='word_1_12' title='bbox 84 314 177 348; x_wconf 73' lang='lat' dir='ltr'>Aetio</span> <span class='ocrx_word' id='word_1_13' title='bbox 202 314 284 345; x_wconf 83' lang='lat' dir='ltr'>mala</span> <span class='ocrx_word' id='word_1_14' title='bbox 319 313 490 355; x_wconf 80' lang='lat' dir='ltr'>expellitur</span> <span class='ocrx_word' id='word_1_15' title='bbox 515 313 645 352; x_wconf 86' lang='lat' dir='ltr'>timore,</span> <span class='ocrx_word' id='word_1_16' title='bbox 669 313 806 345; x_wconf 77' lang='lat' dir='ltr'>macula</span> <span class='ocrx_word' id='word_1_17' title='bbox 830 313 952 352; x_wconf 90' lang='lat' dir='ltr'>dolore,</span> <span class='ocrx_word' id='word_1_18' title='bbox 978 313 1032 346; x_wconf 89' lang='lat' dir='ltr'>sed</span> 
     </span>
     <span class='ocr_line' id='line_1_6' title="bbox 82 366 1034 411; baseline -0.002 -11"><span class='ocrx_word' id='word_1_19' title='bbox 82 367 210 411; x_wconf 76' lang='lat' dir='ltr'><em>sequela</em></span> <span class='ocrx_word' id='word_1_20' title='bbox 232 366 370 398; x_wconf 86' lang='lat' dir='ltr'>caritatis</span> <span class='ocrx_word' id='word_1_21' title='bbox 391 366 515 398; x_wconf 87' lang='lat' dir='ltr'>ardore.</span> <span class='ocrx_word' id='word_1_22' title='bbox 534 366 619 398; x_wconf 90' lang='lat' dir='ltr'>Unde</span> <span class='ocrx_word' id='word_1_23' title='bbox 641 366 739 398; x_wconf 76' lang='lat' dir='ltr'>timor</span> <span class='ocrx_word' id='word_1_24' title='bbox 763 370 810 398; x_wconf 89' lang='lat' dir='ltr'>est</span> <span class='ocrx_word' id='word_1_25' title='bbox 833 367 864 398; x_wconf 89' lang='lat' dir='ltr'>in</span> <span class='ocrx_word' id='word_1_26' title='bbox 890 366 1034 399; x_wconf 80' lang='lat' dir='ltr'>iustifica-</span> 
     </span>
     <span class='ocr_line' id='line_1_7' title="bbox 84 418 1033 460; baseline -0.002 -7"><span class='ocrx_word' id='word_1_27' title='bbox 84 422 182 459; x_wconf 85' lang='lat' dir='ltr'>tione,</span> <span class='ocrx_word' id='word_1_28' title='bbox 207 423 243 452; x_wconf 89' lang='lat' dir='ltr'>ut</span> <span class='ocrx_word' id='word_1_29' title='bbox 266 419 381 451; x_wconf 89' lang='lat' dir='ltr'>dicitur</span> <span class='ocrx_word' id='word_1_30' title='bbox 407 419 604 460; x_wconf 79' lang='lat' dir='ltr'>praeparatio</span> <span class='ocrx_word' id='word_1_31' title='bbox 621 418 660 450; x_wconf 88' lang='lat' dir='ltr'>ad</span> <span class='ocrx_word' id='word_1_32' title='bbox 686 418 855 458; x_wconf 85' lang='lat' dir='ltr'>iustitiam,</span> <span class='ocrx_word' id='word_1_33' title='bbox 880 419 973 451; x_wconf 72' lang='lat' dir='ltr'>dolor</span> <span class='ocrx_word' id='word_1_34' title='bbox 998 422 1033 451; x_wconf 92' lang='lat' dir='ltr'>ut</span> 
     </span>
     <span class='ocr_line' id='line_1_8' title="bbox 83 471 1031 510; baseline -0.002 -4"><span class='ocrx_word' id='word_1_35' title='bbox 83 473 196 506; x_wconf 87' lang='lat' dir='ltr'>infusio</span> <span class='ocrx_word' id='word_1_36' title='bbox 219 471 370 510; x_wconf 87' lang='lat' dir='ltr'>iustitiae,</span> <span class='ocrx_word' id='word_1_37' title='bbox 387 471 543 502; x_wconf 72' lang='lat' dir='ltr'>ocu-itatis</span> <span class='ocrx_word' id='word_1_38' title='bbox 560 471 666 502; x_wconf 77' lang='lat' dir='ltr'>ardor</span> <span class='ocrx_word' id='word_1_39' title='bbox 683 471 712 503; x_wconf 89' lang='lat' dir='ltr'>in</span> <span class='ocrx_word' id='word_1_40' title='bbox 731 472 1000 504; x_wconf 77' lang='lat' dir='ltr'>consummatione</span> <span class='ocrx_word' id='word_1_41' title='bbox 1012 472 1031 504; x_wconf 88' lang='lat'>¹.</span> 
     </span>
    </p>

    <p class='ocr_par' dir='ltr' id='par_1_6' title="bbox 80 523 1033 779">
     <span class='ocr_line' id='line_1_9' title="bbox 172 523 1032 566; baseline 0 -10"><span class='ocrx_word' id='word_1_42' title='bbox 172 525 200 557; x_wconf 86' lang='lat'>3.</span> <span class='ocrx_word' id='word_1_43' title='bbox 225 525 269 557; x_wconf 90' lang='lat' dir='ltr'>Ad</span> <span class='ocrx_word' id='word_1_44' title='bbox 306 524 385 556; x_wconf 89' lang='lat' dir='ltr'>illud</span> <span class='ocrx_word' id='word_1_45' title='bbox 418 524 503 566; x_wconf 90' lang='lat' dir='ltr'>quod</span> <span class='ocrx_word' id='word_1_46' title='bbox 538 523 695 563; x_wconf 87' lang='lat' dir='ltr'>obiicitur,</span> <span class='ocrx_word' id='word_1_47' title='bbox 720 524 804 566; x_wconf 84' lang='lat' dir='ltr'>quod</span> <span class='ocrx_word' id='word_1_48' title='bbox 840 524 954 556; x_wconf 86' lang='lat' dir='ltr'>melius</span> <span class='ocrx_word' id='word_1_49' title='bbox 986 528 1032 556; x_wconf 89' lang='lat' dir='ltr'>est</span> 
     </span>
     <span class='ocr_line' id='line_1_10' title="bbox 81 577 1032 618; baseline -0.003 -7"><span class='ocrx_word' id='word_1_50' title='bbox 81 579 181 612; x_wconf 86' lang='lat' dir='ltr'>facere</span> <span class='ocrx_word' id='word_1_51' title='bbox 205 578 323 610; x_wconf 86' lang='lat' dir='ltr'>bonum</span> <span class='ocrx_word' id='word_1_52' title='bbox 347 581 426 616; x_wconf 83' lang='lat' dir='ltr'>etc.;</span> <span class='ocrx_word' id='word_1_53' title='bbox 452 577 638 615; x_wconf 86' lang='lat' dir='ltr'>dicendum,</span> <span class='ocrx_word' id='word_1_54' title='bbox 663 577 746 618; x_wconf 85' lang='lat' dir='ltr'>quod</span> <span class='ocrx_word' id='word_1_55' title='bbox 774 585 884 609; x_wconf 83' lang='lat' dir='ltr'>revera</span> <span class='ocrx_word' id='word_1_56' title='bbox 915 577 1032 609; x_wconf 74' lang='lat' dir='ltr'>melius</span> 
     </span>
     <span class='ocr_line' id='line_1_11' title="bbox 82 630 1031 671; baseline -0.003 -7"><span class='ocrx_word' id='word_1_57' title='bbox 82 635 144 670; x_wconf 85' lang='lat' dir='ltr'>est,</span> <span class='ocrx_word' id='word_1_58' title='bbox 162 631 216 663; x_wconf 89' lang='lat' dir='ltr'>sed</span> <span class='ocrx_word' id='word_1_59' title='bbox 240 634 344 663; x_wconf 89' lang='lat' dir='ltr'>tamen</span> <span class='ocrx_word' id='word_1_60' title='bbox 369 639 428 662; x_wconf 93' lang='lat' dir='ltr'>non</span> <span class='ocrx_word' id='word_1_61' title='bbox 447 634 494 662; x_wconf 90' lang='lat' dir='ltr'>est</span> <span class='ocrx_word' id='word_1_62' title='bbox 518 630 560 662; x_wconf 87' lang='lat' dir='ltr'>ita</span> <span class='ocrx_word' id='word_1_63' title='bbox 584 639 762 662; x_wconf 74' lang='lat' dir='ltr'>consonum</span> <span class='ocrx_word' id='word_1_64' title='bbox 780 630 898 671; x_wconf 86' lang='lat' dir='ltr'>gratiae</span> <span class='ocrx_word' id='word_1_65' title='bbox 915 630 1031 662; x_wconf 90' lang='lat' dir='ltr'>delenti</span> 
     </span>
     <span class='ocr_line' id='line_1_12' title="bbox 82 682 1033 725; baseline -0.002 -9"><span class='ocrx_word' id='word_1_66' title='bbox 82 684 223 725; x_wconf 89' lang='lat' dir='ltr'>culpam,</span> <span class='ocrx_word' id='word_1_67' title='bbox 248 686 283 715; x_wconf 89' lang='lat' dir='ltr'>ut</span> <span class='ocrx_word' id='word_1_68' title='bbox 307 683 470 715; x_wconf 86' lang='lat' dir='ltr'>detestatio</span> <span class='ocrx_word' id='word_1_69' title='bbox 495 683 627 724; x_wconf 76' lang='lat' dir='ltr'>peccati:</span> <span class='ocrx_word' id='word_1_70' title='bbox 652 686 682 715; x_wconf 89' lang='lat' dir='ltr'>et</span> <span class='ocrx_word' id='word_1_71' title='bbox 706 683 779 725; x_wconf 85' lang='lat' dir='ltr'>quia</span> <span class='ocrx_word' id='word_1_72' title='bbox 804 682 947 715; x_wconf 88' lang='lat' dir='ltr'>contritio</span> <span class='ocrx_word' id='word_1_73' title='bbox 964 692 1033 724; x_wconf 91' lang='lat' dir='ltr'>pro-</span> 
     </span>
     <span class='ocr_line' id='line_1_13' title="bbox 80 735 870 779; baseline -0.003 -10"><span class='ocrx_word' id='word_1_74' title='bbox 80 740 149 779; x_wconf 89' lang='lat' dir='ltr'>pter</span> <span class='ocrx_word' id='word_1_75' title='bbox 172 736 405 768; x_wconf 83' lang='lat' dir='ltr'>consonantiam</span> <span class='ocrx_word' id='word_1_76' title='bbox 430 739 477 768; x_wconf 91' lang='lat' dir='ltr'>est</span> <span class='ocrx_word' id='word_1_77' title='bbox 500 735 693 768; x_wconf 88' lang='lat' dir='ltr'>necessaria:</span> <span class='ocrx_word' id='word_1_78' title='bbox 720 735 790 768; x_wconf 84' lang='lat' dir='ltr'>ideo</span> <span class='ocrx_word' id='word_1_79' title='bbox 814 739 870 767; x_wconf 90' lang='lat' dir='ltr'>etc.</span> 
     </span>
    </p>

    <p class='ocr_par' dir='ltr' id='par_1_7' title="bbox 80 788 1031 884">
     <span class='ocr_line' id='line_1_14' title="bbox 166 788 1031 831; baseline -0.001 -10"><span class='ocrx_word' id='word_1_80' title='bbox 166 789 196 821; x_wconf 75' lang='grc'>4.</span> <span class='ocrx_word' id='word_1_81' title='bbox 221 789 263 821; x_wconf 87' lang='lat' dir='ltr'>Ad</span> <span class='ocrx_word' id='word_1_82' title='bbox 292 789 368 821; x_wconf 91' lang='lat' dir='ltr'>illud</span> <span class='ocrx_word' id='word_1_83' title='bbox 393 789 475 830; x_wconf 87' lang='lat' dir='ltr'>quod</span> <span class='ocrx_word' id='word_1_84' title='bbox 502 789 666 827; x_wconf 85' lang='lat' dir='ltr'>obiicitur,</span> <span class='ocrx_word' id='word_1_85' title='bbox 699 789 783 831; x_wconf 89' lang='lat' dir='ltr'>quod</span> <span class='ocrx_word' id='word_1_86' title='bbox 812 788 944 830; x_wconf 83' lang='lat' dir='ltr'>quilibet</span> <span class='ocrx_word' id='word_1_87' title='bbox 969 797 1031 820; x_wconf 88' lang='lat' dir='ltr'>mo-</span> 
     </span>
     <span class='ocr_line' id='line_1_15' title="bbox 80 841 1029 884; baseline -0.002 -9"><span class='ocrx_word' id='word_1_88' title='bbox 80 845 130 875; x_wconf 88' lang='lat' dir='ltr'>tus</span> <span class='ocrx_word' id='word_1_89' title='bbox 154 842 279 875; x_wconf 88' lang='lat' dir='ltr'>virtutis</span> <span class='ocrx_word' id='word_1_90' title='bbox 302 845 349 874; x_wconf 89' lang='lat' dir='ltr'>est</span> <span class='ocrx_word' id='word_1_91' title='bbox 384 846 535 883; x_wconf 85' lang='lat' dir='ltr'>cognatus</span> <span class='ocrx_word' id='word_1_92' title='bbox 570 842 706 884; x_wconf 69' lang='lat' dir='ltr'>gratiae,</span> <span class='ocrx_word' id='word_1_93' title='bbox 732 842 919 881; x_wconf 86' lang='lat' dir='ltr'>dicendum,</span> <span class='ocrx_word' id='word_1_94' title='bbox 943 841 1029 883; x_wconf 84' lang='lat' dir='ltr'>quod</span> 
     </span>
    </p>
   </div>
   <div class='ocr_carea' id='block_1_6' title="bbox 1060 318 1067 877">
    <p class='ocr_par' dir='ltr' id='par_1_8' title="bbox 1060 318 1067 877">
     <span class='ocr_line' id='line_1_16' title="bbox 1060 318 1067 877; baseline 0 0"><span class='ocrx_word' id='word_1_95' title='bbox 1060 318 1067 877; x_wconf 95' lang='lat' dir='ltr'> </span> 
     </span>
    </p>
   </div>
   <div class='ocr_carea' id='block_1_7' title="bbox 1984 228 2049 261">
    <p class='ocr_par' dir='ltr' id='par_1_9' title="bbox 1984 228 2049 261">
     <span class='ocr_line' id='line_1_17' title="bbox 1984 228 2049 261; baseline 0.015 -1"><span class='ocrx_word' id='word_1_96' title='bbox 1984 228 2049 261; x_wconf 52' lang='lat'><em>[1⁶23</em></span> 
     </span>
    </p>
   </div>
   <div class='ocr_carea' id='block_1_8' title="bbox 1093 314 2194 883">
    <p class='ocr_par' dir='ltr' id='par_1_10' title="bbox 1096 314 2194 569">
     <span class='ocr_line' id='line_1_18' title="bbox 1097 314 2194 353; baseline 0.003 -7"><span class='ocrx_word' id='word_1_97' title='bbox 1097 323 1208 347; x_wconf 89' lang='lat' dir='ltr'>verum</span> <span class='ocrx_word' id='word_1_98' title='bbox 1241 318 1305 353; x_wconf 72' lang='lat' dir='ltr'>est:</span> <span class='ocrx_word' id='word_1_99' title='bbox 1330 318 1434 347; x_wconf 89' lang='lat' dir='ltr'>tamen</span> <span class='ocrx_word' id='word_1_100' title='bbox 1466 315 1547 346; x_wconf 81' lang='lat' dir='ltr'>ordo</span> <span class='ocrx_word' id='word_1_101' title='bbox 1582 318 1629 347; x_wconf 87' lang='lat' dir='ltr'>est</span> <span class='ocrx_word' id='word_1_102' title='bbox 1664 314 1695 346; x_wconf 93' lang='lat' dir='ltr'>in</span> <span class='ocrx_word' id='word_1_103' title='bbox 1731 315 1853 347; x_wconf 90' lang='lat' dir='ltr'>actibus</span> <span class='ocrx_word' id='word_1_104' title='bbox 1882 316 2047 348; x_wconf 87' lang='lat' dir='ltr'>virtutum.</span> <span class='ocrx_word' id='word_1_105' title='bbox 2063 327 2194 349; x_wconf 76' lang='lat' dir='ltr'>Notandum.</span> 
     </span>
     <span class='ocr_line' id='line_1_19' title="bbox 1096 367 2050 410; baseline 0.001 -11"><span class='ocrx_word' id='word_1_106' title='bbox 1096 367 1263 409; x_wconf 83' lang='lat' dir='ltr'>Nunquam</span> <span class='ocrx_word' id='word_1_107' title='bbox 1299 368 1382 400; x_wconf 90' lang='lat' dir='ltr'>enim</span> <span class='ocrx_word' id='word_1_108' title='bbox 1418 371 1503 400; x_wconf 83' lang='lat' dir='ltr'>amat</span> <span class='ocrx_word' id='word_1_109' title='bbox 1537 368 1609 410; x_wconf 89' lang='lat' dir='ltr'>quis</span> <span class='ocrx_word' id='word_1_110' title='bbox 1624 393 1631 407; x_wconf 88' lang='lat'>,</span> <span class='ocrx_word' id='word_1_111' title='bbox 1667 368 1724 400; x_wconf 88' lang='lat' dir='ltr'>nisi</span> <span class='ocrx_word' id='word_1_112' title='bbox 1761 371 1926 400; x_wconf 88' lang='lat' dir='ltr'>moveatur</span> <span class='ocrx_word' id='word_1_113' title='bbox 1963 372 2050 401; x_wconf 90' lang='lat' dir='ltr'>motu</span> 
     </span>
     <span class='ocr_line' id='line_1_20' title="bbox 1097 420 2050 462; baseline 0.002 -10"><span class='ocrx_word' id='word_1_114' title='bbox 1097 420 1168 452; x_wconf 82' lang='lat' dir='ltr'>fidei</span> <span class='ocrx_word' id='word_1_115' title='bbox 1184 420 1213 459; x_wconf 71' lang='lat'>23</span> <span class='ocrx_word' id='word_1_116' title='bbox 1239 421 1282 453; x_wconf 91' lang='lat' dir='ltr'>sic</span> <span class='ocrx_word' id='word_1_117' title='bbox 1306 421 1390 459; x_wconf 89' lang='lat' dir='ltr'>dico,</span> <span class='ocrx_word' id='word_1_118' title='bbox 1406 421 1489 462; x_wconf 88' lang='lat' dir='ltr'>quod</span> <span class='ocrx_word' id='word_1_119' title='bbox 1516 425 1621 453; x_wconf 88' lang='lat' dir='ltr'>motus</span> <span class='ocrx_word' id='word_1_120' title='bbox 1646 421 1771 453; x_wconf 89' lang='lat' dir='ltr'>virtutis</span> <span class='ocrx_word' id='word_1_121' title='bbox 1787 421 1996 462; x_wconf 84' lang='lat' dir='ltr'>poenitentiae</span> <span class='ocrx_word' id='word_1_122' title='bbox 2018 422 2050 454; x_wconf 93' lang='lat' dir='ltr'>in</span> 
     </span>
     <span class='ocr_line' id='line_1_21' title="bbox 1097 472 2050 515; baseline 0.002 -11"><span class='ocrx_word' id='word_1_123' title='bbox 1097 472 1315 506; x_wconf 86' lang='lat' dir='ltr'>iustificatione</span> <span class='ocrx_word' id='word_1_124' title='bbox 1329 477 1398 515; x_wconf 89' lang='lat' dir='ltr'>post</span> <span class='ocrx_word' id='word_1_125' title='bbox 1412 477 1531 506; x_wconf 88' lang='lat' dir='ltr'>motum</span> <span class='ocrx_word' id='word_1_126' title='bbox 1546 474 1618 506; x_wconf 84' lang='lat' dir='ltr'>fidei</span> <span class='ocrx_word' id='word_1_127' title='bbox 1632 478 1679 506; x_wconf 90' lang='lat' dir='ltr'>est</span> <span class='ocrx_word' id='word_1_128' title='bbox 1692 477 1796 507; x_wconf 89' lang='lat' dir='ltr'>motus</span> <span class='ocrx_word' id='word_1_129' title='bbox 1809 474 1933 515; x_wconf 91' lang='lat' dir='ltr'>primus</span> <span class='ocrx_word' id='word_1_130' title='bbox 1946 483 2050 506; x_wconf 89' lang='lat' dir='ltr'>neces-</span> 
     </span>
     <span class='ocr_line' id='line_1_22' title="bbox 1097 526 2048 569; baseline 0.002 -12"><span class='ocrx_word' id='word_1_131' title='bbox 1097 526 1196 564; x_wconf 74' lang='lat' dir='ltr'>sario,</span> <span class='ocrx_word' id='word_1_132' title='bbox 1214 529 1244 558; x_wconf 91' lang='lat' dir='ltr'>et</span> <span class='ocrx_word' id='word_1_133' title='bbox 1269 526 1338 558; x_wconf 87' lang='lat' dir='ltr'>ideo</span> <span class='ocrx_word' id='word_1_134' title='bbox 1362 527 1457 558; x_wconf 90' lang='lat' dir='ltr'>simul</span> <span class='ocrx_word' id='word_1_135' title='bbox 1482 530 1529 559; x_wconf 87' lang='lat' dir='ltr'>est</span> <span class='ocrx_word' id='word_1_136' title='bbox 1553 536 1625 559; x_wconf 88' lang='lat' dir='ltr'>cum</span> <span class='ocrx_word' id='word_1_137' title='bbox 1649 527 1716 569; x_wconf 89' lang='lat' dir='ltr'>ipsa</span> <span class='ocrx_word' id='word_1_138' title='bbox 1740 527 1859 569; x_wconf 84' lang='lat' dir='ltr'>gratiae</span> <span class='ocrx_word' id='word_1_139' title='bbox 1883 527 2048 559; x_wconf 83' lang='lat' dir='ltr'>infusione.</span> 
     </span>
    </p>

    <p class='ocr_par' dir='ltr' id='par_1_11' title="bbox 1093 578 2086 883">
     <span class='ocr_line' id='line_1_23' title="bbox 1187 578 2050 622; baseline 0.002 -13"><span class='ocrx_word' id='word_1_140' title='bbox 1187 579 1214 609; x_wconf 78' lang='lat'>5.</span> <span class='ocrx_word' id='word_1_141' title='bbox 1240 578 1283 611; x_wconf 87' lang='lat' dir='ltr'>Ad</span> <span class='ocrx_word' id='word_1_142' title='bbox 1316 579 1395 611; x_wconf 89' lang='lat' dir='ltr'>illud</span> <span class='ocrx_word' id='word_1_143' title='bbox 1431 580 1515 621; x_wconf 87' lang='lat' dir='ltr'>quod</span> <span class='ocrx_word' id='word_1_144' title='bbox 1547 580 1703 619; x_wconf 89' lang='lat' dir='ltr'>obiicitur,</span> <span class='ocrx_word' id='word_1_145' title='bbox 1729 580 1813 622; x_wconf 84' lang='lat' dir='ltr'>quod</span> <span class='ocrx_word' id='word_1_146' title='bbox 1842 584 1944 621; x_wconf 87' lang='lat' dir='ltr'>potest</span> <span class='ocrx_word' id='word_1_147' title='bbox 1979 580 2050 622; x_wconf 88' lang='lat' dir='ltr'>quis</span> 
     </span>
     <span class='ocr_line' id='line_1_24' title="bbox 1096 631 2086 674; baseline 0.004 -13"><span class='ocrx_word' id='word_1_148' title='bbox 1096 631 1195 662; x_wconf 86' lang='lat' dir='ltr'>averti</span> <span class='ocrx_word' id='word_1_149' title='bbox 1220 640 1238 662; x_wconf 90' lang='lat' dir='ltr'>a</span> <span class='ocrx_word' id='word_1_150' title='bbox 1261 631 1342 670; x_wconf 85' lang='lat' dir='ltr'>Deo,</span> <span class='ocrx_word' id='word_1_151' title='bbox 1363 632 1440 664; x_wconf 84' lang='lat' dir='ltr'>nihil</span> <span class='ocrx_word' id='word_1_152' title='bbox 1466 633 1649 674; x_wconf 80' lang='lat' dir='ltr'>cogitando3</span> <span class='ocrx_word' id='word_1_153' title='bbox 1674 633 1861 672; x_wconf 87' lang='lat' dir='ltr'>dicendum,</span> <span class='ocrx_word' id='word_1_154' title='bbox 1878 634 1962 674; x_wconf 88' lang='lat' dir='ltr'>quod</span> <span class='ocrx_word' id='word_1_155' title='bbox 1988 642 2050 665; x_wconf 91' lang='lat' dir='ltr'>non</span> <span class='ocrx_word' id='word_1_156' title='bbox 2083 651 2086 652; x_wconf 31' lang='grc' dir='ltr'><em>ν</em></span> 
     </span>
     <span class='ocr_line' id='line_1_25' title="bbox 1096 683 2050 725; baseline 0.002 -10"><span class='ocrx_word' id='word_1_157' title='bbox 1096 683 1195 722; x_wconf 84' lang='lat' dir='ltr'>valet,</span> <span class='ocrx_word' id='word_1_158' title='bbox 1213 687 1279 715; x_wconf 87' lang='grc'><strong>111111</strong></span> <span class='ocrx_word' id='word_1_159' title='bbox 1298 685 1372 725; x_wconf 84' lang='lat' dir='ltr'>quia</span> <span class='ocrx_word' id='word_1_160' title='bbox 1392 694 1540 717; x_wconf 73' lang='lat' dir='ltr'>recessus</span> <span class='ocrx_word' id='word_1_161' title='bbox 1564 695 1582 717; x_wconf 87' lang='lat' dir='ltr'>a</span> <span class='ocrx_word' id='word_1_162' title='bbox 1606 686 1670 718; x_wconf 89' lang='lat' dir='ltr'>Deo</span> <span class='ocrx_word' id='word_1_163' title='bbox 1693 689 1740 718; x_wconf 92' lang='lat' dir='ltr'>est</span> <span class='ocrx_word' id='word_1_164' title='bbox 1764 686 1976 724; x_wconf 78' lang='lat' dir='ltr'>inordinatus,</span> <span class='ocrx_word' id='word_1_165' title='bbox 1994 685 2050 717; x_wconf 90' lang='lat' dir='ltr'>sed</span> 
     </span>
     <span class='ocr_line' id='line_1_26' title="bbox 1093 737 2050 780; baseline 0.005 -14"><span class='ocrx_word' id='word_1_166' title='bbox 1093 745 1265 778; x_wconf 63' lang='lat' dir='ltr'>repressus</span> <span class='ocrx_word' id='word_1_167' title='bbox 1288 737 1453 769; x_wconf 86' lang='lat' dir='ltr'>ordinatus</span> <span class='ocrx_word' id='word_1_168' title='bbox 1469 756 1513 761; x_wconf 84' lang='lat'><strong>—</strong></span> <span class='ocrx_word' id='word_1_169' title='bbox 1528 739 1712 780; x_wconf 89' lang='lat' dir='ltr'>exemplum</span> <span class='ocrx_word' id='word_1_170' title='bbox 1735 742 1782 771; x_wconf 88' lang='lat' dir='ltr'>est</span> <span class='ocrx_word' id='word_1_171' title='bbox 1799 739 1837 771; x_wconf 90' lang='lat' dir='ltr'>de</span> <span class='ocrx_word' id='word_1_172' title='bbox 1861 748 1898 771; x_wconf 91' lang='lat' dir='ltr'>eo</span> <span class='ocrx_word' id='word_1_173' title='bbox 1922 739 1976 780; x_wconf 86' lang='lat' dir='ltr'>qui</span> <span class='ocrx_word' id='word_1_174' title='bbox 2002 748 2050 770; x_wconf 88' lang='lat' dir='ltr'>ca-</span> 
     </span>
     <span class='ocr_line' id='line_1_27' title="bbox 1094 789 2048 833; baseline 0.004 -12"><span class='ocrx_word' id='word_1_175' title='bbox 1094 789 1140 821; x_wconf 89' lang='lat' dir='ltr'>dit</span> <span class='ocrx_word' id='word_1_176' title='bbox 1164 789 1202 821; x_wconf 90' lang='lat' dir='ltr'>de</span> <span class='ocrx_word' id='word_1_177' title='bbox 1227 789 1310 821; x_wconf 86' lang='lat' dir='ltr'>scala</span> <span class='ocrx_word' id='word_1_178' title='bbox 1326 808 1369 812; x_wconf 91' lang='lat'>—</span> <span class='ocrx_word' id='word_1_179' title='bbox 1386 793 1453 822; x_wconf 90' lang='lat' dir='ltr'>tum</span> <span class='ocrx_word' id='word_1_180' title='bbox 1471 790 1545 832; x_wconf 86' lang='lat' dir='ltr'>quia</span> <span class='ocrx_word' id='word_1_181' title='bbox 1561 791 1654 832; x_wconf 87' lang='lat' dir='ltr'>plura</span> <span class='ocrx_word' id='word_1_182' title='bbox 1670 792 1844 833; x_wconf 87' lang='lat' dir='ltr'>exiguntur</span> <span class='ocrx_word' id='word_1_183' title='bbox 1865 792 1905 824; x_wconf 86' lang='lat' dir='ltr'>ad</span> <span class='ocrx_word' id='word_1_184' title='bbox 1930 792 2048 824; x_wconf 90' lang='lat' dir='ltr'>bonum</span> 
     </span>
     <span class='ocr_line' id='line_1_28' title="bbox 1093 841 1434 883; baseline 0 -10"><span class='ocrx_word' id='word_1_185' title='bbox 1093 850 1189 883; x_wconf 88' lang='lat' dir='ltr'>quam</span> <span class='ocrx_word' id='word_1_186' title='bbox 1213 841 1252 873; x_wconf 87' lang='lat' dir='ltr'>ad</span> <span class='ocrx_word' id='word_1_187' title='bbox 1280 842 1397 874; x_wconf 86' lang='lat' dir='ltr'>malum</span> <span class='ocrx_word' id='word_1_188' title='bbox 1413 842 1434 873; x_wconf 71' lang='lat'>⁸.</span> 
     </span>
    </p>
   </div>
   <div class='ocr_carea' id='block_1_9' title="bbox 935 975 1189 1016">
    <p class='ocr_par' dir='ltr' id='par_1_12' title="bbox 935 975 1189 1016">
     <span class='ocr_line' id='line_1_29' title="bbox 935 975 1189 1016; baseline 0 -9"><span class='ocrx_word' id='word_1_189' title='bbox 935 975 1118 1016; x_wconf 66' lang='lat' dir='ltr'>Quansrio</span> <span class='ocrx_word' id='word_1_190' title='bbox 1142 975 1189 1008; x_wconf 82' lang='lat' dir='ltr'>iv.</span> 
     </span>
    </p>
   </div>
   <div class='ocr_carea' id='block_1_10' title="bbox 592 1081 1542 1125">
    <p class='ocr_par' dir='ltr' id='par_1_13' title="bbox 592 1081 1542 1125">
     <span class='ocr_line' id='line_1_30' title="bbox 592 1081 1542 1125; baseline 0 -10"><span class='ocrx_word' id='word_1_191' title='bbox 592 1083 709 1115; x_wconf 78' lang='lat' dir='ltr'>Utrum</span> <span class='ocrx_word' id='word_1_192' title='bbox 733 1082 780 1114; x_wconf 77' lang='lat' dir='ltr'>ad</span> <span class='ocrx_word' id='word_1_193' title='bbox 802 1081 1069 1123; x_wconf 72' lang='lat' dir='ltr'>utstz&#39;sz&#39;eatz&#39;ouem</span> <span class='ocrx_word' id='word_1_194' title='bbox 1093 1082 1283 1115; x_wconf 72' lang='lat' dir='ltr'>necessaria</span> <span class='ocrx_word' id='word_1_195' title='bbox 1305 1082 1350 1115; x_wconf 73' lang='lat' dir='ltr'>sit</span> <span class='ocrx_word' id='word_1_196' title='bbox 1371 1082 1542 1125; x_wconf 73' lang='lat' dir='ltr'>confessio.</span> 
     </span>
    </p>
   </div>
   <div class='ocr_carea' id='block_1_11' title="bbox 71 1193 1030 2565">
    <p class='ocr_par' dir='ltr' id='par_1_14' title="bbox 78 1193 1030 1289">
     <span class='ocr_line' id='line_1_31' title="bbox 164 1193 1030 1236; baseline -0.002 -9"><span class='ocrx_word' id='word_1_197' title='bbox 164 1196 281 1236; x_wconf 85' lang='lat' dir='ltr'>Quarto</span> <span class='ocrx_word' id='word_1_198' title='bbox 305 1195 485 1236; x_wconf 85' lang='lat' dir='ltr'>quaeritur,</span> <span class='ocrx_word' id='word_1_199' title='bbox 509 1198 619 1226; x_wconf 89' lang='lat' dir='ltr'>utrum</span> <span class='ocrx_word' id='word_1_200' title='bbox 644 1195 685 1226; x_wconf 88' lang='lat' dir='ltr'>ad</span> <span class='ocrx_word' id='word_1_201' title='bbox 710 1193 962 1226; x_wconf 84' lang='lat' dir='ltr'>iustificationein</span> <span class='ocrx_word' id='word_1_202' title='bbox 981 1202 1030 1225; x_wconf 92' lang='lat' dir='ltr'>ne-</span> 
     </span>
     <span class='ocr_line' id='line_1_32' title="bbox 78 1247 882 1289; baseline -0.002 -9"><span class='ocrx_word' id='word_1_203' title='bbox 78 1248 211 1280; x_wconf 83' lang='lat' dir='ltr'>cessaria</span> <span class='ocrx_word' id='word_1_204' title='bbox 235 1248 274 1280; x_wconf 90' lang='lat' dir='ltr'>sit</span> <span class='ocrx_word' id='word_1_205' title='bbox 298 1248 459 1280; x_wconf 85' lang='lat' dir='ltr'>confessio.</span> <span class='ocrx_word' id='word_1_206' title='bbox 487 1248 520 1280; x_wconf 88' lang='lat' dir='ltr'>Et</span> <span class='ocrx_word' id='word_1_207' title='bbox 544 1248 629 1289; x_wconf 84' lang='lat' dir='ltr'>quod</span> <span class='ocrx_word' id='word_1_208' title='bbox 654 1247 714 1286; x_wconf 84' lang='lat' dir='ltr'>sic,</span> <span class='ocrx_word' id='word_1_209' title='bbox 740 1247 882 1279; x_wconf 86' lang='lat' dir='ltr'>videtur:</span> 
     </span>
    </p>

    <p class='ocr_par' dir='ltr' id='par_1_15' title="bbox 75 1299 1029 1707">
     <span class='ocr_line' id='line_1_33' title="bbox 166 1299 1026 1342; baseline -0.002 -10"><span class='ocrx_word' id='word_1_210' title='bbox 166 1302 192 1332; x_wconf 86' lang='lat' dir='ltr'>l.</span> <span class='ocrx_word' id='word_1_211' title='bbox 210 1301 452 1333; x_wconf 88' lang='lat' dir='ltr'>Proverbiorum</span> <span class='ocrx_word' id='word_1_212' title='bbox 471 1301 622 1342; x_wconf 88' lang='lat' dir='ltr'>vigesimo</span> <span class='ocrx_word' id='word_1_213' title='bbox 639 1304 748 1332; x_wconf 85' lang='lat' dir='ltr'>octavo</span> <span class='ocrx_word' id='word_1_214' title='bbox 763 1300 791 1331; x_wconf 75' lang='lat'>⁴:</span> <span class='ocrx_word' id='word_1_215' title='bbox 817 1300 881 1340; x_wconf 73' lang='lat' dir='ltr'>Qui</span> <span class='ocrx_word' id='word_1_216' title='bbox 896 1299 1026 1331; x_wconf 75' lang='lat' dir='ltr'>abscon-</span> 
     </span>
     <span class='ocr_line' id='line_1_34' title="bbox 78 1352 1029 1396; baseline -0.002 -9"><span class='ocrx_word' id='word_1_217' title='bbox 78 1355 125 1388; x_wconf 76' lang='lat' dir='ltr'>dz&#39;t</span> <span class='ocrx_word' id='word_1_218' title='bbox 146 1354 269 1387; x_wconf 77' lang='lat' dir='ltr'>seelera</span> <span class='ocrx_word' id='word_1_219' title='bbox 293 1364 360 1387; x_wconf 79' lang='lat' dir='ltr'>suot</span> <span class='ocrx_word' id='word_1_220' title='bbox 383 1364 449 1386; x_wconf 77' lang='lat' dir='ltr'>uon</span> <span class='ocrx_word' id='word_1_221' title='bbox 473 1354 658 1396; x_wconf 62' lang='grc'><strong>(111-1961111,</strong></span> <span class='ocrx_word' id='word_1_222' title='bbox 683 1353 742 1396; x_wconf 76' lang='lat' dir='ltr'>qui</span> <span class='ocrx_word' id='word_1_223' title='bbox 765 1358 875 1385; x_wconf 76' lang='lat' dir='ltr'>atttem</span> <span class='ocrx_word' id='word_1_224' title='bbox 907 1352 1029 1395; x_wconf 77' lang='lat' dir='ltr'>coufes-</span> 
     </span>
     <span class='ocr_line' id='line_1_35' title="bbox 75 1406 1028 1450; baseline -0.001 -11"><span class='ocrx_word' id='word_1_225' title='bbox 75 1417 132 1440; x_wconf 87' lang='lat' dir='ltr'>sus</span> <span class='ocrx_word' id='word_1_226' title='bbox 159 1406 265 1450; x_wconf 74' lang='lat' dir='ltr'>suerit</span> <span class='ocrx_word' id='word_1_227' title='bbox 298 1411 326 1439; x_wconf 79' lang='lat' dir='ltr'>et</span> <span class='ocrx_word' id='word_1_228' title='bbox 356 1407 527 1450; x_wconf 73' lang='lat' dir='ltr'>reliquerit</span> <span class='ocrx_word' id='word_1_229' title='bbox 551 1417 589 1439; x_wconf 75' lang='grc' dir='ltr'>θα</span> <span class='ocrx_word' id='word_1_230' title='bbox 620 1406 890 1438; x_wconf 71' lang='lat' dir='ltr'>misericordiam</span> <span class='ocrx_word' id='word_1_231' title='bbox 923 1416 1028 1438; x_wconf 79' lang='lat' dir='ltr'>couse-</span> 
     </span>
     <span class='ocr_line' id='line_1_36' title="bbox 76 1459 1028 1505; baseline -0.002 -12"><span class='ocrx_word' id='word_1_232' title='bbox 76 1465 215 1505; x_wconf 75' lang='lat' dir='ltr'>quetzm·;</span> <span class='ocrx_word' id='word_1_233' title='bbox 239 1461 294 1493; x_wconf 88' lang='lat' dir='ltr'>sed</span> <span class='ocrx_word' id='word_1_234' title='bbox 320 1460 497 1493; x_wconf 86' lang='lat' dir='ltr'>iustificatio</span> <span class='ocrx_word' id='word_1_235' title='bbox 521 1460 597 1492; x_wconf 86' lang='lat' dir='ltr'>nibil</span> <span class='ocrx_word' id='word_1_236' title='bbox 623 1460 709 1492; x_wconf 82' lang='lat' dir='ltr'>aliud</span> <span class='ocrx_word' id='word_1_237' title='bbox 736 1464 783 1492; x_wconf 89' lang='lat' dir='ltr'>est</span> <span class='ocrx_word' id='word_1_238' title='bbox 813 1469 908 1501; x_wconf 87' lang='lat' dir='ltr'>quam</span> <span class='ocrx_word' id='word_1_239' title='bbox 939 1459 1028 1501; x_wconf 88' lang='lat' dir='ltr'>spiri-</span> 
     </span>
     <span class='ocr_line' id='line_1_37' title="bbox 75 1512 1028 1561; baseline -0.003 -14"><span class='ocrx_word' id='word_1_240' title='bbox 75 1515 168 1547; x_wconf 88' lang='lat' dir='ltr'>tualis</span> <span class='ocrx_word' id='word_1_241' title='bbox 192 1514 337 1553; x_wconf 88' lang='lat' dir='ltr'>directio,</span> <span class='ocrx_word' id='word_1_242' title='bbox 362 1514 436 1555; x_wconf 86' lang='lat' dir='ltr'>quia</span> <span class='ocrx_word' id='word_1_243' title='bbox 465 1513 611 1545; x_wconf 88' lang='lat' dir='ltr'>«iustitia</span> <span class='ocrx_word' id='word_1_244' title='bbox 635 1517 682 1546; x_wconf 89' lang='lat' dir='ltr'>est</span> <span class='ocrx_word' id='word_1_245' title='bbox 706 1513 862 1546; x_wconf 81' lang='lat' dir='ltr'>rectitudo</span> <span class='ocrx_word' id='word_1_246' title='bbox 887 1512 1028 1561; x_wconf 84' lang='lat' dir='ltr'>volunta-</span> 
     </span>
     <span class='ocr_line' id='line_1_38' title="bbox 76 1565 1028 1608; baseline -0.003 -8"><span class='ocrx_word' id='word_1_247' title='bbox 76 1568 114 1600; x_wconf 89' lang='lat' dir='ltr'>tis</span> <span class='ocrx_word' id='word_1_248' title='bbox 129 1579 164 1599; x_wconf 79' lang='lat' dir='ltr'>»z</span> <span class='ocrx_word' id='word_1_249' title='bbox 190 1576 262 1599; x_wconf 89' lang='lat' dir='ltr'>cum</span> <span class='ocrx_word' id='word_1_250' title='bbox 287 1576 362 1608; x_wconf 81' lang='lat' dir='ltr'>ergo</span> <span class='ocrx_word' id='word_1_251' title='bbox 387 1567 495 1599; x_wconf 90' lang='lat' dir='ltr'>nullus</span> <span class='ocrx_word' id='word_1_252' title='bbox 519 1566 617 1608; x_wconf 84' lang='lat' dir='ltr'>possit</span> <span class='ocrx_word' id='word_1_253' title='bbox 641 1566 751 1608; x_wconf 78' lang='lat' dir='ltr'>dirigi,</span> <span class='ocrx_word' id='word_1_254' title='bbox 778 1566 835 1598; x_wconf 90' lang='lat' dir='ltr'>nisi</span> <span class='ocrx_word' id='word_1_255' title='bbox 859 1565 1028 1607; x_wconf 82' lang='lat' dir='ltr'>praecedat</span> 
     </span>
     <span class='ocr_line' id='line_1_39' title="bbox 75 1619 1028 1661; baseline -0.003 -8"><span class='ocrx_word' id='word_1_256' title='bbox 75 1621 245 1660; x_wconf 76' lang='lat' dir='ltr'>confessis),</span> <span class='ocrx_word' id='word_1_257' title='bbox 281 1620 389 1653; x_wconf 91' lang='lat' dir='ltr'>nullus</span> <span class='ocrx_word' id='word_1_258' title='bbox 429 1620 495 1653; x_wconf 89' lang='lat' dir='ltr'>sine</span> <span class='ocrx_word' id='word_1_259' title='bbox 532 1620 725 1653; x_wconf 85' lang='lat' dir='ltr'>confessione</span> <span class='ocrx_word' id='word_1_260' title='bbox 760 1619 890 1661; x_wconf 88' lang='lat' dir='ltr'>praevia</span> <span class='ocrx_word' id='word_1_261' title='bbox 925 1622 1028 1660; x_wconf 88' lang='lat' dir='ltr'>potest</span> 
     </span>
     <span class='ocr_line' id='line_1_40' title="bbox 75 1674 245 1707; baseline -0.012 0"><span class='ocrx_word' id='word_1_262' title='bbox 75 1674 245 1707; x_wconf 84' lang='lat' dir='ltr'>iustificari.</span> 
     </span>
    </p>

    <p class='ocr_par' dir='ltr' id='par_1_16' title="bbox 72 1723 1027 1973">
     <span class='ocr_line' id='line_1_41' title="bbox 162 1723 1026 1768; baseline -0.005 -9"><span class='ocrx_word' id='word_1_263' title='bbox 162 1729 191 1759; x_wconf 70' lang='grc' dir='ltr'><strong>Ξ).</strong></span> <span class='ocrx_word' id='word_1_264' title='bbox 216 1727 309 1766; x_wconf 80' lang='lat' dir='ltr'>Item,</span> <span class='ocrx_word' id='word_1_265' title='bbox 334 1727 430 1759; x_wconf 81' lang='lat' dir='ltr'>Isaiae</span> <span class='ocrx_word' id='word_1_266' title='bbox 455 1725 697 1768; x_wconf 84' lang='lat' dir='ltr'>quadragesimo</span> <span class='ocrx_word' id='word_1_267' title='bbox 721 1724 854 1757; x_wconf 88' lang='lat' dir='ltr'>tertio⁵:</span> <span class='ocrx_word' id='word_1_268' title='bbox 888 1723 1026 1762; x_wconf 58' lang='lat' dir='ltr'>Narra,</span> 
     </span>
     <span class='ocr_line' id='line_1_42' title="bbox 73 1777 1027 1823; baseline -0.004 -11"><span class='ocrx_word' id='word_1_269' title='bbox 73 1781 104 1812; x_wconf 79' lang='lat' dir='ltr'>si</span> <span class='ocrx_word' id='word_1_270' title='bbox 125 1781 205 1823; x_wconf 73' lang='lat' dir='ltr'>quid</span> <span class='ocrx_word' id='word_1_271' title='bbox 228 1779 344 1818; x_wconf 78' lang='lat' dir='ltr'>ltctbes,</span> <span class='ocrx_word' id='word_1_272' title='bbox 369 1785 406 1811; x_wconf 82' lang='lat' dir='ltr'>ut</span> <span class='ocrx_word' id='word_1_273' title='bbox 430 1778 640 1820; x_wconf 71' lang='lat' dir='ltr'>iustificeris;</span> <span class='ocrx_word' id='word_1_274' title='bbox 658 1779 739 1811; x_wconf 87' lang='lat' dir='ltr'>sicut</span> <span class='ocrx_word' id='word_1_275' title='bbox 754 1778 885 1818; x_wconf 82' lang='lat' dir='ltr'>exponit</span> <span class='ocrx_word' id='word_1_276' title='bbox 901 1777 1027 1809; x_wconf 86' lang='lat' dir='ltr'>Ambro-</span> 
     </span>
     <span class='ocr_line' id='line_1_43' title="bbox 74 1830 1026 1875; baseline -0.006 -8"><span class='ocrx_word' id='word_1_277' title='bbox 74 1835 138 1867; x_wconf 89' lang='lat' dir='ltr'>sius</span> <span class='ocrx_word' id='word_1_278' title='bbox 162 1837 192 1866; x_wconf 86' lang='lat' dir='ltr'>et</span> <span class='ocrx_word' id='word_1_279' title='bbox 216 1834 385 1875; x_wconf 78' lang='lat' dir='ltr'>Origenes,</span> <span class='ocrx_word' id='word_1_280' title='bbox 411 1833 469 1865; x_wconf 88' lang='lat' dir='ltr'>hoc</span> <span class='ocrx_word' id='word_1_281' title='bbox 494 1832 679 1873; x_wconf 86' lang='lat' dir='ltr'>intelligitur</span> <span class='ocrx_word' id='word_1_282' title='bbox 703 1831 742 1863; x_wconf 89' lang='lat' dir='ltr'>de</span> <span class='ocrx_word' id='word_1_283' title='bbox 759 1830 938 1862; x_wconf 75' lang='lat' dir='ltr'>narratione</span> <span class='ocrx_word' id='word_1_284' title='bbox 963 1830 1026 1862; x_wconf 91' lang='lat' dir='ltr'>cul-</span> 
     </span>
     <span class='ocr_line' id='line_1_44' title="bbox 72 1883 1025 1929; baseline -0.004 -10"><span class='ocrx_word' id='word_1_285' title='bbox 72 1896 147 1929; x_wconf 81' lang='lat' dir='ltr'>pae,</span> <span class='ocrx_word' id='word_1_286' title='bbox 171 1896 252 1929; x_wconf 88' lang='lat' dir='ltr'>quae</span> <span class='ocrx_word' id='word_1_287' title='bbox 276 1890 323 1919; x_wconf 86' lang='lat' dir='ltr'>est</span> <span class='ocrx_word' id='word_1_288' title='bbox 346 1886 377 1918; x_wconf 92' lang='lat' dir='ltr'>in</span> <span class='ocrx_word' id='word_1_289' title='bbox 401 1886 610 1918; x_wconf 87' lang='lat' dir='ltr'>confessione:</span> <span class='ocrx_word' id='word_1_290' title='bbox 636 1894 710 1926; x_wconf 84' lang='lat' dir='ltr'>ergo</span> <span class='ocrx_word' id='word_1_291' title='bbox 742 1884 820 1916; x_wconf 88' lang='lat' dir='ltr'>haec</span> <span class='ocrx_word' id='word_1_292' title='bbox 848 1883 1025 1916; x_wconf 88' lang='lat' dir='ltr'>necessaria</span> 
     </span>
     <span class='ocr_line' id='line_1_45' title="bbox 73 1939 468 1973; baseline -0.008 0"><span class='ocrx_word' id='word_1_293' title='bbox 73 1945 118 1973; x_wconf 87' lang='lat' dir='ltr'>est</span> <span class='ocrx_word' id='word_1_294' title='bbox 141 1940 180 1972; x_wconf 87' lang='lat' dir='ltr'>ad</span> <span class='ocrx_word' id='word_1_295' title='bbox 206 1939 468 1972; x_wconf 77' lang='lat' dir='ltr'>justificationem.</span> 
     </span>
    </p>

    <p class='ocr_par' dir='ltr' id='par_1_17' title="bbox 71 1990 1025 2186">
     <span class='ocr_line' id='line_1_46' title="bbox 159 1990 1025 2032; baseline -0.005 -7"><span class='ocrx_word' id='word_1_296' title='bbox 159 1993 188 2025; x_wconf 82' lang='lat'>3.</span> <span class='ocrx_word' id='word_1_297' title='bbox 213 1993 306 2032; x_wconf 88' lang='lat' dir='ltr'>Item,</span> <span class='ocrx_word' id='word_1_298' title='bbox 332 1992 460 2024; x_wconf 86' lang='lat' dir='ltr'>[oannes</span> <span class='ocrx_word' id='word_1_299' title='bbox 484 1990 769 2032; x_wconf 59' lang='lat' dir='ltr'>ChrysostomusG:</span> <span class='ocrx_word' id='word_1_300' title='bbox 801 1990 898 2022; x_wconf 88' lang='lat' dir='ltr'>«Non</span> <span class='ocrx_word' id='word_1_301' title='bbox 923 1993 1025 2031; x_wconf 90' lang='lat' dir='ltr'>potest</span> 
     </span>
     <span class='ocr_line' id='line_1_47' title="bbox 72 2042 1024 2088; baseline -0.005 -9"><span class='ocrx_word' id='word_1_302' title='bbox 72 2047 141 2088; x_wconf 92' lang='lat' dir='ltr'>quis</span> <span class='ocrx_word' id='word_1_303' title='bbox 165 2046 297 2088; x_wconf 89' lang='lat' dir='ltr'>gratiam</span> <span class='ocrx_word' id='word_1_304' title='bbox 322 2046 482 2086; x_wconf 85' lang='lat' dir='ltr'>accipere,</span> <span class='ocrx_word' id='word_1_305' title='bbox 507 2044 565 2076; x_wconf 91' lang='lat' dir='ltr'>nisi</span> <span class='ocrx_word' id='word_1_306' title='bbox 583 2047 739 2085; x_wconf 85' lang='lat' dir='ltr'>purgatus</span> <span class='ocrx_word' id='word_1_307' title='bbox 762 2043 858 2075; x_wconf 87' lang='lat' dir='ltr'>fuerit</span> <span class='ocrx_word' id='word_1_308' title='bbox 875 2043 914 2075; x_wconf 86' lang='lat' dir='ltr'>ab</span> <span class='ocrx_word' id='word_1_309' title='bbox 939 2042 1024 2074; x_wconf 91' lang='lat' dir='ltr'>omni</span> 
     </span>
     <span class='ocr_line' id='line_1_48' title="bbox 72 2097 1025 2142; baseline -0.005 -9"><span class='ocrx_word' id='word_1_310' title='bbox 72 2103 196 2142; x_wconf 87' lang='lat' dir='ltr'>peccato</span> <span class='ocrx_word' id='word_1_311' title='bbox 228 2108 284 2141; x_wconf 86' lang='lat' dir='ltr'>per</span> <span class='ocrx_word' id='word_1_312' title='bbox 317 2098 543 2131; x_wconf 87' lang='lat' dir='ltr'>confessionem</span> <span class='ocrx_word' id='word_1_313' title='bbox 567 2109 601 2129; x_wconf 78' lang='lat' dir='ltr'>»z</span> <span class='ocrx_word' id='word_1_314' title='bbox 632 2106 707 2138; x_wconf 89' lang='lat' dir='ltr'>ergo</span> <span class='ocrx_word' id='word_1_315' title='bbox 736 2097 889 2130; x_wconf 83' lang='lat' dir='ltr'>confessio</span> <span class='ocrx_word' id='word_1_316' title='bbox 920 2105 1025 2129; x_wconf 89' lang='lat' dir='ltr'>neces-</span> 
     </span>
     <span class='ocr_line' id='line_1_49' title="bbox 71 2153 230 2186; baseline -0.013 0"><span class='ocrx_word' id='word_1_317' title='bbox 71 2153 151 2186; x_wconf 88' lang='lat' dir='ltr'>saria</span> <span class='ocrx_word' id='word_1_318' title='bbox 175 2156 230 2185; x_wconf 87' lang='lat' dir='ltr'>est.</span> 
     </span>
    </p>

    <p class='ocr_par' dir='ltr' id='par_1_18' title="bbox 71 2203 1023 2354">
     <span class='ocr_line' id='line_1_50' title="bbox 156 2203 1023 2243; baseline -0.003 -6"><span class='ocrx_word' id='word_1_319' title='bbox 156 2206 185 2238; x_wconf 78' lang='lat' dir='ltr'>lt.</span> <span class='ocrx_word' id='word_1_320' title='bbox 204 2206 298 2243; x_wconf 87' lang='lat' dir='ltr'>item,</span> <span class='ocrx_word' id='word_1_321' title='bbox 316 2204 498 2236; x_wconf 88' lang='lat' dir='ltr'>Ambrosius</span> <span class='ocrx_word' id='word_1_322' title='bbox 516 2204 547 2235; x_wconf 89' lang='lat' dir='ltr'>in</span> <span class='ocrx_word' id='word_1_323' title='bbox 563 2203 644 2235; x_wconf 90' lang='lat' dir='ltr'>libro</span> <span class='ocrx_word' id='word_1_324' title='bbox 662 2204 701 2235; x_wconf 90' lang='lat' dir='ltr'>de</span> <span class='ocrx_word' id='word_1_325' title='bbox 719 2203 867 2235; x_wconf 87' lang='lat' dir='ltr'>Paradiso</span> <span class='ocrx_word' id='word_1_326' title='bbox 882 2203 906 2234; x_wconf 91' lang='lat'>⁷:</span> <span class='ocrx_word' id='word_1_327' title='bbox 931 2203 1023 2234; x_wconf 85' lang='lat' dir='ltr'>«Non</span> 
     </span>
     <span class='ocr_line' id='line_1_51' title="bbox 71 2256 1022 2301; baseline -0.003 -10"><span class='ocrx_word' id='word_1_328' title='bbox 71 2262 170 2301; x_wconf 87' lang='lat' dir='ltr'>potest</span> <span class='ocrx_word' id='word_1_329' title='bbox 191 2258 262 2300; x_wconf 89' lang='lat' dir='ltr'>quis</span> <span class='ocrx_word' id='word_1_330' title='bbox 279 2257 442 2290; x_wconf 88' lang='lat' dir='ltr'>iustificari</span> <span class='ocrx_word' id='word_1_331' title='bbox 466 2266 485 2289; x_wconf 89' lang='lat' dir='ltr'>a</span> <span class='ocrx_word' id='word_1_332' title='bbox 509 2261 635 2298; x_wconf 86' lang='lat' dir='ltr'>peccato</span> <span class='ocrx_word' id='word_1_333' title='bbox 651 2260 723 2288; x_wconf 89' lang='lat' dir='ltr'>ante</span> <span class='ocrx_word' id='word_1_334' title='bbox 747 2256 973 2289; x_wconf 89' lang='lat' dir='ltr'>consessionem</span> <span class='ocrx_word' id='word_1_335' title='bbox 988 2268 1022 2288; x_wconf 86' lang='lat'>»:</span> 
     </span>
     <span class='ocr_line' id='line_1_52' title="bbox 71 2310 655 2354; baseline -0.007 -9"><span class='ocrx_word' id='word_1_336' title='bbox 71 2321 143 2354; x_wconf 89' lang='lat' dir='ltr'>ergo</span> <span class='ocrx_word' id='word_1_337' title='bbox 167 2312 319 2345; x_wconf 85' lang='lat' dir='ltr'>confessio</span> <span class='ocrx_word' id='word_1_338' title='bbox 344 2310 522 2343; x_wconf 87' lang='lat' dir='ltr'>necessario</span> <span class='ocrx_word' id='word_1_339' title='bbox 546 2310 655 2351; x_wconf 88' lang='lat' dir='ltr'>praeit.</span> 
     </span>
    </p>

    <p class='ocr_par' dir='ltr' id='par_1_19' title="bbox 72 2362 1024 2565">
     <span class='ocr_line' id='line_1_53' title="bbox 158 2362 1023 2404; baseline -0.002 -8"><span class='ocrx_word' id='word_1_340' title='bbox 158 2366 186 2396; x_wconf 80' lang='lat'>5.</span> <span class='ocrx_word' id='word_1_341' title='bbox 213 2364 302 2402; x_wconf 87' lang='lat' dir='ltr'>item,</span> <span class='ocrx_word' id='word_1_342' title='bbox 332 2363 462 2394; x_wconf 74' lang='lat' dir='ltr'>ratione</span> <span class='ocrx_word' id='word_1_343' title='bbox 489 2363 632 2395; x_wconf 88' lang='lat' dir='ltr'>videtur:</span> <span class='ocrx_word' id='word_1_344' title='bbox 667 2363 741 2404; x_wconf 87' lang='lat' dir='ltr'>quia</span> <span class='ocrx_word' id='word_1_345' title='bbox 772 2362 874 2394; x_wconf 89' lang='lat' dir='ltr'>omnis</span> <span class='ocrx_word' id='word_1_346' title='bbox 903 2362 1023 2394; x_wconf 87' lang='lat' dir='ltr'>habeus</span> 
     </span>
     <span class='ocr_line' id='line_1_54' title="bbox 73 2415 1022 2459; baseline -0.002 -10"><span class='ocrx_word' id='word_1_347' title='bbox 73 2417 202 2459; x_wconf 83' lang='lat' dir='ltr'>gratiam</span> <span class='ocrx_word' id='word_1_348' title='bbox 226 2420 256 2449; x_wconf 91' lang='lat' dir='ltr'>et</span> <span class='ocrx_word' id='word_1_349' title='bbox 273 2416 424 2448; x_wconf 82' lang='lat' dir='ltr'>iustitiam</span> <span class='ocrx_word' id='word_1_350' title='bbox 442 2415 619 2457; x_wconf 83' lang='lat' dir='ltr'>ingreditur</span> <span class='ocrx_word' id='word_1_351' title='bbox 640 2416 670 2447; x_wconf 90' lang='lat' dir='ltr'>in</span> <span class='ocrx_word' id='word_1_352' title='bbox 688 2425 822 2457; x_wconf 87' lang='lat' dir='ltr'>regnum</span> <span class='ocrx_word' id='word_1_353' title='bbox 847 2415 1022 2454; x_wconf 84' lang='lat' dir='ltr'>caelorum,</span> 
     </span>
     <span class='ocr_line' id='line_1_55' title="bbox 72 2469 1024 2512; baseline -0.003 -9"><span class='ocrx_word' id='word_1_354' title='bbox 72 2479 126 2503; x_wconf 86' lang='lat' dir='ltr'>nec</span> <span class='ocrx_word' id='word_1_355' title='bbox 149 2471 262 2512; x_wconf 86' lang='lat' dir='ltr'>aliquis</span> <span class='ocrx_word' id='word_1_356' title='bbox 286 2474 387 2512; x_wconf 88' lang='lat' dir='ltr'>potest</span> <span class='ocrx_word' id='word_1_357' title='bbox 413 2473 534 2511; x_wconf 88' lang='lat' dir='ltr'>portam</span> <span class='ocrx_word' id='word_1_358' title='bbox 561 2469 724 2507; x_wconf 79' lang='lat' dir='ltr'>claudere,</span> <span class='ocrx_word' id='word_1_359' title='bbox 749 2469 836 2501; x_wconf 84' lang='lat' dir='ltr'>salva</span> <span class='ocrx_word' id='word_1_360' title='bbox 857 2469 977 2501; x_wconf 86' lang='lat' dir='ltr'>iustitia</span> <span class='ocrx_word' id='word_1_361' title='bbox 993 2472 1024 2501; x_wconf 85' lang='lat' dir='ltr'>et</span> 
     </span>
     <span class='ocr_line' id='line_1_56' title="bbox 72 2521 1023 2565; baseline -0.004 -9"><span class='ocrx_word' id='word_1_362' title='bbox 72 2524 186 2565; x_wconf 80' lang='lat' dir='ltr'>gratia3</span> <span class='ocrx_word' id='word_1_363' title='bbox 211 2524 265 2556; x_wconf 90' lang='lat' dir='ltr'>sed</span> <span class='ocrx_word' id='word_1_364' title='bbox 290 2523 397 2555; x_wconf 87' lang='lat' dir='ltr'>nullus</span> <span class='ocrx_word' id='word_1_365' title='bbox 422 2525 523 2564; x_wconf 85' lang='lat' dir='ltr'>potest</span> <span class='ocrx_word' id='word_1_366' title='bbox 555 2521 673 2553; x_wconf 89' lang='lat' dir='ltr'>intrare</span> <span class='ocrx_word' id='word_1_367' title='bbox 699 2522 730 2553; x_wconf 90' lang='lat' dir='ltr'>in</span> <span class='ocrx_word' id='word_1_368' title='bbox 763 2530 896 2562; x_wconf 87' lang='lat' dir='ltr'>regnum</span> <span class='ocrx_word' id='word_1_369' title='bbox 926 2521 1023 2553; x_wconf 85' lang='lat' dir='ltr'>caelo-</span> 
     </span>
    </p>
   </div>
   <div class='ocr_carea' id='block_1_12' title="bbox 1055 1193 1062 2547">
    <p class='ocr_par' dir='ltr' id='par_1_20' title="bbox 1055 1193 1062 2547">
     <span class='ocr_line' id='line_1_57' title="bbox 1055 1193 1062 2547; baseline 0 0"><span class='ocrx_word' id='word_1_370' title='bbox 1055 1193 1062 2547; x_wconf 95' lang='lat' dir='ltr'> </span> 
     </span>
    </p>
   </div>
   <div class='ocr_carea' id='block_1_13' title="bbox 1087 1194 2208 2564">
    <p class='ocr_par' dir='ltr' id='par_1_21' title="bbox 1093 1194 2049 1503">
     <span class='ocr_line' id='line_1_58' title="bbox 1095 1194 2049 1236; baseline 0.003 -11"><span class='ocrx_word' id='word_1_371' title='bbox 1095 1203 1167 1225; x_wconf 88' lang='lat' dir='ltr'>rum</span> <span class='ocrx_word' id='word_1_372' title='bbox 1192 1194 1249 1226; x_wconf 90' lang='lat' dir='ltr'>nisi</span> <span class='ocrx_word' id='word_1_373' title='bbox 1267 1203 1324 1236; x_wconf 88' lang='lat' dir='ltr'>per</span> <span class='ocrx_word' id='word_1_374' title='bbox 1348 1194 1512 1227; x_wconf 87' lang='lat' dir='ltr'>ostiarium</span> <span class='ocrx_word' id='word_1_375' title='bbox 1529 1195 1671 1234; x_wconf 87' lang='lat' dir='ltr'>Petrum,</span> <span class='ocrx_word' id='word_1_376' title='bbox 1695 1205 1767 1227; x_wconf 92' lang='lat' dir='ltr'>cum</span> <span class='ocrx_word' id='word_1_377' title='bbox 1793 1196 1865 1227; x_wconf 89' lang='lat' dir='ltr'>data</span> <span class='ocrx_word' id='word_1_378' title='bbox 1882 1196 1922 1228; x_wconf 91' lang='lat' dir='ltr'>sit</span> <span class='ocrx_word' id='word_1_379' title='bbox 1945 1196 1972 1228; x_wconf 92' lang='lat' dir='ltr'>ei</span> <span class='ocrx_word' id='word_1_380' title='bbox 1990 1196 2049 1228; x_wconf 87' lang='lat' dir='ltr'>cla-</span> 
     </span>
     <span class='ocr_line' id='line_1_59' title="bbox 1094 1247 2049 1291; baseline 0.004 -13"><span class='ocrx_word' id='word_1_381' title='bbox 1094 1247 1155 1285; x_wconf 86' lang='lat' dir='ltr'>vis,</span> <span class='ocrx_word' id='word_1_382' title='bbox 1172 1256 1190 1279; x_wconf 86' lang='lat' dir='ltr'>a</span> <span class='ocrx_word' id='word_1_383' title='bbox 1214 1257 1277 1289; x_wconf 85' lang='lat' dir='ltr'>qua</span> <span class='ocrx_word' id='word_1_384' title='bbox 1293 1247 1400 1280; x_wconf 90' lang='lat' dir='ltr'>nullus</span> <span class='ocrx_word' id='word_1_385' title='bbox 1425 1251 1472 1280; x_wconf 88' lang='lat' dir='ltr'>est</span> <span class='ocrx_word' id='word_1_386' title='bbox 1489 1252 1658 1290; x_wconf 82' lang='lat' dir='ltr'>exemptus</span> <span class='ocrx_word' id='word_1_387' title='bbox 1673 1249 1697 1280; x_wconf 73' lang='lat' dir='ltr'>S:</span> <span class='ocrx_word' id='word_1_388' title='bbox 1716 1258 1791 1290; x_wconf 86' lang='lat' dir='ltr'>ergo</span> <span class='ocrx_word' id='word_1_389' title='bbox 1815 1249 1924 1281; x_wconf 90' lang='lat' dir='ltr'>nullus</span> <span class='ocrx_word' id='word_1_390' title='bbox 1947 1253 2049 1291; x_wconf 86' lang='lat' dir='ltr'>potest</span> 
     </span>
     <span class='ocr_line' id='line_1_60' title="bbox 1093 1300 2047 1344; baseline 0.004 -13"><span class='ocrx_word' id='word_1_391' title='bbox 1093 1300 1234 1332; x_wconf 88' lang='lat' dir='ltr'>obtinere</span> <span class='ocrx_word' id='word_1_392' title='bbox 1259 1301 1393 1342; x_wconf 84' lang='lat' dir='ltr'>gratiam</span> <span class='ocrx_word' id='word_1_393' title='bbox 1424 1310 1480 1333; x_wconf 91' lang='lat' dir='ltr'>nec</span> <span class='ocrx_word' id='word_1_394' title='bbox 1516 1302 1633 1334; x_wconf 87' lang='lat' dir='ltr'>habere</span> <span class='ocrx_word' id='word_1_395' title='bbox 1665 1302 1881 1335; x_wconf 84' lang='lat' dir='ltr'>remissionem</span> <span class='ocrx_word' id='word_1_396' title='bbox 1919 1303 2047 1344; x_wconf 80' lang='lat' dir='ltr'>culpae,</span> 
     </span>
     <span class='ocr_line' id='line_1_61' title="bbox 1093 1353 2049 1395; baseline 0.003 -10"><span class='ocrx_word' id='word_1_397' title='bbox 1093 1353 1151 1385; x_wconf 86' lang='lat' dir='ltr'>nisi</span> <span class='ocrx_word' id='word_1_398' title='bbox 1177 1354 1290 1386; x_wconf 86' lang='lat' dir='ltr'>habeat</span> <span class='ocrx_word' id='word_1_399' title='bbox 1315 1363 1371 1395; x_wconf 89' lang='lat' dir='ltr'>per</span> <span class='ocrx_word' id='word_1_400' title='bbox 1395 1355 1613 1387; x_wconf 85' lang='lat' dir='ltr'>auctoritatem</span> <span class='ocrx_word' id='word_1_401' title='bbox 1632 1355 1748 1388; x_wconf 91' lang='lat' dir='ltr'>summi</span> <span class='ocrx_word' id='word_1_402' title='bbox 1773 1355 1927 1388; x_wconf 86' lang='lat' dir='ltr'>Pontificis</span> <span class='ocrx_word' id='word_1_403' title='bbox 1948 1359 1978 1388; x_wconf 88' lang='lat' dir='ltr'>et</span> <span class='ocrx_word' id='word_1_404' title='bbox 2001 1365 2049 1388; x_wconf 89' lang='lat' dir='ltr'>eo-</span> 
     </span>
     <span class='ocr_line' id='line_1_62' title="bbox 1094 1407 2046 1448; baseline 0.003 -10"><span class='ocrx_word' id='word_1_405' title='bbox 1094 1416 1165 1439; x_wconf 86' lang='lat' dir='ltr'>rum</span> <span class='ocrx_word' id='word_1_406' title='bbox 1190 1407 1244 1448; x_wconf 87' lang='lat' dir='ltr'>qui</span> <span class='ocrx_word' id='word_1_407' title='bbox 1269 1407 1300 1439; x_wconf 91' lang='lat' dir='ltr'>in</span> <span class='ocrx_word' id='word_1_408' title='bbox 1325 1408 1384 1440; x_wconf 86' lang='lat' dir='ltr'>hoc</span> <span class='ocrx_word' id='word_1_409' title='bbox 1416 1408 1659 1440; x_wconf 85' lang='lat' dir='ltr'>communicant.</span> <span class='ocrx_word' id='word_1_410' title='bbox 1692 1409 1752 1441; x_wconf 87' lang='lat' dir='ltr'>Sed</span> <span class='ocrx_word' id='word_1_411' title='bbox 1777 1409 1884 1441; x_wconf 89' lang='lat' dir='ltr'>nullus</span> <span class='ocrx_word' id='word_1_412' title='bbox 1916 1409 2046 1441; x_wconf 83' lang='lat' dir='ltr'>absolvi-</span> 
     </span>
     <span class='ocr_line' id='line_1_63' title="bbox 1093 1460 2024 1503; baseline 0.001 -11"><span class='ocrx_word' id='word_1_413' title='bbox 1093 1463 1146 1492; x_wconf 90' lang='lat' dir='ltr'>tur</span> <span class='ocrx_word' id='word_1_414' title='bbox 1170 1469 1187 1491; x_wconf 91' lang='lat' dir='ltr'>a</span> <span class='ocrx_word' id='word_1_415' title='bbox 1212 1460 1374 1493; x_wconf 85' lang='lat' dir='ltr'>sacerdote</span> <span class='ocrx_word' id='word_1_416' title='bbox 1398 1461 1465 1493; x_wconf 91' lang='lat' dir='ltr'>sine</span> <span class='ocrx_word' id='word_1_417' title='bbox 1489 1461 1681 1493; x_wconf 85' lang='lat' dir='ltr'>confessione</span> <span class='ocrx_word' id='word_1_418' title='bbox 1705 1462 1848 1502; x_wconf 85' lang='lat' dir='ltr'>praevia:</span> <span class='ocrx_word' id='word_1_419' title='bbox 1875 1470 1950 1503; x_wconf 87' lang='lat' dir='ltr'>ergo</span> <span class='ocrx_word' id='word_1_420' title='bbox 1967 1465 2024 1494; x_wconf 89' lang='lat' dir='ltr'>etc.</span> 
     </span>
    </p>

    <p class='ocr_par' dir='ltr' id='par_1_22' title="bbox 1092 1514 2049 1758">
     <span class='ocr_line' id='line_1_64' title="bbox 1183 1514 2049 1555; baseline 0.002 -10"><span class='ocrx_word' id='word_1_421' title='bbox 1183 1514 1212 1545; x_wconf 88' lang='grc'>6.</span> <span class='ocrx_word' id='word_1_422' title='bbox 1237 1514 1329 1552; x_wconf 83' lang='grc'><strong>110111,</strong></span> <span class='ocrx_word' id='word_1_423' title='bbox 1354 1514 1544 1555; x_wconf 87' lang='lat' dir='ltr'>poenitentia</span> <span class='ocrx_word' id='word_1_424' title='bbox 1569 1517 1615 1546; x_wconf 89' lang='lat' dir='ltr'>est</span> <span class='ocrx_word' id='word_1_425' title='bbox 1647 1515 1883 1546; x_wconf 80' lang='lat' dir='ltr'>Sacramentum</span> <span class='ocrx_word' id='word_1_426' title='bbox 1910 1524 2049 1547; x_wconf 89' lang='lat' dir='ltr'>necessa-</span> 
     </span>
     <span class='ocr_line' id='line_1_65' title="bbox 1092 1566 2047 1608; baseline 0.002 -10"><span class='ocrx_word' id='word_1_427' title='bbox 1092 1566 1176 1598; x_wconf 92' lang='lat' dir='ltr'>rium</span> <span class='ocrx_word' id='word_1_428' title='bbox 1201 1567 1241 1598; x_wconf 89' lang='lat' dir='ltr'>ad</span> <span class='ocrx_word' id='word_1_429' title='bbox 1259 1566 1408 1606; x_wconf 79' lang='lat' dir='ltr'>salutem,</span> <span class='ocrx_word' id='word_1_430' title='bbox 1433 1575 1508 1608; x_wconf 87' lang='lat' dir='ltr'>ergo</span> <span class='ocrx_word' id='word_1_431' title='bbox 1525 1571 1631 1608; x_wconf 85' lang='lat' dir='ltr'>partes</span> <span class='ocrx_word' id='word_1_432' title='bbox 1655 1567 1723 1599; x_wconf 90' lang='lat' dir='ltr'>eius</span> <span class='ocrx_word' id='word_1_433' title='bbox 1741 1571 1814 1600; x_wconf 87' lang='lat' dir='ltr'>sunt</span> <span class='ocrx_word' id='word_1_434' title='bbox 1838 1568 2047 1607; x_wconf 79' lang='lat' dir='ltr'>necessariae3</span> 
     </span>
     <span class='ocr_line' id='line_1_66' title="bbox 1093 1620 2045 1663; baseline 0.002 -12"><span class='ocrx_word' id='word_1_435' title='bbox 1093 1620 1146 1652; x_wconf 90' lang='lat' dir='ltr'>sed</span> <span class='ocrx_word' id='word_1_436' title='bbox 1172 1620 1289 1661; x_wconf 85' lang='lat' dir='ltr'>prima,</span> <span class='ocrx_word' id='word_1_437' title='bbox 1314 1620 1346 1652; x_wconf 89' lang='lat' dir='ltr'>id</span> <span class='ocrx_word' id='word_1_438' title='bbox 1370 1624 1418 1652; x_wconf 88' lang='lat' dir='ltr'>est</span> <span class='ocrx_word' id='word_1_439' title='bbox 1441 1620 1600 1660; x_wconf 87' lang='lat' dir='ltr'>contritio,</span> <span class='ocrx_word' id='word_1_440' title='bbox 1624 1624 1672 1653; x_wconf 88' lang='lat' dir='ltr'>est</span> <span class='ocrx_word' id='word_1_441' title='bbox 1695 1621 1872 1653; x_wconf 88' lang='lat' dir='ltr'>necessaria</span> <span class='ocrx_word' id='word_1_442' title='bbox 1895 1622 1934 1653; x_wconf 89' lang='lat' dir='ltr'>ad</span> <span class='ocrx_word' id='word_1_443' title='bbox 1960 1621 2045 1663; x_wconf 90' lang='lat' dir='ltr'>impii</span> 
     </span>
     <span class='ocr_line' id='line_1_67' title="bbox 1092 1672 2048 1715; baseline 0.002 -11"><span class='ocrx_word' id='word_1_444' title='bbox 1092 1672 1343 1705; x_wconf 87' lang='lat' dir='ltr'>iustilicationem</span> <span class='ocrx_word' id='word_1_445' title='bbox 1355 1699 1363 1711; x_wconf 85' lang='lat'>,</span> <span class='ocrx_word' id='word_1_446' title='bbox 1380 1676 1415 1705; x_wconf 90' lang='lat' dir='ltr'>ut</span> <span class='ocrx_word' id='word_1_447' title='bbox 1439 1673 1543 1705; x_wconf 86' lang='lat' dir='ltr'>visum</span> <span class='ocrx_word' id='word_1_448' title='bbox 1561 1676 1608 1705; x_wconf 84' lang='lat' dir='ltr'>est</span> <span class='ocrx_word' id='word_1_449' title='bbox 1621 1673 1650 1705; x_wconf 76' lang='lat'>⁹:</span> <span class='ocrx_word' id='word_1_450' title='bbox 1676 1682 1751 1714; x_wconf 84' lang='lat' dir='ltr'>ergo</span> <span class='ocrx_word' id='word_1_451' title='bbox 1767 1673 1835 1715; x_wconf 83' lang='lat' dir='ltr'>pari</span> <span class='ocrx_word' id='word_1_452' title='bbox 1860 1674 1981 1706; x_wconf 88' lang='lat' dir='ltr'>ratione</span> <span class='ocrx_word' id='word_1_453' title='bbox 1998 1683 2048 1706; x_wconf 90' lang='lat' dir='ltr'>ne-</span> 
     </span>
     <span class='ocr_line' id='line_1_68' title="bbox 1092 1725 1482 1758; baseline 0 -1"><span class='ocrx_word' id='word_1_454' title='bbox 1092 1725 1228 1758; x_wconf 82' lang='lat' dir='ltr'>cessaria</span> <span class='ocrx_word' id='word_1_455' title='bbox 1249 1729 1296 1757; x_wconf 90' lang='lat' dir='ltr'>est</span> <span class='ocrx_word' id='word_1_456' title='bbox 1320 1725 1482 1758; x_wconf 82' lang='lat' dir='ltr'>confessio.</span> 
     </span>
    </p>

    <p class='ocr_par' dir='ltr' id='par_1_23' title="bbox 1180 1778 1996 1820">
     <span class='ocr_line' id='line_1_69' title="bbox 1180 1778 1996 1820; baseline 0.001 -11"><span class='ocrx_word' id='word_1_457' title='bbox 1180 1778 1308 1810; x_wconf 76' lang='lat' dir='ltr'>CONTRA</span> <span class='ocrx_word' id='word_1_458' title='bbox 1332 1779 1391 1810; x_wconf 88' lang='lat' dir='ltr'>hoc</span> <span class='ocrx_word' id='word_1_459' title='bbox 1415 1778 1572 1817; x_wconf 84' lang='lat' dir='ltr'>obiicitur,</span> <span class='ocrx_word' id='word_1_460' title='bbox 1597 1778 1678 1810; x_wconf 86' lang='lat' dir='ltr'>sicut</span> <span class='ocrx_word' id='word_1_461' title='bbox 1702 1778 1846 1820; x_wconf 87' lang='lat' dir='ltr'>Magister</span> <span class='ocrx_word' id='word_1_462' title='bbox 1871 1778 1996 1811; x_wconf 87' lang='lat' dir='ltr'>obiicit:</span> 
     </span>
    </p>

    <p class='ocr_par' dir='ltr' id='par_1_24' title="bbox 1089 1831 2208 2033">
     <span class='ocr_line' id='line_1_70' title="bbox 1183 1831 2208 1874; baseline 0.001 -11"><span class='ocrx_word' id='word_1_463' title='bbox 1183 1833 1209 1863; x_wconf 65' lang='lat'>¹1.</span> <span class='ocrx_word' id='word_1_464' title='bbox 1235 1831 1338 1863; x_wconf 86' lang='lat' dir='ltr'>Primo</span> <span class='ocrx_word' id='word_1_465' title='bbox 1373 1832 1560 1864; x_wconf 88' lang='lat' dir='ltr'>auctoritate</span> <span class='ocrx_word' id='word_1_466' title='bbox 1595 1832 1708 1864; x_wconf 87' lang='lat' dir='ltr'>Psalmi</span> <span class='ocrx_word' id='word_1_467' title='bbox 1723 1832 1759 1863; x_wconf 86' lang='lat'>¹⁰:</span> <span class='ocrx_word' id='word_1_468' title='bbox 1795 1832 1896 1870; x_wconf 64' lang='lat' dir='ltr'>Dixi,</span> <span class='ocrx_word' id='word_1_469' title='bbox 1922 1831 2208 1874; x_wconf 70' lang='lat' dir='ltr'>confite-Fundamenta·</span> 
     </span>
     <span class='ocr_line' id='line_1_71' title="bbox 1091 1884 2048 1927; baseline 0.001 -11"><span class='ocrx_word' id='word_1_470' title='bbox 1091 1884 1149 1916; x_wconf 82' lang='lat' dir='ltr'>bor</span> <span class='ocrx_word' id='word_1_471' title='bbox 1173 1888 1249 1923; x_wconf 86' lang='lat' dir='ltr'>etc.;</span> <span class='ocrx_word' id='word_1_472' title='bbox 1267 1884 1489 1917; x_wconf 85' lang='lat' dir='ltr'>Cassiodorus:</span> <span class='ocrx_word' id='word_1_473' title='bbox 1514 1885 1656 1927; x_wconf 87' lang='lat' dir='ltr'>«Magna</span> <span class='ocrx_word' id='word_1_474' title='bbox 1679 1885 1779 1927; x_wconf 86' lang='lat' dir='ltr'>pietas</span> <span class='ocrx_word' id='word_1_475' title='bbox 1803 1886 1876 1923; x_wconf 80' lang='lat' dir='ltr'>Dei,</span> <span class='ocrx_word' id='word_1_476' title='bbox 1898 1885 1983 1927; x_wconf 85' lang='lat' dir='ltr'>quod</span> <span class='ocrx_word' id='word_1_477' title='bbox 2006 1886 2048 1918; x_wconf 88' lang='lat' dir='ltr'>ad</span> 
     </span>
     <span class='ocr_line' id='line_1_72' title="bbox 1090 1937 2046 1979; baseline 0.001 -10"><span class='ocrx_word' id='word_1_478' title='bbox 1090 1937 1189 1970; x_wconf 90' lang='lat' dir='ltr'>solam</span> <span class='ocrx_word' id='word_1_479' title='bbox 1213 1938 1454 1979; x_wconf 82' lang='lat' dir='ltr'>promissionem</span> <span class='ocrx_word' id='word_1_480' title='bbox 1479 1942 1642 1979; x_wconf 87' lang='lat' dir='ltr'>peccatum</span> <span class='ocrx_word' id='word_1_481' title='bbox 1668 1938 1805 1971; x_wconf 87' lang='lat' dir='ltr'>dimittit.</span> <span class='ocrx_word' id='word_1_482' title='bbox 1823 1940 1937 1972; x_wconf 85' lang='lat' dir='ltr'>Votum</span> <span class='ocrx_word' id='word_1_483' title='bbox 1963 1939 2046 1971; x_wconf 90' lang='lat' dir='ltr'>enim</span> 
     </span>
     <span class='ocr_line' id='line_1_73' title="bbox 1089 1991 1582 2033; baseline 0 -10"><span class='ocrx_word' id='word_1_484' title='bbox 1089 2001 1147 2033; x_wconf 89' lang='lat' dir='ltr'>pro</span> <span class='ocrx_word' id='word_1_485' title='bbox 1171 1992 1352 2032; x_wconf 88' lang='lat' dir='ltr'>operatione</span> <span class='ocrx_word' id='word_1_486' title='bbox 1377 1991 1535 2024; x_wconf 86' lang='lat' dir='ltr'>iudicatur</span> <span class='ocrx_word' id='word_1_487' title='bbox 1553 2004 1582 2023; x_wconf 87' lang='lat'>».</span> 
     </span>
    </p>

    <p class='ocr_par' dir='ltr' id='par_1_25' title="bbox 1088 2045 2047 2350">
     <span class='ocr_line' id='line_1_74' title="bbox 1179 2045 2046 2086; baseline 0.001 -10"><span class='ocrx_word' id='word_1_488' title='bbox 1179 2046 1209 2077; x_wconf 71' lang='lat'>⁶2.</span> <span class='ocrx_word' id='word_1_489' title='bbox 1234 2045 1324 2083; x_wconf 89' lang='lat' dir='ltr'>Item,</span> <span class='ocrx_word' id='word_1_490' title='bbox 1340 2045 1535 2086; x_wconf 86' lang='lat' dir='ltr'>Augustinus</span> <span class='ocrx_word' id='word_1_491' title='bbox 1552 2054 1648 2086; x_wconf 89' lang='lat' dir='ltr'>super</span> <span class='ocrx_word' id='word_1_492' title='bbox 1670 2045 1749 2077; x_wconf 87' lang='lat' dir='ltr'>illud</span> <span class='ocrx_word' id='word_1_493' title='bbox 1774 2045 1859 2078; x_wconf 89' lang='lat' dir='ltr'>idem</span> <span class='ocrx_word' id='word_1_494' title='bbox 1872 2045 1909 2077; x_wconf 79' lang='lat'>¹¹:</span> <span class='ocrx_word' id='word_1_495' title='bbox 1933 2046 2046 2077; x_wconf 80' lang='lat' dir='ltr'>«Luce</span> 
     </span>
     <span class='ocr_line' id='line_1_75' title="bbox 1089 2098 2046 2137; baseline 0.001 -8"><span class='ocrx_word' id='word_1_496' title='bbox 1089 2098 1207 2130; x_wconf 85' lang='lat' dir='ltr'>clarius</span> <span class='ocrx_word' id='word_1_497' title='bbox 1231 2101 1368 2137; x_wconf 84' lang='lat' dir='ltr'>constat,</span> <span class='ocrx_word' id='word_1_498' title='bbox 1394 2098 1498 2130; x_wconf 88' lang='lat' dir='ltr'>cordis</span> <span class='ocrx_word' id='word_1_499' title='bbox 1523 2098 1725 2137; x_wconf 82' lang='lat' dir='ltr'>contritione,</span> <span class='ocrx_word' id='word_1_500' title='bbox 1751 2108 1813 2130; x_wconf 90' lang='lat' dir='ltr'>non</span> <span class='ocrx_word' id='word_1_501' title='bbox 1842 2098 1906 2130; x_wconf 87' lang='lat' dir='ltr'>oris</span> <span class='ocrx_word' id='word_1_502' title='bbox 1931 2099 2046 2131; x_wconf 81' lang='lat' dir='ltr'>conses-</span> 
     </span>
     <span class='ocr_line' id='line_1_76' title="bbox 1089 2151 2047 2192; baseline 0.001 -9"><span class='ocrx_word' id='word_1_503' title='bbox 1089 2151 1190 2189; x_wconf 79' lang='lat' dir='ltr'>sione,</span> <span class='ocrx_word' id='word_1_504' title='bbox 1215 2154 1342 2192; x_wconf 86' lang='lat' dir='ltr'>peccata</span> <span class='ocrx_word' id='word_1_505' title='bbox 1366 2151 1481 2183; x_wconf 86' lang='lat' dir='ltr'>dimitti</span> <span class='ocrx_word' id='word_1_506' title='bbox 1494 2163 1529 2190; x_wconf 65' lang='grc' dir='ltr'>»ς</span> <span class='ocrx_word' id='word_1_507' title='bbox 1555 2151 1609 2184; x_wconf 87' lang='lat' dir='ltr'>sed</span> <span class='ocrx_word' id='word_1_508' title='bbox 1634 2151 1814 2184; x_wconf 82' lang='lat' dir='ltr'>justificatio</span> <span class='ocrx_word' id='word_1_509' title='bbox 1838 2155 1885 2184; x_wconf 89' lang='lat' dir='ltr'>est</span> <span class='ocrx_word' id='word_1_510' title='bbox 1910 2151 1966 2190; x_wconf 76' lang='lat' dir='ltr'>ihi,</span> <span class='ocrx_word' id='word_1_511' title='bbox 1991 2152 2047 2184; x_wconf 89' lang='lat' dir='ltr'>ubi</span> 
     </span>
     <span class='ocr_line' id='line_1_77' title="bbox 1089 2204 2047 2246; baseline 0.001 -10"><span class='ocrx_word' id='word_1_512' title='bbox 1089 2207 1135 2236; x_wconf 89' lang='lat' dir='ltr'>est</span> <span class='ocrx_word' id='word_1_513' title='bbox 1160 2204 1277 2245; x_wconf 84' lang='lat' dir='ltr'>peccati</span> <span class='ocrx_word' id='word_1_514' title='bbox 1303 2204 1460 2236; x_wconf 87' lang='lat' dir='ltr'>dimissio:</span> <span class='ocrx_word' id='word_1_515' title='bbox 1486 2214 1561 2246; x_wconf 89' lang='lat' dir='ltr'>ergo</span> <span class='ocrx_word' id='word_1_516' title='bbox 1586 2204 1652 2237; x_wconf 90' lang='lat' dir='ltr'>sine</span> <span class='ocrx_word' id='word_1_517' title='bbox 1677 2204 1870 2237; x_wconf 81' lang='lat' dir='ltr'>consessione</span> <span class='ocrx_word' id='word_1_518' title='bbox 1891 2208 1938 2237; x_wconf 84' lang='lat' dir='ltr'>est</span> <span class='ocrx_word' id='word_1_519' title='bbox 1962 2204 2047 2237; x_wconf 90' lang='lat' dir='ltr'>iusti-</span> 
     </span>
     <span class='ocr_line' id='line_1_78' title="bbox 1088 2257 2046 2296; baseline 0.002 -8"><span class='ocrx_word' id='word_1_520' title='bbox 1088 2257 1208 2296; x_wconf 81' lang='lat' dir='ltr'>ficatio.</span> <span class='ocrx_word' id='word_1_521' title='bbox 1226 2260 1256 2289; x_wconf 90' lang='lat' dir='ltr'>et</span> <span class='ocrx_word' id='word_1_522' title='bbox 1280 2257 1324 2290; x_wconf 92' lang='lat' dir='ltr'>sic</span> <span class='ocrx_word' id='word_1_523' title='bbox 1349 2261 1406 2290; x_wconf 90' lang='lat' dir='ltr'>etc.</span> <span class='ocrx_word' id='word_1_524' title='bbox 1424 2277 1467 2280; x_wconf 85' lang='lat'>—</span> <span class='ocrx_word' id='word_1_525' title='bbox 1483 2258 1526 2290; x_wconf 90' lang='lat' dir='ltr'>Ad</span> <span class='ocrx_word' id='word_1_526' title='bbox 1544 2258 1603 2290; x_wconf 87' lang='lat' dir='ltr'>hoc</span> <span class='ocrx_word' id='word_1_527' title='bbox 1627 2258 1721 2290; x_wconf 86' lang='lat' dir='ltr'>etiam</span> <span class='ocrx_word' id='word_1_528' title='bbox 1746 2262 1820 2290; x_wconf 89' lang='lat' dir='ltr'>sunt</span> <span class='ocrx_word' id='word_1_529' title='bbox 1843 2259 2046 2290; x_wconf 88' lang='lat' dir='ltr'>auctoritates</span> 
     </span>
     <span class='ocr_line' id='line_1_79' title="bbox 1088 2300 1571 2350; baseline 0.004 -9"><span class='ocrx_word' id='word_1_530' title='bbox 1088 2310 1227 2350; x_wconf 82' lang='lat' dir='ltr'>Magistri</span> <span class='ocrx_word' id='word_1_531' title='bbox 1251 2310 1282 2342; x_wconf 87' lang='lat' dir='ltr'>in</span> <span class='ocrx_word' id='word_1_532' title='bbox 1308 2310 1412 2343; x_wconf 88' lang='lat' dir='ltr'>littera</span> <span class='ocrx_word' id='word_1_533' title='bbox 1427 2310 1461 2342; x_wconf 80' lang='lat'>¹².</span> <span class='ocrx_word' id='word_1_534' title='bbox 1556 2300 1571 2308; x_wconf 31' lang='grc' dir='ltr'>χ</span> 
     </span>
    </p>

    <p class='ocr_par' dir='ltr' id='par_1_26' title="bbox 1087 2363 2045 2564">
     <span class='ocr_line' id='line_1_80' title="bbox 1179 2363 2044 2407; baseline 0.003 -12"><span class='ocrx_word' id='word_1_535' title='bbox 1179 2363 1208 2394; x_wconf 79' lang='lat'>3.</span> <span class='ocrx_word' id='word_1_536' title='bbox 1234 2363 1309 2396; x_wconf 86' lang='lat' dir='ltr'>item</span> <span class='ocrx_word' id='word_1_537' title='bbox 1320 2389 1328 2402; x_wconf 88' lang='lat'>,</span> <span class='ocrx_word' id='word_1_538' title='bbox 1345 2364 1475 2396; x_wconf 75' lang='lat' dir='ltr'>ratione</span> <span class='ocrx_word' id='word_1_539' title='bbox 1491 2364 1633 2397; x_wconf 88' lang='lat' dir='ltr'>videtur:</span> <span class='ocrx_word' id='word_1_540' title='bbox 1660 2365 1734 2407; x_wconf 84' lang='lat' dir='ltr'>quia</span> <span class='ocrx_word' id='word_1_541' title='bbox 1750 2365 1879 2407; x_wconf 88' lang='lat' dir='ltr'>pronior</span> <span class='ocrx_word' id='word_1_542' title='bbox 1896 2369 1943 2398; x_wconf 89' lang='lat' dir='ltr'>est</span> <span class='ocrx_word' id='word_1_543' title='bbox 1960 2366 2044 2398; x_wconf 89' lang='lat' dir='ltr'>Deus</span> 
     </span>
     <span class='ocr_line' id='line_1_81' title="bbox 1087 2415 2045 2458; baseline 0.003 -11"><span class='ocrx_word' id='word_1_544' title='bbox 1087 2416 1128 2448; x_wconf 89' lang='lat' dir='ltr'>ad</span> <span class='ocrx_word' id='word_1_545' title='bbox 1154 2415 1370 2448; x_wconf 87' lang='lat' dir='ltr'>miserandum</span> <span class='ocrx_word' id='word_1_546' title='bbox 1388 2426 1483 2458; x_wconf 88' lang='lat' dir='ltr'>quam</span> <span class='ocrx_word' id='word_1_547' title='bbox 1500 2417 1538 2449; x_wconf 84' lang='lat' dir='ltr'>ad</span> <span class='ocrx_word' id='word_1_548' title='bbox 1558 2417 1834 2450; x_wconf 85' lang='lat' dir='ltr'>condemnandum</span> <span class='ocrx_word' id='word_1_549' title='bbox 1849 2418 1889 2457; x_wconf 76' lang='lat'>¹³3</span> <span class='ocrx_word' id='word_1_550' title='bbox 1906 2419 1961 2451; x_wconf 86' lang='lat' dir='ltr'>sed</span> <span class='ocrx_word' id='word_1_551' title='bbox 1979 2418 2045 2450; x_wconf 91' lang='lat' dir='ltr'>solo</span> 
     </span>
     <span class='ocr_line' id='line_1_82' title="bbox 1087 2469 2045 2512; baseline 0.003 -12"><span class='ocrx_word' id='word_1_552' title='bbox 1087 2472 1159 2500; x_wconf 85' lang='lat' dir='ltr'>actu</span> <span class='ocrx_word' id='word_1_553' title='bbox 1178 2469 1282 2502; x_wconf 86' lang='lat' dir='ltr'>cordis</span> <span class='ocrx_word' id='word_1_554' title='bbox 1297 2473 1505 2502; x_wconf 84' lang='lat' dir='ltr'>consentaneo</span> <span class='ocrx_word' id='word_1_555' title='bbox 1519 2470 1678 2502; x_wconf 87' lang='lat' dir='ltr'>subtrahit</span> <span class='ocrx_word' id='word_1_556' title='bbox 1691 2471 1838 2511; x_wconf 87' lang='lat' dir='ltr'>gratiam:</span> <span class='ocrx_word' id='word_1_557' title='bbox 1856 2479 1931 2512; x_wconf 88' lang='lat' dir='ltr'>ergo</span> <span class='ocrx_word' id='word_1_558' title='bbox 1945 2471 2045 2503; x_wconf 89' lang='lat' dir='ltr'>multo</span> 
     </span>
     <span class='ocr_line' id='line_1_83' title="bbox 1087 2521 1738 2564; baseline 0.002 -11"><span class='ocrx_word' id='word_1_559' title='bbox 1087 2521 1200 2553; x_wconf 90' lang='lat' dir='ltr'>fortius</span> <span class='ocrx_word' id='word_1_560' title='bbox 1224 2526 1295 2554; x_wconf 86' lang='lat' dir='ltr'>actu</span> <span class='ocrx_word' id='word_1_561' title='bbox 1321 2523 1425 2554; x_wconf 88' lang='lat' dir='ltr'>cordis</span> <span class='ocrx_word' id='word_1_562' title='bbox 1449 2526 1576 2564; x_wconf 81' lang='lat' dir='ltr'>peccata</span> <span class='ocrx_word' id='word_1_563' title='bbox 1601 2523 1738 2555; x_wconf 85' lang='lat' dir='ltr'>dimittit.</span> 
     </span>
    </p>
   </div>
   <div class='ocr_carea' id='block_1_14' title="bbox 767 2641 1347 2646">
    <p class='ocr_par' dir='ltr' id='par_1_27' title="bbox 767 2641 1347 2646">
     <span class='ocr_line' id='line_1_84' title="bbox 767 2641 1347 2646; baseline 0 0"><span class='ocrx_word' id='word_1_564' title='bbox 767 2641 1347 2646; x_wconf 95' lang='lat' dir='ltr'> </span> 
     </span>
    </p>
   </div>
   <div class='ocr_carea' id='block_1_15' title="bbox 72 2717 1024 3413">
    <p class='ocr_par' dir='ltr' id='par_1_28' title="bbox 72 2717 1024 2834">
     <span class='ocr_line' id='line_1_85' title="bbox 140 2717 1022 2751; baseline -0.003 -6"><span class='ocrx_word' id='word_1_565' title='bbox 140 2719 148 2735; x_wconf 83' lang='lat'>¹</span> <span class='ocrx_word' id='word_1_566' title='bbox 169 2719 219 2745; x_wconf 81' lang='lat' dir='ltr'>Ct&#39;r.</span> <span class='ocrx_word' id='word_1_567' title='bbox 240 2727 319 2751; x_wconf 84' lang='lat' dir='ltr'>supra</span> <span class='ocrx_word' id='word_1_568' title='bbox 349 2719 373 2744; x_wconf 83' lang='lat' dir='ltr'>d.</span> <span class='ocrx_word' id='word_1_569' title='bbox 404 2719 441 2743; x_wconf 76' lang='grc'>14.</span> <span class='ocrx_word' id='word_1_570' title='bbox 464 2726 488 2750; x_wconf 87' lang='lat' dir='ltr'>p.</span> <span class='ocrx_word' id='word_1_571' title='bbox 509 2719 524 2743; x_wconf 89' lang='grc'>1.</span> <span class='ocrx_word' id='word_1_572' title='bbox 546 2725 568 2743; x_wconf 80' lang='lat' dir='ltr'>a.</span> <span class='ocrx_word' id='word_1_573' title='bbox 589 2719 612 2742; x_wconf 73' lang='lat'>⁶2.</span> <span class='ocrx_word' id='word_1_574' title='bbox 633 2725 658 2750; x_wconf 74' lang='lat'>(1.</span> <span class='ocrx_word' id='word_1_575' title='bbox 680 2719 702 2742; x_wconf 74' lang='lat'>2.</span> <span class='ocrx_word' id='word_1_576' title='bbox 724 2725 778 2750; x_wconf 78' lang='lat' dir='ltr'>seq.</span> <span class='ocrx_word' id='word_1_577' title='bbox 798 2720 823 2742; x_wconf 88' lang='lat' dir='ltr'>et</span> <span class='ocrx_word' id='word_1_578' title='bbox 841 2717 866 2742; x_wconf 83' lang='lat' dir='ltr'>d.</span> <span class='ocrx_word' id='word_1_579' title='bbox 892 2718 928 2742; x_wconf 87' lang='lat'>16.</span> <span class='ocrx_word' id='word_1_580' title='bbox 955 2724 980 2748; x_wconf 88' lang='lat' dir='ltr'>p.</span> <span class='ocrx_word' id='word_1_581' title='bbox 1008 2718 1022 2742; x_wconf 93' lang='lat' dir='ltr'>l.</span> 
     </span>
     <span class='ocr_line' id='line_1_86' title="bbox 73 2760 1024 2796; baseline -0.002 -8"><span class='ocrx_word' id='word_1_582' title='bbox 73 2770 93 2788; x_wconf 85' lang='grc'>0.</span> <span class='ocrx_word' id='word_1_583' title='bbox 114 2764 135 2788; x_wconf 84' lang='lat' dir='ltr'>l.</span> <span class='ocrx_word' id='word_1_584' title='bbox 156 2771 179 2796; x_wconf 88' lang='lat' dir='ltr'>q.</span> <span class='ocrx_word' id='word_1_585' title='bbox 201 2765 223 2789; x_wconf 77' lang='grc' dir='ltr'>ι1.</span> <span class='ocrx_word' id='word_1_586' title='bbox 244 2778 278 2782; x_wconf 79' lang='lat'>—-</span> <span class='ocrx_word' id='word_1_587' title='bbox 297 2763 360 2788; x_wconf 85' lang='lat' dir='ltr'>Edd.</span> <span class='ocrx_word' id='word_1_588' title='bbox 381 2762 644 2789; x_wconf 73' lang='lat' dir='ltr'>consmumalt&#39;onem.</span> <span class='ocrx_word' id='word_1_589' title='bbox 666 2762 792 2793; x_wconf 82' lang='lat' dir='ltr'>Superius</span> <span class='ocrx_word' id='word_1_590' title='bbox 816 2766 874 2792; x_wconf 82' lang='lat' dir='ltr'>post</span> <span class='ocrx_word' id='word_1_591' title='bbox 900 2761 973 2786; x_wconf 71' lang='lat' dir='ltr'>Unde</span> <span class='ocrx_word' id='word_1_592' title='bbox 993 2760 1024 2787; x_wconf 76' lang='lat' dir='ltr'>ti-</span> 
     </span>
     <span class='ocr_line' id='line_1_87' title="bbox 72 2806 541 2834; baseline -0.002 -2"><span class='ocrx_word' id='word_1_593' title='bbox 72 2813 130 2833; x_wconf 83' lang='lat' dir='ltr'>mor</span> <span class='ocrx_word' id='word_1_594' title='bbox 150 2808 204 2833; x_wconf 83' lang='lat' dir='ltr'>Vat.</span> <span class='ocrx_word' id='word_1_595' title='bbox 225 2808 296 2833; x_wconf 85' lang='lat' dir='ltr'>addit</span> <span class='ocrx_word' id='word_1_596' title='bbox 314 2807 412 2834; x_wconf 74' lang='lat' dir='ltr'>scilieet</span> <span class='ocrx_word' id='word_1_597' title='bbox 430 2806 541 2832; x_wconf 70' lang='lat' dir='ltr'>sert-ilis.</span> 
     </span>
    </p>

    <p class='ocr_par' dir='ltr' id='par_1_29' title="bbox 74 2850 1024 2928">
     <span class='ocr_line' id='line_1_88' title="bbox 140 2850 1024 2882; baseline -0.003 -5"><span class='ocrx_word' id='word_1_598' title='bbox 140 2851 150 2867; x_wconf 81' lang='lat'><strong>2</strong></span> <span class='ocrx_word' id='word_1_599' title='bbox 170 2852 200 2876; x_wconf 85' lang='lat' dir='ltr'>Ut</span> <span class='ocrx_word' id='word_1_600' title='bbox 219 2856 351 2877; x_wconf 84' lang='lat' dir='ltr'>ostensum</span> <span class='ocrx_word' id='word_1_601' title='bbox 371 2854 409 2876; x_wconf 86' lang='lat' dir='ltr'>est</span> <span class='ocrx_word' id='word_1_602' title='bbox 429 2851 465 2876; x_wconf 91' lang='grc'><strong>111.</strong></span> <span class='ocrx_word' id='word_1_603' title='bbox 487 2852 555 2876; x_wconf 80' lang='lat' dir='ltr'>Sent.</span> <span class='ocrx_word' id='word_1_604' title='bbox 576 2850 601 2875; x_wconf 92' lang='lat' dir='ltr'>d.</span> <span class='ocrx_word' id='word_1_605' title='bbox 622 2851 660 2875; x_wconf 79' lang='lat'>23.</span> <span class='ocrx_word' id='word_1_606' title='bbox 685 2857 706 2875; x_wconf 89' lang='lat' dir='ltr'>a.</span> <span class='ocrx_word' id='word_1_607' title='bbox 732 2850 751 2874; x_wconf 93' lang='grc'>1.</span> <span class='ocrx_word' id='word_1_608' title='bbox 773 2857 797 2882; x_wconf 87' lang='lat' dir='ltr'>q.</span> <span class='ocrx_word' id='word_1_609' title='bbox 819 2850 842 2874; x_wconf 59' lang='grc'>11.</span> <span class='ocrx_word' id='word_1_610' title='bbox 862 2850 887 2874; x_wconf 88' lang='grc'>111</span> <span class='ocrx_word' id='word_1_611' title='bbox 908 2856 978 2881; x_wconf 88' lang='lat' dir='ltr'>corp.</span> <span class='ocrx_word' id='word_1_612' title='bbox 999 2852 1024 2875; x_wconf 89' lang='lat' dir='ltr'>et</span> 
     </span>
     <span class='ocr_line' id='line_1_89' title="bbox 74 2894 842 2928; baseline 0 -9"><span class='ocrx_word' id='word_1_613' title='bbox 74 2894 97 2920; x_wconf 92' lang='lat' dir='ltr'>d.</span> <span class='ocrx_word' id='word_1_614' title='bbox 117 2895 157 2920; x_wconf 80' lang='lat'>27.</span> <span class='ocrx_word' id='word_1_615' title='bbox 177 2903 199 2920; x_wconf 87' lang='grc'>0.</span> <span class='ocrx_word' id='word_1_616' title='bbox 220 2897 243 2921; x_wconf 79' lang='lat'>2.</span> <span class='ocrx_word' id='word_1_617' title='bbox 265 2904 289 2928; x_wconf 79' lang='lat' dir='ltr'>q.</span> <span class='ocrx_word' id='word_1_618' title='bbox 314 2897 333 2921; x_wconf 90' lang='grc'>1.</span> <span class='ocrx_word' id='word_1_619' title='bbox 349 2910 383 2913; x_wconf 78' lang='lat'><em>—</em></span> <span class='ocrx_word' id='word_1_620' title='bbox 396 2896 460 2921; x_wconf 81' lang='lat' dir='ltr'>{ntra</span> <span class='ocrx_word' id='word_1_621' title='bbox 480 2895 539 2920; x_wconf 85' lang='lat' dir='ltr'>edd.</span> <span class='ocrx_word' id='word_1_622' title='bbox 557 2895 647 2928; x_wconf 72' lang='lat' dir='ltr'>primo</span> <span class='ocrx_word' id='word_1_623' title='bbox 666 2894 842 2921; x_wconf 78' lang='lat' dir='ltr'>necessarius.</span> 
     </span>
    </p>

    <p class='ocr_par' dir='ltr' id='par_1_30' title="bbox 73 2938 1023 3016">
     <span class='ocr_line' id='line_1_90' title="bbox 144 2938 1023 2972; baseline -0.002 -7"><span class='ocrx_word' id='word_1_624' title='bbox 144 2939 154 2955; x_wconf 76' lang='lat'><strong>³</strong></span> <span class='ocrx_word' id='word_1_625' title='bbox 171 2939 220 2965; x_wconf 78' lang='lat' dir='ltr'>Cfr.</span> <span class='ocrx_word' id='word_1_626' title='bbox 241 2947 318 2972; x_wconf 83' lang='lat' dir='ltr'>supra</span> <span class='ocrx_word' id='word_1_627' title='bbox 340 2948 398 2972; x_wconf 80' lang='lat' dir='ltr'>pag.</span> <span class='ocrx_word' id='word_1_628' title='bbox 424 2941 462 2971; x_wconf 77' lang='grc'>19,</span> <span class='ocrx_word' id='word_1_629' title='bbox 484 2944 543 2965; x_wconf 83' lang='grc'><strong>11010</strong></span> <span class='ocrx_word' id='word_1_630' title='bbox 563 2940 587 2964; x_wconf 86' lang='grc'>7.</span> <span class='ocrx_word' id='word_1_631' title='bbox 608 2954 641 2957; x_wconf 88' lang='lat'>—</span> <span class='ocrx_word' id='word_1_632' title='bbox 662 2939 727 2965; x_wconf 86' lang='lat' dir='ltr'>Vide</span> <span class='ocrx_word' id='word_1_633' title='bbox 746 2939 861 2964; x_wconf 80' lang='lat' dir='ltr'>scholion</span> <span class='ocrx_word' id='word_1_634' title='bbox 881 2938 914 2963; x_wconf 86' lang='lat' dir='ltr'>ad</span> <span class='ocrx_word' id='word_1_635' title='bbox 939 2939 958 2963; x_wconf 93' lang='grc'>1.</span> <span class='ocrx_word' id='word_1_636' title='bbox 979 2940 1023 2964; x_wconf 87' lang='grc'><strong>1111-</strong></span> 
     </span>
     <span class='ocr_line' id='line_1_91' title="bbox 73 2982 344 3016; baseline 0.007 -10"><span class='ocrx_word' id='word_1_637' title='bbox 73 2982 111 3007; x_wconf 87' lang='lat' dir='ltr'>ius</span> <span class='ocrx_word' id='word_1_638' title='bbox 129 2983 226 3008; x_wconf 82' lang='lat' dir='ltr'>articuli</span> <span class='ocrx_word' id='word_1_639' title='bbox 246 2986 344 3016; x_wconf 84' lang='lat' dir='ltr'>quaest.</span> 
     </span>
    </p>

    <p class='ocr_par' dir='ltr' id='par_1_31' title="bbox 73 3026 1022 3103">
     <span class='ocr_line' id='line_1_92' title="bbox 141 3026 1022 3058; baseline -0.001 -6"><span class='ocrx_word' id='word_1_640' title='bbox 141 3026 151 3043; x_wconf 76' lang='lat'>4</span> <span class='ocrx_word' id='word_1_641' title='bbox 172 3028 243 3053; x_wconf 87' lang='lat' dir='ltr'>Vers.</span> <span class='ocrx_word' id='word_1_642' title='bbox 270 3029 306 3052; x_wconf 83' lang='lat'>13.</span> <span class='ocrx_word' id='word_1_643' title='bbox 321 3042 353 3046; x_wconf 87' lang='lat'><strong>—</strong></span> <span class='ocrx_word' id='word_1_644' title='bbox 368 3028 484 3053; x_wconf 80' lang='lat' dir='ltr'>Definitio</span> <span class='ocrx_word' id='word_1_645' title='bbox 498 3029 608 3053; x_wconf 87' lang='lat' dir='ltr'>iustitiae</span> <span class='ocrx_word' id='word_1_646' title='bbox 622 3028 729 3052; x_wconf 76' lang='lat' dir='ltr'>iuferius</span> <span class='ocrx_word' id='word_1_647' title='bbox 751 3027 823 3052; x_wconf 81' lang='lat' dir='ltr'>allata</span> <span class='ocrx_word' id='word_1_648' title='bbox 843 3030 882 3052; x_wconf 85' lang='lat' dir='ltr'>est</span> <span class='ocrx_word' id='word_1_649' title='bbox 901 3027 1022 3058; x_wconf 81' lang='lat' dir='ltr'>Ansclmi,</span> 
     </span>
     <span class='ocr_line' id='line_1_93' title="bbox 73 3069 465 3103; baseline 0.005 -9"><span class='ocrx_word' id='word_1_650' title='bbox 73 3069 168 3102; x_wconf 81' lang='lat' dir='ltr'>Dialog.</span> <span class='ocrx_word' id='word_1_651' title='bbox 190 3072 221 3096; x_wconf 89' lang='lat' dir='ltr'>de</span> <span class='ocrx_word' id='word_1_652' title='bbox 239 3073 359 3103; x_wconf 77' lang='lat' dir='ltr'>veritate,</span> <span class='ocrx_word' id='word_1_653' title='bbox 380 3079 400 3097; x_wconf 90' lang='lat' dir='ltr'>c.</span> <span class='ocrx_word' id='word_1_654' title='bbox 428 3073 465 3096; x_wconf 76' lang='lat'>12.</span> 
     </span>
    </p>

    <p class='ocr_par' dir='ltr' id='par_1_32' title="bbox 73 3115 1023 3237">
     <span class='ocr_line' id='line_1_94' title="bbox 141 3115 1023 3147; baseline -0.002 -6"><span class='ocrx_word' id='word_1_655' title='bbox 141 3115 151 3131; x_wconf 82' lang='lat'><strong>5</strong></span> <span class='ocrx_word' id='word_1_656' title='bbox 172 3116 244 3141; x_wconf 87' lang='lat' dir='ltr'>Vers.</span> <span class='ocrx_word' id='word_1_657' title='bbox 266 3117 306 3141; x_wconf 75' lang='lat'>26.</span> <span class='ocrx_word' id='word_1_658' title='bbox 328 3130 360 3134; x_wconf 79' lang='lat'>—-</span> <span class='ocrx_word' id='word_1_659' title='bbox 380 3116 514 3147; x_wconf 66' lang='lat' dir='ltr'>Animos,</span> <span class='ocrx_word' id='word_1_660' title='bbox 535 3115 568 3140; x_wconf 90' lang='lat' dir='ltr'>de</span> <span class='ocrx_word' id='word_1_661' title='bbox 589 3115 722 3146; x_wconf 73' lang='lat' dir='ltr'>Paradiso,</span> <span class='ocrx_word' id='word_1_662' title='bbox 743 3122 763 3140; x_wconf 87' lang='lat' dir='ltr'>c.</span> <span class='ocrx_word' id='word_1_663' title='bbox 786 3115 826 3140; x_wconf 70' lang='lat' dir='ltr'>M.</span> <span class='ocrx_word' id='word_1_664' title='bbox 847 3122 871 3139; x_wconf 91' lang='lat' dir='ltr'>n.</span> <span class='ocrx_word' id='word_1_665' title='bbox 889 3115 931 3139; x_wconf 88' lang='grc'><strong>71.</strong></span> <span class='ocrx_word' id='word_1_666' title='bbox 946 3115 1023 3147; x_wconf 87' lang='lat' dir='ltr'>(Vide</span> 
     </span>
     <span class='ocr_line' id='line_1_95' title="bbox 73 3158 1023 3192; baseline 0.002 -10"><span class='ocrx_word' id='word_1_667' title='bbox 73 3158 114 3183; x_wconf 87' lang='lat' dir='ltr'>hic</span> <span class='ocrx_word' id='word_1_668' title='bbox 131 3159 164 3184; x_wconf 93' lang='lat' dir='ltr'>lit.</span> <span class='ocrx_word' id='word_1_669' title='bbox 184 3160 308 3191; x_wconf 73' lang='lat' dir='ltr'>Magistri,</span> <span class='ocrx_word' id='word_1_670' title='bbox 330 3167 351 3185; x_wconf 85' lang='lat' dir='ltr'>c.</span> <span class='ocrx_word' id='word_1_671' title='bbox 374 3161 423 3192; x_wconf 70' lang='lat' dir='ltr'>l.);</span> <span class='ocrx_word' id='word_1_672' title='bbox 445 3160 563 3191; x_wconf 86' lang='lat' dir='ltr'>Origen.,</span> <span class='ocrx_word' id='word_1_673' title='bbox 593 3160 617 3184; x_wconf 91' lang='lat' dir='ltr'>in</span> <span class='ocrx_word' id='word_1_674' title='bbox 647 3160 727 3185; x_wconf 79' lang='lat' dir='ltr'>Levit.</span> <span class='ocrx_word' id='word_1_675' title='bbox 747 3159 836 3184; x_wconf 87' lang='lat' dir='ltr'>homil.</span> <span class='ocrx_word' id='word_1_676' title='bbox 856 3160 879 3184; x_wconf 86' lang='lat'>3.</span> <span class='ocrx_word' id='word_1_677' title='bbox 900 3166 924 3184; x_wconf 92' lang='lat' dir='ltr'>n.</span> <span class='ocrx_word' id='word_1_678' title='bbox 945 3158 968 3184; x_wconf 73' lang='lat'>4..</span> <span class='ocrx_word' id='word_1_679' title='bbox 988 3173 1023 3178; x_wconf 91' lang='lat'>—</span> 
     </span>
     <span class='ocr_line' id='line_1_96' title="bbox 74 3201 578 3237; baseline 0.004 -11"><span class='ocrx_word' id='word_1_680' title='bbox 74 3201 120 3227; x_wconf 83' lang='lat' dir='ltr'>Pro</span> <span class='ocrx_word' id='word_1_681' title='bbox 141 3202 267 3236; x_wconf 64' lang='lat' dir='ltr'>Origenes</span> <span class='ocrx_word' id='word_1_682' title='bbox 287 3204 343 3229; x_wconf 89' lang='lat' dir='ltr'>cod.</span> <span class='ocrx_word' id='word_1_683' title='bbox 364 3205 381 3228; x_wconf 95' lang='lat' dir='ltr'>Z</span> <span class='ocrx_word' id='word_1_684' title='bbox 402 3203 578 3237; x_wconf 63' lang='lat' dir='ltr'>Augustinus.</span> 
     </span>
    </p>

    <p class='ocr_par' dir='ltr' id='par_1_33' title="bbox 142 3246 623 3280">
     <span class='ocr_line' id='line_1_97' title="bbox 142 3246 623 3280; baseline -0.002 -7"><span class='ocrx_word' id='word_1_685' title='bbox 142 3246 152 3263; x_wconf 77' lang='lat'><strong>⁶</strong></span> <span class='ocrx_word' id='word_1_686' title='bbox 172 3248 236 3273; x_wconf 88' lang='lat' dir='ltr'>Vide</span> <span class='ocrx_word' id='word_1_687' title='bbox 255 3255 332 3280; x_wconf 81' lang='lat' dir='ltr'>supra</span> <span class='ocrx_word' id='word_1_688' title='bbox 354 3256 414 3280; x_wconf 86' lang='lat' dir='ltr'>pag.</span> <span class='ocrx_word' id='word_1_689' title='bbox 435 3248 499 3279; x_wconf 70' lang='grc'><strong>411,</strong></span> <span class='ocrx_word' id='word_1_690' title='bbox 521 3252 579 3273; x_wconf 85' lang='grc'><strong>11010</strong></span> <span class='ocrx_word' id='word_1_691' title='bbox 600 3248 623 3272; x_wconf 88' lang='grc'>3.</span> 
     </span>
    </p>

    <p class='ocr_par' dir='ltr' id='par_1_34' title="bbox 142 3290 839 3323">
     <span class='ocr_line' id='line_1_98' title="bbox 142 3290 839 3323; baseline 0 -7"><span class='ocrx_word' id='word_1_692' title='bbox 142 3290 153 3307; x_wconf 87' lang='grc'><strong>7</strong></span> <span class='ocrx_word' id='word_1_693' title='bbox 172 3290 233 3322; x_wconf 87' lang='lat' dir='ltr'>Cap.</span> <span class='ocrx_word' id='word_1_694' title='bbox 258 3292 294 3317; x_wconf 81' lang='grc'>14.</span> <span class='ocrx_word' id='word_1_695' title='bbox 315 3299 338 3317; x_wconf 91' lang='grc'>11.</span> <span class='ocrx_word' id='word_1_696' title='bbox 359 3293 400 3317; x_wconf 87' lang='grc'>71.</span> <span class='ocrx_word' id='word_1_697' title='bbox 422 3292 487 3317; x_wconf 87' lang='lat' dir='ltr'>Vide</span> <span class='ocrx_word' id='word_1_698' title='bbox 507 3293 548 3316; x_wconf 89' lang='grc'><strong>1110</strong></span> <span class='ocrx_word' id='word_1_699' title='bbox 567 3292 601 3317; x_wconf 88' lang='grc'><strong>111.</strong></span> <span class='ocrx_word' id='word_1_700' title='bbox 622 3292 751 3323; x_wconf 83' lang='lat' dir='ltr'>Magistri,</span> <span class='ocrx_word' id='word_1_701' title='bbox 773 3298 794 3317; x_wconf 86' lang='lat' dir='ltr'>c.</span> <span class='ocrx_word' id='word_1_702' title='bbox 817 3292 839 3316; x_wconf 84' lang='grc'>1,</span> 
     </span>
    </p>

    <p class='ocr_par' dir='ltr' id='par_1_35' title="bbox 143 3333 717 3368">
     <span class='ocr_line' id='line_1_99' title="bbox 143 3333 717 3368; baseline 0 -8"><span class='ocrx_word' id='word_1_703' title='bbox 143 3333 154 3350; x_wconf 72' lang='lat'><strong>3</strong></span> <span class='ocrx_word' id='word_1_704' title='bbox 172 3334 221 3360; x_wconf 81' lang='lat' dir='ltr'>Csr.</span> <span class='ocrx_word' id='word_1_705' title='bbox 242 3336 325 3361; x_wconf 86' lang='lat' dir='ltr'>Matth.</span> <span class='ocrx_word' id='word_1_706' title='bbox 348 3337 393 3368; x_wconf 78' lang='lat' dir='ltr'>lG,</span> <span class='ocrx_word' id='word_1_707' title='bbox 419 3337 456 3361; x_wconf 81' lang='grc'>19.</span> <span class='ocrx_word' id='word_1_708' title='bbox 475 3340 499 3362; x_wconf 89' lang='lat' dir='ltr'>et</span> <span class='ocrx_word' id='word_1_709' title='bbox 519 3337 586 3361; x_wconf 86' lang='lat' dir='ltr'>ioan.</span> <span class='ocrx_word' id='word_1_710' title='bbox 608 3336 654 3367; x_wconf 74' lang='lat'>20,</span> <span class='ocrx_word' id='word_1_711' title='bbox 676 3336 717 3361; x_wconf 76' lang='lat'>23.</span> 
     </span>
    </p>

    <p class='ocr_par' dir='ltr' id='par_1_36' title="bbox 143 3377 1023 3413">
     <span class='ocr_line' id='line_1_100' title="bbox 143 3377 1023 3413; baseline 0.001 -9"><span class='ocrx_word' id='word_1_712' title='bbox 143 3377 154 3394; x_wconf 78' lang='lat'>⁹</span> <span class='ocrx_word' id='word_1_713' title='bbox 173 3378 275 3410; x_wconf 87' lang='lat' dir='ltr'>Quaest.</span> <span class='ocrx_word' id='word_1_714' title='bbox 295 3380 415 3411; x_wconf 82' lang='lat' dir='ltr'>praeced.</span> <span class='ocrx_word' id='word_1_715' title='bbox 437 3394 470 3397; x_wconf 97' lang='lat'><strong>—</strong></span> <span class='ocrx_word' id='word_1_716' title='bbox 489 3379 581 3411; x_wconf 84' lang='lat' dir='ltr'>Quoad</span> <span class='ocrx_word' id='word_1_717' title='bbox 609 3379 739 3405; x_wconf 76' lang='lat' dir='ltr'>maiorem</span> <span class='ocrx_word' id='word_1_718' title='bbox 769 3380 925 3412; x_wconf 83' lang='lat' dir='ltr'>notandum,</span> <span class='ocrx_word' id='word_1_719' title='bbox 952 3380 1023 3413; x_wconf 86' lang='lat' dir='ltr'>quod</span> 
     </span>
    </p>
   </div>
   <div class='ocr_carea' id='block_1_16' title="bbox 1052 2718 1057 3218">
    <p class='ocr_par' dir='ltr' id='par_1_37' title="bbox 1052 2718 1057 3218">
     <span class='ocr_line' id='line_1_101' title="bbox 1052 2718 1057 3218; baseline 0 0"><span class='ocrx_word' id='word_1_720' title='bbox 1052 2718 1057 3218; x_wconf 95' lang='lat' dir='ltr'> </span> 
     </span>
    </p>
   </div>
   <div class='ocr_carea' id='block_1_17' title="bbox 1053 2718 1058 3399">
    <p class='ocr_par' dir='ltr' id='par_1_38' title="bbox 1053 2718 1058 3399">
     <span class='ocr_line' id='line_1_102' title="bbox 1053 2718 1058 3399; baseline 0 0"><span class='ocrx_word' id='word_1_721' title='bbox 1053 2718 1058 3399; x_wconf 95' lang='lat' dir='ltr'> </span> 
     </span>
    </p>
   </div>
   <div class='ocr_carea' id='block_1_18' title="bbox 1088 2717 2046 3406">
    <p class='ocr_par' dir='ltr' id='par_1_39' title="bbox 1089 2717 2045 2795">
     <span class='ocr_line' id='line_1_103' title="bbox 1089 2717 2045 2751; baseline 0.003 -9"><span class='ocrx_word' id='word_1_722' title='bbox 1089 2721 1180 2749; x_wconf 83' lang='lat' dir='ltr'>agatur</span> <span class='ocrx_word' id='word_1_723' title='bbox 1200 2719 1241 2743; x_wconf 89' lang='grc'><strong>1110</strong></span> <span class='ocrx_word' id='word_1_724' title='bbox 1260 2718 1291 2743; x_wconf 88' lang='lat' dir='ltr'>de</span> <span class='ocrx_word' id='word_1_725' title='bbox 1310 2717 1491 2743; x_wconf 80' lang='lat' dir='ltr'>iustificatione</span> <span class='ocrx_word' id='word_1_726' title='bbox 1510 2717 1587 2751; x_wconf 71' lang='lat' dir='ltr'>impii</span> <span class='ocrx_word' id='word_1_727' title='bbox 1604 2719 1660 2743; x_wconf 78' lang='lat' dir='ltr'>sive</span> <span class='ocrx_word' id='word_1_728' title='bbox 1679 2719 1822 2749; x_wconf 85' lang='lat' dir='ltr'>peccatoris</span> <span class='ocrx_word' id='word_1_729' title='bbox 1841 2720 1866 2744; x_wconf 91' lang='lat' dir='ltr'>iu</span> <span class='ocrx_word' id='word_1_730' title='bbox 1881 2720 1982 2745; x_wconf 83' lang='lat' dir='ltr'>mortali</span> <span class='ocrx_word' id='word_1_731' title='bbox 1996 2721 2045 2745; x_wconf 86' lang='lat' dir='ltr'>exi-</span> 
     </span>
     <span class='ocr_line' id='line_1_104' title="bbox 1089 2761 1807 2795; baseline 0.003 -9"><span class='ocrx_word' id='word_1_732' title='bbox 1089 2763 1185 2787; x_wconf 85' lang='lat' dir='ltr'>stentis.</span> <span class='ocrx_word' id='word_1_733' title='bbox 1206 2777 1240 2780; x_wconf 91' lang='lat'>—</span> <span class='ocrx_word' id='word_1_734' title='bbox 1259 2764 1306 2787; x_wconf 84' lang='lat' dir='ltr'>Pro</span> <span class='ocrx_word' id='word_1_735' title='bbox 1326 2762 1371 2788; x_wconf 80' lang='lat' dir='ltr'>sed</span> <span class='ocrx_word' id='word_1_736' title='bbox 1389 2762 1479 2795; x_wconf 79' lang='lat' dir='ltr'>prima</span> <span class='ocrx_word' id='word_1_737' title='bbox 1498 2762 1558 2787; x_wconf 79' lang='lat' dir='ltr'>edd.</span> <span class='ocrx_word' id='word_1_738' title='bbox 1578 2761 1624 2788; x_wconf 83' lang='lat' dir='ltr'>sed</span> <span class='ocrx_word' id='word_1_739' title='bbox 1638 2762 1807 2795; x_wconf 75' lang='lat' dir='ltr'>poenitentia.</span> 
     </span>
    </p>

    <p class='ocr_par' dir='ltr' id='par_1_40' title="bbox 1089 2805 2044 2876">
     <span class='ocr_line' id='line_1_105' title="bbox 1160 2805 2044 2839; baseline 0.005 -9"><span class='ocrx_word' id='word_1_740' title='bbox 1160 2805 1181 2821; x_wconf 78' lang='lat'>10</span> <span class='ocrx_word' id='word_1_741' title='bbox 1202 2807 1292 2831; x_wconf 76' lang='lat' dir='ltr'>Dsalrn.</span> <span class='ocrx_word' id='word_1_742' title='bbox 1314 2807 1360 2838; x_wconf 85' lang='lat'>31,</span> <span class='ocrx_word' id='word_1_743' title='bbox 1381 2807 1405 2831; x_wconf 83' lang='lat'>5.</span> <span class='ocrx_word' id='word_1_744' title='bbox 1425 2820 1460 2826; x_wconf 95' lang='lat'>—</span> <span class='ocrx_word' id='word_1_745' title='bbox 1479 2805 1528 2832; x_wconf 89' lang='lat' dir='ltr'>Csr.</span> <span class='ocrx_word' id='word_1_746' title='bbox 1549 2807 1591 2831; x_wconf 88' lang='grc'><strong>1110</strong></span> <span class='ocrx_word' id='word_1_747' title='bbox 1610 2807 1644 2831; x_wconf 88' lang='grc'><strong>111.</strong></span> <span class='ocrx_word' id='word_1_748' title='bbox 1665 2807 1791 2839; x_wconf 84' lang='lat' dir='ltr'>Magistri,</span> <span class='ocrx_word' id='word_1_749' title='bbox 1813 2814 1834 2832; x_wconf 87' lang='lat' dir='ltr'>c.</span> <span class='ocrx_word' id='word_1_750' title='bbox 1856 2808 1878 2839; x_wconf 87' lang='grc'>1,</span> <span class='ocrx_word' id='word_1_751' title='bbox 1899 2807 1944 2833; x_wconf 90' lang='lat' dir='ltr'>ubi</span> <span class='ocrx_word' id='word_1_752' title='bbox 1966 2809 2044 2834; x_wconf 89' lang='lat' dir='ltr'>etiam</span> 
     </span>
     <span class='ocr_line' id='line_1_106' title="bbox 1089 2850 1344 2876; baseline 0.004 -1"><span class='ocrx_word' id='word_1_753' title='bbox 1089 2850 1170 2876; x_wconf 73' lang='lat' dir='ltr'>verba</span> <span class='ocrx_word' id='word_1_754' title='bbox 1189 2850 1344 2876; x_wconf 85' lang='lat' dir='ltr'>Cassiodori.</span> 
     </span>
    </p>

    <p class='ocr_par' dir='ltr' id='par_1_41' title="bbox 1088 2894 2046 3280">
     <span class='ocr_line' id='line_1_107' title="bbox 1160 2894 2046 2927; baseline 0.003 -7"><span class='ocrx_word' id='word_1_755' title='bbox 1160 2894 1179 2910; x_wconf 83' lang='lat'>¹¹</span> <span class='ocrx_word' id='word_1_756' title='bbox 1202 2895 1288 2920; x_wconf 63' lang='lat' dir='ltr'>‘Verba</span> <span class='ocrx_word' id='word_1_757' title='bbox 1308 2896 1371 2920; x_wconf 82' lang='lat' dir='ltr'>haec</span> <span class='ocrx_word' id='word_1_758' title='bbox 1392 2902 1442 2920; x_wconf 88' lang='lat' dir='ltr'>non</span> <span class='ocrx_word' id='word_1_759' title='bbox 1462 2901 1521 2921; x_wconf 82' lang='lat' dir='ltr'>sunt</span> <span class='ocrx_word' id='word_1_760' title='bbox 1540 2895 1689 2927; x_wconf 81' lang='lat' dir='ltr'>Augustini,</span> <span class='ocrx_word' id='word_1_761' title='bbox 1704 2895 1749 2921; x_wconf 82' lang='lat' dir='ltr'>sed</span> <span class='ocrx_word' id='word_1_762' title='bbox 1770 2896 1895 2927; x_wconf 81' lang='lat' dir='ltr'>Gratiani,</span> <span class='ocrx_word' id='word_1_763' title='bbox 1911 2896 1937 2922; x_wconf 89' lang='lat' dir='ltr'>C.</span> <span class='ocrx_word' id='word_1_764' title='bbox 1951 2896 1983 2923; x_wconf 76' lang='lat' dir='ltr'>Si</span> <span class='ocrx_word' id='word_1_765' title='bbox 2001 2897 2046 2923; x_wconf 82' lang='lat' dir='ltr'>cuz&#39;</span> 
     </span>
     <span class='ocr_line' id='line_1_108' title="bbox 1088 2938 2043 2971; baseline 0.002 -7"><span class='ocrx_word' id='word_1_766' title='bbox 1088 2938 1167 2965; x_wconf 78' lang='lat' dir='ltr'>etiam</span> <span class='ocrx_word' id='word_1_767' title='bbox 1188 2939 1265 2971; x_wconf 81' lang='lat'>(30.)‚</span> <span class='ocrx_word' id='word_1_768' title='bbox 1287 2940 1319 2965; x_wconf 87' lang='lat' dir='ltr'>de</span> <span class='ocrx_word' id='word_1_769' title='bbox 1340 2940 1508 2971; x_wconf 78' lang='lat' dir='ltr'>Poenitcntia,</span> <span class='ocrx_word' id='word_1_770' title='bbox 1531 2939 1556 2964; x_wconf 91' lang='lat' dir='ltr'>d.</span> <span class='ocrx_word' id='word_1_771' title='bbox 1578 2940 1587 2964; x_wconf 75' lang='grc' dir='ltr'>ι1</span> <span class='ocrx_word' id='word_1_772' title='bbox 1604 2947 1609 2971; x_wconf 89' lang='grc'><strong>;</strong></span> <span class='ocrx_word' id='word_1_773' title='bbox 1629 2939 1709 2964; x_wconf 79' lang='lat' dir='ltr'>verba</span> <span class='ocrx_word' id='word_1_774' title='bbox 1730 2940 1865 2971; x_wconf 81' lang='lat' dir='ltr'>Augustini</span> <span class='ocrx_word' id='word_1_775' title='bbox 1885 2941 1945 2965; x_wconf 84' lang='lat' dir='ltr'>vide</span> <span class='ocrx_word' id='word_1_776' title='bbox 1964 2942 2043 2966; x_wconf 87' lang='grc'><strong>1110111</strong></span> 
     </span>
     <span class='ocr_line' id='line_1_109' title="bbox 1089 2984 2044 3015; baseline 0.002 -7"><span class='ocrx_word' id='word_1_777' title='bbox 1089 2984 1123 3008; x_wconf 89' lang='lat' dir='ltr'>lit.</span> <span class='ocrx_word' id='word_1_778' title='bbox 1144 2984 1270 3015; x_wconf 79' lang='lat' dir='ltr'>Magistri,</span> <span class='ocrx_word' id='word_1_779' title='bbox 1291 2991 1312 3009; x_wconf 91' lang='lat' dir='ltr'>c.</span> <span class='ocrx_word' id='word_1_780' title='bbox 1337 2984 1357 3008; x_wconf 91' lang='grc'>1.</span> <span class='ocrx_word' id='word_1_781' title='bbox 1379 2998 1412 3001; x_wconf 88' lang='lat'>—-</span> <span class='ocrx_word' id='word_1_782' title='bbox 1432 2984 1455 3008; x_wconf 90' lang='lat' dir='ltr'>ln</span> <span class='ocrx_word' id='word_1_783' title='bbox 1478 2984 1534 3008; x_wconf 90' lang='lat' dir='ltr'>cod.</span> <span class='ocrx_word' id='word_1_784' title='bbox 1555 2984 1588 3008; x_wconf 76' lang='grc' dir='ltr'>Μ’</span> <span class='ocrx_word' id='word_1_785' title='bbox 1603 2984 1663 3009; x_wconf 83' lang='grc'><strong>111110</strong></span> <span class='ocrx_word' id='word_1_786' title='bbox 1692 2991 1746 3015; x_wconf 82' lang='lat' dir='ltr'>arg.</span> <span class='ocrx_word' id='word_1_787' title='bbox 1776 2985 1947 3015; x_wconf 83' lang='lat' dir='ltr'>praemittitur</span> <span class='ocrx_word' id='word_1_788' title='bbox 1974 2985 2044 3010; x_wconf 86' lang='lat' dir='ltr'>aliud</span> 
     </span>
     <span class='ocr_line' id='line_1_110' title="bbox 1088 3029 2043 3061; baseline 0.002 -8"><span class='ocrx_word' id='word_1_789' title='bbox 1088 3035 1138 3053; x_wconf 81' lang='lat' dir='ltr'>una</span> <span class='ocrx_word' id='word_1_790' title='bbox 1160 3036 1218 3053; x_wconf 85' lang='lat' dir='ltr'>cuin</span> <span class='ocrx_word' id='word_1_791' title='bbox 1239 3029 1421 3059; x_wconf 79' lang='lat' dir='ltr'>responsione,</span> <span class='ocrx_word' id='word_1_792' title='bbox 1443 3029 1552 3059; x_wconf 81' lang='lat' dir='ltr'>petitum</span> <span class='ocrx_word' id='word_1_793' title='bbox 1572 3035 1602 3053; x_wconf 83' lang='lat' dir='ltr'>ex</span> <span class='ocrx_word' id='word_1_794' title='bbox 1622 3029 1748 3059; x_wconf 74' lang='lat' dir='ltr'>August,</span> <span class='ocrx_word' id='word_1_795' title='bbox 1769 3029 1821 3053; x_wconf 85' lang='lat' dir='ltr'>scil.</span> <span class='ocrx_word' id='word_1_796' title='bbox 1843 3029 1914 3060; x_wconf 82' lang='lat' dir='ltr'>quod</span> <span class='ocrx_word' id='word_1_797' title='bbox 1929 3030 2043 3061; x_wconf 72' lang='lat' dir='ltr'>quivult</span> 
     </span>
     <span class='ocr_line' id='line_1_111' title="bbox 1088 3072 2042 3104; baseline 0.003 -7"><span class='ocrx_word' id='word_1_798' title='bbox 1088 3072 1184 3098; x_wconf 86' lang='lat' dir='ltr'>habere</span> <span class='ocrx_word' id='word_1_799' title='bbox 1204 3073 1324 3097; x_wconf 83' lang='lat' dir='ltr'>iustitiam</span> <span class='ocrx_word' id='word_1_800' title='bbox 1345 3072 1437 3097; x_wconf 81' lang='lat' dir='ltr'>habeat</span> <span class='ocrx_word' id='word_1_801' title='bbox 1451 3079 1525 3097; x_wconf 77' lang='lat' dir='ltr'>eam:</span> <span class='ocrx_word' id='word_1_802' title='bbox 1543 3079 1607 3103; x_wconf 83' lang='lat' dir='ltr'>ergo</span> <span class='ocrx_word' id='word_1_803' title='bbox 1626 3073 1743 3097; x_wconf 83' lang='lat' dir='ltr'>contritio</span> <span class='ocrx_word' id='word_1_804' title='bbox 1763 3072 1862 3104; x_wconf 83' lang='lat' dir='ltr'>absque</span> <span class='ocrx_word' id='word_1_805' title='bbox 1882 3074 2042 3100; x_wconf 78' lang='lat' dir='ltr'>confessione</span> 
     </span>
     <span class='ocr_line' id='line_1_112' title="bbox 1088 3116 2043 3148; baseline 0.001 -6"><span class='ocrx_word' id='word_1_806' title='bbox 1088 3117 1189 3142; x_wconf 80' lang='lat' dir='ltr'>sufficit.</span> <span class='ocrx_word' id='word_1_807' title='bbox 1210 3117 1353 3148; x_wconf 71' lang='lat' dir='ltr'>Responsio</span> <span class='ocrx_word' id='word_1_808' title='bbox 1374 3117 1397 3141; x_wconf 90' lang='lat' dir='ltr'>in</span> <span class='ocrx_word' id='word_1_809' title='bbox 1418 3124 1449 3141; x_wconf 91' lang='grc'>00</span> <span class='ocrx_word' id='word_1_810' title='bbox 1477 3119 1612 3148; x_wconf 74' lang='lat' dir='ltr'>versatur,</span> <span class='ocrx_word' id='word_1_811' title='bbox 1640 3116 1710 3148; x_wconf 89' lang='lat' dir='ltr'>quod</span> <span class='ocrx_word' id='word_1_812' title='bbox 1731 3118 1838 3148; x_wconf 85' lang='lat' dir='ltr'>August.</span> <span class='ocrx_word' id='word_1_813' title='bbox 1859 3118 1925 3142; x_wconf 84' lang='grc'><strong>110110</strong></span> <span class='ocrx_word' id='word_1_814' title='bbox 1944 3122 2043 3144; x_wconf 81' lang='lat' dir='ltr'>senten-</span> 
     </span>
     <span class='ocr_line' id='line_1_113' title="bbox 1088 3160 2043 3191; baseline 0.002 -6"><span class='ocrx_word' id='word_1_815' title='bbox 1088 3161 1149 3186; x_wconf 87' lang='lat' dir='ltr'>tiam</span> <span class='ocrx_word' id='word_1_816' title='bbox 1171 3161 1360 3191; x_wconf 67' lang='lat' dir='ltr'>retractaverit,</span> <span class='ocrx_word' id='word_1_817' title='bbox 1381 3160 1502 3184; x_wconf 77' lang='lat' dir='ltr'>addendo</span> <span class='ocrx_word' id='word_1_818' title='bbox 1526 3160 1572 3184; x_wconf 85' lang='lat' dir='ltr'>«si</span> <span class='ocrx_word' id='word_1_819' title='bbox 1602 3160 1682 3191; x_wconf 78' lang='lat' dir='ltr'>gratia</span> <span class='ocrx_word' id='word_1_820' title='bbox 1713 3161 1899 3186; x_wconf 86' lang='lat' dir='ltr'>concomitatur</span> <span class='ocrx_word' id='word_1_821' title='bbox 1927 3162 2043 3188; x_wconf 84' lang='lat' dir='ltr'>volunta-</span> 
     </span>
     <span class='ocr_line' id='line_1_114' title="bbox 1088 3203 2043 3236; baseline 0.002 -7"><span class='ocrx_word' id='word_1_822' title='bbox 1088 3207 1139 3229; x_wconf 88' lang='lat' dir='ltr'>tem</span> <span class='ocrx_word' id='word_1_823' title='bbox 1155 3214 1166 3227; x_wconf 85' lang='grc'>»</span> <span class='ocrx_word' id='word_1_824' title='bbox 1190 3204 1247 3235; x_wconf 77' lang='grc'><strong>(011.</strong></span> <span class='ocrx_word' id='word_1_825' title='bbox 1268 3204 1283 3228; x_wconf 92' lang='grc'>1.</span> <span class='ocrx_word' id='word_1_826' title='bbox 1304 3204 1415 3228; x_wconf 84' lang='lat' dir='ltr'>Retract.</span> <span class='ocrx_word' id='word_1_827' title='bbox 1437 3211 1458 3228; x_wconf 89' lang='grc'>0.</span> <span class='ocrx_word' id='word_1_828' title='bbox 1479 3204 1502 3228; x_wconf 87' lang='lat'>9.</span> <span class='ocrx_word' id='word_1_829' title='bbox 1523 3210 1547 3228; x_wconf 93' lang='lat' dir='ltr'>n.</span> <span class='ocrx_word' id='word_1_830' title='bbox 1569 3203 1612 3235; x_wconf 78' lang='lat'>4..)‚</span> <span class='ocrx_word' id='word_1_831' title='bbox 1641 3204 1712 3236; x_wconf 83' lang='lat' dir='ltr'>quod</span> <span class='ocrx_word' id='word_1_832' title='bbox 1742 3205 1826 3230; x_wconf 77' lang='lat' dir='ltr'>solun]</span> <span class='ocrx_word' id='word_1_833' title='bbox 1855 3205 1883 3231; x_wconf 85' lang='lat' dir='ltr'>fit</span> <span class='ocrx_word' id='word_1_834' title='bbox 1902 3206 1926 3230; x_wconf 90' lang='lat' dir='ltr'>in</span> <span class='ocrx_word' id='word_1_835' title='bbox 1946 3206 2043 3232; x_wconf 81' lang='lat' dir='ltr'>conses-</span> 
     </span>
     <span class='ocr_line' id='line_1_115' title="bbox 1088 3247 1591 3280; baseline 0 -8"><span class='ocrx_word' id='word_1_836' title='bbox 1088 3249 1173 3280; x_wconf 85' lang='lat' dir='ltr'>sione,</span> <span class='ocrx_word' id='word_1_837' title='bbox 1194 3249 1213 3273; x_wconf 86' lang='lat' dir='ltr'>si</span> <span class='ocrx_word' id='word_1_838' title='bbox 1235 3248 1301 3273; x_wconf 84' lang='lat' dir='ltr'>adsit</span> <span class='ocrx_word' id='word_1_839' title='bbox 1319 3248 1426 3273; x_wconf 77' lang='lat' dir='ltr'>facultas</span> <span class='ocrx_word' id='word_1_840' title='bbox 1445 3247 1591 3273; x_wconf 83' lang='lat' dir='ltr'>confitendi.</span> 
     </span>
    </p>

    <p class='ocr_par' dir='ltr' id='par_1_42' title="bbox 1162 3292 1331 3316">
     <span class='ocr_line' id='line_1_116' title="bbox 1162 3292 1331 3316; baseline -0.006 0"><span class='ocrx_word' id='word_1_841' title='bbox 1162 3292 1183 3308; x_wconf 69' lang='lat'>¹²</span> <span class='ocrx_word' id='word_1_842' title='bbox 1201 3292 1246 3316; x_wconf 85' lang='lat' dir='ltr'>Hic</span> <span class='ocrx_word' id='word_1_843' title='bbox 1265 3298 1286 3316; x_wconf 85' lang='lat' dir='ltr'>c.</span> <span class='ocrx_word' id='word_1_844' title='bbox 1308 3292 1331 3315; x_wconf 88' lang='grc'>1.</span> 
     </span>
    </p>

    <p class='ocr_par' dir='ltr' id='par_1_43' title="bbox 1088 3335 2042 3406">
     <span class='ocr_line' id='line_1_117' title="bbox 1161 3335 2042 3368; baseline 0.006 -8"><span class='ocrx_word' id='word_1_845' title='bbox 1161 3335 1181 3352; x_wconf 80' lang='lat'>1³</span> <span class='ocrx_word' id='word_1_846' title='bbox 1202 3336 1267 3361; x_wconf 83' lang='lat' dir='ltr'>Vide</span> <span class='ocrx_word' id='word_1_847' title='bbox 1298 3342 1376 3367; x_wconf 87' lang='lat' dir='ltr'>supra</span> <span class='ocrx_word' id='word_1_848' title='bbox 1408 3342 1468 3367; x_wconf 82' lang='lat' dir='ltr'>pag.</span> <span class='ocrx_word' id='word_1_849' title='bbox 1494 3336 1558 3368; x_wconf 85' lang='lat'>333,</span> <span class='ocrx_word' id='word_1_850' title='bbox 1585 3339 1644 3362; x_wconf 86' lang='lat' dir='ltr'>nota</span> <span class='ocrx_word' id='word_1_851' title='bbox 1670 3337 1693 3361; x_wconf 88' lang='lat'>3.</span> <span class='ocrx_word' id='word_1_852' title='bbox 1718 3351 1754 3356; x_wconf 97' lang='lat'>—</span> <span class='ocrx_word' id='word_1_853' title='bbox 1773 3336 1854 3363; x_wconf 92' lang='lat' dir='ltr'>Codd.</span> <span class='ocrx_word' id='word_1_854' title='bbox 1884 3338 1901 3362; x_wconf 88' lang='lat' dir='ltr'>E</span> <span class='ocrx_word' id='word_1_855' title='bbox 1918 3338 1935 3363; x_wconf 94' lang='lat' dir='ltr'>L</span> <span class='ocrx_word' id='word_1_856' title='bbox 1963 3338 2042 3365; x_wconf 78' lang='lat' dir='ltr'>mise-</span> 
     </span>
     <span class='ocr_line' id='line_1_118' title="bbox 1088 3379 1214 3406; baseline -0.016 0"><span class='ocrx_word' id='word_1_857' title='bbox 1088 3379 1214 3406; x_wconf 75' lang='lat' dir='ltr'>mudum.</span> 
     </span>
    </p>
   </div>
  </div>
 </body>
</html>
