2483 3882
312 959 429 980 Conclusio.

298 1064 361 1085 Ratio
380 1065 431 1085 alio-

338 1097 391 1111 rum.

294 1805 341 1827 Non
356 1806 433 1832 proba-

455 234 518 265 820

454 324 559 352 votum
585 321 733 352 emissum
761 321 789 352 10
814 320 939 361 publico
957 328 1061 352 coram
1078 318 1224 351 omnibus
1249 319 1342 350 etiam
1367 319 1399 350 10

453 372 519 404 foro
537 372 692 404 iudicatur
715 372 851 412 simplex
868 380 924 403 nec
941 371 1060 403 dirimit
1080 370 1315 402 matrimonium
1335 370 1396 402 iam

451 428 654 456 contractum.

800 537 1037 561 CONCLUSIO.

450 633 630 670 Probatur,
655 633 741 675 qnod
761 638 872 665 votum
895 633 1034 674 simplex
1061 633 1276 665 continentiae
1303 633 1398 674 impc-

535 685 582 717 dit
606 686 735 727 quidem
760 685 1012 718 matrimonium
1030 684 1307 724 contrahendum,
1332 695 1398 717 non

535 742 645 769 utitem
677 738 832 779 simplem,
856 738 913 770 secl
941 742 1069 770 tantum
1099 738 1238 771 solemne
1269 738 1399 771 dirimit

536 790 788 822 matrimonium
814 790 883 822 iam
908 795 1123 823 contractum.

536 896 732 928 Rssspoxnssoz
758 896 947 934 Dicendum,
965 897 1048 938 quod
1066 900 1173 928 votum
1192 896 1397 929 continentiae

446 951 493 980 est
517 947 576 980 tale
604 952 728 986 votum,
753 949 836 990 quod
867 949 1055 989 generaliter
1078 948 1213 990 impertit
1241 948 1398 980 matrimo-

445 1000 532 1032 nium
547 1001 812 1039 contrahendum,
829 1001 884 1033 sed
898 1010 958 1032 non
976 1001 1106 1032 dirimit
1122 1001 1182 1032 iam
1202 1004 1396 1033 contractum

446 1054 528 1086 nisi1
555 1054 802 1086 solemnizatum.
824 1073 866 1077 —-
889 1054 922 1085 Et
946 1054 1095 1086 rationem
1119 1054 1215 1085 buius
1238 1053 1398 1095 assignant

445 1106 542 1148 aliqui
567 1106 730 1138 Ecclesiae
754 1106 1000 1138 institutionem.
1018 1106 1107 1147 Quod
1124 1106 1206 1138 enim
1225 1115 1342 1138 vovens
1358 1106 1397 1138 sit

447 1168 580 1201 persona
598 1159 772 1200 illegitima,
791 1159 848 1191 boc
873 1168 933 1191 000
956 1163 1002 1191 est
1026 1168 1066 1191 ex
1091 1163 1173 1196 voto,
1191 1159 1265 1200 quia
1283 1159 1312 1191 in
1330 1159 1397 1200 ipso

449 1211 646 1243 matrimoriio
671 1211 819 1252 perfectio
852 1211 1058 1243 continentiae
1083 1211 1202 1243 servari
1233 1214 1334 1252 potest
1357 1211 1397 1243 ab

446 1272 482 1295 eo
506 1264 559 1304 qui
584 1263 724 1295 debitum
755 1272 815 1294 non
840 1263 954 1304 exigit,
979 1263 1034 1295 sed
1059 1263 1159 1295 solvit.
1187 1263 1272 1295 Unde
1297 1264 1396 1304 Augu-

445 1316 569 1348 stinus²
595 1316 683 1354 dicit,
708 1316 792 1357 quod
823 1320 1055 1357 «computatur
1072 1326 1129 1358 pro
1153 1316 1396 1348 sanctificatione

444 1369 597 1410 perfecta,
627 1369 651 1401 si
677 1378 736 1400 non
767 1369 885 1410 exigis,
915 1369 969 1401 sed
1001 1369 1107 1401 reddis
1138 1369 1223 1410 quod
1253 1369 1395 1401 debes».

444 1421 503 1454 Sed
528 1421 611 1463 quod
638 1421 803 1463 impediat,
829 1422 887 1453 boc
912 1426 957 1454 est
978 1430 1017 1453 ex
1043 1421 1270 1453 constitutione
1295 1421 1397 1454 Eccle—

444 1474 530 1512 sicte,
561 1474 651 1507 cuius
680 1478 726 1507 est
749 1483 899 1516 personas
932 1475 1103 1516 legitimas,
1135 1475 1185 1507 vel
1218 1475 1396 1517 illegitimas

445 1527 644 1559 matrimonio
668 1527 888 1559 determinare.
913 1528 999 1559 Ratio
1023 1531 1146 1566 autem,
1171 1537 1269 1570 quare
1299 1527 1396 1560 Eccle-

444 1580 489 1612 sia
514 1581 552 1612 de
576 1584 647 1611 voto
671 1580 808 1612 solemni
835 1580 985 1618 instituit,
1009 1584 1045 1612 ut
1070 1581 1196 1619 dicunt,
1221 1584 1285 1619 est,
1309 1580 1394 1622 quod

443 1633 474 1664 in
500 1637 571 1664 voto
595 1633 724 1665 solemni
749 1642 809 1665 non
835 1637 936 1674 potest
960 1633 1074 1675 decipi,
1100 1636 1130 1665 et
1153 1637 1254 1674 potest
1282 1633 1313 1665 in
1338 1633 1397 1665 fra-

445 1687 545 1718 ctione
569 1686 637 1718 eius
662 1686 881 1725 scandalizari,
906 1686 979 1728 quia
1004 1686 1165 1728 publicum
1192 1690 1253 1724 est;
1278 1686 1330 1718 sed
1364 1686 1394 1717 in

444 1742 516 1770 voto
539 1738 684 1779 simplici
706 1742 854 1771 neutrum
881 1739 975 1771 habet
999 1739 1117 1778 locum,
1139 1739 1212 1780 quia
1235 1739 1393 1781 privatum

446 1794 501 1823 est.
521 1810 560 1813 —
582 1791 642 1823 Sed
667 1791 743 1823 haec
773 1791 886 1823 solutio
910 1791 1036 1824 videtur
1064 1800 1242 1833 supponere
1274 1791 1394 1833 duplex

446 1843 575 1875 falsum:
595 1853 708 1881 unum,
733 1844 817 1885 quod
842 1844 882 1876 sit
905 1844 944 1876 ab
969 1844 1171 1876 institutione
1187 1844 1258 1876 talis
1276 1844 1395 1886 illegiti-

448 1896 661 1938 mitas,-quia
695 1897 845 1935 Ecclesia,
877 1900 912 1929 ut
944 1897 1153 1929 communiter
1184 1897 1309 1936 dicitur,
1334 1906 1394 1929 non

446 1952 548 1992 potest
567 1949 608 1981 ibi
634 1949 858 1990 dispensare³3
882 1953 982 1991 potest
1011 1953 1116 1982 autem
1142 1950 1324 1991 dispensare
1348 1959 1396 1992 ge-

446 2001 595 2034 neraliter
619 2001 649 2033 in
674 2002 739 2034 suis
764 2003 1047 2035 constitutionibus.
1077 2003 1167 2035 Aliud
1191 2003 1305 2035 falsum
1331 2006 1394 2035 est:

446 2055 519 2098 quia
543 2058 650 2087 votum
674 2055 813 2087 solemne
836 2064 897 2087 non
914 2055 1043 2094 dicitur,
1068 2056 1142 2097 quia
1166 2056 1323 2088 notorium
1346 2056 1395 2088 vel

446 2108 626 2150 publicum,
651 2108 724 2149 quia
748 2112 872 2154 votum,
893 2112 1185 2150 quantumcumque
1202 2109 1395 2150 publicetur,

446 2161 504 2193 nisi
529 2160 615 2193 aliud
636 2160 731 2199 adsit,
755 2160 893 2202 simplex
917 2160 1075 2193 iudicatur
1099 2170 1155 2193 nec
1179 2161 1310 2203 impedit
1334 2170 1397 2193 ma-

300 2227 428 2248 Notandum.
445 2213 627 2246 trimonium
662 2213 722 2244 iam
748 2216 965 2260 contractum,
998 2214 1082 2246 unde
1105 2213 1192 2246 aliud
1217 2217 1263 2246 est
1287 2216 1395 2246 votum

441 2265 627 2307 publicum,
652 2265 739 2297 aliud
762 2265 911 2298 solemne.

532 2318 603 2351 Ideo
627 2318 688 2350 alia
720 2318 799 2350 ratio
831 2319 1010 2359 assignatur
1041 2319 1182 2351 veracior
1211 2328 1229 2351 a
1260 2318 1328 2350 voti
1349 2329 1396 2351 so-

284 2385 430 2407 Rationesau-
446 2371 685 2403 lemnizctlionc.
715 2372 828 2403 Votum
854 2371 936 2404 enim
969 2371 1130 2413 tripliciter
1158 2371 1395 2411 solemnizatur,

321 2412 392 2433 ctoris.

299 2438 383 2465 ‘rapax
398 2445 431 2460 Βο-
445 2424 563 2456 scilicet
586 2423 705 2456 ordinis
729 2424 941 2466 susceptione,
959 2424 1160 2466 professionis
1183 2424 1349 2457 emissione
1366 2428 1397 2457 et

300 2465 429 2486 lemnizatio.

444 2477 571 2509 babitus
609 2477 821 2518 professorum
857 2477 1050 2510 assumtione
1088 2486 1161 2509 cum
1193 2477 1280 2516 aliis,
1315 2486 1396 2519 quae

444 2529 603 2562 hominem
637 2530 813 2571 professum
844 2530 1014 2562 ostendunt
1027 2530 1049 2561 ⁴.
1082 2530 1117 2562 Et
1147 2530 1207 2562 hoc
1238 2533 1284 2562 est
1316 2539 1396 2562 0001-

445 2590 541 2614 mune
565 2582 595 2614 10
619 2582 682 2614 voti
706 2582 988 2621 solemnizatione,
1013 2583 1098 2624 quod
1121 2582 1176 2614 fiat
1199 2591 1304 2615 coram
1330 2591 1396 2623 per-

447 2644 537 2674 sona,
562 2644 642 2677 quae
674 2635 777 2668 locum
802 2635 856 2668 Dei
885 2639 969 2668 tenet
992 2640 1022 2668 et
1045 2644 1126 2677 quae
1154 2639 1262 2667 votum
1296 2638 1396 2677 potest

517 2837 525 2853 ¹
546 2837 608 2863 Cod.
630 2839 645 2862 Ρ
664 2838 717 2864 nisi
735 2838 768 2865 sit
790 2839 911 2870 (votum).

516 2881 527 2897 ἵ
545 2882 659 2907 Enarrat.
688 2883 712 2907 in
743 2883 780 2907 Ρε.
813 2882 870 2908 149.
901 2891 925 2908 n.
958 2884 999 2908 15.
1027 2883 1077 2908 Cfr.
1104 2890 1182 2915 supra
1209 2884 1242 2908 lit.
1270 2884 1394 2915 Magistri,

447 2925 471 2950 (1.
492 2925 595 2950 XXXII.
621 2932 643 2951 c.
666 2927 688 2950 2.
711 2940 744 2943 —
763 2927 888 2958 Superius
914 2934 961 2958 pro
987 2926 1110 2960 perfectio
1137 2926 1312 2953 continentiae
1336 2926 1395 2952 edd.

446 2968 559 3002 perfecto
579 2969 746 2995 continentia.

515 3012 526 3028 ³
545 3012 595 3038 Csr.
616 3014 679 3038 infra
700 3021 723 3046 (1.
740 3014 762 3038 3.

517 3055 527 3071 ⁴
548 3056 573 3080 ln
593 3056 724 3082 additione
736 3057 842 3083 Glossae
856 3064 935 3089 super
948 3058 1147 3089 praeallegatam
1162 3058 1316 3085 decretalem
1331 3057 1397 3083 Rur-

447 3104 495 3124 sus
514 3098 623 3132 quidum
642 3100 752 3132 legitur:
774 3101 845 3126 Unde
864 3108 973 3127 versus:

564 3145 659 3169 Votum
673 3145 788 3171 solemne
802 3145 978 3171 demonstrant
991 3149 1103 3178 quatuor
1115 3146 1175 3171 ista:

564 3188 634 3214 Ordo
647 3196 732 3221 sacer,
746 3191 885 3222 scriptum,
902 3191 1028 3221 professio
1041 3191 1161 3222 praestita
1175 3193 1279 3221 sponte,

564 3233 592 3257 Et
606 3234 783 3264 professorum
796 3235 875 3259 vestis
888 3237 1006 3266 suscepta
1020 3235 1136 3260 scienter.

449 3274 495 3300 Vel
515 3276 564 3300 sic:

565 3318 634 3343 Ordo
649 3326 730 3352 sacer,
747 3322 837 3353 vestis,
851 3322 976 3352 professio
991 3322 1135 3353 religionis,

566 3362 636 3393 Quae
651 3364 683 3387 sit
696 3363 758 3389 sacta
771 3365 869 3396 palam,
885 3366 980 3391 faciunt
994 3366 1118 3391 solemnia
1131 3368 1199 3391 vota.

1209 232 1493 264 SENTENTIARUM
1517 232 1584 263 LIB.
1609 232 1656 265 lv.

1462 318 1651 360 approbare,
1668 328 1731 360 qua
1755 320 1924 361 recipiente
1941 323 2048 353 votum
2067 322 2288 362 continentiae,
2314 327 2414 356 trans·
2466 325 2469 332 “

1463 371 1563 403 fertur
1587 375 1724 413 potestas
1740 373 1882 414 corporis
1898 374 2039 406 voventis
2060 374 2092 406 in
2112 374 2225 413 alium,
2243 376 2317 417 quia
2332 376 2414 409 alius

1462 424 1564 462 adest,
1589 424 1641 465 qui
1667 425 1786 466 recipit.
1812 425 1871 458 Sed
1897 425 1926 458 in
1952 430 2023 458 voto
2047 426 2210 468 simplici,
2235 428 2288 460 ubi
2318 428 2413 461 homo

1463 484 1550 508 mera
1574 485 1607 509 se
1631 476 1748 519 obligat
1765 477 1925 511 voluntate
1949 482 1979 511 et
2002 479 2034 510 in
2051 479 2170 512 nullius
2192 479 2337 513 manibus
2353 481 2412 513 hoc

1462 528 1551 567 facit,
1575 528 1732 570 obligatur
1762 529 1908 571 quidem,
1940 530 1996 562 sed
2020 535 2124 563 tamen
2157 531 2331 564 dominium
2363 532 2412 564 sui

1462 582 1603 622 corporis
1634 581 1664 613 in
1696 581 1833 614 alterum
1858 592 1919 615 non
1943 583 2140 616 transfertur.
2165 584 2200 616 Et
2223 584 2297 625 quia
2328 584 2412 626 quod

1463 634 1649 666 translatum
1675 639 1722 667 est
1746 635 1775 667 in
1793 638 1978 676 potestatem
2003 636 2098 668 unius
2115 645 2176 668 non
2198 640 2300 678 potest
2316 640 2414 669 trans-

1462 687 1537 719 ferri
1562 686 1593 718 10
1625 690 1810 728 potestatem
1833 687 1980 721 alterius:
2006 688 2093 727 ideo,
2125 689 2240 721 emisso
2272 692 2344 722 voto
2366 699 2414 722 so-

1462 738 1576 777 lemni,
1603 748 1665 771 000
1696 743 1797 781 potest
1828 741 2067 773 matrimonium
2099 741 2258 780 contrahi,
2287 741 2318 773 in
2349 751 2412 783 quo

1462 794 1508 822 est
1543 791 1705 823 translatio
1738 792 1866 824 dominii
1899 792 2018 834 proprii
2051 793 2200 834 corporis.
2232 794 2291 826 Sed
2326 794 2411 835 quod

1462 843 1649 876 translatum
1683 853 1743 876 non
1776 848 1823 877 est
1854 845 1959 877 adhuc
1990 845 2152 878 transferri
2179 849 2300 887 potest;
2324 846 2411 884 ideo,
2476 823 2479 866 ἱ

1463 899 1535 928 voto
1558 896 1703 938 simplici
1725 897 1850 935 emisso,
1875 901 1975 938 potest
1999 897 2047 929 vir
2071 902 2255 939 potestatem
2275 899 2323 931 sui
2348 908 2412 931 cor-

1462 948 1547 989 poris
1571 948 1601 980 in
1627 949 1827 980 matrimonio
1851 949 1942 981 dare:
1969 949 2055 988 ideo,
2080 950 2105 982 si
2138 951 2319 990 contrahat,
2343 960 2412 983 con-

1462 1005 1596 1033 tractum
1629 1005 1684 1034 est.
1708 1020 1753 1025 —
1776 1001 1941 1043 Amplius,
1967 1003 1997 1034 10
2023 1006 2094 1035 voto
2126 1003 2256 1035 solemni
2287 1004 2350 1036 Deo
2382 1007 2412 1036 et
2427 1015 2473 1037 mia

1461 1054 1579 1086 homini
1605 1054 1772 1096 obligatur,
1789 1055 1834 1087 sic
1857 1059 1887 1087 et
1912 1055 1942 1087 in
1967 1056 2185 1095 matrimoni03
2209 1060 2240 1089 et
2263 1057 2411 1098 quoniam

1461 1105 1630 1148 utrobique
1647 1110 1694 1139 est
1708 1117 1774 1148 par
1791 1107 1956 1149 obligatio,
1973 1111 2003 1140 et
2018 1117 2083 1149 par
2105 1108 2252 1150 obligatio
2274 1118 2334 1141 000
2355 1109 2412 1141 sol·
2481 1118 2483 1161 1

1461 1159 1505 1190 vit
1523 1159 1683 1191 vinculum
1710 1159 1794 1201 paris
1810 1160 2021 1202 obligationis,
2039 1161 2093 1193 sed
2118 1161 2197 1193 bene
2214 1165 2410 1203 praepotens
2482 1163 2483 1195 1

1461 1212 1574 1244 solvit5
1593 1212 1754 1244 vinculum
1780 1213 1909 1245 minoris
1933 1213 2147 1255 obligationis:
2171 1214 2241 1246 ideo
2265 1214 2411 1255 obligatio

1461 1264 1522 1296 voti
1548 1264 1696 1297 solemnis
1728 1274 1788 1296 non
1814 1268 1915 1306 potest
1946 1265 2072 1307 infringi
2096 1275 2152 1307 per
2186 1267 2411 1307 superveniens

1462 1317 1621 1349 vinculum
1648 1317 1848 1349 matrimonii.
1865 1337 1908 1340 -
1925 1318 1985 1350 Hoc
2008 1322 2113 1350 autem
2147 1327 2207 1350 non
2231 1319 2301 1351 ideo
2324 1319 2410 1358 dico,
2425 1330 2479 1361 Afig

1460 1369 1545 1411 quod
1569 1369 1661 1402 faciat
1684 1370 1884 1408 scandalum,
1909 1370 1983 1411 quia
2007 1374 2037 1402 et
2061 1370 2140 1403 illud
2164 1374 2265 1412 potest
2289 1380 2356 1403 esse
2380 1371 2411 1403 in
2438 1363 2478 1379 ¹⁰⁰¹

1460 1426 1531 1454 voto
1555 1422 1700 1464 simplici
1707 1435 1718 1460 ,·
1743 1423 1796 1455 sed
1831 1423 1889 1455 boc
1918 1423 1990 1455 facit
2014 1423 2161 1465 obligatio
2194 1424 2314 1465 duplex
2338 1433 2410 1456 cum

1462 1475 1664 1507 translatione
1696 1475 1858 1516 potestatis
1885 1476 1916 1506 in
1946 1475 2092 1508 alterum.
2128 1476 2177 1508 Est
2208 1476 2304 1517 igitur
2337 1477 2413 1509 baec

1461 1527 1610 1559 ε1101111ε16
1636 1527 1780 1565 rationis,
1806 1528 1880 1569 qnia
1913 1531 2020 1560 votum
2050 1528 2188 1561 solemne
2220 1529 2336 1570 obligat
2364 1539 2413 1561 cte-

1460 1579 1602 1622 qualiler
1626 1580 1784 1619 districte;
1805 1590 1846 1613 ex
1867 1581 2009 1622 opposito
2034 1590 2094 1613 non
2111 1581 2155 1613 sic
2172 1581 2325 1623 simplex3
2343 1582 2412 1614 ideo

1461 1632 1599 1673 impedit.

1551 1686 1578 1716 1.
1603 1685 1646 1717 Ad
1672 1685 1751 1717 illud
1775 1694 1850 1727 ergo
1874 1685 1958 1727 quod
1983 1686 2138 1724 obiicitur,
2160 1686 2244 1728 quod
2270 1687 2348 1718 ratio
2374 1686 2411 1719 ir·
2437 1697 2483 1728 suu

1460 1737 1613 1770 ritationis
1638 1738 1829 1770 matrimonii
1853 1743 1916 1777 est,
1942 1739 2030 1780 quia,
2054 1743 2123 1780 post
2148 1743 2255 1771 votum
2285 1725 2483 1772 damna-¹³⁰⁵*

1461 1791 1522 1823 bile
1538 1794 1585 1824 est
1608 1791 1745 1830 nnbere3
1765 1791 1949 1830 dicendum,
1974 1792 2056 1833 quod
2081 1792 2140 1825 hoc
2155 1793 2165 1808 ⁷
2183 1801 2243 1824 nou
2268 1796 2315 1825 est
2331 1792 2409 1825 ratio

1461 1848 1545 1883 lotct,
1572 1845 1625 1877 sed
1652 1853 1828 1876 concausa.

1549 1899 1577 1929 Q.
1603 1898 1645 1930 Ad
1680 1898 1757 1929 illud
1790 1898 1874 1939 qnod
1907 1898 2062 1934 obiicitur,
2095 1898 2178 1939 quod
2213 1908 2271 1930 non
2305 1899 2409 1931 minus

1460 1950 1576 1991 obligat
1603 1955 1682 1987 etc.;
1711 1950 1897 1989 dicendum,
1929 1951 2013 1992 quod
2042 1959 2151 1982 verum
2182 1955 2228 1983 est
2256 1954 2408 1992 quantum

1459 2004 1499 2036 ad
1524 2003 1654 2045 culpam
1681 2003 1745 2036 sive
1772 2004 2066 2045 transgressionem,
2084 2007 2187 2036 tamen
2213 2004 2316 2036 minus
2335 2004 2409 2036 obli-

1460 2059 1511 2097 gat
1532 2060 1684 2097 quantum
1710 2056 1749 2088 ad
1774 2055 1912 2087 alterins
1935 2055 2062 2087 vinculi
2082 2055 2286 2094 solutionem,
2303 2059 2338 2088 ut
2354 2056 2409 2088 fiat
2424 2066 2483 2087 Nom

1461 2108 1506 2140 vis
1531 2108 1562 2139 in
1587 2108 1645 2140 1100
1662 2108 1746 2149 quod
1771 2108 1846 2141 dicit
1862 2107 2024 2151 (sitantum
2042 2108 2087 2140 acl
2107 2109 2219 2140 Deum.
2245 2109 2305 2140 Hoc
2326 2108 2408 2140 enim

1460 2160 1627 2202 dupliciter
1653 2160 1783 2192 dicitur:
1815 2160 1862 2192 vel
1892 2164 2043 2202 quantum
2072 2161 2111 2192 ad
2136 2161 2235 2192 Deum
2269 2165 2303 2192 ut
2330 2160 2409 2193 obie-

1460 2216 1562 2250 ctum,
1589 2213 1662 2254 quia
1688 2217 1794 2245 votum
1812 2213 1955 2253 astringit
1979 2213 2157 2245 astrictione
2172 2213 2181 2227 ⁸
2203 2213 2410 2251 necessitatis,

1461 2266 1510 2297 vel
1527 2269 1680 2307 quantum
1705 2265 1745 2297 ad
1761 2265 1878 2303 Deum,
1903 2265 1934 2297 id
1959 2269 2005 2298 est
2026 2269 2179 2307 quantum
2204 2266 2243 2298 ad
2261 2266 2410 2297 divinum
2458 2278 2465 2280 *

1461 2317 1634 2350 iudicium.
1659 2318 1742 2350 Deus
1766 2322 1870 2350 aut'em
1895 2318 1979 2350 bunc
2004 2319 2057 2360 qui
2082 2318 2237 2360 obligatus
2264 2322 2311 2351 est
2340 2323 2411 2351 voto

1459 2371 1611 2408 solemni,
1637 2374 1762 2412 reputat
1783 2371 1881 2412 magis
1897 2371 2085 2412 obligatum,
2109 2380 2167 2412 pro
2188 2380 2224 2403 eo
2247 2371 2330 2413 quod
2349 2380 2408 2403 non

1461 2424 1562 2456 solum
1581 2427 1706 2465 reputat
1722 2420 1794 2456 cum
1812 2423 1982 2464 obligatum
2001 2424 2074 2463 sibi,
2091 2424 2145 2456 sed
2163 2424 2254 2456 etiam
2272 2423 2408 2462 homini;

1462 2486 1524 2509 non
1549 2476 1649 2508 solum
1675 2480 1801 2518 reputat
1825 2476 2063 2517 promissionem
2095 2476 2207 2509 factam
2232 2480 2408 2518 acceptam,

1461 2529 1558 2561 immo
1576 2538 1630 2570 per
1655 2529 1834 2562 ministrum
1853 2533 2036 2570 potestatem
2061 2529 2201 2570 corporis
2222 2537 2288 2561 esse
2314 2533 2410 2561 trans-

1461 2582 1572 2614 latam:
1597 2586 1627 2614 et
1656 2582 1725 2614 ideo
1753 2582 1837 2614 Deus
1862 2581 1997 2620 iudicat,
2026 2581 2109 2624 quod
2135 2585 2242 2614 votum
2271 2581 2409 2614 solemne

1461 2635 1625 2677 impediat,
1655 2639 1685 2667 et
1709 2644 1768 2666 000
1802 2635 1948 2676 simplex.
1976 2635 2009 2667 Et
2038 2634 2096 2667 1100
2125 2644 2185 2666 non
2210 2638 2330 2666 tantum
2363 2638 2409 2666 est

1462 2840 1587 2871 Superius
1606 2847 1654 2871 pro
1673 2839 1795 2866 veracior
1814 2839 1890 2865 codd.
1909 2840 1927 2864 L
1939 2839 1960 2863 Y
1980 2838 2082 2870 verior,
2101 2839 2160 2864 edd.
2181 2840 2204 2864 et
2222 2838 2360 2871 accipitur.
2375 2839 2410 2863 lu-

1462 2883 1541 2907 forius
1562 2890 1609 2914 pro
1623 2890 1677 2916 qna
1690 2882 1828 2915 recipiente
1843 2883 1929 2913 plures
1943 2882 2018 2907 codd.
2034 2881 2097 2914 qnia
2111 2880 2249 2914 recipiente
2262 2881 2331 2913 (edd.
2346 2879 2409 2914 qnia

1461 2926 1488 2952 in
1509 2926 1673 2960 recipiente),
1694 2927 1750 2952 cod.
1766 2928 1786 2951 Κ
1807 2927 1825 2958 <l
1846 2934 1858 2951 a
1879 2926 1993 2951 secunda
2013 2926 2103 2958 manu)
2124 2927 2200 2957 legit:
2221 2925 2284 2959 quia
2303 2925 2330 2951 in
2349 2926 2408 2951 volo

1460 2970 1574 2996 solemni
1592 2970 1767 2996 continentiae
1786 2970 1951 3004 transfertur
1970 2974 2016 2996 etc.

1531 3014 1542 3030 ⁵
1562 3015 1609 3039 l'ro
1627 3021 1722 3047 super,
1744 3015 1784 3039 cui
1804 3014 1880 3039 codd.
1901 3015 1921 3039 K
1934 3014 1952 3038 L
1965 3014 1982 3039 U
2003 3013 2055 3046 (lV
2067 3021 2080 3038 a
2099 3013 2213 3039 secunda
2226 3014 2315 3045 manu)
2336 3019 2409 3044 prae-

1462 3059 1564 3083 mittunt
1582 3059 1633 3089 est,
1655 3058 1836 3084 substituimus
1855 3065 1885 3083 cx
1905 3058 1961 3083 cod.
1982 3059 2001 3082 Α
2021 3056 2106 3083 solvit.

1531 3102 1541 3118 ⁶
1561 3102 1623 3127 Cod.
1643 3104 1665 3127 K
1692 3102 1855 3134 substantia,
1878 3103 1965 3134 plures
1990 3102 2030 3127 alii
2057 3101 2132 3127 codd.
2158 3100 2294 3127 sententia.
2314 3101 2409 3125 Sensus

1461 3147 1594 3179 sequentis
1619 3148 1801 3178 propositionis
1821 3150 1871 3178 est,
1891 3146 1962 3178 quod
1986 3146 2120 3171 vinculum
2145 3146 2198 3171 voti
2223 3145 2344 3170 solemnis
2367 3151 2409 3169 ae-

1461 3191 1570 3222 qualiter
1596 3191 1708 3216 districte
1733 3191 1844 3222 obligat,
1864 3198 1894 3215 ac
1912 3190 2045 3216 vinculum
2071 3190 2244 3220 matrimonii;
2264 3189 2332 3214 unde
2357 3195 2408 3214 non

1461 3234 1563 3259 eliditur
1582 3235 1631 3260 alio
1650 3235 1755 3260 vinculo
1774 3235 1948 3266 praepotentis
1967 3233 2137 3265 obligationis.

1530 3278 1541 3294 ⁷
1561 3279 1610 3303 Pro
1629 3277 1784 3311 dicendum,
1806 3278 1877 3312 quod
1895 3277 1944 3304 hoc
1964 3278 2039 3303 codd.
2059 3278 2144 3303 solum
2163 3277 2204 3302 vel
2218 3276 2282 3303 haec
2295 3277 2335 3302 vel
2349 3275 2406 3303 ltoc.

1531 3321 1542 3337 8
1562 3321 1642 3348 Codd.
1670 3323 1716 3347 AS
1741 3321 1892 3355 affectione,
1921 3321 1980 3347 edd.
2007 3320 2199 3347 constrictione.
2221 3320 2325 3345 lutei-ius
2350 3320 2409 3345 voci

1461 3364 1582 3398 emporis
1601 3365 1657 3390 cod.
1678 3372 1707 3390 aa
1727 3366 1867 3397 praemittit
1885 3365 1934 3391 sni.
