2483 3882
144 352 248 395 plura
276 360 376 394 quam
399 354 537 392 septem,
563 350 636 391 quia
661 357 776 390 genera
799 351 999 389 peccatorum
1025 350 1099 378 sunt

148 408 276 447 septem.
300 422 344 426 —
367 404 459 442 item,
485 411 603 444 poenae
628 406 701 434 sunt
724 401 859 438 multae,
884 400 964 432 sicut
980 400 1099 440 irregu-

147 457 272 497 laritas,
297 457 377 489 sicut
401 455 649 496 concupiscentia
682 454 764 486 circa
797 456 923 494 gustum
956 455 986 484 et
1018 452 1099 483 sicut

148 510 230 543 cirea
254 513 390 547 tactum,
415 512 523 540 contra
546 516 626 549 quae
650 515 710 538 non
736 509 809 538 sunt
833 506 1032 537 Sacramenta
1047 504 1064 535 ¹.

236 563 265 594 2.
283 562 375 600 ltem,
394 562 593 593 Sacramenta
612 559 766 600 Evangelii
785 567 817 590 se
831 557 947 590 habent
961 566 1001 588 ex
1015 557 1101 588 addi-

148 615 230 648 tione
254 615 293 647 ad
319 615 519 646 Sacramenta
543 613 620 654 legis
645 612 796 653 scriptae,
821 610 901 643 sicut
924 609 978 641 illa
994 609 1032 641 ad
1051 609 1101 640 Sa-

110 697 116 703 .
148 671 325 705 eramenta,
343 675 423 708 quae
441 669 513 698 sunt
530 666 560 697 in
579 665 646 706 lege
663 668 810 696 naturae:
829 672 904 704 ergo
921 671 992 695 cum
1008 661 1101 703 plura

149 721 210 753 sint
227 720 427 752 Sacramenta
445 719 474 750 in
494 718 559 759 lege
577 718 692 759 scripta
709 726 803 759 quam
822 716 852 748 in
871 715 936 757 lege
951 718 1100 752 naturae,

146 772 249 814 ptura
273 772 387 804 debent
412 779 480 802 esse
505 771 535 802 in
561 770 727 811 Evangelio
750 778 845 811 quam
871 768 901 800 in
926 768 1005 809 Lege
1017 767 1037 798 ².

502 866 742 890 CONCLUSIO.

263 946 432 978 Numerus
455 946 662 987 septenarius
687 946 980 977 Sacramentorum

491 998 684 1030 conveniens
708 1002 762 1029 est.

237 1088 435 1119 Respounno:
454 1086 638 1123 Dicendum,
656 1086 750 1127 quod,
768 1085 848 1118 sicut
865 1088 1024 1117 ostensum
1047 1086 1104 1121 θεῖ,

148 1149 275 1173 necesse
299 1144 362 1178 est,
387 1149 456 1172 esse
478 1140 581 1181 ptura
606 1140 822 1171 Sacramenta:
848 1138 941 1180 plura
957 1137 1104 1179 quidem,

153 1194 226 1235 quia
251 1197 324 1225 sunt
348 1193 387 1225 ad
412 1192 681 1230 exereitamtum,
706 1201 807 1223 unum
831 1190 913 1223 enim
939 1193 1104 1231 generaret

151 1246 334 1285 fastidium;
359 1246 452 1288 plura
476 1246 587 1284 etiam,
613 1245 685 1287 quia
704 1249 777 1277 sunt
801 1244 839 1276 ad
865 1243 1102 1279 erudiendum,

23 1304 140 1326 Cone1usi0-
155 1308 254 1332 unum
287 1300 369 1331 enim
401 1302 565 1340 generaret
596 1297 831 1339 ambiguitatem
847 1296 868 1328 ³.
901 1296 959 1328 Sed
987 1299 1105 1337 septem

156 1356 228 1386 sunt
253 1356 283 1384 et
307 1361 368 1383 non
392 1351 502 1393 plura,
526 1351 600 1392 quia
617 1353 690 1383 sunt
706 1350 745 1382 ad
763 1349 1015 1386 medicandum,
1032 1348 1106 1389 quia

10 1410 90 1458 1352&
104 1406 309 1438 effe-medicina
333 1404 459 1446 respicit
482 1403 639 1441 vulnera,
657 1412 741 1446 quae
763 1406 887 1439 sunm,-
910 1405 941 1434 et
965 1401 1104 1433 sanando

68 1452 73 1457 ’
152 1459 285 1491 vulnera
309 1458 451 1489 adiuvat
465 1457 627 1493 virtutes,·
643 1460 673 1488 et
690 1454 1020 1507 adiuvandomvirtutes
1038 1463 1105 1486 mu-

147 1511 192 1543 nit
216 1516 246 1543 et
270 1514 385 1542 armat
407 1513 524 1541 eontra
548 1508 768 1550 infirmitates.

237 1563 416 1600 Secundum
450 1562 545 1603 igitur
577 1561 661 1603 quod
686 1561 886 1593 Sacramenta
909 1563 1034 1591 sctitant
1058 1558 1104 1590 in-

18 1616 341 1669 Coggrfen-firmitates,
374 1624 527 1647 numerus
555 1623 665 1647 eorum
690 1613 844 1655 accipitur
868 1613 932 1644 sic:
958 1612 1032 1653 quia
1055 1615 1103 1643 est

101 1663 106 1668 “
147 1668 314 1701 infirmitas
343 1667 459 1709 eulpae
490 1671 520 1699 et
548 1676 695 1709 poenae;
727 1664 893 1698 infirmitas
922 1664 1038 1706 eulpae
1070 1664 1101 1695 in

147 1721 284 1764 generali
309 1725 356 1753 est
379 1724 541 1762 peccatum
567 1719 736 1760 originale,
761 1721 869 1750 contra
886 1717 970 1758 quod
988 1720 1035 1749 est
1052 1716 1103 1748 ba-

146 1775 303 1816 ptismus;
327 1776 357 1805 et
381 1776 543 1815 pec-catum
569 1771 699 1803 actuale
716 1770 873 1808 mortale,
891 1774 1000 1802 contra
1016 1769 1101 1811 quod

146 1830 193 1859 est
217 1826 427 1868 poenitentia3
451 1828 482 1857 et
504 1828 668 1866 peccatum
700 1822 844 1861 veniale,
875 1826 984 1855 contra
1016 1822 1100 1864 quod

147 1883 194 1912 θεῖ
217 1882 361 1911 extrema
385 1877 509 1927 unctio?
524 1896 567 1900 -—
588 1877 718 1908 Poenae
741 1878 846 1908 autem
871 1875 1038 1907 infirmitas
1055 1878 1101 1907 est

147 1931 348 1974 quadruplex
363 1930 392 1969 ⁴,
416 1930 534 1962 scilicet
559 1929 770 1972 iquorantia,
796 1931 904 1961 contra
933 1937 1028 1970 quam
1053 1931 1101 1960 est

146 1985 240 2023 ord0,
265 1984 296 2016 in
321 1992 383 2026 quo
399 1986 536 2025 potestas
553 1983 690 2015 traditur
707 1981 926 2019 discernendi;
943 1980 1099 2019 secunda,

148 2036 347 2079 infirmitas,
372 2040 480 2069 contra
504 2044 598 2077 qaam
625 2038 671 2068 est
695 2034 913 2073 confirmati03
939 2034 1030 2066 tertia
1054 2036 1101 2065 est

146 2089 296 2127 matitia,
329 2092 437 2121 contra
466 2097 561 2130 quam
587 2091 634 2120 est
657 2086 869 2125 eucharistia3
894 2089 1007 2128 quarta
1032 2095 1103 2118 eon-

147 2142 367 2184 cupiscentia,
392 2144 500 2174 eontra
524 2150 619 2183 quam
644 2144 691 2173 est
715 2140 962 2172 matrimonium.

236 2195 415 2227 Secundum
428 2198 534 2226 autem
549 2193 633 2236 quod
650 2194 852 2226 Sacramenta
868 2196 943 2225 sunt
959 2193 990 2224 in
1007 2192 1101 2225 actiu-

22 2248 270 2299 Coggrgfn-toriunz
304 2248 485 2285 virtutum,
518 2247 672 2289 accipitur
697 2255 851 2279 numerus
875 2246 938 2279 sic:
964 2246 1038 2288 quia
1070 2246 1101 2277 in

150 2301 340 2334 adiutorium
371 2300 467 2342 fidei,
501 2301 544 2333 sic
568 2304 615 2332 θεῖ
638 2300 832 2341 baptismus,
858 2300 910 2341 qui
937 2303 984 2331 est
1008 2299 1102 2331 ianua

123 2391 125 2393 ¹
150 2353 545 2392 Sacrameiitorumstsicut
569 2353 648 2385 fides
665 2353 818 2385 virtutum
835 2352 863 2390 5;
889 2352 919 2384 in
943 2352 1100 2384 auxilium

149 2406 236 2448 spei,
260 2407 303 2438 sic
327 2409 374 2438 θεῖ
397 2406 503 2438 unctio
520 2409 685 2444 extrema3
703 2405 733 2437 in
751 2403 907 2437 auxilium
927 2404 1101 2442 caritati-5,

148 2459 355 2498 eucharistia,
380 2467 461 2501 quae
492 2458 561 2490 unit
589 2462 619 2490 et
650 2458 852 2499 incorporat;
885 2458 915 2489 in
944 2458 1100 2489 auxilium

146 2511 362 2553 prudentiae,
394 2511 491 2549 ordo;
515 2511 546 2542 in
571 2511 727 2543 auxilium
753 2510 922 2547 iustitiae,
947 2510 1103 2551 poeniten-

149 2564 208 2603 tia;
244 2564 273 2596 in
307 2564 465 2596 auxilium
498 2563 750 2604 temperantiae,
785 2563 1039 2601 matrimonium,
1071 2563 1102 2594 in

149 2617 303 2649 auxilium
329 2616 555 2659 fortitudinis,
581 2616 785 2648 confirmatio.

862 259 956 291 DlS'r.
981 259 1012 290 ll.
1039 259 1120 290 ΛΒΤ.
1147 259 1165 290 l.
1191 259 1343 300 QUAEST.
1370 259 1413 290 lll.
2079 259 2120 291 3513

1251 346 1429 378 Secundum
1457 354 1547 385 vero,
1573 346 1658 387 quod
1683 346 1883 378 Sacramenta
1908 350 1981 378 sunt.
2005 356 2117 378 arma-
2132 354 2255 379 Congruen-

1164 403 1260 430 turae
1297 399 1450 431 Ecclesiae
1484 399 1662 436 militantis,
1695 398 1832 430 sumitur
1865 408 2019 431 numerus
2052 399 2115 431 sic:

1163 451 1254 492 quia,
1279 451 1360 483 sicut
1376 451 1492 483 dicitur
1509 451 1708 483 Canticorum
1733 451 1870 489 sexto⁶,
1896 451 1971 492 ipsa
1995 456 2040 483 est
2063 456 2121 483 ter-

1164 503 1273 534 ribilis
1296 507 1333 534 ut
1357 507 1547 535 castrorum
1572 503 1660 535 acies
1676 503 1855 540 ordiatium
1880 502 2037 534 terribilis
2054 507 2117 538 θεῖ,

1164 556 1238 598 quia
1272 557 1392 588 munita
1425 560 1455 588 et
1484 556 1589 594 fortis,
1615 559 1645 588 et
1668 556 1727 588 boc
1752 565 1808 597 per
1833 556 2120 593 confirmationem3

1165 609 1271 646 acies,
1296 609 1370 650 quia
1395 609 1561 641 coniuncta
1585 612 1615 640 et
1639 608 1744 647 unita,
1770 613 1799 641 et
1816 609 1875 641 hoc
1900 618 1956 650 per
1979 610 2121 641 euchari-

1165 662 1256 694 stiam
1272 674 1279 700 3
1305 661 1482 699 ordinata,
1501 670 1557 702 per
1574 661 1727 693 ordinem.
1746 662 1825 693 Haec
1842 662 1924 694 acies
1942 662 2119 694 variabilis

1164 718 1211 746 est
1237 718 1386 756 tanquam
1405 714 1435 745 in
1461 714 1519 746 hac
1544 715 1607 746 vita
1631 715 1821 753 consistenS,
1846 715 1931 747 unde
1956 724 1995 747 ex
2014 724 2050 747 ea
2067 715 2121 747 ali-

1165 767 1218 808 qui
1244 767 1478 799 subtrabuntur
1503 776 1558 815 pgr
1585 771 1736 805 mortem,
1760 767 1857 808 aliqui
1875 771 2121 808 prosternuntur

1165 828 1221 860 per
1246 819 1394 860 culpam;
1420 819 1489 851 ideo
1515 819 1727 851 necessarium
1750 823 1796 851 est
1820 820 2056 851 Sacramentum
2082 820 2121 851 ad

1162 871 1288 913 prolem
1314 871 1605 913 insultiplietwttlam
1629 871 1668 903 ad
1694 871 1836 903 divinum
1860 871 1998 910 cultum,
2017 876 2047 903 et
2064 872 2122 903 lioc

1166 928 1213 957 θεῖ
1238 925 1497 963 matrimonium,
1523 924 1736 956 necessarium
1762 929 1809 957 est
1833 925 1926 957 etiam
1951 925 1989 957 ad
2013 935 2123 956 resur-

1165 978 1310 1020 pendunt
1333 981 1403 1019 post
1427 977 1565 1018 lapsum,
1590 981 1619 1009 et
1644 978 1702 1009 boc
1726 981 1773 1010 est
1797 978 1996 1019 poenitentia.
2015 979 2045 1010 ln
2064 979 2122 1011 liac

1168 1034 1273 1063 autem
1299 1031 1365 1063 sola
1389 1031 1455 1063 acie
1478 1030 1572 1062 satus
1596 1034 1663 1069 est:;
1688 1031 1773 1063 unde
1792 1031 1820 1062 in
1838 1039 1906 1063 eam
1932 1031 2122 1073 ingyreclitur

1169 1085 1280 1123 homo,
1304 1088 1339 1116 ut
1362 1083 1551 1125 proelietur,
1577 1092 1617 1116 ex
1642 1092 1678 1116 ea
1705 1083 1733 1115 in
1759 1087 1859 1115 morte
1883 1083 2070 1125 eqrectitur,
2088 1088 2123 1116 ut

1169 1140 1346 1170 coronetur.
1372 1137 1431 1169 Sed
1456 1137 1564 1169 nullus
1587 1136 1748 1178 recipitur
1765 1136 1803 1168 ad
1822 1145 1979 1177 pugnam,
1996 1136 2053 1168 nisi
2073 1137 2125 1168 lia-

1170 1189 1242 1222 beat
1265 1190 1390 1231 signum
1415 1192 1445 1221 et
1469 1198 1559 1220 arma
1582 1188 1718 1227 Christi,
1743 1189 1814 1220 ideo
1839 1189 2053 1221 necessarium
2078 1192 2124 1221 est

1170 1242 1426 1280 Sacramentum,
1450 1242 1480 1273 i'n
1513 1251 1575 1283 quo
1606 1242 1681 1274 baec
1710 1241 1928 1279 conserantur,
1961 1246 1996 1273 ut
2027 1241 2125 1282 bapti-

1171 1303 1276 1333 smus,
1301 1298 1331 1327 et
1355 1294 1413 1326 hoc
1438 1298 1485 1326 θεῖ
1507 1295 1601 1326 ianua
1632 1294 1839 1333 intrantium3
1870 1294 1962 1332 item,
1992 1303 2033 1326 ex
2065 1294 2123 1326 hac

1170 1349 1236 1381 acie
1249 1348 1356 1381 nullus
1369 1348 1548 1390 eqo-editur,
1566 1347 1619 1388 qui
1637 1347 1809 1389 recipiatur
1826 1347 1855 1379 in
1873 1347 2123 1389 triumphante⁷,

1169 1402 1227 1434 nisi
1253 1401 1368 1433 habeat
1392 1401 1506 1443 pignus
1530 1404 1560 1433 et
1584 1400 1763 1432 unctionem
1792 1400 1927 1442 Spiritus
1951 1400 2066 1439 sancti,
2092 1400 2123 1432 in

1169 1454 1261 1486 cuius
1285 1454 1490 1495 signationem
1515 1457 1562 1485 est
1585 1453 1691 1485 unctio
1715 1456 1876 1491 extrema,
1901 1462 1981 1495 quae
2005 1457 2052 1485 est
2076 1453 2125 1485 Sa-

1168 1510 1365 1539 cramentum
1390 1506 1586 1539 exeuntium.
1611 1525 1655 1529 —
1679 1506 1714 1538 Et
1738 1506 1781 1538 sic
1814 1509 1913 1547 patet,
1945 1506 2028 1548 quod
2062 1510 2126 1538 tan-

1168 1563 1235 1592 tum
1272 1564 1346 1591 sunt
1382 1562 1520 1601 septem,
1555 1560 1621 1591 sive
1653 1559 1894 1591 considerentur
1925 1563 1960 1591 ut
1991 1559 2125 1591 medica-

1168 1615 1289 1651 menta,
1314 1612 1379 1644 sive
1404 1615 1439 1644 ut
1462 1612 1662 1650 adiumenta,
1687 1612 1753 1644 sive
1779 1616 1813 1644 ut
1836 1621 1934 1644 arma.

1259 1666 1285 1696 1.
1310 1665 1352 1697 Ad
1378 1664 1457 1697 illud
1482 1674 1556 1706 ergo
1586 1664 1669 1706 quod
1695 1664 1859 1703 obiicitur,
1884 1664 1969 1706 quod
1994 1664 2123 1696 deberet

1166 1726 1234 1750 esse
1251 1726 1351 1750 unum
1375 1720 1503 1759 propter
1519 1717 1698 1750 facilitatem
1714 1730 1721 1756 3
1738 1717 1906 1749 dicendum
1918 1743 1925 1756 ,
1943 1717 2027 1759 quod
2045 1727 2125 1759 opus

1167 1771 1311 1802 divinum
1337 1770 1430 1802 debet
1454 1769 1573 1802 babere
1596 1768 1793 1812 facilitatem
1818 1770 1848 1801 in
1874 1770 1997 1811 signum
2021 1774 2126 1812 poten-

1166 1823 1244 1862 tiae,
1269 1823 1363 1855 debet
1387 1822 1505 1855 habere
1529 1826 1560 1855 et
1584 1823 1826 1865 eonyruitatem
1858 1823 1889 1855 in
1923 1823 2046 1865 signum
2081 1832 2126 1855 sa-

1166 1876 1318 1918 pientiae,
1343 1876 1437 1909 debet
1461 1876 1554 1908 etiam
1579 1876 1697 1908 habere
1725 1876 1901 1908 utilitatem
1934 1877 1965 1908 in
1997 1876 2123 1918 signum

1166 1929 1322 1961 bonitatis.
1355 1929 1435 1970 Quia
1465 1937 1557 1970 ergO,
1589 1929 1661 1961 licet
1692 1929 1742 1961 via
1766 1929 1886 1961 facilior
1910 1929 2061 1961 existeret
2094 1929 2123 1961 in

1165 1991 1247 2021 uno,
1272 1985 1394 2021 tamen,
1419 1982 1493 2024 quia
1517 1991 1578 2014 non
1604 1983 1646 2014 ita
1670 1991 1810 2024 congrua
1843 1985 1877 2014 ut
1902 1982 1932 2014 in
1957 1981 2123 2024 phirttms;

1166 2035 1236 2067 ideo
1260 2035 1390 2067 suerunt
1414 2035 1517 2076 plura.

1256 2089 1285 2119 Ξ.
1310 2088 1353 2120 Ad
1379 2087 1457 2120 illud
1490 2088 1573 2130 quod
1606 2088 1753 2120 obiicitur
1778 2088 1817 2120 de
1842 2088 1979 2121 efficacia
2011 2088 2126 2120 eucha-

1166 2140 1291 2180 ristiae,
1323 2141 1510 2179 dicendum,
1542 2141 1627 2183 quod
1659 2141 1716 2174 etsi
1742 2141 1772 2173 in
1796 2141 1986 2174 eucharistia
2011 2141 2126 2183 signifi-

1167 2197 1257 2226 cetur
1289 2193 1409 2235 passio,
1442 2197 1473 2226 et
1504 2194 1702 2226 contineatur
1734 2194 1896 2233 Christus,
1928 2194 1958 2226 in
1984 2203 2047 2236 quo
2078 2198 2125 2226 θεῖ

1166 2247 1285 2288 gratiae
1310 2246 1491 2288 plenitudo,
1516 2256 1577 2279 non
1602 2250 1706 2279 tamen
1732 2246 1927 2288 significatur
1953 2247 2055 2289 passio
2080 2255 2124 2279 se-

1167 2300 1307 2333 cundum
1333 2309 1457 2332 omnem
1484 2310 1579 2333 suum
1603 2300 1767 2339 effectum,
1789 2309 1845 2332 nec
1863 2300 2040 2333 continetur
2058 2309 2127 2341 gra-

1167 2354 1227 2386 tiae
1251 2353 1415 2395 plenitudo
1439 2354 1478 2386 ad
1504 2362 1628 2386 omnem
1654 2354 1786 2395 gratiam
1812 2353 2051 2389 effundendam,
2069 2353 2123 2386 sed

1169 2406 1347 2448 specialiter
1371 2406 1410 2438 ad
1435 2406 1580 2439 effectum
1607 2406 1780 2439 cibationis.

1257 2458 1285 2490 3.
1303 2459 1332 2490 [ι.
1350 2459 1392 2491 Ad
1412 2458 1490 2491 illud
1508 2459 1592 2500 quod
1610 2459 1756 2491 obiicitur
1774 2459 1812 2491 de
1829 2459 2002 2500 baptisnm,
2025 2459 2127 2491 dicen-

1166 2511 1260 2550 dum,
1285 2511 1370 2552 quod
1395 2511 1571 2553 baptismus
1596 2512 1714 2544 directe
1738 2516 1786 2544 est
1814 2516 1922 2544 contra
1954 2512 2124 2553 originale:

1166 2563 1252 2595 unde
1269 2572 1329 2594 non
1346 2567 1393 2595 est
1410 2563 1570 2602 iterabile,
1589 2564 1643 2595 sed
1661 2564 1794 2595 vulnera
1811 2568 2011 2604 peccatorum
2023 2564 2033 2580 ὃ
2051 2568 2125 2596 sunt

1166 2615 1331 2647 iterabilia.
1356 2605 1449 2654 Item,
1474 2617 1531 2647 etsi
1549 2616 1692 2648 absolvat
1708 2625 1726 2647 a
1744 2625 1843 2657 poena
1859 2615 2124 2658 satisfactionis,

220 2775 228 2791 ¹
250 2776 448 2807 Explicationem
469 2776 546 2799 liuius
570 2782 624 2806 arg.
645 2774 752 2806 praebet
778 2775 847 2800 Alex.
872 2775 934 2805 Ilal.,
960 2776 984 2799 S.
1012 2783 1036 2806 p.
1063 2775 1104 2800 tv.

151 2826 175 2851 q.
196 2819 218 2844 5
240 2826 273 2844 ni.
300 2820 324 2844 7.
350 2826 372 2844 a.
393 2820 423 2843 2:
446 2819 567 2850 Videtur,
589 2819 659 2850 quod
687 2818 798 2844 babeant
817 2826 874 2844 csse
895 2820 983 2851 plura,
1009 2820 1060 2844 sic:
1080 2820 1103 2843 ln

151 2862 220 2893 Lege
240 2863 285 2887 suit
311 2869 391 2887 unum
412 2862 608 2887 Sacramentum
633 2862 737 2887 solvens
762 2862 796 2887 ab
823 2862 1023 2893 irregularitate,
1051 2862 1105 2887 scil.

152 2912 218 2938 aqua
238 2907 390 2937 expiationis
410 2907 465 2930 sire
484 2906 653 2937 lustrationis,
669 2906 700 2931 ilo
714 2914 764 2938 qua
779 2906 852 2931 Num.
873 2908 914 2938 t9;
929 2907 974 2931 scd
988 2906 1106 2932 sicutlex

152 2950 261 2974 carnalis
281 2950 446 2974 Sacrameuto
467 2956 518 2974 uno
532 2949 607 2974 solvit
620 2949 652 2975 ab
667 2950 853 2981 irregularitate
868 2951 975 2981 carnali,
990 2951 1106 2975 similiter

153 2993 191 3018 lex
218 2994 357 3025 spiritualis
382 2993 459 3018 (lebet
485 3001 535 3019 uno
560 2994 660 3019 solvere
686 2994 718 3019 ab
745 2995 931 3026 irregularitate
955 2995 1105 3026 spirituali...

152 3037 228 3068 ltem,
248 3044 328 3068 quare
354 3044 403 3062 non
431 3037 557 3063 habemus
584 3045 664 3063 unum
691 3039 884 3063 Sacramentum
912 3040 936 3063 iu
961 3039 1105 3064 remedium

154 3080 228 3110 gulae
253 3079 491 3112 [concupiscentiae
510 3081 575 3106 circa
596 3080 729 3114 gustum],
750 3082 815 3107 sieut
829 3083 852 3106 in
873 3082 1017 3107 remedium
1037 3083 1107 3107 luxu-

153 3124 206 3148 riae
226 3122 462 3156 [concupiscentiae
476 3125 541 3148 circa
557 3128 659 3155 tactum,
680 3126 724 3150 cfr.
742 3125 766 3150 ll.
785 3126 852 3150 Seut.
873 3126 897 3150 d.
912 3126 952 3151 30.
967 3133 989 3151 a.
1005 3128 1028 3151 2.
1043 3134 1067 3158 q.
1084 3127 1106 3158 l,

155 3167 180 3192 d.
200 3168 242 3192 3l.
262 3174 283 3192 a.
309 3168 328 3192 l.
349 3175 373 3200 q.
394 3168 417 3198 3,
439 3168 463 3193 d.
479 3168 519 3192 32.
539 3175 561 3193 a.
576 3170 599 3193 ⁶2.
620 3176 645 3201 q.
669 3169 689 3194 l.
709 3173 733 3194 ct
747 3169 771 3194 d.
793 3169 834 3194 43.
855 3169 917 3195 dub.
937 3170 960 3195 3.
980 3171 1005 3195 in
1026 3169 1106 3203 fine]‘!

154 3224 190 3228 —
203 3210 266 3235 Edd.
281 3218 341 3236 cum
353 3212 450 3244 aliquot
464 3211 540 3237 codd.
555 3213 676 3237 omittunt
689 3212 741 3237 duo
756 3213 843 3238 ultima
858 3213 935 3245 sicut,
951 3216 975 3238 et
988 3221 1036 3245 pro
1050 3220 1108 3239 con-

155 3255 198 3279 tra
217 3261 284 3287 quae
297 3261 350 3280 non
363 3256 426 3280 sunt
439 3262 489 3280 non
510 3256 586 3287 pauci
605 3255 681 3281 codd.
702 3255 773 3282 circu
789 3263 857 3290 quae
875 3263 929 3283 non
948 3258 1025 3289 sunt,
1047 3257 1107 3283 cdd.

154 3304 214 3322 cum
234 3298 362 3323 nonnullis
381 3298 456 3323 codd.
477 3300 572 3325 contra
591 3306 659 3332 quae
678 3301 748 3325 sunt.

226 3342 236 3358 ‘²
257 3343 313 3368 Vat.
333 3343 437 3374 supplet
456 3343 564 3376 scripta.

222 3385 232 3401 ³
249 3385 298 3411 Csr.
318 3394 397 3418 supra
417 3388 450 3412 lit.
471 3388 598 3419 Magistri,
620 3387 644 3412 d.
665 3388 680 3412 1.
701 3396 722 3413 (ε.
743 3388 771 3420 5;
792 3388 854 3414 ibid.
874 3388 1018 3415 Commeat.
1043 3396 1068 3421 p.
1090 3390 1105 3414 l.

1169 2782 1193 2807 q.
1219 2775 1237 2799 l.
1258 2776 1281 2799 in
1303 2782 1374 2806 corp.
1395 2779 1419 2800 et
1438 2775 1501 2800 dub.
1522 2776 1546 2800 7.
1560 2789 1595 2794 —
1610 2776 1715 2800 lnt'erius
1735 2783 1782 2807 pro
1802 2775 1926 2802 munitet
1945 2778 2037 2802 armat
2053 2777 2124 2802 multi

1170 2819 1246 2844 codd.
1261 2826 1320 2844 cum
1335 2819 1375 2844 ed.
1401 2820 1406 2843 l
1433 2819 1560 2845 muniunt
1573 2821 1734 2851 eternium,
1751 2824 1836 2845 tamen
1851 2824 1923 2846 antea
1945 2821 2039 2846 liabent
2052 2820 2125 2846 [utiu-

1170 2864 1222 2888 vut.
1243 2863 1359 2888 Subinde
1378 2870 1426 2894 pro
1446 2864 1539 2889 contra
1560 2863 1728 2897 infirmitates
1748 2864 1805 2889 cod.
1826 2865 1845 2889 1⁷1
1866 2866 1959 2891 contra
1980 2864 2074 2890 hostes.

1242 2905 1252 2922 ⁴
1272 2907 1419 2931 Secundum
1440 2907 1550 2938 Bcdam,
1570 2909 1613 2939 qui
1631 2914 1643 2931 a
1665 2908 1828 2933 Scholasticis
1841 2909 2013 2934 communiter
2033 2909 2126 2940 allega-

1172 2953 1220 2976 tur.
1241 2951 1307 2975 Vide
1327 2951 1353 2976 ll.
1374 2952 1442 2976 Sent.
1464 2951 1488 2975 d.
1510 2952 1550 2976 ⁶22.
1572 2951 1634 2976 dub.
1656 2953 1679 2976 2.
1695 2966 1728 2969 ——
1750 2952 1786 2977 De
1812 2956 1936 2984 potestate
1963 2953 2125 2978 discernendi

1171 2996 1227 3020 sive
1247 2995 1278 3020 de
1299 2995 1370 3020 clave
1390 2996 1509 3020 scientiae
1529 2995 1574 3020 cfr.
1594 2996 1658 3020 iufra
1679 2995 1702 3020 d.
1728 2996 1764 3020 18.
1785 3003 1810 3027 p.
1832 2996 1847 3021 l.
1868 3004 1890 3021 a.
1912 2997 1934 3020 3.
1956 3004 1980 3028 q.
2003 2997 2025 3021 «l.
2041 3011 2073 3014 —
2089 2997 2126 3021 ln-

1172 3039 1250 3064 l‘erius
1264 3046 1311 3070 pro
1325 3038 1450 3070 secunda,
1472 3038 1630 3072 iufirmitas,
1652 3040 1704 3064 scil.
1719 3039 1853 3065 resistendi
1873 3040 1941 3065 malo
1960 3043 1984 3064 et
2003 3040 2086 3065 standi
2101 3041 2125 3065 in

1172 3083 1254 3114 bono,
1275 3083 1334 3108 edd.
1354 3082 1471 3109 secunda
1491 3083 1528 3108 est
1547 3082 1708 3115 impotentia.

1241 3127 1252 3143 ⁵
1272 3126 1322 3152 Ctr.
1342 3127 1405 3151 infra
1426 3126 1451 3151 d.
1472 3127 1495 3151 3.
1516 3134 1540 3158 p.
1562 3127 1577 3151 l.
1597 3134 1619 3152 a.
1646 3128 1664 3152 l.
1684 3134 1708 3159 q.
1730 3127 1753 3152 3.

1242 3171 1253 3188 ⁶
1273 3171 1346 3196 Vers.
1367 3172 1390 3196 3.
1410 3175 1434 3196 et
1455 3172 1478 3196 9.

1243 3215 1254 3231 7
1274 3215 1359 3240 verna
1392 3214 1438 3248 qut
1466 3214 1612 3248 recipiatur
1640 3214 1666 3240 in
1687 3215 1869 3249 triumphante
1893 3216 2075 3248 supplevimus
2095 3224 2125 3242 ex

1173 3258 1248 3284 codd.
1269 3259 1286 3283 F
1299 3259 1333 3291 ¹¹3
1348 3259 1428 3284 rerba
1443 3266 1509 3291 quae
1529 3262 1685 3291 sequuntur,
1706 3261 1847 3292 respiciunt
1860 3260 1876 3285 1.
1891 3260 1948 3286 Cor.
1967 3261 1990 3292 l,
2004 3261 2045 3285 21.
2062 3268 2125 3293 seq..

1172 3305 1196 3327 et
1216 3303 1279 3334 Epli.
1304 3303 1327 3334 l,
1350 3303 1389 3327 14.

1243 3345 1254 3362 8
1273 3346 1355 3371 Codd.
1376 3347 1392 3371 F
1404 3347 1423 3371 11
1449 3346 1568 3372 aliorum
1588 3348 1770 3380 peccatorum.
1790 3349 1846 3373 Mox
1870 3353 1929 3380 post
1948 3347 2079 3375 iterabitur
2100 3349 2125 3373 in

1173 3390 1230 3415 cod.
1250 3391 1267 3415 F
1287 3391 1401 3417 additur:
1423 3393 1447 3417 et
1465 3391 1521 3417 ideo
1547 3393 1650 3424 oportet
1668 3392 1764 3419 habere
1787 3393 1965 3420 Sacramenta
1985 3392 2124 3419 iterabitur.

2145 380 2173 400 tia
2190 380 2212 400 3.

2138 983 2267 1004 Notandum.

2151 1668 2234 1698 Solutio
2251 1674 2289 1695 op·

2142 1697 2268 1722 positorum.
