2483 3882
9 641 31 656 tm
45 634 64 655 2.

8 1263 38 1288 11111
47 1257 66 1278 3.

3 1287 65 1305 tinus.

0 1756 28 1772 nm
41 1750 61 1772 4.

0 2137 63 2158 uiuus.

0 2191 28 2206 am
41 2185 59 2206 5.

12 343 70 364 tinus.

916 241 1127 274 DiSTlNCTtO
1152 242 1213 274 XV.

80 335 226 366 stionibus
249 341 351 363 earum
376 332 489 362 aditum
508 332 662 370 indulgere
678 344 704 360 u.
728 331 829 361 idem:
857 342 869 356 (ι
885 330 963 360 Saue
978 329 1029 368 qui

79 384 222 415 scelerate
245 382 349 411 vivunt
370 388 425 410 nec
447 383 554 410 curant
570 380 658 410 talem
676 380 766 409 vitam
784 387 942 416 moresque
964 387 1031 408 cor-

80 433 175 469 rigere
197 433 225 460 et
248 430 324 459 inter
347 429 412 467 ipsa
434 428 567 458 facinora
589 437 642 458 sua
667 427 874 465 eleemosynas
897 427 1031 465 frequen-

82 485 141 511 tare
166 487 223 509 non
253 481 387 512 cessant,
409 477 519 506 frustra
543 476 610 506 idco
633 476 689 505 sibi
724 476 936 511 blamiiuntur,
959 476 1030 514 quia

80 528 222 559 Dominus
243 527 303 556 ait:
326 526 400 555 Date
422 525 656 564 eleemosynam,
678 529 704 554 ec
720 534 780 554 ecee
794 523 898 554 omnia
913 523 1031 554 ‘munda

79 580 148 608 sunt
167 573 260 605 vobis.
291 574 353 603 Hoc
387 573 465 603 enim
498 581 588 611 quam
621 573 680 602 late
707 576 823 611 pateat,
847 581 904 602 non
927 572 1032 602 intelli-

78 629 148 666 gunt
164 637 190 654 ».
216 636 228 650 «
245 623 335 652 Multa
351 623 430 652 enini
446 626 512 652 suut
529 630 638 659 genera
655 621 931 660 eleemosynarum,
952 629 1030 659 quae

79 682 145 705 cum
168 672 303 706 facimus
325 671 515 700 adiuvamur.
538 670 602 699 Non
625 670 721 700 solum
739 671 817 699 enim
834 670 884 708 qui
901 669 953 699 dat
967 677 1032 699 esu-

78 721 161 753 rienti
184 720 296 756 cibum,
318 719 429 749 sitienti
458 722 561 757 potum
590 722 619 748 et
648 718 841 753 huiusmodi3
864 718 915 747 sed
940 718 1029 747 etiam

77 770 126 810 qui
149 769 199 799 dat
221 768 339 797 veniam
362 766 473 805 petenti
495 766 717 805 eleemosynam
735 766 804 801 dat;
822 766 916 805 etqui
934 774 1031 795 emen-

77 820 138 849 dat
154 817 279 847 verbere
304 816 331 846 in
354 823 444 854 quem
477 818 610 853 potestas
637 815 734 849 datur,
758 815 802 845 vel
832 819 953 845 coercet
981 814 1031 844 ali-

77 875 134 906 qua
156 865 335 904 disciplina,
358 864 404 893 vel
427 866 512 899 orat,
535 867 567 893 ut
590 863 616 893 ei
651 863 819 893 dimittatur
850 866 1029 902 peccatum,

77 916 295 953 eleemosynam
318 913 387 948 dat,
409 912 480 951 quia
503 912 743 942 misericordiam
766 916 941 951 praestat».

480 1010 548 1040 (3Αο.
570 1009 617 1040 IV.

320 1109 361 1138 De
382 1106 542 1147 qeneribns
565 1107 779 1146 eleemosynae.

159 1218 171 1231 «
186 1205 276 1235 Multa
299 1205 377 1234 enim
403 1204 480 1234 bona
502 1207 694 1242 praestantur
710 1204 826 1239 invitis,
842 1203 963 1242 quaudo
979 1211 1029 1233 eo-

77 1262 139 1284 rum
167 1253 334 1283 consulitur
365 1252 484 1282 utilitati
509 1256 537 1281 et
562 1261 620 1281 non
648 1252 815 1281 voluntati¹
833 1264 859 1281 ».
882 1251 966 1281 «Sed
994 1259 1028 1281 ea

76 1303 170 1333 maior
185 1306 244 1339 est,
260 1309 318 1340 qua
335 1310 372 1331 ex
388 1301 480 1331 corde
496 1301 676 1330 dimittimus
692 1301 772 1339 quod
797 1301 825 1330 iu
848 1300 935 1330 nobis
950 1300 1029 1338 quis-

77 1360 134 1391 que
154 1351 300 1390 peccavit.
324 1351 421 1379 illinus
443 1350 522 1379 enim
545 1358 688 1387 magnum
712 1353 756 1379 est
778 1357 848 1386 erga
872 1357 939 1378 eum
963 1357 1029 1378 esse

77 1400 269 1435 benevolum,
292 1400 342 1438 qui
368 1399 420 1428 tibi
444 1398 517 1428 nihil
538 1398 606 1428 mali
631 1398 715 1434 fecit:
738 1398 811 1427 illud
836 1397 929 1427 multo
945 1405 1029 1434 grau-

76 1450 156 1486 dius,
179 1452 211 1479 ut
233 1452 316 1478 tuum
349 1447 439 1478 etiam
473 1447 628 1477 inimicum
662 1447 769 1484 diligas
792 1450 821 1476 ct
843 1447 868 1476 ei
892 1447 943 1485 qui
975 1446 1027 1476 tibi

76 1499 184 1529 malum
208 1497 271 1527 vult
294 1500 338 1534 et,
360 1497 383 1526 si
408 1500 522 1535 potest,
547 1496 630 1531 facit,
661 1504 781 1534 semper
813 1496 924 1525 bonum
955 1495 1028 1525 velis

75 1547 225 1584 faciasque
258 1545 338 1584 quod
372 1545 470 1584 possis
487 1558 512 1575 u.
551 1544 662 1580 «Quod
696 1553 766 1582 ergo
801 1544 945 1574 Dominus
968 1544 1027 1574 ait:

76 1597 147 1626 Dcite
168 1594 399 1634 eleemosynam,
423 1598 449 1623 et
470 1593 575 1623 onmia
596 1592 715 1623 munda
745 1597 818 1623 sunt
847 1592 957 1628 vobz's‚·
988 1594 1026 1623 ita

75 1643 251 1674 intellecturi
285 1651 408 1678 sumus⁷
443 1646 473 1671 ut
505 1650 563 1671 uon
596 1641 789 1671 credentibus
818 1642 844 1671 iu
876 1642 1027 1672 Christum

75 1692 184 1722 amuda
216 1691 274 1721 sint
307 1691 424 1725 omnia,
457 1691 481 1720 si
515 1690 723 1728 eleemosynas
754 1690 825 1720 istas
847 1690 1027 1721 dederint».

81 1740 160 1776 «Qui
183 1740 260 1770 enim
285 1740 348 1769 vult
379 1739 516 1769 ordinate
539 1739 762 1778 eleemosynam
785 1739 857 1769 darc
880 1748 896 1768 a
919 1747 951 1769 se
981 1739 1029 1768 de-

74 1789 122 1820 bet
144 1789 276 1827 incipere
300 1793 327 1818 et
351 1796 416 1818 eam
440 1788 571 1826 primum
594 1787 651 1817 sibi
675 1787 790 1818 dare».

485 1885 553 1915 CAP.
577 1886 611 1915 V.

373 1982 453 2019 Qm'ct
472 1982 512 2012 sit
533 1983 730 2022 eleemosyna.

157 2083 235 2112 «Est
256 2083 335 2112 enim
359 2082 549 2119 eleemosyna
572 2089 649 2119 opus
670 2081 913 2118 misericordiae,
937 2081 1027 2111 veris-

75 2131 207 2169 simeque
228 2130 341 2160 dictum
365 2133 427 2159 est:
455 2129 600 2161 Miserere
632 2128 754 2159 cmzz'mae
786 2133 874 2163 lucie,
902 2129 1026 2169 placens

74 2179 131 2209 Deo
144 2179 153 2193 2
169 2192 196 2208 ».
219 2192 230 2204 ιι
245 2179 308 2208 Non
326 2187 396 2216 ergo
419 2187 451 2208 se
474 2178 577 2208 fallant
599 2179 650 2216 qui
674 2186 728 2216 per
748 2178 956 2217 eleemosynas
972 2178 1027 2208 lar-

74 2227 207 2266 gissimas
233 2227 384 2257 fructuum
411 2235 534 2256 suorum
568 2226 612 2256 vel
637 2226 784 2264 pecuniae
815 2226 1024 2264 impunitatem

73 2285 103 2306 se
123 2285 222 2306 emere
243 2277 419 2311 aestimant⁷
443 2277 470 2304 in
494 2276 629 2314 peccatis
645 2280 874 2314 permanentes,
890 2284 968 2314 quae
985 2276 1024 2306 ita

73 2325 211 2364 diligunt,
235 2329 265 2355 ut
287 2325 315 2354 in
339 2326 381 2354 eis
404 2328 507 2363 optent
532 2325 655 2354 versari.
681 2323 740 2360 Qtn‘
758 2333 828 2353 vero
844 2323 947 2364 (iz'liyic
969 2323 1027 2354 im'-

73 2373 212 2413 qm'tcttem
234 2373 298 2403 odic
317 2373 457 2403 animam
471 2382 572 2407 snam,
590 2377 618 2403 et
634 2373 684 2411 qui
706 2372 770 2402 odit
792 2373 922 2403 aninmm
939 2382 1024 2403 suam

74 2430 128 2451 non
151 2426 194 2451 est
215 2422 241 2452 ei
266 2422 456 2457 misericorS,
489 2422 540 2451 sed
564 2422 706 2452 crudelis.
731 2422 888 2459 Diligendo
911 2422 1025 2460 quippe

73 2478 135 2500 eam
158 2471 322 2501 secundum
347 2470 512 2505 saeculum,
534 2470 597 2499 odit
630 2478 696 2500 eam
730 2470 896 2500 secundum
919 2471 1024 2501 Deum.

73 2518 100 2549 Si
117 2527 186 2557 ergo
203 2520 265 2549 vult
281 2520 306 2549 ei
324 2520 397 2549 dare
420 2519 655 2557 eleemosynam,
673 2527 726 2557 per
742 2527 832 2556 uuam
849 2519 880 2548 fit
897 2520 1025 2555 munda;

74 2566 153 2597 odiat
179 2576 242 2597 eam
273 2567 440 2597 secundum
469 2567 623 2596 saeculum
647 2571 675 2596 et
697 2566 802 2604 diligat
824 2575 889 2596 eam
919 2575 1027 2596 sccun-

74 2615 141 2645 dum
165 2616 300 2646 Deum».
327 2617 389 2645 Hac
422 2616 630 2653 eleemosyna,
654 2623 744 2653 quam
768 2615 824 2644 sibi
850 2615 939 2644 bomo
969 2615 1028 2653 pri-

74 2664 161 2694 mitus
191 2665 296 2700 debet,
330 2664 514 2694 mundantur
547 2663 699 2693 interiora.
730 2663 774 2692 Ad
798 2663 878 2701 quod
903 2663 1026 2692 bortans

74 2712 205 2743 Christus
227 2714 286 2743 ait:
306 2713 453 2743 Mmzstace
468 2721 544 2752 quoe
560 2711 642 2741 incus
658 2716 737 2741 sunt.
754 2710 929 2741 Immundis
944 2711 1026 2741 enim

75 2760 155 2791 nihil
174 2766 215 2791 est
235 2761 408 2797 mnndum,-
431 2761 482 2790 sed
505 2760 625 2799 polluta
655 2764 726 2789 sunl
754 2769 859 2789 eorum
887 2769 972 2789 mens
1001 2764 1027 2789 ec

75 2809 263 2845 conscientia,
283 2814 315 2840 ut
330 2811 371 2840 ait
386 2809 559 2848 Apostolus.
576 2809 722 2838 [inmundi
742 2817 812 2838 vero
829 2812 897 2838 sunt
913 2816 1026 2844 omnes,

75 2866 149 2896 quos
170 2867 226 2888 uon
250 2859 373 2888 mundat
396 2858 485 2894 sides,
510 2866 568 2896 qua
592 2857 727 2887 creditur
749 2857 777 2886 in
801 2856 972 2891 Cin-istium
989 2856 1026 2886 de

1982 244 2046 277 347

1095 338 1154 367 qua
1186 329 1332 368 scriptum
1363 333 1425 358 est:
1449 328 1606 360 diffindens
1625 329 1685 369 sicle
1707 329 1799 359 corda
1820 340 1933 360 eornm.
1964 331 2049 361 «Sed

1096 386 1131 407 ne
1158 378 1229 408 istas
1262 378 1485 417 eleetnosyiiaS‚
1508 385 1586 416 quae
1609 377 1682 408 fiunt
1705 378 1742 408 de
1765 379 1911 408 fructibus
1934 383 2049 415 terrae,

1095 434 1238 464 respuere
1260 425 1395 455 Christus
1419 426 1590 461 videretur3
1621 425 1702 460 llaec,
1726 427 1832 464 iuquit,
1854 427 1987 466 oportuit
2008 429 2050 465 siz-

1095 484 1177 509 cere,
1199 474 1316 504 scilicet
1339 474 1482 504 iudicium
1507 479 1535 504 et
1557 475 1713 504 caritatem
1749 475 1816 511 Dei,
1850 479 1876 504 et
1907 475 1964 505 illo
1985 484 2049 505 non

1095 522 1241 557 omittere,
1265 523 1293 553 id
1317 527 1361 552 est
1384 523 1591 562 eleemosynas
1618 524 1770 553 fructuum
1794 524 2005 554 terrenorum³
2022 537 2048 553 ».

1502 620 1570 650 CAP.
1593 621 1640 650 VI.

1148 718 1255 747 Ulrmn
1279 717 1312 747 t'n
1332 717 1460 747 mortali
1475 722 1595 757 peccato
1616 723 1827 757 permanentes
1849 724 1875 749 et
1898 720 1999 757 ίαν-9113

1174 765 1377 805 eleemosynas
1398 766 1538 805 facientes
1560 766 1685 796 debeant
1708 766 1771 796 (ἰὶοἱ
1790 767 1969 806 satisfecere.

1173 864 1217 893 Ex
1242 863 1287 892 bis
1309 863 1399 893 datur
1423 863 1561 901 intelligi,
1595 864 1676 902 quod
1711 865 1737 893 iu
1772 869 1897 903 peccato
1929 865 2047 895 mortali
2065 872 2155 893 Dubium
2174 872 2194 892 6.

1094 915 1321 950 permanentes,
1345 912 1398 941 etsi
1429 911 1637 950 elcen'tosynas
1660 912 1758 949 largas
1781 913 1904 948 faciant,
1929 922 1986 942 non
2011 917 2049 943 ta-

1094 968 1161 989 men
1185 968 1239 997 per
1261 967 1311 988 eas
1333 959 1534 995 satisfaciunt,
1559 960 1629 998 quia
1654 960 1822 989 inordinate
1845 964 1953 999 agunt,
1976 961 2048 990 dum
2066 969 2158 990 Dubium
2173 969 2193 989 7.

1094 1016 1109 1037 a
1132 1016 1165 1037 se
1187 1016 1244 1037 uon
1269 1008 1424 1045 incipiunt.
1442 1007 1503 1037 Nec
1519 1009 1642 1046 proprie
1658 1008 1770 1038 dicitur
1786 1009 1975 1048 eleemosyna
1992 1010 2049 1039 talc

1064 1066 1066 1069 ’
1094 1065 1186 1094 opus,
1209 1056 1280 1085 dum
1304 1056 1361 1085 sibi
1384 1056 1458 1094 ipsis
1480 1056 1619 1086 crudeles
1642 1057 1789 1091 existunt,
1814 1065 1870 1086 non
1894 1058 2048 1095 placentes

1093 1105 1164 1135 Deo.
1196 1105 1260 1134 Non
1294 1105 1384 1144 igitur
1416 1105 1544 1135 dicenda
1578 1108 1622 1135 est
1653 1105 1700 1135 illa
1727 1106 1842 1143 peccati
1866 1106 2045 1141 satisfactio,

1094 1162 1184 1193 quam
1207 1154 1274 1192 quis
1298 1155 1358 1191 agit
1380 1162 1435 1191 pro
1459 1162 1517 1183 uno
1541 1157 1682 1191 peccato,
1706 1153 1777 1183 dum
1801 1154 1944 1192 perdurat
1962 1155 1989 1184 in
2007 1155 2048 1185 al-

1095 1205 1176 1239 ter0;
1199 1202 1269 1240 quia
1298 1214 1309 1227 «ι
1327 1201 1399 1231 nibil
1432 1201 1557 1240 prodest
1590 1201 1724 1231 ieiunare
1756 1205 1785 1231 ct
1817 1210 1904 1231 orare
1934 1206 1962 1231 et
1989 1203 2047 1232 alia

1094 1250 1171 1280 bona
1195 1259 1300 1288 agere,
1324 1250 1378 1279 nisi
1415 1258 1498 1279 mens
1522 1253 1681 1280 revocetur
1703 1258 1718 1279 a
1742 1250 1889 1288 peccato4
1906 1261 1932 1279 »:
1966 1255 1994 1280 et
2024 1252 2047 1281 si

1093 1299 1256 1337 aliquando
1280 1307 1444 1328 conversus
1468 1299 1591 1328 tacitum
1614 1303 1772 1336 peccatum
1794 1299 1944 1329 sacerdoti
1962 1300 2050 1330 fuerit

1093 1347 1265 1383 confessus,
1296 1347 1333 1377 dc
1366 1351 1495 1386 utroque
1529 1347 1711 1385 imponenda
1743 1351 1787 1377 est
1817 1348 1842 1377 ei
1866 1348 2047 1384 satisfactio,

1093 1396 1164 1434 quia
1186 1396 1223 1425 (10
1246 1396 1344 1434 primo
1366 1396 1514 1434 condigne
1538 1405 1594 1425 non
1619 1396 1773 1426 satisfecit.

1173 1444 1357 1479 Quibusdam
1381 1449 1478 1475 tamen
1513 1445 1631 1474 videtui·
1663 1445 1754 1474 fuisse
1786 1445 1966 1481 satisfactio,
1996 1445 2048 1474 sed
2064 1449 2140 1476 opinio
2158 1455 2209 1476 quo-

1094 1494 1288 1530 infructuosa,
1311 1494 1382 1523 dum
1405 1494 1434 1523 in
1458 1497 1582 1532 peccato
1606 1494 1700 1523 altero
1725 1494 1875 1532 persistit3
1903 1495 2049 1532 percipie-
2077 1476 2174 1497 tundam.

1095 1545 1141 1571 tur
1164 1545 1262 1571 tamon
1280 1543 1395 1572 fructus
1414 1543 1492 1577 eius,
1509 1542 1694 1580 incipietque
1715 1542 1880 1580 proficere,
1896 1551 1965 1571 cum
1982 1551 2049 1580 pec-

1093 1591 1150 1620 cati
1175 1591 1298 1620 alterius
1322 1591 1511 1629 poenituerit.
1533 1591 1616 1620 'runc
1639 1591 1717 1620 enim
1745 1594 1906 1629 utriunque
1929 1591 2050 1620 dimitti-

1095 1644 1142 1669 tut·
1158 1643 1315 1677 peccatum
1326 1664 1333 1676 ‚
1349 1643 1377 1668 et
1392 1639 1556 1669 satisfactIO
1574 1639 1759 1677 praecedens
1776 1640 1955 1676 vivificatur,
1971 1648 2049 1678 quae

1093 1688 1189 1717 fuerat
1212 1692 1348 1722 moi-tutu
1371 1689 1449 1717 sicut
1472 1688 1640 1726 baptismus
1673 1688 1713 1717 illi
1744 1688 1795 1726 qui
1820 1688 1887 1717 ficte
1915 1688 2049 1722 aceedit,

1094 1740 1164 1766 tunc
1198 1736 1337 1775 primitus
1371 1736 1465 1771 valet,
1488 1745 1556 1766 cum
1588 1736 1667 1765 [ictio
1690 1744 1705 1765 a
1730 1740 1828 1766 mente
1852 1737 1967 1766 recedit
1996 1745 2050 1775 per

1093 1785 1318 1823 poenitentiarii.
1341 1785 1377 1814 Et
1400 1785 1428 1814 in
1462 1785 1552 1814 buius
1586 1784 1736 1823 opinionis
1759 1785 1978 1815 munimentum
2001 1793 2050 1815 au-

1093 1834 1248 1863 ctoritates
1272 1834 1427 1863 indue-unt.
1452 1834 1498 1863 Ait
1522 1834 1600 1863 enim
1624 1834 1851 1871 Augustinus-²³:
1878 1847 1889 1859 «
1905 1835 1989 1864 Pium
2005 1838 2049 1864 est
2060 1844 2197 1871 Augustinus.

1092 1882 1234 1919 credere,
1251 1886 1279 1912 et
1296 1886 1395 1912 nostra
1418 1882 1492 1912 fides
1508 1882 1695 1920 expostulat,
1711 1886 1756 1917 ut,
1773 1891 1841 1913 cum
1858 1883 1952 1920 gratia
1969 1883 2049 1912 Chri-

1093 1932 1128 1961 sti
1153 1932 1180 1961 111
1204 1932 1326 1961 bomine
1349 1931 1533 1961 destruxerit
1556 1931 1632 1961 :nala
1656 1931 1769 1969 priora,
1799 1931 1887 1961 etiam
1912 1940 2049 1961 remune-

1092 1984 1137 2010 ret
1160 1981 1256 2017 bona;
1279 1984 1307 2010 et
1330 1989 1399 2010 cum
1423 1980 1606 2010 destruxerit
1629 1979 1710 2018 quod
1733 1988 1820 2009 suum
1845 1988 1902 2009 non
1927 1981 2048 2016 invenit,

1091 2029 1189 2066 diligit
1211 2029 1333 2063 bonum,
1356 2028 1436 2067 quod
1461 2029 1489 2057 in
1514 2032 1659 2066 peccante
1683 2028 1827 2066 plautavit
1843 2041 1870 2057 ι».
1887 2028 1968 2064 item,
1984 2029 2048 2059 tite-
2059 2039 2208 2066 Hieronymus.

1091 2077 1277 2117 ronymusss:
1306 2077 1362 2108 «Si
1387 2078 1508 2116 quando
1542 2077 1668 2112 videris,
1694 2077 1770 2106 inter
1801 2078 1894 2107 imilla
1924 2082 2048 2115 peccata

1091 2135 1274 2166 quemquam
1297 2127 1396 2156 facere
1418 2126 1518 2164 aliqua
1544 2127 1619 2156 iusta
1642 2134 1752 2164 opera;
1776 2135 1833 2156 non
1857 2130 1901 2156 est
1924 2130 1982 2156 tam
2008 2127 2047 2155 in-

1092 2176 1187 2206 iustus
1209 2176 1303 2212 Deus,
1328 2179 1360 2205 ut
1384 2180 1507 2213 propter
1530 2175 1621 2204 muna
1645 2174 1723 2204 mala
1753 2175 1951 2204 obliviscatur
1974 2184 2049 2214 pau-

1091 2233 1195 2254 corum
1220 2225 1387 2259 bonoram;
1410 2224 1462 2253 sed
1487 2224 1588 2259 faciet,
1609 2232 1677 2253 eum
1702 2227 1814 2253 metere
1836 2228 1863 2253 et
1888 2224 1915 2253 in
1940 2224 2048 2254 horrca

1091 2281 1275 2310 congregare
1308 2281 1386 2311 quae
1413 2273 1440 2302 in
1475 2272 1552 2302 bona
1588 2277 1665 2302 terra
1699 2272 1857 2301 seminavit
1874 2284 1898 2300 n.
1922 2289 1962 2294 -—
1990 2272 2046 2302 Sed
2059 2279 2196 2306 [inprobatur.

1090 2322 1166 2351 llaec
1189 2322 1267 2351 dicta
1292 2321 1485 2359 intelligimus
1507 2321 1545 2350 de
1569 2320 1617 2350 illo
1640 2321 1691 2359 qui
1716 2321 1744 2349 iu
1768 2321 1894 2350 caritate
1915 2321 2048 2359 quodam

1091 2374 1226 2408 tempore
1250 2370 1327 2399 bona
1352 2370 1420 2399 facit
1443 2374 1471 2399 et
1497 2369 1593 2399 bouus
1626 2373 1685 2404 est,
1718 2369 1776 2398 alio
1811 2377 1881 2398 vero
1914 2372 2047 2407 tempore

1091 2419 1187 2448 malus
1209 2422 1254 2448 est
1276 2423 1305 2448 et
1328 2419 1420 2448 multa
1454 2422 1578 2456 peccata
1603 2418 1681 2448 facit.
1704 2418 1767 2447 Non
1792 2426 1862 2455 ergo
1886 2418 2048 2454 intelligen-

1091 2468 1161 2497 dum
1185 2472 1245 2502 est,
1269 2476 1337 2497 eum
1362 2468 1437 2496 iuter
1460 2467 1553 2496 multa
1576 2471 1700 2505 peccata
1725 2467 1801 2496 iusta
1822 2475 1913 2504 opera
1931 2466 2046 2502 sevisse,

1090 2517 1176 2555 quasi
1200 2516 1289 2546 simul
1312 2516 1480 2554 eodemque
1503 2519 1637 2554 tempore
1661 2519 1783 2553 peccata
1807 2515 1909 2544 fecerit
1925 2519 1951 2544 ct
1969 2515 2045 2545 iusta

1091 2573 1193 2602 opera,
1216 2564 1268 2593 sed
1302 2564 1430 2593 diversis
1461 2563 1648 2601 temporilnts
1672 2567 1799 2600 utraque
1823 2562 1959 2592 10015507.
1982 2562 2044 2591 Nisi

1091 2613 1169 2642 enim
1204 2613 1300 2642 bonus
1334 2613 1424 2647 foret,
1448 2611 1568 2650 quamio
1594 2611 1671 2641 bona
1693 2611 1777 2645 fecit,
1801 2619 1857 2640 non
1881 2611 2046 2640 seminasse

1091 2663 1119 2691 in
1134 2666 1210 2691 terra
1228 2661 1381 2690 diceretur
1397 2661 1483 2690 bona.
1500 2660 1666 2689 Destructis
1681 2667 1751 2696 ergo
1769 2659 1855 2689 malis
1871 2663 1936 2697 post
1954 2667 2046 2697 opera

1092 2710 1169 2739 bona
1192 2709 1377 2744 commissis,
1410 2709 1511 2746 priora
1545 2708 1638 2742 bona,
1664 2708 1690 2736 in
1715 2708 1840 2737 caritate
1862 2707 1979 2737 scilicet
2009 2707 2046 2737 fa-

1091 2762 1148 2794 cta,
1172 2766 1250 2796 quae
1282 2757 1436 2795 sequeutia
1467 2756 1544 2785 mala
1567 2756 1838 2791 mortificaverunt,
1861 2756 2046 2793 poenitentia

1091 2807 1128 2837 de
1151 2807 1209 2836 illis
1232 2806 1318 2835 malis
1333 2805 1435 2835 habita
1454 2805 1645 2834 vivificantur
1661 2808 1689 2834 et
1705 2808 1944 2834 remunerantur.
1961 2804 2046 2834 Unde

1093 2855 1295 2894 A1)ostoltts³:
1328 2853 1470 2884 Ioet'enles
1502 2852 1740 2891 sicndamenlnm
1772 2852 1973 2891 poenitentiae
2009 2851 2046 2882 αίι

75 2999 244 3032 poenitentiae
263 3002 318 3033 (3.)‚
339 3001 402 3026 ibid.
424 3002 482 3033 Seq.
504 3001 575 3025 loeus
595 3005 633 3026 cst
652 3002 773 3032 August„
794 3001 923 3026 Encbirid.
945 3008 968 3026 c.
982 3001 1025 3026 75.

77 3050 99 3068 n.
114 3045 155 3076 20,
171 3045 214 3070 ubi
234 3047 324 3070 citatur
344 3046 404 3071 Luc.
426 3046 462 3075 11,
480 3045 525 3076 41;
541 3046 630 3070 tertius
650 3045 712 3069 ibid.
732 3052 753 3069 0.
768 3045 810 3069 72.
826 3052 849 3069 n.
869 3045 911 3076 19,
927 3044 972 3070 ubi
992 3052 1028 3070 re-

76 3088 180 3118 spicitur
200 3089 282 3114 Matth.
304 3089 349 3119 25
371 3089 412 3114 37.
433 3096 503 3121 seqq.

146 3132 152 3148 ¹
173 3134 289 3164 August„
309 3133 386 3163 ibid.;
401 3141 453 3165 seq.
469 3133 541 3157 loeus
561 3132 624 3157 ibid.
640 3139 663 3157 0.
679 3132 720 3157 73.
736 3140 760 3157 n.
782 3133 818 3156 19.
833 3132 891 3163 (cfr.
910 3132 943 3156 111Δ
959 3133 1027 3158 Sent.

77 3175 101 3199 d.
121 3175 203 3200 XXX.
223 3176 256 3200 lit.
277 3177 416 3208 Magistri);
437 3178 525 3201 tertius
546 3176 607 3200 ibid.
629 3182 650 3200 c.
671 3176 713 3200 75.
734 3183 757 3200 n.
773 3176 819 3203 20:
835 3180 942 3207 quartus
962 3176 1026 3202 ibid.

77 3226 97 3243 0.
118 3219 158 3244 76.
179 3227 202 3244 n.
224 3221 264 3245 20.

145 3264 155 3279 ’ἒ
175 3264 249 3294 lbid.;
264 3272 318 3297 seq.
332 3265 404 3290 locus
418 3264 479 3289 ibid.
493 3264 535 3289 77.
551 3271 574 3288 n,
590 3264 635 3295 203
651 3265 675 3288 in
691 3265 775 3294 primo
791 3264 882 3289 citatur
894 3265 967 3289 ticeli.
982 3265 1024 3296 30,

79 3306 123 3337 24,
144 3308 167 3332 in
187 3308 301 3333 secundo
322 3309 359 3333 ΡΞ,
380 3310 417 3339 10,
434 3309 457 3332 (3.
473 3321 506 3325 ——
525 3308 604 3332 Etiam
625 3314 691 3339 (111110
712 3312 856 3339 sequuntur
881 3308 1025 3333 secundum

77 3352 224 3376 sententiam
238 3352 301 3377 ibid.
317 3360 339 3377 0.
355 3353 398 3377 76.
415 3360 438 3376 n.
454 3352 493 3376 20.
514 3352 688 3381 inveniuntur,
705 3351 747 3376 ubi
762 3352 853 3376 citatur
873 3352 957 3377 Manli.
978 3353 1025 3383 23,

79 3393 123 3424 26,
143 3396 166 3418 et
186 3394 233 3419 Tit.
259 3395 279 3426 i,
306 3395 347 3425 153
369 3395 462 3420 deinde
482 3396 534 3419 Act.
560 3394 603 3425 15,
624 3395 648 3419 9.

1163 3000 1173 3016 ³
1193 2999 1254 3025 ibid.
1275 3006 1296 3024 e.
1317 2999 1358 3023 76.
1381 3005 1403 3022 n.
1425 2998 1466 3028 ²20,
1488 3001 1512 3021 et
1532 2997 1668 3026 respicitur
1688 2996 1748 3021 Luc.
1773 2997 1810 3026 11,
1832 2995 1872 3020 42.

1162 3044 1172 3060 ⁴
1192 3044 1251 3068 Can.
1278 3042 1351 3068 Nihil
1378 3041 1485 3074 prodest
1504 3041 1576 3072 (21),
1597 3040 1658 3065 ibid.
1678 3054 1714 3058 —
1734 3040 1839 3065 init-rius
1869 3041 2044 3071 intemnftatto

1091 3088 1255 3121 quorundam
1276 3092 1359 3112 sumta
1379 3090 1415 3111 est
1437 3087 1489 3110 fere
1508 3085 1540 3109 ad
1562 3084 1672 3109 verbum
1687 3091 1716 3109 cx
1731 3085 1851 3109 Gratiano
1872 3084 1895 3108 iu
1916 3084 1942 3108 (1.
1960 3083 2046 3114 Quae-

1091 3133 1137 3157 rat
1155 3131 1196 3157 11ἰο
1215 3131 1312 3164 aliquis
1332 3129 1406 3161 (ii),
1434 3129 1495 3154 ibid.

1162 3176 1172 3191 5
1193 3176 1227 3199 Do
1238 3176 1302 3199 Vera
1312 3177 1335 3198 et
1345 3174 1403 3198 falsa
1418 3173 1570 3198 roenitenua
1581 3173 1655 3197 {inter
1663 3179 1741 3203 opera
1752 3174 1880 3202 August),
1890 3178 1911 3196 c.
1925 3172 1930 3195 1
1942 3171 1960 3196 i.
1971 3179 1993 3196 n.
2004 3172 2044 3196 20.

1161 3219 1171 3235 ⁶
1192 3219 1336 3244 Comment.
1357 3219 1380 3242 in
1402 3218 1536 3248 Aggaeum
1563 3218 1587 3247 l,
1610 3217 1633 3240 6.

1161 3263 1172 3279 7
1191 3263 1272 3288 Codd.
1295 3262 1397 3287 BCDE
1417 3265 1441 3286 ct
1460 3261 1500 3286 ed.
1528 3261 1531 3285 Ι
1556 3260 1647 3293 vaisse.

1162 3307 1172 3323 8
1193 3307 1269 3331 ilebr.
1292 3307 1321 3336 (5,
1348 3307 1366 3330 t.
1388 3306 1493 3330 inferius
1514 3312 1560 3336 pro
1580 3304 1642 3330 liene
1662 3311 1776 3337 operans
1796 3304 1853 3329 eod,
1874 3304 1893 3330 C
1922 3310 1944 3330 01
1975 3305 2043 3337 edd„

1091 3354 1196 3382 excepta
1223 3351 1242 3381 l,
1259 3349 1357 3375 binium.
1376 3356 1498 3381 operans.
1512 3363 1547 3367 —
1561 3349 1623 3374 'lota
1640 3349 1702 3373 baec
1721 3349 1855 3380 explicatio
1869 3354 1987 3379 excerpta
2008 3353 2047 3374 cst

1058 3398 1060 3423 1
1091 3402 1120 3420 ex
1140 3395 1259 3419 Gratiano
1279 3401 1358 3424 super
1377 3393 1403 3418 C.
1419 3394 1490 3418 Inter
1509 3392 1637 3418 mlteenles
1659 3393 1731 3425 (19.),
1747 3393 1778 3418 dc
1800 3393 1952 3418 Poenitentia
1975 3393 1999 3417 d.
2023 3393 2045 3417 i.
