2483 3882
0 711 54 734 trias.

0 954 45 971 non.

0 1489 44 1505 trus.

787 231 880 264 DlST.
906 231 962 263 XL.
987 231 1125 265 DlVlSlO
1150 231 1304 264 TEXTUS.
1963 234 2027 265 845

68 323 96 350 et
118 318 205 348 filius.
228 318 429 348 Auctoritates
451 326 534 355 ergo,
557 326 635 357 quae
657 318 924 357 consanguinitatis
947 327 1015 348 cau-
1077 318 1123 348 his
1145 327 1199 348 sex
1221 318 1365 357 gradibus
1388 319 1486 348 omnia
1510 319 1769 358 propinquitatum
1793 319 1913 349 nomina
1936 320 2029 349 conti-

66 369 152 399 telam
176 375 271 405 usque
294 367 322 396 111
346 367 508 405 septimum
537 366 663 404 gradum
697 367 874 405 prohibent,
897 371 1012 405 patrem
1078 370 1195 404 nentur,
1219 367 1295 397 ultra
1318 376 1394 406 quos
1411 376 1465 397 nec
1488 367 1616 397 affinitas
1632 368 1776 403 inveniri,
1800 376 1854 397 1166
1876 368 2028 397 successio

65 418 179 455 ponunt
211 415 240 444 in
272 415 369 452 primo
401 414 512 452 gradtu
536 414 604 445 illae
627 423 713 450 vero,
736 422 814 453 quae
847 423 943 453 usque
976 414 1013 445 ad
1078 418 1176 454 potest.
1198 415 1326 454 amplius
1348 416 1514 454 prorogari.
1534 416 1705 446 Secundum
1722 416 1806 452 alios,
1825 419 1940 454 septem
1962 423 2029 453 gra—

65 467 181 494 sextum
203 462 328 500 gradum
351 462 528 500 prohibent,
551 462 682 500 primum
714 462 840 499 gradum
865 462 940 492 [ilios
961 471 1013 500 ap·
1078 463 1134 492 dus
1156 463 1224 493 ideo
1240 466 1463 502 computantur,
1482 466 1514 493 111
1536 464 1575 493 ita
1597 467 1665 502 post
1683 466 1797 501 septem
1816 463 1928 502 gradus
1943 472 2030 502 spon-

65 512 183 552 pellant.
206 513 304 549 Atque
334 511 374 540 ita
396 511 443 546 fit,
466 514 498 540 ut
530 510 653 540 eaedem
676 519 823 548 personae
846 511 1011 541 seeundum
1077 519 1128 540 sus
1158 519 1287 549 sponsae
1316 512 1469 549 iungatur,
1499 512 1578 541 sicut
1605 515 1673 550 post
1703 512 1780 542 hanc
1810 512 1918 547 vitam,
1950 519 2028 550 quae

65 562 142 591 hanc
178 559 381 589 diversitatem
416 558 607 588 inveniantur
640 559 668 587 in
703 561 788 588 sexto
824 562 853 588 61
884 559 1012 597 septimo
1078 562 1192 597 septem
1215 559 1322 589 dicbus
1344 560 1450 598 agitur,
1473 560 1606 590 Ecclesia
1631 560 1748 590 Christo
1771 560 1918 599 iungetur.

65 607 219 646 gradu1».
242 607 358 636 Patrem
382 614 452 636 vero
483 606 511 635 in
541 607 640 644 primo
662 606 757 644 gradu
780 606 864 644 ponit
885 607 937 645 (1111
960 606 1014 635 sra-

64 661 123 686 1165
145 655 218 685 dicit
240 663 305 685 esse
327 654 493 684 secundum
516 654 652 692 gradum.
674 654 737 684 Hoc
752 654 842 684 modo
858 657 1014 692 computat
1485 655 1553 686 CAr.
1576 656 1621 686 IV.

66 704 225 735 Zacharias
246 702 349 741 Papa2
373 703 527 741 inquiens:
555 702 754 732 «parentelae
782 703 894 741 gradus
916 702 1014 732 taliter

63 755 285 791 computamus:
310 760 364 790 ego
386 755 415 781 et
435 752 527 782 frater
548 760 634 782 meus
655 759 714 781 nna
737 751 890 789 generatio
909 759 1014 780 sumus
1147 752 1190 781 De
1212 750 1435 791 dispensatione
1459 753 1601 792 Greqorz'z‘
1620 752 1724 783 lzabz'ca
1744 754 1785 783 ad
1806 753 1960 793 Anqlz'eos.

64 801 254 840 primumque
282 799 409 838 gradum
438 799 595 830 efficimus.
623 800 753 834 Rursus,
776 799 855 829 filius
878 807 962 829 meus
986 802 1014 828 et

61 849 161 879 fratris
183 848 240 878 mei
262 848 341 878 filius
363 848 496 878 secunda
519 848 672 884 generatio
694 851 763 877 sunt
786 851 814 877 et
829 847 955 884 gradum
972 855 1013 877 se·-
1158 848 1209 878 His
1231 852 1331 879 autem
1356 850 1489 879 occurrit
1512 850 1600 886 illud,
1623 851 1703 890 quod
1729 851 1912 889 Gregorius‘*
1932 851 2029 890 Augu·
2043 858 2165 885 Gregorius.

62 897 193 927 cundum
216 896 345 932 faciunt,
368 900 458 935 atque
479 896 517 926 ad
550 896 631 926 hunc
662 896 785 926 modum
809 900 927 926 ceterae
949 904 1014 926 suc·
1077 897 1339 935 stino,Anglorum
1356 899 1516 937 Episcopo,
1533 907 1549 929 a
1565 908 1625 938 qno
1641 900 1804 938 requisitus
1820 900 1924 937 suerat,
1937 903 2029 939 quota

61 945 250 975 cessiones».
279 944 382 974 «Inter
403 944 470 974 illos
492 952 580 979 vero,
602 944 654 983 qui
678 952 731 974 sex
754 947 929 982 computant
949 952 1013 982 gra·
1076 946 1269 983 generatione
1292 946 1420 977 debeant
1442 948 1595 986 copulari,
1612 949 1751 978 rescribit
1770 949 1827 978 sic:
1850 962 1861 974 «
1876 949 2028 984 Quae-dam

61 994 132 1030 duS‚
156 996 184 1023 et
206 993 272 1022 11105
294 993 346 1032 qui
379 997 493 1031 septem
526 996 703 1031 computant
724 993 852 1030 gradus,
880 993 958 1023 nulla
983 993 1010 1022 in
1076 993 1125 1023 lex
1150 994 1279 1024 Romana
1307 995 1469 1033 permittit,
1492 999 1524 1025 111
1549 996 1612 1026 sive
1635 997 1732 1026 {ratris
1756 997 1802 1026 vel
1825 997 1953 1032 sororis,
1975 1005 2029 1026 seu

61 1050 150 1071 sensu
172 1041 274 1071 existit
295 1041 470 1077 diversitas,
492 1042 631 1080 quamvis
665 1042 840 1071 innumero
863 1041 1011 1079 graduum
1077 1041 1206 1072 duorum
1240 1043 1363 1073 fratrum
1398 1052 1609 1081 germanorum
1643 1053 1694 1074 seu
1728 1045 1856 1075 (inarum
1890 1053 2028 1075 sororum

61 1091 190 1121 varietas
214 1090 360 1120 videatur.
382 1090 492 1120 Ultima
524 1091 602 1120 6111111
635 1090 805 1129 generatio,
829 1090 851 1119 si
876 1099 892 1120 a
916 1090 1012 1119 fratri-
1076 1091 1155 1121 lilius
1177 1094 1206 1121 61
1228 1092 1286 1122 filia
1311 1093 1503 1122 misceantur.
1529 1093 1586 1122 Sed
1615 1094 1820 1131 experimento
1850 1094 2027 1131 didicimus,

61 1139 117 1169 bus
139 1143 238 1169 sumat
260 1139 376 1169 initium
400 1139 595 1176 numerandi,
618 1139 745 1177 septima
768 1139 958 1169 iuvenitur».
1076 1150 1113 1171 ex
1136 1140 1185 1170 tali
1209 1141 1350 1178 coniugio
1372 1141 1506 1171 sobolem
1526 1149 1584 1171 non
1608 1150 1695 1179 posse
1717 1150 1918 1172 succrescere.
1943 1141 2028 1171 Unde

1076 1197 1199 1219 necesse
1222 1193 1282 1227 est,
1304 1194 1335 1219 ut
1359 1193 1466 1228 quarta
1483 1190 1527 1219 vel
1551 1190 1655 1229 quinta
1671 1191 1824 1228 generatio
1848 1191 1981 1220 fidelium
1997 1190 2027 1220 li-

469 1236 537 1267 CAP.
560 1237 604 1266 Ill.
1076 1241 1179 1267 center
1200 1237 1256 1266 sibi
1280 1237 1543 1275 coniungantur».
1566 1237 1623 1267 Sed
1647 1241 1714 1276 post
1733 1238 1859 1268 multum
1884 1238 2028 1276 temporis
2042 1245 2109 1266 Idem.

1076 1285 1154 1315 idem
1187 1285 1349 1323 Gregorius
1371 1294 1388 1316 a
1415 1286 1532 1321 Felice,
1555 1286 1699 1316 Messinae
1728 1286 1848 1316 Siciliae
1871 1286 2027 1325 praesule,

227 1333 326 1369 Quare
348 1337 458 1372 septem
478 1333 593 1372 aradus
615 1337 838 1372 computantur.
1076 1334 1256 1372 requisitus,
1284 1337 1384 1364 utrum
1418 1334 1583 1372 Augustino
1612 1334 1783 1373 scripserit,
1807 1338 1839 1365 ut
1864 1335 2027 1373 Anglorum

1075 1386 1183 1421 quarta
1212 1383 1405 1421 generatione
1434 1386 1588 1413 contracta
1621 1384 1810 1414 matrimonia
1841 1392 1899 1413 non
1932 1384 2030 1413 solve-

137 1430 234 1466 Quare
257 1439 328 1460 vero
350 1439 402 1460 sex
426 1434 580 1468 computet
602 1430 750 1465 Isidorus,
767 1431 830 1469 ipse
853 1431 951 1469 aperit
966 1430 1011 1460 di-
1075 1435 1192 1466 rentur,
1215 1432 1292 1461 inter
1320 1435 1420 1462 cetera
1451 1432 1539 1461 talem
1563 1432 1695 1461 reddidit
1723 1433 1887 1462 rationem:
1916 1432 2029 1467 «Quod

59 1478 167 1509 cens³:
197 1491 209 1504 «
225 1478 473 1516 Consanguinitas
495 1478 566 1507 dum
588 1486 619 1508 56
641 1479 786 1517 paulatim
809 1479 1009 1517 propaginum
1074 1480 1183 1518 scripsi
1200 1481 1380 1517 Angustiae,
1403 1480 1565 1519 Anglornm
1588 1481 1756 1519 Episcopo,
1784 1481 1839 1519 ipsi
1863 1481 1952 1511 etiam
1969 1481 2027 1511 An-
2042 1487 2135 1508 Dubium
2152 1487 2173 1507 [ι.

59 1526 215 1557 ordinibus
237 1527 381 1556 dirimens
404 1535 500 1565 usque
522 1526 560 1556 ad
582 1526 719 1556 ultimum
744 1527 870 1564 gradum
894 1531 1011 1565 protra-
1075 1528 1191 1565 glorum
1208 1528 1302 1565 genti,
1318 1536 1396 1565 quae
1411 1537 1509 1567 nuper
1531 1528 1568 1558 ad
1591 1529 1679 1558 fidem
1698 1533 1833 1564 venerat,
1850 1537 1887 1559 ne
1903 1538 1920 1559 a
1935 1529 2029 1566 bono,

57 1576 136 1606 xerit
157 1580 185 1606 et
206 1576 417 1615 propinquitas
433 1584 498 1605 esse
520 1575 658 1612 desierit;
676 1579 747 1605 tunc
770 1576 900 1613 primum
916 1576 965 1606 lex
981 1576 1008 1605 in
1076 1577 1157 1615 quod
1179 1581 1338 1615 coeperat,
1355 1577 1516 1607 metuendo
1537 1577 1704 1607 austeriora
1727 1578 1896 1614 recederet,
1912 1579 2029 1617 specia-

58 1624 240 1654 matrimonii
259 1623 412 1654 vinculum
436 1632 499 1653 eam
516 1624 643 1662 recipiet
665 1627 694 1653 61
710 1623 840 1662 quodam
864 1624 1011 1653 1110110111-
1073 1624 1142 1654 liter
1164 1628 1193 1654 61
1215 1633 1273 1654 11011
1304 1624 1483 1662 generaliter
1506 1633 1554 1654 me
1582 1633 1747 1663 cognoscas
1769 1625 1936 1664 scripsisse.
1965 1626 2028 1656 Nec

57 1674 149 1712 cipiet
164 1681 307 1703 revocare
323 1673 494 1710 lugientem.
510 1672 579 1702 Ideo
603 1676 701 1702 autem
719 1680 815 1710 usque
838 1672 874 1702 ad
891 1676 1008 1702 sextum
1074 1673 1143 1703 ideo
1166 1673 1242 1702 haee
1265 1673 1308 1702 eis
1330 1673 1455 1711 scripsi,
1480 1676 1526 1708 111,
1547 1677 1707 1711 postquam
1731 1674 1760 1702 111
1777 1674 1836 1703 fide
1859 1674 1968 1704 suerint
1982 1682 2026 1704 so·
2039 1680 2133 1701 Dubium
2151 1680 2172 1701 5.

30 1744 34 1745 γ
56 1722 174 1759 generis
194 1722 319 1760 gradum
336 1721 579 1760 consanguinitas
602 1721 761 1751 constituta
779 1725 838 1756 est,
861 1724 908 1758 ut,
931 1721 1010 1751 sicut
1073 1720 1175 1758 lidati,
1196 1721 1221 1750 si
1243 1721 1319 1750 infra
1342 1722 1496 1760 propriam
1519 1722 1809 1759 consanguinitatem
1832 1723 1944 1752 inventi
1967 1723 2031 1753 lue-

38 1779 110 1801 -sex
126 1770 275 1801 aetatibus
291 1770 393 1801 mundi
416 1770 568 1808 generatio
585 1773 613 1799 et
634 1770 765 1799 hominis
780 1772 875 1799 status
897 1769 1008 1805 linitur,
1073 1770 1148 1805 rint,
1178 1778 1235 1799 non
1258 1773 1446 1808 separentur,
1477 1773 1528 1800 aut
1559 1770 1633 1800 infra
1664 1770 1816 1801 affinitatis
1844 1771 1971 1807 lineam,
1998 1771 2028 1801 id

58 1819 99 1849 ita
123 1819 332 1858 propinquitas
354 1819 472 1856 generis
498 1821 541 1848 tot
562 1817 707 1855 gradibus
736 1818 953 1847 terminetur».
976 1818 1008 1847 In
1072 1821 1117 1848 est
1138 1826 1234 1856 usque
1256 1817 1294 1847 ad
1316 1818 1476 1856 septimam
1498 1818 1721 1856 generationem
1743 1819 1947 1857 iungantur».

212 2020 226 2022 ι
408 1986 903 2041 COMMENTARIUS
942 1987 1012 2041 ΙΝ
1048 1987 1545 2041 DISTINOTIONEM
1583 1988 1680 2042 XL.

704 2119 754 2156 De
782 2119 1025 2169 impedimento
1055 2119 1370 2170 consanguinitatis.

588 2238 684 2271 Nunc
708 2243 855 2281 superest
880 2239 917 2271 cle
942 2239 1133 2281 coynatione
1157 2239 1286 2282 (utquid
1310 2239 1416 2271 (licere
1440 2243 1497 2272 ete.

887 2364 1025 2397 DIVISIO
1050 2365 1205 2397 TEXTUS.

144 2477 246 2518 Supra
270 2477 333 2518 egit
356 2476 501 2518 Magister
525 2476 564 2508 de
590 2476 829 2517 impedimento,
855 2476 940 2517 quod
962 2484 1010 2507 ve-
1075 2476 1175 2508 ctione
1199 2475 1441 2517 quadragesima
1466 2476 1583 2517 prima:
1610 2475 1706 2507 Nune
1730 2476 1768 2508 de
1800 2475 1961 2519 affinitate
1984 2476 2029 2508 υἱ-

56 2531 101 2562 1111
117 2539 156 2563 ex
183 2530 375 2571 disparitate.
392 2529 424 2561 In
450 2529 508 2561 hae
525 2532 614 2569 parte
637 2529 700 2569 agit
717 2528 755 2560 de
776 2528 1009 2569 impedimento,
1075 2528 1217 2560 (tendam
1234 2532 1288 2560 est.
1301 2529 1460 2560 —Prima
1477 2538 1550 2570 pars
1568 2528 1662 2561 habet
1678 2532 1752 2561 tres.
1771 2529 1801 2560 ln
1820 2529 1922 2570 prima
1938 2533 2028 2571 parte

56 2583 140 2626 quod
166 2583 250 2615 venit
279 2591 319 2614 ex
345 2582 557 2623 proximitate.
583 2582 618 2613 Et
642 2581 789 2623 quoniam
822 2581 1010 2622 proximitas
1075 2582 1262 2614 determinat
1286 2582 1467 2620 veritatem,
1492 2582 1677 2621 ostendens,
1702 2582 1786 2624 quod
1811 2583 2028 2624 consanguini-

57 2641 103 2669 est
120 2636 258 2677 duplex,
280 2636 397 2668 scilicet
414 2634 549 2667 carnalis
565 2638 596 2667 et
612 2634 785 2676 spiritualis
794 2647 802 2672 ;
820 2634 890 2666 ideo
907 2634 1009 2676 primo
1075 2638 1121 2666 tas
1145 2638 1192 2666 est
1216 2634 1413 2667 observanda
1440 2643 1542 2676 usque
1565 2634 1605 2666 ad
1631 2635 1798 2676 septimun]
1823 2635 1969 2676 gradum.
1994 2636 2028 2667 ln

56 2689 119 2730 agit
142 2689 181 2721 de
202 2688 406 2730 proximitate
423 2688 488 2720 sive
512 2688 694 2729 cognatione
715 2687 842 2719 carnali.
867 2687 1009 2719 Secundo
1075 2687 1213 2719 secunda
1245 2687 1447 2726 determinat,
1472 2688 1630 2728 quomodo
1654 2688 1772 2729 gradus
1800 2691 1874 2720 sunt
1901 2697 2028 2730 compu-

57 2750 132 2774 vero
164 2742 203 2774 de
228 2742 407 2784 spirituali,⁴
426 2741 507 2773 infra.
539 2740 736 2773 distinctione
767 2739 1010 2782 quadragesima
1074 2740 1174 2778 tandi,
1200 2739 1257 2771 ibi:
1286 2740 1452 2779 Quomodo
1488 2744 1598 2772 autem
1627 2740 1759 2782 gradus
1795 2741 2028 2783 eonsanyuz‘ni·

57 2795 211 2828 secunda:
236 2796 283 2827 De
303 2794 532 2837 parentalium
554 2794 727 2836 graduum
752 2797 808 2826 etc.
1075 2793 1152 2824 tatis
1181 2796 1237 2825 etc.
1262 2793 1293 2824 ln
1325 2792 1414 2825 tertia
1443 2796 1583 2825 removet
1611 2793 1857 2833 dubitationem,
1882 2794 1940 2826 ibi:
1966 2794 2027 2827 Hz‘s

145 2848 247 2879 Prima
271 2857 345 2889 pars
369 2848 463 2880 habet
487 2848 575 2880 duas.
602 2848 633 2879 ln
665 2847 768 2889 prima
791 2847 855 2888 agit
879 2846 917 2878 de
941 2855 1011 2878 con·
1074 2850 1183 2877 autem
1209 2846 1359 2877 occurrit
1381 2846 1465 2878 illud
1487 2849 1544 2878 616.

58 2899 274 2942 sanguinitate.
308 2901 339 2932 ln
372 2900 510 2933 secunda
542 2900 581 2932 de
611 2899 776 2939 affinitate,
800 2899 881 2931 infra
905 2899 1011 2931 distin-

57 3152 106 3178 Pro
124 3152 227 3186 ⁸aradus
255 3153 419 3187 cognationis
448 3154 525 3179 codd.
545 3153 594 3179 CD
622 3156 647 3178 61
674 3153 801 3184 plurimae
824 3153 884 3178 edd.
905 3152 1008 3186 aradus
1073 3153 1143 3185 quod
1168 3153 1263 3178 habent
1289 3153 1363 3177 codd.
1391 3153 1477 3183 (etiam
1505 3152 1567 3184 Eri.)
1592 3155 1617 3177 et
1644 3153 1704 3178 edd.
1725 3152 1752 3185 4,
1778 3153 1808 3184 5,
1834 3153 1861 3185 6,
1887 3154 1916 3185 9,
1945 3154 1986 3179 ed.
2011 3155 2020 3178 l

58 3197 311 3230 consaozquz'nitatz's,
333 3199 479 3230 refragante
498 3199 574 3223 etiam
595 3198 724 3223 Gratiano.
1072 3195 1240 3230 prolowtqari,
1262 3200 1362 3221 ceterae
1379 3196 1535 3230 111-0111191011

126 3242 137 3258 2
157 3241 217 3267 Can.
237 3242 393 3268 Parentelcte
414 3242 469 3274 (4.),
500 3241 561 3266 ibid.
593 3249 617 3274 q.
648 3241 671 3266 5.
692 3256 726 3259 —-
745 3242 804 3267 Post
829 3241 1009 3268 successiones
1144 3240 1153 3256 ⁴
1173 3240 1241 3265 Libr.
1262 3241 1303 3265 Xl.
1324 3241 1435 3272 Regest.,
1455 3240 1541 3265 indict.
1563 3240 1586 3272 4,
1601 3242 1674 3272 epist.
1690 3241 1730 3266 64.
1746 3241 1818 3271 (alias
1833 3242 1894 3274 3l.),
1910 3242 1933 3267 6.
1952 3243 2025 3268 111161·-

59 3284 99 3310 ed.
118 3285 135 3310 7
154 3292 184 3310 ex
203 3292 302 3311 canone
321 3286 393 3311 addit
411 3285 597 3311 numerandae
616 3286 686 3311 sunt.
699 3299 734 3304 —
754 3286 812 3317 Seq.
833 3285 905 3310 locus
924 3288 963 3310 est
981 3285 1008 3311 C.
1074 3285 1187 3316 rogati0;
1208 3284 1234 3309 C.
1257 3283 1395 3315 Quaedam
1416 3284 1459 3310 leoe
1479 3284 1551 3317 (20),
1573 3284 1635 3310 ibid.
1656 3292 1679 3317 q.
1701 3286 1724 3310 2.
1745 3286 1804 3318 Seq.
1825 3286 1897 3312 locus
1910 3289 1949 3312 est
1961 3287 2024 3312 ibid.

59 3328 101 3354 Ad
117 3329 204 3355 sedem
223 3329 281 3363 (2.)7
300 3330 363 3355 ibid.
382 3330 397 3362 S
419 3330 459 3355 10.

127 3372 138 3389 3
157 3373 215 3398 Loc.
236 3375 276 3399 cit.
297 3381 318 3399 6.
339 3374 362 3398 6.
383 3381 407 3399 11.
428 3374 476 3406 29;
490 3373 517 3399 C.
532 3372 757 3407 Gensanqzti'izitas
773 3373 828 3405 (1.),
842 3372 869 3399 C.
884 3372 924 3398 35.
945 3380 970 3405 q.
985 3373 1008 3398 4.

129 3108 136 3124 ¹
157 3109 268 3135 Gratian.
289 3117 368 3141 super
387 3109 414 3135 C.
444 3109 659 3136 Contradiez‘mus
688 3109 762 3141 (21),
788 3109 850 3134 ibid.
876 3116 902 3141 q.
931 3110 954 3134 2.
974 3123 1009 3127 —
1039 3112 1043 3295 1
1074 3108 1125 3134 Csr.
1147 3109 1265 3140 August„
1285 3109 1341 3133 XV.
1363 3108 1395 3133 de
1415 3108 1470 3133 Civ.
1491 3108 1544 3139 Dei,
1567 3115 1588 3133 6.
1612 3109 1651 3133 le.
1672 3123 1705 3126 —-
1719 3109 1785 3133 lntra
1804 3116 1853 3140 pro
1869 3109 2025 3143 proroqari,

1073 3332 1098 3354 et
1118 3330 1141 3353 in
1163 3335 1217 3353 can.
1238 3328 1253 3360 ξς
1278 3329 1297 3353 1.
