2483 3882
686 243 778 274 DIST.
804 243 928 274 XXXIII.
952 243 1034 275 ΛΒΤ.
1060 243 1092 274 II.
1118 243 1271 284 QUAEST.
1295 243 1340 275 III.

35 336 135 377 ipsum
159 330 341 372 simpliciter
369 333 415 362 est
438 329 551 362 melius
579 330 679 362 altero
694 330 700 346 ¹
717 342 753 368 »3
778 330 832 362 sed
861 331 978 372 optima

34 385 204 421 fecunditas
228 383 339 415 melior
363 386 410 415 est
433 383 517 414 omni
535 383 728 424 integritate:
754 383 839 415 unde
865 383 977 416 melius

34 443 78 473 est
101 439 131 470 in
154 437 244 469 beata
268 435 410 476 Virgine,
443 435 525 476 quod
552 438 599 466 est
627 438 748 473 mater,
772 444 868 476 quam
893 436 976 477 quod

34 492 135 532 virgo:
159 497 232 530 ergo
253 487 436 529 simpliciter
460 487 636 519 fecunditas
654 487 764 519 melier
790 487 976 528 virginitate.

34 543 89 576 Sed
113 540 285 574 fecunditas
308 543 355 572 est
379 540 410 571 in
435 539 595 580 coniugio:
621 548 696 580 ergo
720 544 778 571 etc.

117 595 147 626 [ι.
173 594 261 631 Item,
294 592 378 634 quod
410 592 450 624 ad
476 592 568 633 plura
600 592 682 624 valet
713 596 743 624 et
775 592 873 633 magis
906 593 978 625 facit

33 649 70 682 ad
93 646 312 689 perfectionem
337 645 470 686 gloriae,
497 644 574 677 illud
592 649 639 677 est
656 645 784 683 melius:
809 645 863 677 sed
885 645 978 677 conti-

32 700 133 734 nentia
156 698 327 739 coniugalis
351 706 411 729 non
436 700 558 729 tantum
580 697 708 738 prodest
730 697 977 736 continentibus,

35 753 85 786 sed
99 752 188 784 etiam
205 750 275 782 filiis
292 750 580 791 generatis—facit
593 750 686 782 etiam
700 750 738 782 ad
755 750 975 791 perfectionem

32 803 150 838 numeri
176 803 347 835 electorum
365 821 409 825 —
429 803 483 835 sed
509 803 670 844 virginalis
687 802 745 835 sibi
767 803 823 835 soli
850 803 978 844 prodest

32 861 61 892 et
82 856 301 899 perfectionem
325 855 496 888 electorum
522 865 583 887 non
607 855 780 888 accelerat:
806 864 880 897 ergo
904 860 961 888 etc.

118 910 146 941 ὃ.
171 908 262 946 Item,
280 912 364 940 terra
381 908 497 940 sterilis
513 911 559 940 est
576 908 656 940 iuste
674 908 904 945 maledicenda;
922 908 976 941 sed

32 961 188 1003 virginitas
204 960 276 992 facit
292 963 435 992 ventrem
453 961 605 993 sterilem:
631 970 705 1002 ergo
724 961 834 993 merito
851 965 898 993 est
917 970 978 993 ma-

32 1013 201 1048 ledicenda:
227 1022 288 1044 non
313 1022 387 1054 ergo
412 1013 532 1045 melior.

116 1067 144 1098 6.
168 1066 261 1104 Item,
291 1066 316 1098 si
349 1066 443 1097 homo
468 1066 620 1105 stetisset,
649 1075 711 1098 non
744 1067 848 1098 minus
879 1066 977 1108 perfe-

32 1123 92 1153 ctas
116 1118 277 1151 habuisset
300 1118 454 1156 virtutes:
479 1119 534 1150 sed
559 1122 633 1151 tunc
658 1128 719 1151 non
748 1122 829 1151 esset
853 1119 977 1160 virgini-

31 1177 92 1210 tas,
116 1171 169 1203 sed
196 1174 315 1202 tantum
348 1171 537 1203 continentia
561 1172 749 1213 coniugalis:
784 1181 859 1213 ergo
884 1173 977 1204 conti-

31 1224 131 1257 nentia
155 1223 326 1264 coniugalis
350 1228 397 1255 est
421 1224 610 1256 continentia
635 1224 877 1265 perfectissima:
902 1233 976 1266 ergo

31 1276 188 1318 virginitas
212 1285 272 1308 non
298 1267 540 1317 superexcellit,
565 1276 661 1308 immo
685 1277 860 1309 exceditur.

378 1373 617 1396 CONCLUSIO.

36 1452 214 1494 Virgyz'm'tas
235 1451 430 1493 praefertur
459 1452 675 1484 contumatiae
706 1452 876 1494 coniugali
908 1457 977 1484 tum

117 1505 245 1537 ratione
273 1505 400 1537 decoris
424 1505 635 1547 integritatis,
665 1509 732 1537 tum
762 1505 891 1537 ratione
913 1510 977 1537 sla-

115 1562 166 1590 tus
188 1558 367 1590 secuudum
394 1562 519 1599 tempus
541 1558 682 1600 graciae.

114 1647 308 1678 RESPONnEo:
333 1646 525 1683 Dicendum,
543 1646 641 1688 quod,
660 1646 740 1678 sicut
764 1650 881 1679 tactum
899 1647 977 1689 es=t²²

31 1700 60 1731 in
83 1699 256 1740 virginitate
277 1703 324 1731 est
348 1699 407 1730 tria
424 1699 640 1738 considerare,
666 1699 783 1732 scilicet
807 1698 972 1737 habitum,

31 1755 150 1783 statum
173 1755 203 1784 et
227 1751 372 1783 decerem
398 1751 608 1792 inteqrt‘tcttz's.
633 1752 661 1783 Si
688 1752 857 1793 loquamur
881 1762 977 1794 quan-

0 1817 16 1839 ι.
30 1807 93 1837 tum
124 1804 163 1836 ad
196 1803 365 1841 leobinum
389 1805 432 1836 sic
466 1813 498 1837 se
523 1805 639 1837 habent
672 1809 705 1836 ut
729 1805 914 1837 excedentia
946 1810 976 1837 et

31 1865 172 1895 excessa,
204 1856 277 1898 quia
308 1866 347 1888 ex
378 1856 504 1888 iustiori
535 1856 654 1888 virtute
685 1860 786 1898 potest
817 1857 976 1890 continere

32 1909 120 1941 etiam
144 1909 308 1950 coniugata
331 1918 425 1951 quam
452 1909 555 1950 virgo,
581 1912 611 1941 et
639 1918 655 1941 e
687 1919 847 1942 converso.
877 1929 917 1932 ——
946 1910 975 1942 Si

0 1965 132 1997 zamam
156 1961 324 2003 loquamur
348 1966 501 2003 quantum
526 1962 566 1994 ad
591 1962 758 2000 decorem;
782 1963 826 1995 sie
851 1972 976 2004 semper

33 2014 188 2056 virginitas
212 2015 390 2056 praefertur
414 2015 620 2048 continentiae
637 2016 811 2057 coniugali,
835 2016 909 2057 quia
933 2016 974 2048 ibi

33 2071 77 2100 est
99 2068 257 2109 corruptio
280 2068 388 2107 foeda,
413 2069 464 2101 hic
487 2072 593 2101 autem
619 2073 666 2101 est
689 2069 883 2111 incorruptio
909 2078 977 2102 san-

32 2123 85 2153 cta.
102 2139 146 2144 —
164 2121 193 2152 Si
217 2125 323 2153 autem
348 2125 501 2162 quantum
526 2121 566 2153 ad
589 2126 733 2160 statum,
759 2125 833 2154 tunc
865 2127 912 2155 est
936 2123 976 2155 lo-

1 2192 18 2208 ο,
32 2172 82 2214 qui
106 2172 287 2214 dupliciter:
312 2177 366 2205 aut
391 2173 564 2206 secundum
591 2173 676 2205 idem
694 2178 835 2215 tempus,
859 2178 915 2206 aut
932 2183 975 2206 se-

32 2224 165 2257 cundum
190 2225 332 2257 diversa.
349 2226 377 2257 Si
404 2226 579 2258 secundum
596 2226 700 2264 idem,
719 2226 902 2268 dupliciter:
920 2231 976 2259 aut

33 2278 198 2310 secundum
217 2282 341 2320 tempus
356 2278 450 2320 Leyz's
461 2304 469 2316 ,
494 2282 549 2311 aut
566 2279 740 2311 secundum
759 2283 883 2321 tempus
898 2290 975 2322 9ῖά-

0 2328 100 2365 3,tiue.
124 2330 154 2362 Si
170 2331 344 2363 seeundum
363 2335 487 2373 tempus
511 2331 625 2374 Le‘qz'ae
643 2336 743 2365 status
767 2333 974 2365 continentiae

32 2383 197 2425 coniugalis
228 2385 354 2417 omnino
388 2385 577 2426 praefertur,
602 2389 632 2418 et
656 2389 757 2418 status
789 2386 976 2427 virginitatis

118 2742 218 2774 Tertio
243 2744 406 2785 quaeritur
431 2744 470 2776 de
494 2744 671 2786 virginitate
698 2753 753 2786 per
777 2745 980 2786 comparatio-

33 2800 100 2825 nem
134 2795 173 2826 ad
196 2796 391 2837 praemium3
427 2800 457 2829 et
482 2797 596 2829 dicitur
632 2798 858 2836 communiter,
894 2798 977 2839 quod

34 2847 204 2886 praemium
228 2849 415 2890 virginitatis
438 2853 485 2882 est
509 2850 664 2888 aureola,
682 2855 712 2882 et
729 2850 787 2882 hoc
808 2851 977 2892 probatur:

103 3014 110 3029 ¹
130 3016 244 3048 Ariston,
268 3017 302 3042 ΙΙΙ.
323 3017 412 3049 Topic.
432 3025 455 3043 c.
477 3019 500 3043 2.
521 3033 554 3036 —
575 3018 656 3044 Codd.
676 3026 726 3044 non
741 3021 901 3045 consentiunt
915 3021 980 3045 inter

35 3063 75 3089 se,
97 3058 160 3083 bane
179 3061 279 3086 Aristot.
301 3063 452 3087 sententiam
473 3063 625 3093 reserentes:
645 3063 720 3088 codd.
741 3063 790 3088 ΕΚ
805 3064 822 3095 (l
837 3070 851 3088 a
866 3064 979 3089 secunda

35 3103 121 3133 manu)
141 3109 187 3133 pro
205 3103 233 3129 in
251 3104 341 3138 aliquo
362 3108 386 3130 et
404 3105 515 3132 acterius
540 3105 644 3139 generis
669 3113 698 3132 ac
717 3106 801 3132 allero
821 3107 980 3133 substituunt

35 3142 61 3169 in
83 3151 136 3171 uno
160 3151 184 3173 et
208 3147 236 3173 in
261 3148 313 3175 ulie
339 3156 434 3183 qenere
453 3150 562 3181 acillo,
585 3151 651 3175 sieut
676 3152 753 3176 etiam
780 3158 859 3182 supra
885 3151 910 3176 d.
938 3153 979 3177 20.

35 3193 62 3218 p.
81 3188 98 3213 1.
119 3196 143 3221 q.
163 3191 185 3215 2.
205 3192 230 3216 in
249 3199 320 3223 corp.
345 3193 480 3218 exhibetur
505 3193 604 3224 (plures
628 3194 668 3218 alii
694 3194 770 3219 codd.
796 3201 855 3219 eum
882 3195 929 3219 bae
949 3195 980 3219 le-

36 3231 115 3256 ctione
134 3236 302 3267 conven1unt,
324 3240 429 3268 excepto
444 3237 515 3269 quod
529 3244 577 3268 pro
591 3236 618 3262 iu
631 3243 686 3262 uuo
700 3237 858 3263 substituunt
870 3237 897 3263 in
912 3237 978 3270 illo).

35 3274 133 3301 Aristot.
152 3277 226 3309 legit:
246 3279 274 3304 Et
292 3281 312 3304 si
332 3281 459 3311 optimum
479 3281 577 3312 optimo
598 3281 703 3312 melius,
727 3284 751 3306 et
769 3281 919 3312 simpliciter
932 3283 981 3307 lioc
1011 3285 1014 3347 1

36 3317 76 3343 illo
95 3320 184 3346 melius
204 3321 258 3353 (cfr.
278 3326 363 3348 lamen
383 3324 477 3356 verba,
499 3331 566 3356 quae
586 3325 624 3349 his
644 3324 822 3357 praecedunt).

103 3362 114 3378 ‘²
134 3364 234 3395 Quaest.
255 3367 373 3397 praeced.

1931 246 1994 277 755

1042 331 1243 372 prohibetur,
1267 334 1297 363 et
1322 331 1437 363 sterilis
1462 331 1659 363 maledicitur
1695 335 1725 363 et
1749 331 1779 363 in
1804 332 1994 364 contumelia

1042 383 1209 416 habetur³.
1234 384 1262 415 Si
1286 384 1460 416 secundum
1486 387 1601 416 statum
1617 384 1766 426 praedae,
1792 384 1845 416 ubi
1871 393 1930 416 non
1950 393 1995 417 re-

1043 436 1180 477 quiritur
1213 437 1386 469 fecunditas
1411 437 1546 476 ventris‚
1579 438 1632 469 sed
1663 437 1810 470 sanctitas
1843 441 1873 470 et
1897 439 1993 470 incor-

1043 488 1147 529 ruptio
1171 492 1201 520 et
1225 489 1346 530 puritas
1371 489 1498 528 mentis:
1530 490 1691 531 virginitas
1723 490 1901 531 praefertur
1925 499 1994 522 con·
2009 501 2154 522 Conclusiot.

1044 540 1190 573 tinentiae
1214 542 1378 583 coniugali.
1397 543 1425 573 Si
1451 546 1556 574 autem
1574 543 1747 575 secundum
1770 543 1903 576 diversa
1921 547 1994 576 tem-

1044 602 1120 634 pora
1144 594 1322 636 loquamur,
1347 598 1454 637 utpote
1479 596 1503 628 si
1529 597 1736 629 continentiae
1760 601 1875 629 statum
1895 598 1992 629 consi-

1043 645 1191 678 deremus
1216 647 1245 678 in
1272 651 1412 689 tempore
1430 648 1517 689 Legis
1541 652 1572 680 et
1596 648 1782 689 virginitatis
1800 649 1830 680 in
1852 653 1992 690 tempore

1043 698 1175 738 gratiae,
1201 699 1281 730 sicut
1299 700 1516 742 unusquisque
1538 700 1567 732 in
1586 709 1643 732 suo
1667 701 1799 742 optimo:
1824 703 1867 734 sic
1884 706 1991 733 status
2006 711 2118 732 Conclusio
2133 711 2152 731 5.

1043 750 1137 781 statui
1171 760 1231 782 non
1263 752 1441 792 praefertur
1473 762 1529 785 nec
1561 753 1716 785 meritum
1748 755 1880 792 merito,
1918 755 1994 787 dum

1043 806 1148 835 tamen
1165 804 1204 835 sit
1221 805 1334 836 caritas
1358 805 1508 846 aequalis.
1535 806 1568 837 Et
1593 806 1650 838 hoc
1676 811 1722 838 est
1739 807 1823 848 quod
1848 807 1922 839 dicit
1938 809 1994 839 Au-

1043 855 1205 895 gustinus,
1222 857 1306 897 quod
1323 857 1495 889 caelibatus
1512 858 1632 890 Ioannis
1649 868 1709 890 non
1728 859 1905 900 praefertur
1927 868 1994 891 con-

1044 906 1127 948 iugio
1151 908 1292 941 Abrabae
1305 909 1323 939 ⁴.
1341 928 1385 932 ——
1402 910 1544 942 Rationes
1572 911 1666 952 igitur
1696 912 1884 953 probantes,
1909 912 1992 953 quod

1042 961 1230 993 continentia
1256 962 1417 1003 virginalis
1441 966 1488 995 est
1512 963 1644 1005 dignior,
1675 966 1849 1005 procedunt
1873 965 1993 997 ratione

1043 1016 1180 1045 statuum
1215 1015 1387 1047 relatorum
1417 1016 1457 1048 ad
1481 1019 1606 1057 tempus
1631 1018 1762 1058 gratiae,
1797 1018 1845 1050 vel
1875 1018 1994 1050 ratione

1042 1065 1164 1098 decoris
1189 1067 1385 1109 virginitatis.

1134 1121 1159 1151 l.
1185 1120 1227 1151 Ad
1254 1120 1331 1152 illud
1367 1121 1450 1162 quod
1478 1121 1624 1153 obiicitur
1660 1122 1689 1153 in
1726 1123 1917 1154 contrarium
1955 1123 1993 1155 de
2022 1132 2155 1162 soiuuoop-

1041 1172 1226 1204 auctoritate
1251 1173 1431 1214 Augustini,
1457 1174 1643 1212 dicendum,
1670 1175 1754 1216 quod
1788 1175 1925 1216 loquitur
1950 1161 2134 1207 se-p⁰⁵¹²⁰s⁰m'

1042 1224 1180 1256 cundum
1207 1229 1306 1257 status
1330 1225 1489 1264 diversos,
1515 1226 1632 1258 scilicet
1649 1227 1737 1267 Legis
1762 1231 1791 1258 et
1816 1228 1942 1268 gratiae.

1131 1278 1159 1308 2.
1184 1277 1226 1309 Ad
1264 1277 1341 1309 illud
1377 1278 1462 1319 quod
1497 1278 1664 1317 obiicitur,
1700 1279 1784 1320 quod
1808 1279 1995 1311 laboriosius

1042 1331 1088 1360 est
1112 1332 1186 1366 etc.;
1212 1329 1396 1368 dicendum,
1429 1330 1513 1371 quod
1547 1339 1655 1362 verum
1682 1335 1746 1369 est,
1779 1331 1891 1364 ceteris
1916 1332 1997 1373 pari-

1042 1381 1115 1420 bus3
1133 1382 1186 1414 sed
1213 1382 1284 1414 licet
1301 1383 1425 1415 activa5
1449 1384 1487 1416 sit
1514 1383 1706 1423 laboriosior,
1725 1393 1786 1416 non
1811 1389 1914 1416 tamen
1933 1393 1996 1416 me-

1043 1434 1110 1473 lior,
1135 1435 1209 1476 quia
1232 1435 1293 1467 alia
1318 1436 1437 1477 purior.

1131 1488 1160 1520 3.
1193 1488 1235 1520 Ad
1269 1489 1347 1520 illud
1379 1489 1464 1530 quod
1496 1489 1660 1528 obiicitur,
1690 1490 1774 1531 quod
1807 1491 1924 1532 optima
1957 1491 1996 1523 fe-

1042 1541 1185 1573 cunditas
1209 1546 1256 1573 est
1281 1542 1390 1573 melior
1422 1546 1498 1580 etc.;
1522 1543 1710 1581 dicendum,
1742 1544 1826 1584 quod
1861 1544 1918 1576 boc
1948 1553 1996 1576 ve·
2012 1552 2141 1574 Notandum.

1042 1602 1113 1625 rum
1138 1598 1237 1632 esset,
1262 1594 1287 1626 si
1311 1594 1487 1627 fecunditas
1511 1594 1564 1626 illa
1596 1599 1677 1627 esset
1709 1604 1766 1636 per
1797 1600 1901 1628 actum
1928 1606 1997 1629 con-

1042 1647 1196 1688 iugalem,
1221 1647 1276 1679 sed
1301 1657 1362 1679 non
1388 1647 1462 1686 fuit,
1488 1647 1557 1679 ideo
1582 1648 1659 1679 nibil
1684 1648 1723 1680 ad
1749 1649 1927 1690 coniugium
1954 1659 1994 1681 ex

1042 1699 1122 1737 hoc,
1148 1699 1245 1731 immo
1271 1700 1370 1740 magis
1394 1700 1433 1732 ad
1458 1701 1761 1733 commendationem
1787 1702 1983 1743 virginitatis.

1129 1752 1159 1783 [ι.
1185 1752 1226 1783 Ad
1245 1752 1324 1784 illud
1349 1753 1433 1794 quod
1458 1753 1620 1791 obiicitur,
1642 1754 1727 1795 quod
1747 1754 1828 1786 valet
1844 1754 1884 1786 ad
1902 1754 1995 1796 plura

1041 1807 1088 1834 est
1124 1804 1258 1843 melius,
1283 1805 1470 1844 dicendum,
1506 1806 1590 1847 quod
1627 1806 1685 1838 boc
1720 1810 1766 1839 est
1803 1815 1933 1846 verum,
1970 1808 1995 1839 si

1041 1865 1141 1898 aeque
1165 1856 1286 1889 incense
1319 1858 1437 1896 valeat3
1462 1859 1516 1890 sed
1549 1859 1667 1900 aliquid
1694 1859 1814 1891 intense
1848 1859 1932 1891 valet
1955 1860 1994 1891 ad

1040 1918 1158 1948 unum,
1183 1910 1267 1951 quod
1292 1910 1454 1952 praevalet
1477 1911 1607 1944 remisse
1638 1912 1751 1944 valenti
1784 1912 1823 1944 ad
1848 1912 1950 1954 plura.

1131 1964 1160 1996 5.
1185 1963 1229 1995 Ad
1247 1963 1326 1996 illud
1354 1964 1438 2006 quod
1463 1964 1625 2003 obiicitur,
1653 1965 1737 2006 quod
1771 1969 1854 1997 terra
1880 1966 1995 1998 sterilis

1040 2019 1087 2048 est
1122 2016 1354 2055 maledicenda3
1390 2017 1578 2056 dicendum,
1615 2018 1699 2059 quod
1732 2027 1843 2050 verum
1870 2023 1933 2057 est,
1970 2020 1995 2051 si

1040 2068 1156 2100 sterilis
1180 2072 1226 2101 est
1250 2078 1267 2100 a
1291 2069 1412 2108 fructu,
1437 2079 1531 2111 quem
1562 2075 1703 2112 tempore
1728 2071 1780 2103 illo
1804 2072 1898 2104 debet
1927 2082 1996 2114 pro-

1040 2122 1178 2160 ducere:
1203 2122 1258 2154 sed
1283 2125 1424 2163 tempore
1445 2123 1580 2165 graciae
1597 2133 1656 2156 non
1683 2125 1848 2166 quaeritur
1872 2125 1995 2158 fructus

1040 2175 1176 2214 ventris,
1201 2175 1256 2207 sed
1274 2176 1403 2214 mentis,
1428 2185 1488 2208 non
1514 2177 1704 2217 corporalis,
1729 2177 1783 2209 sed
1809 2178 1992 2219 spiritualis.

1130 2229 1159 2259 6.
1188 2228 1277 2268 Quod
1307 2228 1418 2260 ultimo
1445 2229 1591 2261 obiicitur
1623 2229 1763 2271 loquitur
1793 2230 1830 2262 de
1860 2230 1994 2269 habitu,

1040 2284 1070 2313 et
1095 2281 1153 2312 boc
1177 2289 1288 2312 verum
1314 2284 1378 2319 est,
1399 2281 1437 2313 de
1461 2286 1552 2313 statu
1576 2286 1681 2314 autem
1706 2292 1767 2314 non
1792 2287 1839 2315 est
1863 2292 1993 2322 verum;

1039 2333 1177 2374 aliquem
1195 2334 1279 2365 enim
1304 2337 1418 2365 statum
1437 2334 1604 2375 patientiae
1628 2338 1658 2367 et
1676 2336 1900 2376 temperantiae
1925 2345 1995 2368 con-

1040 2386 1129 2427 tingit
1154 2386 1270 2418 habere
1294 2386 1478 2418 nobiliorem
1504 2391 1534 2419 et
1558 2387 1718 2419 fortiorem
1741 2392 1811 2429 post
1836 2388 1959 2429 lapsum
1973 2388 1992 2419 ⁶.

881 2510 1065 2551 QUAESTIO
1089 2510 1133 2541 III.

612 2621 729 2652 Ucrzcm
754 2621 958 2663 viryz'm'catz's
978 2621 1169 2663 praemizmz
1194 2621 1237 2653 stc
1260 2621 1408 2653 aureola.

1135 2747 1161 2777 l.
1187 2746 1243 2777 Per
1267 2745 1434 2787 flym’ctm,
1460 2746 1555 2777 Exodi
1579 2746 1729 2787 vigesimo
1753 2747 1884 2788 quinto7
1909 2757 2154 2789 prae-Fundamenta.

1043 2801 1168 2839 ceptum
1194 2801 1254 2835 est,
1272 2798 1338 2830 fieri
1357 2807 1454 2839 supra
1480 2807 1623 2839 magnam
1642 2808 1789 2831 coronam
1814 2799 1907 2831 aliam
1926 2810 1993 2842 par-

1043 2860 1114 2882 vam
1140 2851 1338 2889 coronulam;
1362 2855 1392 2883 et
1417 2851 1590 2883 secundum
1618 2852 1696 2883 banc
1721 2852 1855 2893 figuram
1874 2853 1994 2894 duplex

1114 3019 1125 3037 3
1146 3020 1210 3045 Vide
1231 3021 1294 3045 infra
1314 3020 1376 3045 dub.
1402 3021 1421 3045 l.
1440 3033 1475 3037 —-
1494 3019 1581 3045 Verbo
1600 3019 1756 3053 prohibetur
1775 3020 1852 3045 codd.
1870 3021 1887 3045 Ρ.
1901 3022 1916 3045 S
1928 3022 1948 3045 Τ
1960 3021 1995 3046 bb

1047 3066 1212 3096 praemittunt
1238 3064 1356 3090 immine.
1383 3065 1440 3089 Post
1457 3063 1612 3096 praefertur
1631 3064 1689 3089 cod.
1709 3064 1732 3088 X
1752 3064 1823 3089 addit
1842 3064 1925 3090 statui
1945 3064 1997 3090 rir-

1044 3107 1176 3141 ffl'uilulc's,
1198 3108 1335 3133 substituto
1355 3108 1466 3133 subinde
1485 3114 1548 3133 num
1568 3107 1604 3133 itn‘
1622 3115 1670 3139 pro
1690 3109 1721 3133 el.

1115 3151 1126 3167 ⁴
1144 3151 1193 3177 Csr.
1214 3153 1255 3177 liic
1275 3153 1308 3177 lit.
1328 3153 1455 3183 Magistri,
1478 3158 1499 3176 c.
1520 3152 1543 3183 ⁶2,
1563 3156 1587 3176 et
1607 3151 1670 3176 infra
1691 3151 1752 3177 dub.
1774 3152 1797 3177 4.
1818 3166 1852 3170 —
1872 3153 1996 3184 Superius

1046 3197 1104 3225 pest
1122 3194 1305 3228 'zuzzcsquisque
1324 3194 1382 3219 cod.
1402 3194 1420 3218 L
1440 3195 1543 3226 supplet
1562 3196 1613 3226 est,
1636 3195 1692 3220 cod.
1713 3202 1743 3220 aa
1763 3202 1824 3221 cum
1843 3195 1885 3221 sil.

1116 3238 1127 3254 ⁵
1145 3239 1256 3269 Supple:
1277 3239 1336 3263 vita.
1357 3237 1408 3263 Cfr.
1431 3238 1490 3263 Luc.
1516 3239 1558 3269 10,
1580 3239 1622 3263 39.
1644 3246 1716 3271 seqq.

1115 3281 1125 3297 θ
1145 3281 1194 3307 Csr.
1216 3282 1242 3306 ll.
1262 3282 1330 3307 Sent.
1351 3281 1375 3306 d.
1396 3282 1436 3306 29.
1457 3288 1479 3306 a.
1500 3282 1523 3306 3.
1540 3289 1564 3314 q.
1580 3283 1604 3307 2.
1620 3296 1654 3300 —
1669 3283 1733 3308 Vide
1747 3283 1862 3308 scholion
1876 3283 1908 3308 ad
1923 3290 1994 3314 prae-

1045 3324 1178 3350 cedentem
1198 3327 1297 3357 quaest.

1115 3369 1125 3385 ⁷
1146 3369 1219 3394 Vers.
1233 3369 1279 3393 25:
1292 3369 1319 3394 Et
1329 3369 1378 3400 ipsi
1389 3368 1456 3394 labio
1468 3368 1586 3402 [mensae
1598 3377 1695 3401 panum
1707 3371 1890 3402 propositionis
1903 3369 1995 3403 facies]
