<?xml version="1.0" encoding="UTF-8"?>
<!DOCTYPE html PUBLIC "-//W3C//DTD XHTML 1.0 Transitional//EN"
    "http://www.w3.org/TR/xhtml1/DTD/xhtml1-transitional.dtd">
<html xmlns="http://www.w3.org/1999/xhtml" xml:lang="en" lang="en">
 <head>
  <title>
</title>
<meta http-equiv="Content-Type" content="text/html;charset=utf-8" />
  <meta name='ocr-system' content='tesseract 3.04.00' />
  <meta name='ocr-capabilities' content='ocr_page ocr_carea ocr_par ocr_line ocrx_word'/>
</head>
<body>
  <div class='ocr_page' id='page_1' title='image "./doctorisseraphic04bona_0161.png"; bbox 0 0 2483 3882; ppageno 0'>
   <div class='ocr_carea' id='block_1_1' title="bbox 0 2735 3 3882">
    <p class='ocr_par' dir='ltr' id='par_1_1' title="bbox 0 2735 3 3882">
     <span class='ocr_line' id='line_1_1' title="bbox 0 2735 3 3882; baseline 0 0"><span class='ocrx_word' id='word_1_1' title='bbox 0 2735 3 3882; x_wconf 95' lang='lat' dir='ltr'><strong> </strong></span> 
     </span>
    </p>
   </div>
   <div class='ocr_carea' id='block_1_2' title="bbox 0 0 27 2393">
    <p class='ocr_par' dir='ltr' id='par_1_2' title="bbox 0 0 27 2393">
     <span class='ocr_line' id='line_1_2' title="bbox 0 0 27 2393; baseline 0 -1818"><span class='ocrx_word' id='word_1_2' title='bbox 0 0 27 2393; x_wconf 95' lang='lat' dir='ltr'><strong>   </strong></span> 
     </span>
    </p>
   </div>
   <div class='ocr_carea' id='block_1_3' title="bbox 19 588 156 615">
    <p class='ocr_par' dir='ltr' id='par_1_3' title="bbox 13 581 156 615">
     <span class='ocr_line' id='line_1_3' title="bbox 19 588 156 615; baseline -0.014 -5.084"><span class='ocrx_word' id='word_1_3' title='bbox 19 588 132 615; x_wconf 79' lang='lat' dir='ltr'><strong>Exemplum</strong></span> <span class='ocrx_word' id='word_1_4' title='bbox 139 588 156 608; x_wconf 91' lang='lat' dir='ltr'><strong>t.</strong></span> 
     </span>
    </p>
   </div>
   <div class='ocr_carea' id='block_1_4' title="bbox 5 1296 152 1344">
    <p class='ocr_par' dir='ltr' id='par_1_4' title="bbox 5 1295 152 1344">
     <span class='ocr_line' id='line_1_4' title="bbox 5 1296 152 1323; baseline -0.014 -4"><span class='ocrx_word' id='word_1_5' title='bbox 5 1302 7 1319; x_wconf 70' lang='grc' dir='ltr'>Ε</span> <span class='ocrx_word' id='word_1_6' title='bbox 23 1297 55 1319; x_wconf 80' lang='lat' dir='ltr'><strong>Ad</strong></span> <span class='ocrx_word' id='word_1_7' title='bbox 69 1296 152 1323; x_wconf 83' lang='lat' dir='ltr'><strong>opposi-</strong></span> 
     </span>
     <span class='ocr_line' id='line_1_5' title="bbox 5 1326 112 1344; baseline 0.009 -1"><span class='ocrx_word' id='word_1_8' title='bbox 5 1330 7 1343; x_wconf 45' lang='grc' dir='ltr'><strong>ἢ</strong></span> <span class='ocrx_word' id='word_1_9' title='bbox 62 1326 112 1344; x_wconf 85' lang='lat' dir='ltr'><strong>tum.</strong></span> 
     </span>
    </p>
   </div>
   <div class='ocr_carea' id='block_1_5' title="bbox 11 2403 159 2424">
    <p class='ocr_par' dir='ltr' id='par_1_5' title="bbox 11 2403 159 2424">
     <span class='ocr_line' id='line_1_6' title="bbox 11 2403 159 2424; baseline 0 0"><span class='ocrx_word' id='word_1_10' title='bbox 11 2403 159 2424; x_wconf 75' lang='lat' dir='ltr'>Fundamenta.</span> 
     </span>
    </p>
   </div>
   <div class='ocr_carea' id='block_1_6' title="bbox 762 228 1539 269">
    <p class='ocr_par' dir='ltr' id='par_1_6' title="bbox 762 228 1539 269">
     <span class='ocr_line' id='line_1_7' title="bbox 762 228 1539 269; baseline -0.001 -8"><span class='ocrx_word' id='word_1_11' title='bbox 762 230 855 261; x_wconf 83' lang='lat' dir='ltr'><strong>DtST.</strong></span> <span class='ocrx_word' id='word_1_12' title='bbox 881 229 927 261; x_wconf 82' lang='lat' dir='ltr'><strong>Vl.</strong></span> <span class='ocrx_word' id='word_1_13' title='bbox 952 229 982 260; x_wconf 87' lang='lat' dir='ltr'><strong>P.</strong></span> <span class='ocrx_word' id='word_1_14' title='bbox 1006 229 1026 259; x_wconf 89' lang='grc' dir='ltr'><strong>Ι.</strong></span> <span class='ocrx_word' id='word_1_15' title='bbox 1052 229 1133 260; x_wconf 74' lang='grc' dir='ltr'><strong>ΛΒΤ.</strong></span> <span class='ocrx_word' id='word_1_16' title='bbox 1159 228 1289 261; x_wconf 81' lang='lat' dir='ltr'><strong>UNICUS</strong></span> <span class='ocrx_word' id='word_1_17' title='bbox 1317 229 1469 269; x_wconf 64' lang='lat' dir='ltr'><strong>Qtttest‘.</strong></span> <span class='ocrx_word' id='word_1_18' title='bbox 1495 228 1539 260; x_wconf 83' lang='lat' dir='ltr'><strong>lll.</strong></span> 
     </span>
    </p>
   </div>
   <div class='ocr_carea' id='block_1_7' title="bbox 166 316 1119 778">
    <p class='ocr_par' dir='ltr' id='par_1_7' title="bbox 167 316 1119 463">
     <span class='ocr_line' id='line_1_8' title="bbox 167 316 1119 360; baseline -0.002 -10"><span class='ocrx_word' id='word_1_19' title='bbox 167 318 304 360; x_wconf 77' lang='lat' dir='ltr'>aliquem</span> <span class='ocrx_word' id='word_1_20' title='bbox 330 317 564 356; x_wconf 78' lang='lat' dir='ltr'><strong>statum,1111de</strong></span> <span class='ocrx_word' id='word_1_21' title='bbox 589 317 752 359; x_wconf 72' lang='lat' dir='ltr'><strong>distinguit</strong></span> <span class='ocrx_word' id='word_1_22' title='bbox 778 317 826 349; x_wconf 81' lang='lat' dir='ltr'><strong>vel</strong></span> <span class='ocrx_word' id='word_1_23' title='bbox 851 317 975 349; x_wconf 86' lang='lat' dir='ltr'><strong>fidelem</strong></span> <span class='ocrx_word' id='word_1_24' title='bbox 997 316 1037 348; x_wconf 87' lang='lat' dir='ltr'><strong>ab</strong></span> <span class='ocrx_word' id='word_1_25' title='bbox 1055 316 1119 348; x_wconf 87' lang='lat' dir='ltr'><strong>infi-</strong></span> 
     </span>
     <span class='ocr_line' id='line_1_9' title="bbox 168 369 1118 411; baseline -0.004 -8"><span class='ocrx_word' id='word_1_26' title='bbox 168 371 247 409; x_wconf 79' lang='lat' dir='ltr'><strong>deli,</strong></span> <span class='ocrx_word' id='word_1_27' title='bbox 281 370 329 403; x_wconf 82' lang='lat' dir='ltr'><strong>vel</strong></span> <span class='ocrx_word' id='word_1_28' title='bbox 362 369 486 402; x_wconf 86' lang='lat' dir='ltr'><strong>fidelem</strong></span> <span class='ocrx_word' id='word_1_29' title='bbox 518 379 536 401; x_wconf 86' lang='lat' dir='ltr'><strong>a</strong></span> <span class='ocrx_word' id='word_1_30' title='bbox 568 369 675 408; x_wconf 88' lang='lat' dir='ltr'><strong>fideli;</strong></span> <span class='ocrx_word' id='word_1_31' title='bbox 700 374 730 402; x_wconf 86' lang='lat' dir='ltr'><strong>et</strong></span> <span class='ocrx_word' id='word_1_32' title='bbox 761 370 845 411; x_wconf 89' lang='lat' dir='ltr'><strong>quod</strong></span> <span class='ocrx_word' id='word_1_33' title='bbox 877 369 1118 411; x_wconf 71' lang='lat' dir='ltr'><strong>permiscentur,</strong></span> 
     </span>
     <span class='ocr_line' id='line_1_10' title="bbox 167 422 1002 463; baseline -0.004 -8"><span class='ocrx_word' id='word_1_34' title='bbox 167 423 226 456; x_wconf 89' lang='lat' dir='ltr'><strong>hoc</strong></span> <span class='ocrx_word' id='word_1_35' title='bbox 250 432 311 455; x_wconf 93' lang='lat' dir='ltr'><strong>non</strong></span> <span class='ocrx_word' id='word_1_36' title='bbox 336 426 382 455; x_wconf 90' lang='lat' dir='ltr'><strong>est</strong></span> <span class='ocrx_word' id='word_1_37' title='bbox 406 431 445 454; x_wconf 86' lang='lat' dir='ltr'><strong>ex</strong></span> <span class='ocrx_word' id='word_1_38' title='bbox 471 422 546 453; x_wconf 89' lang='lat' dir='ltr'><strong>vitio</strong></span> <span class='ocrx_word' id='word_1_39' title='bbox 569 422 677 463; x_wconf 66' lang='lat' dir='ltr'><strong>stym&#39;,</strong></span> <span class='ocrx_word' id='word_1_40' title='bbox 702 422 756 454; x_wconf 90' lang='lat' dir='ltr'><strong>sed</strong></span> <span class='ocrx_word' id='word_1_41' title='bbox 781 422 1002 463; x_wconf 71' lang='lat' dir='ltr'><strong>siynatorum.</strong></span> 
     </span>
    </p>

    <p class='ocr_par' dir='ltr' id='par_1_8' title="bbox 166 473 1119 778">
     <span class='ocr_line' id='line_1_11' title="bbox 257 473 1119 516; baseline -0.002 -10"><span class='ocrx_word' id='word_1_42' title='bbox 257 476 284 506; x_wconf 82' lang='grc'><strong>9.</strong></span> <span class='ocrx_word' id='word_1_43' title='bbox 313 476 346 507; x_wconf 86' lang='lat' dir='ltr'><strong>Et</strong></span> <span class='ocrx_word' id='word_1_44' title='bbox 368 483 426 516; x_wconf 89' lang='lat' dir='ltr'><strong>per</strong></span> <span class='ocrx_word' id='word_1_45' title='bbox 450 474 508 506; x_wconf 90' lang='lat' dir='ltr'><strong>hoc</strong></span> <span class='ocrx_word' id='word_1_46' title='bbox 532 478 616 516; x_wconf 86' lang='lat' dir='ltr'><strong>patet</strong></span> <span class='ocrx_word' id='word_1_47' title='bbox 640 483 792 516; x_wconf 81' lang='lat' dir='ltr'><strong>sequens,</strong></span> <span class='ocrx_word' id='word_1_48' title='bbox 817 475 891 515; x_wconf 88' lang='lat' dir='ltr'><strong>quia</strong></span> <span class='ocrx_word' id='word_1_49' title='bbox 918 473 1042 515; x_wconf 87' lang='lat' dir='ltr'><strong>signum</strong></span> <span class='ocrx_word' id='word_1_50' title='bbox 1072 476 1119 504; x_wconf 89' lang='lat' dir='ltr'><strong>est</strong></span> 
     </span>
     <span class='ocr_line' id='line_1_12' title="bbox 167 525 1119 568; baseline -0.002 -10"><span class='ocrx_word' id='word_1_51' title='bbox 167 527 258 559; x_wconf 70' lang='lat' dir='ltr'><strong>nobis</strong></span> <span class='ocrx_word' id='word_1_52' title='bbox 275 536 335 559; x_wconf 92' lang='lat' dir='ltr'><strong>non</strong></span> <span class='ocrx_word' id='word_1_53' title='bbox 350 537 410 568; x_wconf 78' lang='lat' dir='ltr'><strong>per</strong></span> <span class='ocrx_word' id='word_1_54' title='bbox 426 536 470 564; x_wconf 79' lang='lat' dir='ltr'><strong>se,</strong></span> <span class='ocrx_word' id='word_1_55' title='bbox 488 527 542 559; x_wconf 85' lang='lat' dir='ltr'><strong>sed</strong></span> <span class='ocrx_word' id='word_1_56' title='bbox 561 527 679 558; x_wconf 86' lang='lat' dir='ltr'><strong>ratione</strong></span> <span class='ocrx_word' id='word_1_57' title='bbox 701 526 941 558; x_wconf 72' lang='lat' dir='ltr'><strong>coniunctionis</strong></span> <span class='ocrx_word' id='word_1_58' title='bbox 965 535 1040 558; x_wconf 78' lang='lat' dir='ltr'><strong>cum</strong></span> <span class='ocrx_word' id='word_1_59' title='bbox 1064 525 1119 557; x_wconf 76' lang='lat' dir='ltr'><strong>ele-</strong></span> 
     </span>
     <span class='ocr_line' id='line_1_13' title="bbox 166 579 1118 621; baseline -0.002 -10"><span class='ocrx_word' id='word_1_60' title='bbox 166 584 280 612; x_wconf 74' lang='lat' dir='ltr'><strong>mento.</strong></span> <span class='ocrx_word' id='word_1_61' title='bbox 295 598 337 602; x_wconf 92' lang='lat'>—</span> <span class='ocrx_word' id='word_1_62' title='bbox 351 580 385 611; x_wconf 85' lang='lat' dir='ltr'><strong>Et</strong></span> <span class='ocrx_word' id='word_1_63' title='bbox 397 583 444 611; x_wconf 86' lang='lat' dir='ltr'><strong>est</strong></span> <span class='ocrx_word' id='word_1_64' title='bbox 456 579 650 621; x_wconf 85' lang='lat' dir='ltr'><strong>exemplum,</strong></span> <span class='ocrx_word' id='word_1_65' title='bbox 669 580 692 611; x_wconf 93' lang='lat' dir='ltr'><strong>si</strong></span> <span class='ocrx_word' id='word_1_66' title='bbox 711 580 825 621; x_wconf 86' lang='lat' dir='ltr'><strong>aliquis</strong></span> <span class='ocrx_word' id='word_1_67' title='bbox 839 581 1014 611; x_wconf 75' lang='lat' dir='ltr'>assumeret</span> <span class='ocrx_word' id='word_1_68' title='bbox 1030 587 1118 610; x_wconf 75' lang='lat' dir='ltr'><strong>amna</strong></span> 
     </span>
     <span class='ocr_line' id='line_1_14' title="bbox 167 631 1117 674; baseline -0.002 -10"><span class='ocrx_word' id='word_1_69' title='bbox 167 633 267 674; x_wconf 86' lang='lat' dir='ltr'><strong>regis,</strong></span> <span class='ocrx_word' id='word_1_70' title='bbox 292 632 416 673; x_wconf 86' lang='lat' dir='ltr'><strong>signum</strong></span> <span class='ocrx_word' id='word_1_71' title='bbox 441 635 540 669; x_wconf 90' lang='lat' dir='ltr'><strong>esset,</strong></span> <span class='ocrx_word' id='word_1_72' title='bbox 565 632 649 673; x_wconf 86' lang='lat' dir='ltr'><strong>quod</strong></span> <span class='ocrx_word' id='word_1_73' title='bbox 674 636 756 664; x_wconf 84' lang='lat' dir='ltr'><strong>esset</strong></span> <span class='ocrx_word' id='word_1_74' title='bbox 779 632 819 664; x_wconf 86' lang='lat' dir='ltr'><strong>de</strong></span> <span class='ocrx_word' id='word_1_75' title='bbox 843 632 985 664; x_wconf 87' lang='lat' dir='ltr'><strong>exercitu</strong></span> <span class='ocrx_word' id='word_1_76' title='bbox 1014 631 1117 672; x_wconf 85' lang='lat' dir='ltr'><strong>regis;</strong></span> 
     </span>
     <span class='ocr_line' id='line_1_15' title="bbox 166 683 1116 727; baseline -0.002 -10"><span class='ocrx_word' id='word_1_77' title='bbox 166 688 267 727; x_wconf 89' lang='lat' dir='ltr'><strong>potest</strong></span> <span class='ocrx_word' id='word_1_78' title='bbox 290 688 394 716; x_wconf 86' lang='lat' dir='ltr'><strong>tamen</strong></span> <span class='ocrx_word' id='word_1_79' title='bbox 419 684 624 716; x_wconf 82' lang='lat' dir='ltr'><strong>nihilominus</strong></span> <span class='ocrx_word' id='word_1_80' title='bbox 655 693 724 717; x_wconf 88' lang='lat' dir='ltr'><strong>esse</strong></span> <span class='ocrx_word' id='word_1_81' title='bbox 756 693 796 716; x_wconf 82' lang='lat' dir='ltr'><strong>ex</strong></span> <span class='ocrx_word' id='word_1_82' title='bbox 829 688 918 726; x_wconf 85' lang='lat' dir='ltr'><strong>parte</strong></span> <span class='ocrx_word' id='word_1_83' title='bbox 942 683 1116 721; x_wconf 80' lang='lat' dir='ltr'><strong>contraria,</strong></span> 
     </span>
     <span class='ocr_line' id='line_1_16' title="bbox 166 736 1118 778; baseline -0.003 -8"><span class='ocrx_word' id='word_1_84' title='bbox 166 742 197 770; x_wconf 86' lang='lat' dir='ltr'><strong>et</strong></span> <span class='ocrx_word' id='word_1_85' title='bbox 227 746 316 769; x_wconf 89' lang='lat' dir='ltr'><strong>arma</strong></span> <span class='ocrx_word' id='word_1_86' title='bbox 348 745 472 778; x_wconf 88' lang='lat' dir='ltr'><strong>semper</strong></span> <span class='ocrx_word' id='word_1_87' title='bbox 509 736 738 778; x_wconf 83' lang='lat' dir='ltr'><strong>significarent,</strong></span> <span class='ocrx_word' id='word_1_88' title='bbox 772 737 856 778; x_wconf 88' lang='lat' dir='ltr'><strong>quod</strong></span> <span class='ocrx_word' id='word_1_89' title='bbox 887 737 926 768; x_wconf 82' lang='lat' dir='ltr'><strong>sit</strong></span> <span class='ocrx_word' id='word_1_90' title='bbox 957 745 995 769; x_wconf 86' lang='lat' dir='ltr'><strong>ex</strong></span> <span class='ocrx_word' id='word_1_91' title='bbox 1030 739 1118 778; x_wconf 89' lang='lat' dir='ltr'><strong>parte</strong></span> 
     </span>
    </p>
   </div>
   <div class='ocr_carea' id='block_1_8' title="bbox 2075 232 2126 263">
    <p class='ocr_par' dir='ltr' id='par_1_9' title="bbox 2075 232 2126 263">
     <span class='ocr_line' id='line_1_17' title="bbox 2075 232 2126 263; baseline 0 -1"><span class='ocrx_word' id='word_1_92' title='bbox 2075 232 2126 263; x_wconf 64' lang='lat' dir='ltr'><strong>titt</strong></span> 
     </span>
    </p>
   </div>
   <div class='ocr_carea' id='block_1_9' title="bbox 1182 316 2293 770">
    <p class='ocr_par' dir='ltr' id='par_1_10' title="bbox 1182 316 2293 770">
     <span class='ocr_line' id='line_1_18' title="bbox 1182 316 2132 360; baseline 0.003 -13"><span class='ocrx_word' id='word_1_93' title='bbox 1182 316 1262 347; x_wconf 86' lang='lat' dir='ltr'><strong>alia¹</strong></span> <span class='ocrx_word' id='word_1_94' title='bbox 1279 328 1286 354; x_wconf 83' lang='lat'>;</span> <span class='ocrx_word' id='word_1_95' title='bbox 1304 319 1333 348; x_wconf 89' lang='lat' dir='ltr'><strong>et</strong></span> <span class='ocrx_word' id='word_1_96' title='bbox 1349 325 1409 348; x_wconf 91' lang='lat' dir='ltr'><strong>non</strong></span> <span class='ocrx_word' id='word_1_97' title='bbox 1435 319 1481 348; x_wconf 88' lang='lat' dir='ltr'><strong>est</strong></span> <span class='ocrx_word' id='word_1_98' title='bbox 1506 316 1624 348; x_wconf 81' lang='lat' dir='ltr'><strong>salsitas</strong></span> <span class='ocrx_word' id='word_1_99' title='bbox 1649 316 1678 348; x_wconf 91' lang='lat' dir='ltr'><strong>in</strong></span> <span class='ocrx_word' id='word_1_100' title='bbox 1703 316 1809 359; x_wconf 57' lang='lat' dir='ltr'><strong>sajano,</strong></span> <span class='ocrx_word' id='word_1_101' title='bbox 1827 317 1880 349; x_wconf 85' lang='lat' dir='ltr'><strong>sed</strong></span> <span class='ocrx_word' id='word_1_102' title='bbox 1900 317 1928 349; x_wconf 89' lang='lat' dir='ltr'><strong>in</strong></span> <span class='ocrx_word' id='word_1_103' title='bbox 1947 319 2132 360; x_wconf 69' lang='lat' dir='ltr'><strong>accipiente.</strong></span> 
     </span>
     <span class='ocr_line' id='line_1_19' title="bbox 1183 368 2133 410; baseline 0.004 -11"><span class='ocrx_word' id='word_1_104' title='bbox 1183 368 1231 400; x_wconf 86' lang='lat' dir='ltr'><strong>Sic</strong></span> <span class='ocrx_word' id='word_1_105' title='bbox 1256 368 1285 400; x_wconf 91' lang='lat' dir='ltr'><strong>in</strong></span> <span class='ocrx_word' id='word_1_106' title='bbox 1304 369 1463 410; x_wconf 90' lang='lat' dir='ltr'><strong>proposito</strong></span> <span class='ocrx_word' id='word_1_107' title='bbox 1484 369 1739 410; x_wconf 86' lang='lat' dir='ltr'><strong>intelligendum:</strong></span> <span class='ocrx_word' id='word_1_108' title='bbox 1757 369 1922 410; x_wconf 83' lang='lat' dir='ltr'><strong>quoniam,</strong></span> <span class='ocrx_word' id='word_1_109' title='bbox 1941 371 2021 403; x_wconf 83' lang='lat' dir='ltr'><strong>sicut</strong></span> <span class='ocrx_word' id='word_1_110' title='bbox 2046 381 2133 403; x_wconf 83' lang='lat' dir='ltr'><strong>arma</strong></span> 
     </span>
     <span class='ocr_line' id='line_1_20' title="bbox 1182 421 2134 465; baseline 0.004 -13"><span class='ocrx_word' id='word_1_111' title='bbox 1182 421 1263 452; x_wconf 83' lang='lat' dir='ltr'><strong>fiunt</strong></span> <span class='ocrx_word' id='word_1_112' title='bbox 1286 421 1326 453; x_wconf 89' lang='lat' dir='ltr'><strong>ad</strong></span> <span class='ocrx_word' id='word_1_113' title='bbox 1351 421 1609 462; x_wconf 87' lang='lat' dir='ltr'><strong>distinguendum</strong></span> <span class='ocrx_word' id='word_1_114' title='bbox 1634 422 1811 460; x_wconf 64' lang='lat' dir='ltr'><strong>exercitus,</strong></span> <span class='ocrx_word' id='word_1_115' title='bbox 1836 425 1867 454; x_wconf 88' lang='lat' dir='ltr'><strong>et</strong></span> <span class='ocrx_word' id='word_1_116' title='bbox 1890 426 1993 455; x_wconf 89' lang='lat' dir='ltr'><strong>tamen</strong></span> <span class='ocrx_word' id='word_1_117' title='bbox 2017 428 2051 456; x_wconf 91' lang='lat' dir='ltr'><strong>ut</strong></span> <span class='ocrx_word' id='word_1_118' title='bbox 2068 425 2134 465; x_wconf 83' lang='lat' dir='ltr'><strong>plu-</strong></span> 
     </span>
     <span class='ocr_line' id='line_1_21' title="bbox 1184 473 2133 516; baseline 0.005 -12"><span class='ocrx_word' id='word_1_119' title='bbox 1184 473 1300 505; x_wconf 87' lang='lat' dir='ltr'><strong>rimum</strong></span> <span class='ocrx_word' id='word_1_120' title='bbox 1318 473 1565 512; x_wconf 79' lang='lat' dir='ltr'><strong>contunduntur,</strong></span> <span class='ocrx_word' id='word_1_121' title='bbox 1583 474 1709 516; x_wconf 86' lang='lat' dir='ltr'><strong>quando</strong></span> <span class='ocrx_word' id='word_1_122' title='bbox 1726 479 1799 506; x_wconf 89' lang='lat' dir='ltr'><strong>sunt</strong></span> <span class='ocrx_word' id='word_1_123' title='bbox 1816 475 1845 506; x_wconf 94' lang='lat' dir='ltr'><strong>in</strong></span> <span class='ocrx_word' id='word_1_124' title='bbox 1863 475 1962 514; x_wconf 67' lang='lat'><strong>1201103</strong></span> <span class='ocrx_word' id='word_1_125' title='bbox 1981 477 2024 509; x_wconf 88' lang='lat' dir='ltr'><strong>sic</strong></span> <span class='ocrx_word' id='word_1_126' title='bbox 2041 478 2133 509; x_wconf 81' lang='lat' dir='ltr'><strong>etiam</strong></span> 
     </span>
     <span class='ocr_line' id='line_1_22' title="bbox 1183 526 2136 567; baseline 0.004 -10"><span class='ocrx_word' id='word_1_127' title='bbox 1183 529 1229 558; x_wconf 88' lang='lat' dir='ltr'><strong>est</strong></span> <span class='ocrx_word' id='word_1_128' title='bbox 1255 526 1283 557; x_wconf 87' lang='lat' dir='ltr'><strong>in</strong></span> <span class='ocrx_word' id='word_1_129' title='bbox 1309 526 1416 564; x_wconf 78' lang='lat' dir='ltr'><strong>nobis,</strong></span> <span class='ocrx_word' id='word_1_130' title='bbox 1440 526 1593 567; x_wconf 85' lang='lat' dir='ltr'><strong>quamdiu</strong></span> <span class='ocrx_word' id='word_1_131' title='bbox 1617 535 1729 559; x_wconf 89' lang='lat' dir='ltr'><strong>sumus</strong></span> <span class='ocrx_word' id='word_1_132' title='bbox 1754 527 1784 559; x_wconf 90' lang='lat' dir='ltr'><strong>in</strong></span> <span class='ocrx_word' id='word_1_133' title='bbox 1810 527 1956 560; x_wconf 83' lang='lat' dir='ltr'><strong>conflictu</strong></span> <span class='ocrx_word' id='word_1_134' title='bbox 1982 529 2076 561; x_wconf 87' lang='lat' dir='ltr'><strong>huius</strong></span> <span class='ocrx_word' id='word_1_135' title='bbox 2094 530 2136 561; x_wconf 86' lang='lat' dir='ltr'><strong>vi-</strong></span> 
     </span>
     <span class='ocr_line' id='line_1_23' title="bbox 1183 578 2293 621; baseline 0.005 -12"><span class='ocrx_word' id='word_1_136' title='bbox 1183 582 1231 610; x_wconf 87' lang='lat' dir='ltr'><strong>tae</strong></span> <span class='ocrx_word' id='word_1_137' title='bbox 1256 578 1430 619; x_wconf 88' lang='lat' dir='ltr'><strong>praesentis</strong></span> <span class='ocrx_word' id='word_1_138' title='bbox 1455 579 1609 611; x_wconf 80' lang='lat' dir='ltr'><strong>miseriae.</strong></span> <span class='ocrx_word' id='word_1_139' title='bbox 1627 598 1670 603; x_wconf 87' lang='lat'><strong>—-</strong></span> <span class='ocrx_word' id='word_1_140' title='bbox 1688 580 1875 621; x_wconf 79' lang='lat' dir='ltr'><strong>Exemplum</strong></span> <span class='ocrx_word' id='word_1_141' title='bbox 1901 584 1947 613; x_wconf 89' lang='lat' dir='ltr'><strong>est</strong></span> <span class='ocrx_word' id='word_1_142' title='bbox 1969 581 2007 613; x_wconf 90' lang='lat' dir='ltr'><strong>de</strong></span> <span class='ocrx_word' id='word_1_143' title='bbox 2026 582 2293 615; x_wconf 60' lang='lat' dir='ltr'><strong>liabitussxemplumffl-</strong></span> 
     </span>
     <span class='ocr_line' id='line_1_24' title="bbox 1183 630 2135 673; baseline 0.004 -11"><span class='ocrx_word' id='word_1_144' title='bbox 1183 630 1359 671; x_wconf 73' lang='lat' dir='ltr'><strong>religionis,</strong></span> <span class='ocrx_word' id='word_1_145' title='bbox 1385 631 1437 672; x_wconf 88' lang='lat' dir='ltr'><strong>qni</strong></span> <span class='ocrx_word' id='word_1_146' title='bbox 1463 635 1509 663; x_wconf 87' lang='lat' dir='ltr'><strong>est</strong></span> <span class='ocrx_word' id='word_1_147' title='bbox 1534 631 1657 673; x_wconf 88' lang='lat' dir='ltr'><strong>signum</strong></span> <span class='ocrx_word' id='word_1_148' title='bbox 1677 632 1844 669; x_wconf 70' lang='lat' dir='ltr'><strong>bonitatis3</strong></span> <span class='ocrx_word' id='word_1_149' title='bbox 1869 637 1972 666; x_wconf 88' lang='lat' dir='ltr'><strong>tamen</strong></span> <span class='ocrx_word' id='word_1_150' title='bbox 1998 643 2135 666; x_wconf 87' lang='lat' dir='ltr'><strong>commu-</strong></span> 
     </span>
     <span class='ocr_line' id='line_1_25' title="bbox 1182 683 2136 728; baseline 0.004 -14"><span class='ocrx_word' id='word_1_151' title='bbox 1182 683 1287 715; x_wconf 86' lang='lat' dir='ltr'><strong>nicant</strong></span> <span class='ocrx_word' id='word_1_152' title='bbox 1311 683 1428 715; x_wconf 72' lang='lat' dir='ltr'><strong>etiam2</strong></span> <span class='ocrx_word' id='word_1_153' title='bbox 1453 683 1524 715; x_wconf 88' lang='lat' dir='ltr'><strong>boni</strong></span> <span class='ocrx_word' id='word_1_154' title='bbox 1551 693 1622 716; x_wconf 87' lang='lat' dir='ltr'><strong>cum</strong></span> <span class='ocrx_word' id='word_1_155' title='bbox 1642 685 1749 723; x_wconf 88' lang='lat' dir='ltr'><strong>malis,</strong></span> <span class='ocrx_word' id='word_1_156' title='bbox 1774 688 1803 716; x_wconf 88' lang='lat' dir='ltr'><strong>et</strong></span> <span class='ocrx_word' id='word_1_157' title='bbox 1828 685 1969 718; x_wconf 82' lang='lat' dir='ltr'><strong>carnales</strong></span> <span class='ocrx_word' id='word_1_158' title='bbox 1986 695 2057 718; x_wconf 89' lang='lat' dir='ltr'><strong>cum</strong></span> <span class='ocrx_word' id='word_1_159' title='bbox 2077 687 2136 728; x_wconf 87' lang='lat' dir='ltr'><strong>spi-</strong></span> 
     </span>
     <span class='ocr_line' id='line_1_26' title="bbox 1182 735 2134 770; baseline 0.002 -3"><span class='ocrx_word' id='word_1_160' title='bbox 1182 735 1360 767; x_wconf 76' lang='lat' dir='ltr'><strong>ritualibus.</strong></span> <span class='ocrx_word' id='word_1_161' title='bbox 1375 738 1404 767; x_wconf 85' lang='lat' dir='ltr'><strong>et</strong></span> <span class='ocrx_word' id='word_1_162' title='bbox 1417 739 1558 767; x_wconf 88' lang='lat' dir='ltr'><strong>amantes</strong></span> <span class='ocrx_word' id='word_1_163' title='bbox 1573 736 1726 768; x_wconf 86' lang='lat' dir='ltr'><strong>mundum</strong></span> <span class='ocrx_word' id='word_1_164' title='bbox 1745 745 1816 768; x_wconf 84' lang='lat' dir='ltr'><strong>cuin</strong></span> <span class='ocrx_word' id='word_1_165' title='bbox 1835 738 2134 770; x_wconf 72' lang='lat' dir='ltr'><strong>cont.emnentibus³.</strong></span> 
     </span>
    </p>
   </div>
   <div class='ocr_carea' id='block_1_10' title="bbox 1024 874 1278 915">
    <p class='ocr_par' dir='ltr' id='par_1_11' title="bbox 1024 874 1278 915">
     <span class='ocr_line' id='line_1_27' title="bbox 1024 874 1278 915; baseline -0.004 -9"><span class='ocrx_word' id='word_1_166' title='bbox 1024 874 1207 915; x_wconf 72' lang='lat' dir='ltr'><strong>QUAESTtO</strong></span> <span class='ocrx_word' id='word_1_167' title='bbox 1233 874 1278 911; x_wconf 87' lang='lat' dir='ltr'><strong>ttt.</strong></span> 
     </span>
    </p>
   </div>
   <div class='ocr_carea' id='block_1_11' title="bbox 788 984 1520 1029">
    <p class='ocr_par' dir='ltr' id='par_1_12' title="bbox 788 984 1520 1029">
     <span class='ocr_line' id='line_1_28' title="bbox 788 984 1520 1029; baseline 0 -12"><span class='ocrx_word' id='word_1_168' title='bbox 788 987 824 1018; x_wconf 80' lang='lat' dir='ltr'><strong>ln</strong></span> <span class='ocrx_word' id='word_1_169' title='bbox 849 996 912 1029; x_wconf 75' lang='lat' dir='ltr'><strong>quo</strong></span> <span class='ocrx_word' id='word_1_170' title='bbox 935 986 978 1018; x_wconf 74' lang='lat' dir='ltr'><strong>sit</strong></span> <span class='ocrx_word' id='word_1_171' title='bbox 1002 984 1177 1018; x_wconf 73' lang='lat' dir='ltr'><strong>character</strong></span> <span class='ocrx_word' id='word_1_172' title='bbox 1200 986 1287 1017; x_wconf 75' lang='lat' dir='ltr'><strong>sicut</strong></span> <span class='ocrx_word' id='word_1_173' title='bbox 1311 985 1344 1017; x_wconf 73' lang='lat' dir='ltr'><strong>in</strong></span> <span class='ocrx_word' id='word_1_174' title='bbox 1368 985 1520 1017; x_wconf 72' lang='lat' dir='ltr'><strong>subiecto.</strong></span> 
     </span>
    </p>
   </div>
   <div class='ocr_carea' id='block_1_12' title="bbox 165 1124 1123 2700">
    <p class='ocr_par' dir='ltr' id='par_1_13' title="bbox 168 1124 1116 1220">
     <span class='ocr_line' id='line_1_29' title="bbox 254 1124 1116 1168; baseline -0.002 -10"><span class='ocrx_word' id='word_1_175' title='bbox 254 1126 357 1158; x_wconf 83' lang='lat' dir='ltr'><strong>Tertio</strong></span> <span class='ocrx_word' id='word_1_176' title='bbox 389 1126 563 1168; x_wconf 83' lang='lat' dir='ltr'><strong>quaeritur,</strong></span> <span class='ocrx_word' id='word_1_177' title='bbox 588 1126 617 1157; x_wconf 91' lang='lat' dir='ltr'><strong>in</strong></span> <span class='ocrx_word' id='word_1_178' title='bbox 643 1135 705 1167; x_wconf 82' lang='lat' dir='ltr'><strong>quo</strong></span> <span class='ocrx_word' id='word_1_179' title='bbox 730 1126 769 1158; x_wconf 90' lang='lat' dir='ltr'><strong>sit</strong></span> <span class='ocrx_word' id='word_1_180' title='bbox 794 1125 957 1158; x_wconf 73' lang='lat' dir='ltr'><strong>character</strong></span> <span class='ocrx_word' id='word_1_181' title='bbox 982 1125 1063 1157; x_wconf 86' lang='lat' dir='ltr'><strong>sicut.</strong></span> <span class='ocrx_word' id='word_1_182' title='bbox 1087 1124 1116 1156; x_wconf 91' lang='lat' dir='ltr'><strong>in</strong></span> 
     </span>
     <span class='ocr_line' id='line_1_30' title="bbox 168 1178 961 1220; baseline -0.004 -8"><span class='ocrx_word' id='word_1_183' title='bbox 168 1179 316 1212; x_wconf 87' lang='lat' dir='ltr'><strong>subiecto.</strong></span> <span class='ocrx_word' id='word_1_184' title='bbox 343 1180 377 1211; x_wconf 84' lang='lat' dir='ltr'><strong>Et</strong></span> <span class='ocrx_word' id='word_1_185' title='bbox 401 1178 485 1220; x_wconf 86' lang='lat' dir='ltr'><strong>quod</strong></span> <span class='ocrx_word' id='word_1_186' title='bbox 512 1179 540 1210; x_wconf 89' lang='lat' dir='ltr'><strong>in</strong></span> <span class='ocrx_word' id='word_1_187' title='bbox 568 1182 632 1210; x_wconf 76' lang='lat' dir='ltr'><strong>tota</strong></span> <span class='ocrx_word' id='word_1_188' title='bbox 658 1179 794 1216; x_wconf 73' lang='lat' dir='ltr'><strong>ant-ma,</strong></span> <span class='ocrx_word' id='word_1_189' title='bbox 818 1178 961 1210; x_wconf 87' lang='lat' dir='ltr'><strong>videtur:</strong></span> 
     </span>
    </p>

    <p class='ocr_par' dir='ltr' id='par_1_14' title="bbox 166 1231 1121 1483">
     <span class='ocr_line' id='line_1_31' title="bbox 260 1231 1117 1273; baseline -0.002 -9"><span class='ocrx_word' id='word_1_190' title='bbox 260 1234 284 1264; x_wconf 92' lang='lat' dir='ltr'><strong>l.</strong></span> <span class='ocrx_word' id='word_1_191' title='bbox 310 1233 389 1273; x_wconf 83' lang='lat' dir='ltr'><strong>Quia</strong></span> <span class='ocrx_word' id='word_1_192' title='bbox 413 1232 577 1264; x_wconf 75' lang='lat' dir='ltr'><strong>character</strong></span> <span class='ocrx_word' id='word_1_193' title='bbox 601 1231 765 1273; x_wconf 76' lang='lat' dir='ltr'><strong>distinguit</strong></span> <span class='ocrx_word' id='word_1_194' title='bbox 781 1240 873 1263; x_wconf 89' lang='lat' dir='ltr'><strong>ovem</strong></span> <span class='ocrx_word' id='word_1_195' title='bbox 890 1231 1003 1263; x_wconf 88' lang='lat' dir='ltr'><strong>Christi</strong></span> <span class='ocrx_word' id='word_1_196' title='bbox 1022 1240 1039 1262; x_wconf 90' lang='lat' dir='ltr'><strong>a</strong></span> <span class='ocrx_word' id='word_1_197' title='bbox 1057 1240 1117 1262; x_wconf 91' lang='lat' dir='ltr'><strong>non</strong></span> 
     </span>
     <span class='ocr_line' id='line_1_32' title="bbox 166 1284 1120 1324; baseline -0.003 -6"><span class='ocrx_word' id='word_1_198' title='bbox 166 1294 241 1324; x_wconf 75' lang='lat' dir='ltr'><strong>ove,</strong></span> <span class='ocrx_word' id='word_1_199' title='bbox 259 1290 289 1317; x_wconf 83' lang='lat' dir='ltr'><strong>et</strong></span> <span class='ocrx_word' id='word_1_200' title='bbox 306 1285 485 1317; x_wconf 79' lang='lat' dir='ltr'><strong>membrum</strong></span> <span class='ocrx_word' id='word_1_201' title='bbox 503 1284 615 1317; x_wconf 83' lang='lat' dir='ltr'><strong>Christi</strong></span> <span class='ocrx_word' id='word_1_202' title='bbox 634 1294 652 1316; x_wconf 88' lang='lat' dir='ltr'><strong>a</strong></span> <span class='ocrx_word' id='word_1_203' title='bbox 668 1294 728 1316; x_wconf 89' lang='lat' dir='ltr'><strong>non</strong></span> <span class='ocrx_word' id='word_1_204' title='bbox 748 1284 926 1322; x_wconf 64' lang='lat' dir='ltr'><strong>membr043</strong></span> <span class='ocrx_word' id='word_1_205' title='bbox 944 1284 998 1316; x_wconf 89' lang='lat' dir='ltr'><strong>sed</strong></span> <span class='ocrx_word' id='word_1_206' title='bbox 1015 1284 1120 1315; x_wconf 88' lang='lat' dir='ltr'><strong>anima</strong></span> 
     </span>
     <span class='ocr_line' id='line_1_33' title="bbox 167 1337 1121 1378; baseline -0.003 -7"><span class='ocrx_word' id='word_1_207' title='bbox 167 1349 227 1371; x_wconf 88' lang='lat' dir='ltr'><strong>non</strong></span> <span class='ocrx_word' id='word_1_208' title='bbox 260 1338 374 1371; x_wconf 86' lang='lat' dir='ltr'><strong>dicitur</strong></span> <span class='ocrx_word' id='word_1_209' title='bbox 407 1337 474 1369; x_wconf 88' lang='lat' dir='ltr'><strong>ovis</strong></span> <span class='ocrx_word' id='word_1_210' title='bbox 503 1346 559 1370; x_wconf 86' lang='lat' dir='ltr'><strong>nec</strong></span> <span class='ocrx_word' id='word_1_211' title='bbox 591 1337 771 1369; x_wconf 79' lang='lat' dir='ltr'><strong>membrum</strong></span> <span class='ocrx_word' id='word_1_212' title='bbox 808 1337 983 1369; x_wconf 87' lang='lat' dir='ltr'><strong>secundum</strong></span> <span class='ocrx_word' id='word_1_213' title='bbox 1017 1339 1121 1378; x_wconf 85' lang='lat' dir='ltr'><strong>poten-</strong></span> 
     </span>
     <span class='ocr_line' id='line_1_34' title="bbox 169 1388 1120 1430; baseline -0.005 -6"><span class='ocrx_word' id='word_1_214' title='bbox 169 1393 260 1430; x_wconf 83' lang='lat' dir='ltr'><strong>tiam,</strong></span> <span class='ocrx_word' id='word_1_215' title='bbox 292 1391 346 1423; x_wconf 82' lang='lat' dir='ltr'><strong>sed</strong></span> <span class='ocrx_word' id='word_1_216' title='bbox 382 1390 557 1423; x_wconf 87' lang='lat' dir='ltr'><strong>secundum</strong></span> <span class='ocrx_word' id='word_1_217' title='bbox 593 1389 821 1422; x_wconf 78' lang='lat' dir='ltr'><strong>substantiam:</strong></span> <span class='ocrx_word' id='word_1_218' title='bbox 847 1397 921 1430; x_wconf 89' lang='lat' dir='ltr'><strong>ergo</strong></span> <span class='ocrx_word' id='word_1_219' title='bbox 957 1388 1120 1420; x_wconf 78' lang='lat' dir='ltr'><strong>character</strong></span> 
     </span>
     <span class='ocr_line' id='line_1_35' title="bbox 168 1442 771 1483; baseline -0.008 -5"><span class='ocrx_word' id='word_1_220' title='bbox 168 1445 341 1478; x_wconf 86' lang='lat' dir='ltr'><strong>secundum</strong></span> <span class='ocrx_word' id='word_1_221' title='bbox 367 1443 573 1476; x_wconf 74' lang='lat' dir='ltr'><strong>substantiali]</strong></span> <span class='ocrx_word' id='word_1_222' title='bbox 598 1442 771 1483; x_wconf 70' lang='lat' dir='ltr'><strong>distinguit.</strong></span> 
     </span>
    </p>

    <p class='ocr_par' dir='ltr' id='par_1_15' title="bbox 167 1494 1120 1690">
     <span class='ocr_line' id='line_1_36' title="bbox 257 1494 1120 1537; baseline -0.003 -8"><span class='ocrx_word' id='word_1_223' title='bbox 257 1499 285 1529; x_wconf 65' lang='grc' dir='ltr'><strong>Ξ.</strong></span> <span class='ocrx_word' id='word_1_224' title='bbox 311 1497 403 1535; x_wconf 72' lang='lat' dir='ltr'><strong>Item,</strong></span> <span class='ocrx_word' id='word_1_225' title='bbox 429 1497 519 1529; x_wconf 86' lang='lat' dir='ltr'><strong>cuius</strong></span> <span class='ocrx_word' id='word_1_226' title='bbox 551 1500 599 1528; x_wconf 88' lang='lat' dir='ltr'><strong>est</strong></span> <span class='ocrx_word' id='word_1_227' title='bbox 630 1495 809 1537; x_wconf 72' lang='lat' dir='ltr'><strong>dispositio,</strong></span> <span class='ocrx_word' id='word_1_228' title='bbox 834 1499 864 1527; x_wconf 91' lang='lat' dir='ltr'><strong>et</strong></span> <span class='ocrx_word' id='word_1_229' title='bbox 890 1495 1040 1532; x_wconf 78' lang='lat' dir='ltr'><strong>habitns3</strong></span> <span class='ocrx_word' id='word_1_230' title='bbox 1066 1494 1120 1526; x_wconf 87' lang='lat' dir='ltr'><strong>sed</strong></span> 
     </span>
     <span class='ocr_line' id='line_1_37' title="bbox 167 1547 1120 1591; baseline -0.005 -8"><span class='ocrx_word' id='word_1_231' title='bbox 167 1551 329 1584; x_wconf 80' lang='lat' dir='ltr'><strong>character</strong></span> <span class='ocrx_word' id='word_1_232' title='bbox 362 1549 499 1591; x_wconf 85' lang='lat' dir='ltr'><strong>disponit</strong></span> <span class='ocrx_word' id='word_1_233' title='bbox 530 1549 570 1581; x_wconf 89' lang='lat' dir='ltr'><strong>ad</strong></span> <span class='ocrx_word' id='word_1_234' title='bbox 603 1549 735 1590; x_wconf 83' lang='lat' dir='ltr'><strong>gratiam</strong></span> <span class='ocrx_word' id='word_1_235' title='bbox 761 1552 791 1580; x_wconf 89' lang='lat' dir='ltr'><strong>et</strong></span> <span class='ocrx_word' id='word_1_236' title='bbox 815 1547 1032 1580; x_wconf 81' lang='lat' dir='ltr'><strong>remissionem</strong></span> <span class='ocrx_word' id='word_1_237' title='bbox 1062 1547 1120 1578; x_wconf 91' lang='lat' dir='ltr'><strong>ori-</strong></span> 
     </span>
     <span class='ocr_line' id='line_1_38' title="bbox 167 1601 1120 1646; baseline -0.005 -10"><span class='ocrx_word' id='word_1_238' title='bbox 167 1604 294 1646; x_wconf 81' lang='lat' dir='ltr'><strong>ginalis,</strong></span> <span class='ocrx_word' id='word_1_239' title='bbox 319 1603 402 1645; x_wconf 79' lang='lat' dir='ltr'><strong>quod</strong></span> <span class='ocrx_word' id='word_1_240' title='bbox 429 1603 556 1644; x_wconf 76' lang='lat' dir='ltr'><strong>respicit</strong></span> <span class='ocrx_word' id='word_1_241' title='bbox 580 1606 676 1634; x_wconf 90' lang='lat' dir='ltr'><strong>totam</strong></span> <span class='ocrx_word' id='word_1_242' title='bbox 701 1602 880 1633; x_wconf 62' lang='lat' dir='ltr'><strong>animam-³:</strong></span> <span class='ocrx_word' id='word_1_243' title='bbox 906 1609 981 1642; x_wconf 86' lang='lat' dir='ltr'><strong>ergo</strong></span> <span class='ocrx_word' id='word_1_244' title='bbox 1014 1601 1120 1632; x_wconf 88' lang='lat' dir='ltr'><strong>chara-</strong></span> 
     </span>
     <span class='ocr_line' id='line_1_39' title="bbox 167 1655 715 1690; baseline -0.005 -1"><span class='ocrx_word' id='word_1_245' title='bbox 167 1661 233 1690; x_wconf 87' lang='lat' dir='ltr'><strong>cter</strong></span> <span class='ocrx_word' id='word_1_246' title='bbox 257 1661 303 1689; x_wconf 87' lang='lat' dir='ltr'><strong>est</strong></span> <span class='ocrx_word' id='word_1_247' title='bbox 329 1657 357 1688; x_wconf 87' lang='lat' dir='ltr'><strong>in</strong></span> <span class='ocrx_word' id='word_1_248' title='bbox 383 1656 505 1688; x_wconf 82' lang='lat' dir='ltr'><strong>animae</strong></span> <span class='ocrx_word' id='word_1_249' title='bbox 531 1655 715 1688; x_wconf 84' lang='lat' dir='ltr'><strong>substantia.</strong></span> 
     </span>
    </p>

    <p class='ocr_par' dir='ltr' id='par_1_16' title="bbox 165 1705 1118 1795">
     <span class='ocr_line' id='line_1_40' title="bbox 255 1705 1118 1750; baseline -0.005 -9"><span class='ocrx_word' id='word_1_250' title='bbox 255 1709 331 1748; x_wconf 75' lang='lat' dir='ltr'><strong>Sed,</strong></span> <span class='ocrx_word' id='word_1_251' title='bbox 357 1709 440 1750; x_wconf 83' lang='lat' dir='ltr'><strong>qnod</strong></span> <span class='ocrx_word' id='word_1_252' title='bbox 470 1709 508 1740; x_wconf 89' lang='lat' dir='ltr'><strong>sit</strong></span> <span class='ocrx_word' id='word_1_253' title='bbox 541 1711 662 1740; x_wconf 86' lang='lat' dir='ltr'><strong>tantum</strong></span> <span class='ocrx_word' id='word_1_254' title='bbox 696 1708 724 1739; x_wconf 90' lang='lat' dir='ltr'><strong>in</strong></span> <span class='ocrx_word' id='word_1_255' title='bbox 753 1706 900 1748; x_wconf 70' lang='lat' dir='ltr'><strong>potentia</strong></span> <span class='ocrx_word' id='word_1_256' title='bbox 933 1705 1118 1748; x_wconf 65' lang='lat' dir='ltr'><strong>coqnz&#39;tz&#39;vct,</strong></span> 
     </span>
     <span class='ocr_line' id='line_1_41' title="bbox 165 1762 932 1795; baseline -0.004 -1"><span class='ocrx_word' id='word_1_257' title='bbox 165 1762 308 1795; x_wconf 83' lang='lat' dir='ltr'><strong>videtur:</strong></span> <span class='ocrx_word' id='word_1_258' title='bbox 930 1765 932 1769; x_wconf 66' lang='lat'><strong>⁴</strong></span> 
     </span>
    </p>

    <p class='ocr_par' dir='ltr' id='par_1_17' title="bbox 166 1811 1120 1963">
     <span class='ocr_line' id='line_1_42' title="bbox 256 1811 1117 1856; baseline -0.006 -9"><span class='ocrx_word' id='word_1_259' title='bbox 256 1815 284 1847; x_wconf 94' lang='lat'><strong>3.</strong></span> <span class='ocrx_word' id='word_1_260' title='bbox 310 1815 388 1856; x_wconf 82' lang='lat' dir='ltr'><strong>Quia</strong></span> <span class='ocrx_word' id='word_1_261' title='bbox 413 1823 504 1846; x_wconf 83' lang='lat' dir='ltr'><strong>omne</strong></span> <span class='ocrx_word' id='word_1_262' title='bbox 530 1814 613 1855; x_wconf 87' lang='lat' dir='ltr'><strong>quod</strong></span> <span class='ocrx_word' id='word_1_263' title='bbox 638 1817 684 1845; x_wconf 89' lang='lat' dir='ltr'><strong>est</strong></span> <span class='ocrx_word' id='word_1_264' title='bbox 710 1813 739 1844; x_wconf 88' lang='lat' dir='ltr'><strong>in</strong></span> <span class='ocrx_word' id='word_1_265' title='bbox 764 1812 870 1844; x_wconf 87' lang='lat' dir='ltr'><strong>anima</strong></span> <span class='ocrx_word' id='word_1_266' title='bbox 895 1811 1055 1853; x_wconf 88' lang='lat' dir='ltr'><strong>pertinens</strong></span> <span class='ocrx_word' id='word_1_267' title='bbox 1079 1811 1117 1842; x_wconf 89' lang='lat' dir='ltr'><strong>ad</strong></span> 
     </span>
     <span class='ocr_line' id='line_1_43' title="bbox 166 1864 1120 1910; baseline -0.004 -11"><span class='ocrx_word' id='word_1_268' title='bbox 166 1869 372 1910; x_wconf 79' lang='lat' dir='ltr'><strong>cognitionem</strong></span> <span class='ocrx_word' id='word_1_269' title='bbox 385 1894 392 1907; x_wconf 83' lang='lat'><strong>,</strong></span> <span class='ocrx_word' id='word_1_270' title='bbox 409 1872 456 1899; x_wconf 89' lang='lat' dir='ltr'><strong>est</strong></span> <span class='ocrx_word' id='word_1_271' title='bbox 473 1868 501 1899; x_wconf 89' lang='lat' dir='ltr'><strong>in</strong></span> <span class='ocrx_word' id='word_1_272' title='bbox 521 1867 657 1908; x_wconf 85' lang='lat' dir='ltr'><strong>potentia</strong></span> <span class='ocrx_word' id='word_1_273' title='bbox 674 1864 826 1907; x_wconf 83' lang='lat' dir='ltr'><strong>cognitiva</strong></span> <span class='ocrx_word' id='word_1_274' title='bbox 843 1878 849 1903; x_wconf 87' lang='lat'>;</span> <span class='ocrx_word' id='word_1_275' title='bbox 876 1865 929 1897; x_wconf 89' lang='lat' dir='ltr'><strong>sed</strong></span> <span class='ocrx_word' id='word_1_276' title='bbox 956 1864 1120 1897; x_wconf 83' lang='lat' dir='ltr'><strong>character</strong></span> 
     </span>
     <span class='ocr_line' id='line_1_44' title="bbox 166 1917 1118 1963; baseline -0.007 -9"><span class='ocrx_word' id='word_1_277' title='bbox 166 1922 302 1963; x_wconf 78' lang='lat' dir='ltr'><strong>pertinet</strong></span> <span class='ocrx_word' id='word_1_278' title='bbox 325 1921 364 1953; x_wconf 86' lang='lat' dir='ltr'><strong>ad</strong></span> <span class='ocrx_word' id='word_1_279' title='bbox 389 1920 595 1961; x_wconf 78' lang='lat' dir='ltr'><strong>cognitionem</strong></span> <span class='ocrx_word' id='word_1_280' title='bbox 608 1945 615 1958; x_wconf 76' lang='grc'>,</span> <span class='ocrx_word' id='word_1_281' title='bbox 640 1928 711 1951; x_wconf 86' lang='lat' dir='ltr'><strong>cum</strong></span> <span class='ocrx_word' id='word_1_282' title='bbox 730 1918 769 1950; x_wconf 88' lang='lat' dir='ltr'><strong>sit</strong></span> <span class='ocrx_word' id='word_1_283' title='bbox 787 1918 911 1959; x_wconf 88' lang='lat' dir='ltr'><strong>signnm</strong></span> <span class='ocrx_word' id='word_1_284' title='bbox 925 1917 951 1948; x_wconf 82' lang='lat'><strong>⁶:</strong></span> <span class='ocrx_word' id='word_1_285' title='bbox 970 1926 1045 1958; x_wconf 87' lang='lat' dir='ltr'><strong>ergo</strong></span> <span class='ocrx_word' id='word_1_286' title='bbox 1062 1921 1118 1948; x_wconf 90' lang='lat' dir='ltr'><strong>etc.</strong></span> 
     </span>
    </p>

    <p class='ocr_par' dir='ltr' id='par_1_18' title="bbox 165 1971 1121 2279">
     <span class='ocr_line' id='line_1_45' title="bbox 253 1971 1120 2012; baseline -0.006 -6"><span class='ocrx_word' id='word_1_287' title='bbox 253 1975 284 2006; x_wconf 73' lang='lat' dir='ltr'><strong>lt.</strong></span> <span class='ocrx_word' id='word_1_288' title='bbox 309 1974 402 2012; x_wconf 82' lang='lat' dir='ltr'><strong>item,</strong></span> <span class='ocrx_word' id='word_1_289' title='bbox 428 1973 458 2005; x_wconf 88' lang='lat' dir='ltr'><strong>in</strong></span> <span class='ocrx_word' id='word_1_290' title='bbox 483 1982 547 2004; x_wconf 86' lang='lat' dir='ltr'><strong>una</strong></span> <span class='ocrx_word' id='word_1_291' title='bbox 571 1973 674 2004; x_wconf 89' lang='lat' dir='ltr'><strong>anima</strong></span> <span class='ocrx_word' id='word_1_292' title='bbox 699 1975 746 2003; x_wconf 88' lang='lat' dir='ltr'><strong>est</strong></span> <span class='ocrx_word' id='word_1_293' title='bbox 771 1980 854 2003; x_wconf 90' lang='lat' dir='ltr'><strong>unus</strong></span> <span class='ocrx_word' id='word_1_294' title='bbox 875 1971 1039 2002; x_wconf 82' lang='lat' dir='ltr'><strong>character</strong></span> <span class='ocrx_word' id='word_1_295' title='bbox 1063 1978 1120 2011; x_wconf 89' lang='lat' dir='ltr'><strong>per</strong></span> 
     </span>
     <span class='ocr_line' id='line_1_46' title="bbox 167 2023 1120 2064; baseline -0.005 -5"><span class='ocrx_word' id='word_1_296' title='bbox 167 2036 266 2060; x_wconf 87' lang='lat' dir='ltr'><strong>unum</strong></span> <span class='ocrx_word' id='word_1_297' title='bbox 294 2027 553 2064; x_wconf 80' lang='lat' dir='ltr'><strong>Sacramentum3</strong></span> <span class='ocrx_word' id='word_1_298' title='bbox 578 2025 632 2057; x_wconf 91' lang='lat' dir='ltr'><strong>sed</strong></span> <span class='ocrx_word' id='word_1_299' title='bbox 657 2024 758 2056; x_wconf 89' lang='lat' dir='ltr'><strong>omnis</strong></span> <span class='ocrx_word' id='word_1_300' title='bbox 783 2023 911 2055; x_wconf 88' lang='lat' dir='ltr'><strong>habitus</strong></span> <span class='ocrx_word' id='word_1_301' title='bbox 943 2026 989 2055; x_wconf 86' lang='lat' dir='ltr'><strong>est</strong></span> <span class='ocrx_word' id='word_1_302' title='bbox 1014 2023 1044 2054; x_wconf 90' lang='lat' dir='ltr'><strong>in</strong></span> <span class='ocrx_word' id='word_1_303' title='bbox 1070 2031 1120 2064; x_wconf 91' lang='lat' dir='ltr'><strong>po-</strong></span> 
     </span>
     <span class='ocr_line' id='line_1_47' title="bbox 165 2075 1119 2119; baseline -0.006 -7"><span class='ocrx_word' id='word_1_304' title='bbox 165 2081 261 2113; x_wconf 88' lang='lat' dir='ltr'><strong>tentia</strong></span> <span class='ocrx_word' id='word_1_305' title='bbox 288 2084 323 2112; x_wconf 88' lang='lat' dir='ltr'><strong>ut</strong></span> <span class='ocrx_word' id='word_1_306' title='bbox 352 2080 383 2111; x_wconf 87' lang='lat' dir='ltr'><strong>in</strong></span> <span class='ocrx_word' id='word_1_307' title='bbox 415 2079 597 2111; x_wconf 72' lang='lat' dir='ltr'><strong>subiecto7:</strong></span> <span class='ocrx_word' id='word_1_308' title='bbox 631 2087 705 2119; x_wconf 89' lang='lat' dir='ltr'><strong>ergo</strong></span> <span class='ocrx_word' id='word_1_309' title='bbox 737 2086 809 2109; x_wconf 90' lang='lat' dir='ltr'><strong>cum</strong></span> <span class='ocrx_word' id='word_1_310' title='bbox 842 2076 987 2108; x_wconf 85' lang='lat' dir='ltr'><strong>accidens</strong></span> <span class='ocrx_word' id='word_1_311' title='bbox 1018 2075 1058 2107; x_wconf 88' lang='lat' dir='ltr'><strong>sit</strong></span> <span class='ocrx_word' id='word_1_312' title='bbox 1089 2075 1119 2106; x_wconf 91' lang='lat' dir='ltr'><strong>in</strong></span> 
     </span>
     <span class='ocr_line' id='line_1_48' title="bbox 167 2128 1121 2171; baseline -0.006 -6"><span class='ocrx_word' id='word_1_313' title='bbox 167 2142 230 2165; x_wconf 90' lang='lat' dir='ltr'><strong>uno</strong></span> <span class='ocrx_word' id='word_1_314' title='bbox 255 2132 395 2165; x_wconf 86' lang='lat' dir='ltr'><strong>subiecto</strong></span> <span class='ocrx_word' id='word_1_315' title='bbox 405 2129 415 2170; x_wconf 80' lang='grc'><strong>,’</strong></span> <span class='ocrx_word' id='word_1_316' title='bbox 436 2132 599 2163; x_wconf 82' lang='lat' dir='ltr'><strong>character</strong></span> <span class='ocrx_word' id='word_1_317' title='bbox 623 2134 670 2162; x_wconf 88' lang='lat' dir='ltr'><strong>est</strong></span> <span class='ocrx_word' id='word_1_318' title='bbox 695 2130 725 2162; x_wconf 90' lang='lat' dir='ltr'><strong>in</strong></span> <span class='ocrx_word' id='word_1_319' title='bbox 747 2139 811 2161; x_wconf 83' lang='lat' dir='ltr'><strong>una</strong></span> <span class='ocrx_word' id='word_1_320' title='bbox 828 2128 975 2171; x_wconf 85' lang='lat' dir='ltr'><strong>potentia.</strong></span> <span class='ocrx_word' id='word_1_321' title='bbox 993 2128 1050 2160; x_wconf 86' lang='lat' dir='ltr'><strong>Sed</strong></span> <span class='ocrx_word' id='word_1_322' title='bbox 1070 2137 1121 2169; x_wconf 91' lang='lat' dir='ltr'><strong>po-</strong></span> 
     </span>
     <span class='ocr_line' id='line_1_49' title="bbox 168 2181 1118 2227; baseline -0.005 -10"><span class='ocrx_word' id='word_1_323' title='bbox 168 2185 280 2221; x_wconf 79' lang='lat' dir='ltr'><strong>tentia,</strong></span> <span class='ocrx_word' id='word_1_324' title='bbox 309 2194 389 2227; x_wconf 84' lang='lat' dir='ltr'><strong>quae</strong></span> <span class='ocrx_word' id='word_1_325' title='bbox 422 2184 561 2216; x_wconf 82' lang='lat' dir='ltr'><strong>maxime</strong></span> <span class='ocrx_word' id='word_1_326' title='bbox 586 2183 660 2215; x_wconf 88' lang='lat' dir='ltr'><strong>huic</strong></span> <span class='ocrx_word' id='word_1_327' title='bbox 684 2183 847 2221; x_wconf 83' lang='lat' dir='ltr'><strong>convenit,</strong></span> <span class='ocrx_word' id='word_1_328' title='bbox 871 2186 918 2214; x_wconf 89' lang='lat' dir='ltr'><strong>est</strong></span> <span class='ocrx_word' id='word_1_329' title='bbox 942 2181 1118 2222; x_wconf 81' lang='lat' dir='ltr'><strong>cognitiva:</strong></span> 
     </span>
     <span class='ocr_line' id='line_1_50' title="bbox 166 2241 322 2279; baseline -0.006 -9"><span class='ocrx_word' id='word_1_330' title='bbox 166 2247 241 2279; x_wconf 86' lang='lat' dir='ltr'><strong>ergo</strong></span> <span class='ocrx_word' id='word_1_331' title='bbox 265 2241 322 2270; x_wconf 88' lang='lat' dir='ltr'><strong>etc.</strong></span> 
     </span>
    </p>

    <p class='ocr_par' dir='ltr' id='par_1_19' title="bbox 255 2287 984 2332">
     <span class='ocr_line' id='line_1_51' title="bbox 255 2287 984 2332; baseline -0.007 -9"><span class='ocrx_word' id='word_1_332' title='bbox 255 2291 314 2323; x_wconf 90' lang='lat' dir='ltr'><strong>Sed</strong></span> <span class='ocrx_word' id='word_1_333' title='bbox 339 2290 423 2332; x_wconf 82' lang='lat' dir='ltr'><strong>quod</strong></span> <span class='ocrx_word' id='word_1_334' title='bbox 449 2290 487 2322; x_wconf 88' lang='lat' dir='ltr'><strong>sit</strong></span> <span class='ocrx_word' id='word_1_335' title='bbox 512 2290 541 2321; x_wconf 92' lang='lat' dir='ltr'><strong>in</strong></span> <span class='ocrx_word' id='word_1_336' title='bbox 568 2293 634 2321; x_wconf 79' lang='lat' dir='ltr'><strong>totct</strong></span> <span class='ocrx_word' id='word_1_337' title='bbox 659 2288 823 2330; x_wconf 64' lang='lat' dir='ltr'><strong>imagine,</strong></span> <span class='ocrx_word' id='word_1_338' title='bbox 849 2287 984 2319; x_wconf 87' lang='lat' dir='ltr'><strong>videtur.</strong></span> 
     </span>
    </p>

    <p class='ocr_par' dir='ltr' id='par_1_20' title="bbox 167 2340 1122 2493">
     <span class='ocr_line' id='line_1_52' title="bbox 258 2340 1120 2384; baseline -0.005 -9"><span class='ocrx_word' id='word_1_339' title='bbox 258 2346 284 2375; x_wconf 88' lang='lat' dir='ltr'><strong>t.</strong></span> <span class='ocrx_word' id='word_1_340' title='bbox 309 2344 478 2376; x_wconf 89' lang='lat' dir='ltr'><strong>Character</strong></span> <span class='ocrx_word' id='word_1_341' title='bbox 514 2346 561 2375; x_wconf 86' lang='lat' dir='ltr'><strong>est</strong></span> <span class='ocrx_word' id='word_1_342' title='bbox 593 2342 748 2384; x_wconf 84' lang='lat' dir='ltr'><strong>quaedam</strong></span> <span class='ocrx_word' id='word_1_343' title='bbox 786 2340 1033 2382; x_wconf 70' lang='lat' dir='ltr'><strong>configuratio⁸3</strong></span> <span class='ocrx_word' id='word_1_344' title='bbox 1066 2340 1120 2372; x_wconf 87' lang='lat' dir='ltr'><strong>sed</strong></span> 
     </span>
     <span class='ocr_line' id='line_1_53' title="bbox 171 2393 1122 2439; baseline -0.005 -10"><span class='ocrx_word' id='word_1_345' title='bbox 171 2397 361 2439; x_wconf 82' lang='lat' dir='ltr'><strong>configurari</strong></span> <span class='ocrx_word' id='word_1_346' title='bbox 398 2397 514 2428; x_wconf 83' lang='lat' dir='ltr'><strong>dicitur</strong></span> <span class='ocrx_word' id='word_1_347' title='bbox 546 2396 649 2427; x_wconf 87' lang='lat' dir='ltr'><strong>anima</strong></span> <span class='ocrx_word' id='word_1_348' title='bbox 681 2394 824 2426; x_wconf 84' lang='lat' dir='ltr'><strong>Trinitati</strong></span> <span class='ocrx_word' id='word_1_349' title='bbox 849 2393 1024 2426; x_wconf 86' lang='lat' dir='ltr'><strong>secundum</strong></span> <span class='ocrx_word' id='word_1_350' title='bbox 1058 2396 1122 2425; x_wconf 88' lang='lat' dir='ltr'><strong>tres</strong></span> 
     </span>
     <span class='ocr_line' id='line_1_54' title="bbox 167 2450 894 2493; baseline -0.006 -11"><span class='ocrx_word' id='word_1_351' title='bbox 167 2451 338 2493; x_wconf 84' lang='lat' dir='ltr'><strong>potentias,</strong></span> <span class='ocrx_word' id='word_1_352' title='bbox 362 2458 422 2481; x_wconf 89' lang='lat' dir='ltr'><strong>non</strong></span> <span class='ocrx_word' id='word_1_353' title='bbox 449 2458 543 2480; x_wconf 87' lang='lat' dir='ltr'><strong>uuam</strong></span> <span class='ocrx_word' id='word_1_354' title='bbox 571 2452 712 2479; x_wconf 89' lang='lat' dir='ltr'><strong>tantum:</strong></span> <span class='ocrx_word' id='word_1_355' title='bbox 739 2456 814 2488; x_wconf 85' lang='lat' dir='ltr'><strong>ergo</strong></span> <span class='ocrx_word' id='word_1_356' title='bbox 837 2450 894 2478; x_wconf 87' lang='lat' dir='ltr'><strong>etc.</strong></span> 
     </span>
    </p>

    <p class='ocr_par' dir='ltr' id='par_1_21' title="bbox 170 2498 1123 2700">
     <span class='ocr_line' id='line_1_55' title="bbox 257 2498 1122 2541; baseline -0.007 -7"><span class='ocrx_word' id='word_1_357' title='bbox 257 2504 285 2534; x_wconf 66' lang='grc'><strong>2.</strong></span> <span class='ocrx_word' id='word_1_358' title='bbox 311 2502 401 2540; x_wconf 81' lang='lat' dir='ltr'><strong>Item,</strong></span> <span class='ocrx_word' id='word_1_359' title='bbox 426 2501 589 2533; x_wconf 86' lang='lat' dir='ltr'><strong>character</strong></span> <span class='ocrx_word' id='word_1_360' title='bbox 606 2500 743 2541; x_wconf 86' lang='lat' dir='ltr'><strong>disponit</strong></span> <span class='ocrx_word' id='word_1_361' title='bbox 759 2498 974 2540; x_wconf 85' lang='lat' dir='ltr'><strong>principaliter</strong></span> <span class='ocrx_word' id='word_1_362' title='bbox 992 2498 1031 2529; x_wconf 86' lang='lat' dir='ltr'><strong>ad</strong></span> <span class='ocrx_word' id='word_1_363' title='bbox 1050 2499 1122 2529; x_wconf 89' lang='lat' dir='ltr'><strong>ima-</strong></span> 
     </span>
     <span class='ocr_line' id='line_1_56' title="bbox 170 2551 1123 2598; baseline -0.007 -10"><span class='ocrx_word' id='word_1_364' title='bbox 170 2556 249 2598; x_wconf 85' lang='lat' dir='ltr'><strong>ginis</strong></span> <span class='ocrx_word' id='word_1_365' title='bbox 274 2554 548 2591; x_wconf 79' lang='lat' dir='ltr'><strong>refortnationem3</strong></span> <span class='ocrx_word' id='word_1_366' title='bbox 573 2553 626 2585; x_wconf 87' lang='lat' dir='ltr'><strong>sed</strong></span> <span class='ocrx_word' id='word_1_367' title='bbox 653 2552 833 2584; x_wconf 82' lang='lat' dir='ltr'><strong>reformatio</strong></span> <span class='ocrx_word' id='word_1_368' title='bbox 858 2551 1003 2592; x_wconf 86' lang='lat' dir='ltr'><strong>imaginis</strong></span> <span class='ocrx_word' id='word_1_369' title='bbox 1026 2555 1123 2583; x_wconf 87' lang='lat' dir='ltr'><strong>atten-</strong></span> 
     </span>
     <span class='ocr_line' id='line_1_57' title="bbox 170 2603 1123 2650; baseline -0.004 -11"><span class='ocrx_word' id='word_1_370' title='bbox 170 2610 255 2641; x_wconf 85' lang='lat' dir='ltr'><strong>ditur</strong></span> <span class='ocrx_word' id='word_1_371' title='bbox 280 2612 432 2650; x_wconf 85' lang='lat' dir='ltr'><strong>quantutn</strong></span> <span class='ocrx_word' id='word_1_372' title='bbox 458 2607 497 2639; x_wconf 89' lang='lat' dir='ltr'><strong>ad</strong></span> <span class='ocrx_word' id='word_1_373' title='bbox 523 2605 773 2638; x_wconf 85' lang='lat' dir='ltr'><strong>informationem</strong></span> <span class='ocrx_word' id='word_1_374' title='bbox 808 2605 947 2645; x_wconf 85' lang='lat' dir='ltr'><strong>ipsarum</strong></span> <span class='ocrx_word' id='word_1_375' title='bbox 974 2603 1123 2645; x_wconf 86' lang='lat' dir='ltr'><strong>potentia-</strong></span> 
     </span>
     <span class='ocr_line' id='line_1_58' title="bbox 171 2657 985 2700; baseline -0.009 -6"><span class='ocrx_word' id='word_1_376' title='bbox 171 2671 259 2700; x_wconf 83' lang='lat' dir='ltr'><strong>rum,</strong></span> <span class='ocrx_word' id='word_1_377' title='bbox 283 2665 319 2693; x_wconf 88' lang='lat' dir='ltr'><strong>ut</strong></span> <span class='ocrx_word' id='word_1_378' title='bbox 343 2663 572 2692; x_wconf 87' lang='lat' dir='ltr'><strong>convertuntur</strong></span> <span class='ocrx_word' id='word_1_379' title='bbox 596 2658 634 2690; x_wconf 89' lang='lat' dir='ltr'><strong>ad</strong></span> <span class='ocrx_word' id='word_1_380' title='bbox 661 2658 760 2689; x_wconf 87' lang='lat' dir='ltr'><strong>Deum</strong></span> <span class='ocrx_word' id='word_1_381' title='bbox 775 2657 804 2688; x_wconf 70' lang='lat'><strong>⁹:</strong></span> <span class='ocrx_word' id='word_1_382' title='bbox 830 2666 904 2698; x_wconf 86' lang='lat' dir='ltr'><strong>ergo</strong></span> <span class='ocrx_word' id='word_1_383' title='bbox 928 2661 985 2688; x_wconf 87' lang='lat' dir='ltr'><strong>etc.</strong></span> 
     </span>
    </p>
   </div>
   <div class='ocr_carea' id='block_1_13' title="bbox 1539 1133 1781 1157">
    <p class='ocr_par' dir='ltr' id='par_1_22' title="bbox 1539 1133 1781 1157">
     <span class='ocr_line' id='line_1_59' title="bbox 1539 1133 1781 1157; baseline 0 -2"><span class='ocrx_word' id='word_1_384' title='bbox 1539 1133 1781 1157; x_wconf 77' lang='lat' dir='ltr'><strong>CONCLUSIO.</strong></span> 
     </span>
    </p>
   </div>
   <div class='ocr_carea' id='block_1_14' title="bbox 1187 1229 2135 1325">
    <p class='ocr_par' dir='ltr' id='par_1_23' title="bbox 1187 1229 2135 1325">
     <span class='ocr_line' id='line_1_60' title="bbox 1187 1229 2135 1272; baseline -0.001 -10"><span class='ocrx_word' id='word_1_385' title='bbox 1187 1229 1368 1262; x_wconf 61' lang='lat' dir='ltr'><strong>Char-aeter</strong></span> <span class='ocrx_word' id='word_1_386' title='bbox 1385 1235 1429 1262; x_wconf 63' lang='lat' dir='ltr'><strong>est</strong></span> <span class='ocrx_word' id='word_1_387' title='bbox 1444 1230 1477 1261; x_wconf 69' lang='lat' dir='ltr'><strong>in.</strong></span> <span class='ocrx_word' id='word_1_388' title='bbox 1495 1230 1612 1262; x_wconf 65' lang='lat' dir='ltr'><strong>ctxnz&#39;mct</strong></span> <span class='ocrx_word' id='word_1_389' title='bbox 1628 1230 1808 1262; x_wconf 57' lang='lat' dir='ltr'><strong>seeundum</strong></span> <span class='ocrx_word' id='word_1_390' title='bbox 1827 1234 1925 1262; x_wconf 74' lang='lat' dir='ltr'><strong>totam</strong></span> <span class='ocrx_word' id='word_1_391' title='bbox 1945 1230 2135 1272; x_wconf 66' lang='lat' dir='ltr'><strong>z‘ntttye&#39;ncm,</strong></span> 
     </span>
     <span class='ocr_line' id='line_1_61' title="bbox 1282 1283 2036 1325; baseline 0 -11"><span class='ocrx_word' id='word_1_392' title='bbox 1282 1283 1526 1325; x_wconf 72' lang='lat' dir='ltr'><strong>appropriatur</strong></span> <span class='ocrx_word' id='word_1_393' title='bbox 1543 1289 1650 1315; x_wconf 74' lang='lat' dir='ltr'><strong>tamen</strong></span> <span class='ocrx_word' id='word_1_394' title='bbox 1664 1283 1827 1324; x_wconf 73' lang='lat' dir='ltr'><strong>polentiae</strong></span> <span class='ocrx_word' id='word_1_395' title='bbox 1844 1283 2036 1325; x_wconf 66' lang='lat' dir='ltr'><strong>coynz&#39;tt&#39;ruc.</strong></span> 
     </span>
    </p>
   </div>
   <div class='ocr_carea' id='block_1_15' title="bbox 1274 1389 2135 1430">
    <p class='ocr_par' dir='ltr' id='par_1_24' title="bbox 1274 1389 2135 1430">
     <span class='ocr_line' id='line_1_62' title="bbox 1274 1389 2135 1430; baseline 0.001 -10"><span class='ocrx_word' id='word_1_396' title='bbox 1274 1389 1468 1421; x_wconf 59' lang='lat' dir='ltr'><strong>Reseouoeo:</strong></span> <span class='ocrx_word' id='word_1_397' title='bbox 1500 1389 1689 1426; x_wconf 76' lang='lat' dir='ltr'><strong>Dicendum,</strong></span> <span class='ocrx_word' id='word_1_398' title='bbox 1719 1389 1802 1430; x_wconf 88' lang='lat' dir='ltr'><strong>quod</strong></span> <span class='ocrx_word' id='word_1_399' title='bbox 1829 1389 1912 1421; x_wconf 85' lang='lat' dir='ltr'><strong>circa</strong></span> <span class='ocrx_word' id='word_1_400' title='bbox 1937 1389 1993 1421; x_wconf 88' lang='lat' dir='ltr'><strong>hoc</strong></span> <span class='ocrx_word' id='word_1_401' title='bbox 2019 1389 2135 1430; x_wconf 75' lang='lat' dir='ltr'><strong>triplex</strong></span> 
     </span>
    </p>
   </div>
   <div class='ocr_carea' id='block_1_16' title="bbox 1151 1441 1381 1483">
    <p class='ocr_par' dir='ltr' id='par_1_25' title="bbox 1151 1441 1381 1483">
     <span class='ocr_line' id='line_1_63' title="bbox 1151 1441 1381 1483; baseline -0.009 -9"><span class='ocrx_word' id='word_1_402' title='bbox 1151 1441 1152 1460; x_wconf 50' lang='grc'><strong>1</strong></span> <span class='ocrx_word' id='word_1_403' title='bbox 1184 1442 1243 1474; x_wconf 86' lang='lat' dir='ltr'><strong>suit</strong></span> <span class='ocrx_word' id='word_1_404' title='bbox 1267 1442 1381 1483; x_wconf 91' lang='lat' dir='ltr'><strong>opinio.</strong></span> 
     </span>
    </p>
   </div>
   <div class='ocr_carea' id='block_1_17' title="bbox 1184 1495 2302 2696">
    <p class='ocr_par' dir='ltr' id='par_1_26' title="bbox 1184 1495 2265 1695">
     <span class='ocr_line' id='line_1_64' title="bbox 1274 1495 2265 1537; baseline 0.002 -11"><span class='ocrx_word' id='word_1_405' title='bbox 1274 1495 1407 1537; x_wconf 86' lang='lat' dir='ltr'><strong>Quidam</strong></span> <span class='ocrx_word' id='word_1_406' title='bbox 1433 1495 1602 1534; x_wconf 75' lang='lat' dir='ltr'><strong>dixerunt,</strong></span> <span class='ocrx_word' id='word_1_407' title='bbox 1630 1495 1714 1536; x_wconf 80' lang='lat' dir='ltr'><strong>quod</strong></span> <span class='ocrx_word' id='word_1_408' title='bbox 1748 1495 1911 1527; x_wconf 85' lang='lat' dir='ltr'><strong>character</strong></span> <span class='ocrx_word' id='word_1_409' title='bbox 1935 1499 1982 1527; x_wconf 87' lang='lat' dir='ltr'><strong>est</strong></span> <span class='ocrx_word' id='word_1_410' title='bbox 2006 1495 2035 1527; x_wconf 87' lang='lat' dir='ltr'><strong>in</strong></span> <span class='ocrx_word' id='word_1_411' title='bbox 2070 1499 2135 1527; x_wconf 72' lang='lat' dir='ltr'><strong>totu.</strong></span> <span class='ocrx_word' id='word_1_412' title='bbox 2154 1508 2229 1534; x_wconf 53' lang='lat' dir='ltr'><strong>offitio</strong></span> <span class='ocrx_word' id='word_1_413' title='bbox 2246 1508 2265 1528; x_wconf 87' lang='lat' dir='ltr'><strong>t.</strong></span> 
     </span>
     <span class='ocr_line' id='line_1_65' title="bbox 1185 1548 2139 1590; baseline -0.003 -11"><span class='ocrx_word' id='word_1_414' title='bbox 1185 1548 1289 1580; x_wconf 74' lang='lat' dir='ltr'><strong>anin&#39;ia</strong></span> <span class='ocrx_word' id='word_1_415' title='bbox 1313 1551 1442 1589; x_wconf 87' lang='lat' dir='ltr'><strong>propter</strong></span> <span class='ocrx_word' id='word_1_416' title='bbox 1474 1548 1610 1579; x_wconf 87' lang='lat' dir='ltr'><strong>rationes</strong></span> <span class='ocrx_word' id='word_1_417' title='bbox 1642 1548 1837 1589; x_wconf 77' lang='lat' dir='ltr'><strong>praedictas,</strong></span> <span class='ocrx_word' id='word_1_418' title='bbox 1869 1548 1942 1589; x_wconf 84' lang='lat' dir='ltr'><strong>quia</strong></span> <span class='ocrx_word' id='word_1_419' title='bbox 1976 1548 2139 1590; x_wconf 73' lang='lat' dir='ltr'><strong>distinguit</strong></span> 
     </span>
     <span class='ocr_line' id='line_1_66' title="bbox 1184 1600 2137 1642; baseline 0 -9"><span class='ocrx_word' id='word_1_420' title='bbox 1184 1610 1274 1633; x_wconf 84' lang='lat' dir='ltr'><strong>ovem</strong></span> <span class='ocrx_word' id='word_1_421' title='bbox 1300 1601 1340 1632; x_wconf 88' lang='lat' dir='ltr'><strong>ab</strong></span> <span class='ocrx_word' id='word_1_422' title='bbox 1364 1610 1439 1639; x_wconf 82' lang='lat' dir='ltr'><strong>ove,</strong></span> <span class='ocrx_word' id='word_1_423' title='bbox 1464 1601 1511 1632; x_wconf 91' lang='lat' dir='ltr'><strong>vel</strong></span> <span class='ocrx_word' id='word_1_424' title='bbox 1537 1600 1577 1632; x_wconf 86' lang='lat' dir='ltr'><strong>ab</strong></span> <span class='ocrx_word' id='word_1_425' title='bbox 1601 1609 1637 1632; x_wconf 87' lang='lat' dir='ltr'><strong>ea</strong></span> <span class='ocrx_word' id='word_1_426' title='bbox 1662 1609 1742 1642; x_wconf 84' lang='lat' dir='ltr'><strong>quae</strong></span> <span class='ocrx_word' id='word_1_427' title='bbox 1767 1610 1827 1632; x_wconf 92' lang='lat' dir='ltr'><strong>non</strong></span> <span class='ocrx_word' id='word_1_428' title='bbox 1853 1604 1899 1633; x_wconf 85' lang='lat' dir='ltr'><strong>est</strong></span> <span class='ocrx_word' id='word_1_429' title='bbox 1923 1601 2007 1633; x_wconf 84' lang='lat' dir='ltr'><strong>ovis:</strong></span> <span class='ocrx_word' id='word_1_430' title='bbox 2032 1606 2060 1633; x_wconf 80' lang='lat' dir='ltr'><strong>et</strong></span> <span class='ocrx_word' id='word_1_431' title='bbox 2080 1602 2137 1634; x_wconf 83' lang='lat' dir='ltr'><strong>hoc</strong></span> 
     </span>
     <span class='ocr_line' id='line_1_67' title="bbox 1185 1653 1699 1695; baseline -0.004 -9"><span class='ocrx_word' id='word_1_432' title='bbox 1185 1653 1311 1695; x_wconf 86' lang='lat' dir='ltr'><strong>respicit</strong></span> <span class='ocrx_word' id='word_1_433' title='bbox 1335 1653 1458 1685; x_wconf 87' lang='lat' dir='ltr'><strong>animae</strong></span> <span class='ocrx_word' id='word_1_434' title='bbox 1482 1653 1699 1685; x_wconf 87' lang='lat' dir='ltr'><strong>substantiam.</strong></span> 
     </span>
    </p>

    <p class='ocr_par' dir='ltr' id='par_1_27' title="bbox 1184 1705 2263 1853">
     <span class='ocr_line' id='line_1_68' title="bbox 1274 1705 2263 1748; baseline 0.003 -11"><span class='ocrx_word' id='word_1_435' title='bbox 1274 1706 1426 1746; x_wconf 79' lang='lat' dir='ltr'><strong>Quidam,</strong></span> <span class='ocrx_word' id='word_1_436' title='bbox 1452 1705 1536 1747; x_wconf 84' lang='lat' dir='ltr'><strong>quod</strong></span> <span class='ocrx_word' id='word_1_437' title='bbox 1570 1706 1599 1737; x_wconf 89' lang='lat' dir='ltr'><strong>in</strong></span> <span class='ocrx_word' id='word_1_438' title='bbox 1633 1705 1798 1748; x_wconf 71' lang='lat' dir='ltr'><strong>coynt&#39;tz&#39;vct</strong></span> <span class='ocrx_word' id='word_1_439' title='bbox 1830 1710 1958 1747; x_wconf 87' lang='lat' dir='ltr'><strong>propter</strong></span> <span class='ocrx_word' id='word_1_440' title='bbox 1983 1706 2131 1738; x_wconf 85' lang='lat' dir='ltr'><strong>rationem</strong></span> <span class='ocrx_word' id='word_1_441' title='bbox 2150 1719 2228 1746; x_wconf 63' lang='lat' dir='ltr'><strong>omnio</strong></span> <span class='ocrx_word' id='word_1_442' title='bbox 2244 1720 2263 1740; x_wconf 69' lang='lat' dir='ltr'><strong>e.</strong></span> 
     </span>
     <span class='ocr_line' id='line_1_69' title="bbox 1184 1758 2140 1800; baseline -0.001 -9"><span class='ocrx_word' id='word_1_443' title='bbox 1184 1759 1345 1800; x_wconf 74' lang='lat' dir='ltr'><strong>signandi,</strong></span> <span class='ocrx_word' id='word_1_444' title='bbox 1363 1762 1393 1790; x_wconf 88' lang='lat' dir='ltr'><strong>et</strong></span> <span class='ocrx_word' id='word_1_445' title='bbox 1417 1758 1564 1800; x_wconf 79' lang='lat' dir='ltr'><strong>quoniam</strong></span> <span class='ocrx_word' id='word_1_446' title='bbox 1591 1758 1733 1799; x_wconf 77' lang='lat' dir='ltr'><strong>signum,</strong></span> <span class='ocrx_word' id='word_1_447' title='bbox 1756 1758 1838 1799; x_wconf 82' lang='lat' dir='ltr'><strong>quod</strong></span> <span class='ocrx_word' id='word_1_448' title='bbox 1858 1762 1904 1790; x_wconf 87' lang='lat' dir='ltr'><strong>est</strong></span> <span class='ocrx_word' id='word_1_449' title='bbox 1929 1759 2007 1790; x_wconf 84' lang='lat' dir='ltr'><strong>ratio</strong></span> <span class='ocrx_word' id='word_1_450' title='bbox 2032 1768 2140 1799; x_wconf 72' lang='lat' dir='ltr'><strong>cogno-</strong></span> 
     </span>
     <span class='ocr_line' id='line_1_70' title="bbox 1184 1811 1879 1853; baseline -0.004 -8"><span class='ocrx_word' id='word_1_451' title='bbox 1184 1812 1309 1851; x_wconf 75' lang='lat' dir='ltr'><strong>scendi,</strong></span> <span class='ocrx_word' id='word_1_452' title='bbox 1334 1812 1460 1853; x_wconf 86' lang='lat' dir='ltr'><strong>respicit</strong></span> <span class='ocrx_word' id='word_1_453' title='bbox 1485 1812 1654 1853; x_wconf 86' lang='lat' dir='ltr'><strong>potentiam</strong></span> <span class='ocrx_word' id='word_1_454' title='bbox 1680 1811 1879 1852; x_wconf 85' lang='lat' dir='ltr'><strong>cognitivam.</strong></span> 
     </span>
    </p>

    <p class='ocr_par' dir='ltr' id='par_1_28' title="bbox 1184 1863 2299 2435">
     <span class='ocr_line' id='line_1_71' title="bbox 1275 1863 2266 1905; baseline -0.001 -9"><span class='ocrx_word' id='word_1_455' title='bbox 1275 1864 1427 1905; x_wconf 84' lang='lat' dir='ltr'><strong>Quidam,</strong></span> <span class='ocrx_word' id='word_1_456' title='bbox 1461 1863 1545 1905; x_wconf 82' lang='lat' dir='ltr'><strong>quod</strong></span> <span class='ocrx_word' id='word_1_457' title='bbox 1580 1863 1609 1895; x_wconf 90' lang='lat' dir='ltr'><strong>in</strong></span> <span class='ocrx_word' id='word_1_458' title='bbox 1636 1867 1702 1895; x_wconf 71' lang='lat' dir='ltr'><strong>tota</strong></span> <span class='ocrx_word' id='word_1_459' title='bbox 1727 1863 1872 1905; x_wconf 52' lang='lat' dir='ltr'><strong>imagine</strong></span> <span class='ocrx_word' id='word_1_460' title='bbox 1896 1868 2025 1905; x_wconf 88' lang='lat' dir='ltr'><strong>propter</strong></span> <span class='ocrx_word' id='word_1_461' title='bbox 2051 1864 2140 1896; x_wconf 78' lang='lat' dir='ltr'><strong>ratio-</strong></span> <span class='ocrx_word' id='word_1_462' title='bbox 2155 1878 2231 1905; x_wconf 58' lang='lat' dir='ltr'><strong>opimo</strong></span> <span class='ocrx_word' id='word_1_463' title='bbox 2247 1878 2266 1899; x_wconf 71' lang='lat'><strong>3,</strong></span> 
     </span>
     <span class='ocr_line' id='line_1_72' title="bbox 1185 1916 2140 1958; baseline -0.001 -9"><span class='ocrx_word' id='word_1_464' title='bbox 1185 1926 1255 1949; x_wconf 87' lang='lat' dir='ltr'><strong>nem</strong></span> <span class='ocrx_word' id='word_1_465' title='bbox 1282 1916 1509 1958; x_wconf 83' lang='lat' dir='ltr'><strong>configurandi.</strong></span> <span class='ocrx_word' id='word_1_466' title='bbox 1536 1916 1569 1947; x_wconf 85' lang='lat' dir='ltr'><strong>Et</strong></span> <span class='ocrx_word' id='word_1_467' title='bbox 1593 1916 1667 1957; x_wconf 79' lang='lat' dir='ltr'><strong>quia</strong></span> <span class='ocrx_word' id='word_1_468' title='bbox 1691 1919 1780 1947; x_wconf 87' lang='lat' dir='ltr'><strong>actus</strong></span> <span class='ocrx_word' id='word_1_469' title='bbox 1801 1916 2011 1954; x_wconf 74' lang='lat' dir='ltr'><strong>characteris,</strong></span> <span class='ocrx_word' id='word_1_470' title='bbox 2036 1926 2053 1948; x_wconf 85' lang='lat' dir='ltr'><strong>a</strong></span> <span class='ocrx_word' id='word_1_471' title='bbox 2079 1925 2140 1958; x_wconf 75' lang='lat' dir='ltr'><strong>quo</strong></span> 
     </span>
     <span class='ocr_line' id='line_1_73' title="bbox 1184 1968 2139 2011; baseline -0.002 -9"><span class='ocrx_word' id='word_1_472' title='bbox 1184 1979 1297 2002; x_wconf 88' lang='lat' dir='ltr'><strong>nomen</strong></span> <span class='ocrx_word' id='word_1_473' title='bbox 1338 1969 1477 2011; x_wconf 79' lang='lat' dir='ltr'><strong>accepit,</strong></span> <span class='ocrx_word' id='word_1_474' title='bbox 1501 1973 1532 2001; x_wconf 89' lang='lat' dir='ltr'><strong>et</strong></span> <span class='ocrx_word' id='word_1_475' title='bbox 1564 1968 1745 2010; x_wconf 88' lang='lat' dir='ltr'><strong>principalis</strong></span> <span class='ocrx_word' id='word_1_476' title='bbox 1763 1968 1783 1984; x_wconf 77' lang='lat'><strong>¹⁰</strong></span> <span class='ocrx_word' id='word_1_477' title='bbox 1816 1972 1863 2001; x_wconf 86' lang='lat' dir='ltr'><strong>est</strong></span> <span class='ocrx_word' id='word_1_478' title='bbox 1903 1968 2139 2010; x_wconf 56' lang='lat' dir='ltr'><strong>configurare,-</strong></span> 
     </span>
     <span class='ocr_line' id='line_1_74' title="bbox 1186 2022 2299 2063; baseline -0.001 -9"><span class='ocrx_word' id='word_1_479' title='bbox 1186 2023 1254 2055; x_wconf 86' lang='lat' dir='ltr'><strong>ideo</strong></span> <span class='ocrx_word' id='word_1_480' title='bbox 1291 2023 1368 2054; x_wconf 89' lang='lat' dir='ltr'><strong>haec</strong></span> <span class='ocrx_word' id='word_1_481' title='bbox 1403 2022 1495 2054; x_wconf 85' lang='lat' dir='ltr'><strong>tertia</strong></span> <span class='ocrx_word' id='word_1_482' title='bbox 1531 2022 1642 2053; x_wconf 89' lang='lat' dir='ltr'><strong>melior</strong></span> <span class='ocrx_word' id='word_1_483' title='bbox 1676 2025 1739 2059; x_wconf 84' lang='lat' dir='ltr'><strong>est,</strong></span> <span class='ocrx_word' id='word_1_484' title='bbox 1776 2022 1860 2063; x_wconf 84' lang='lat' dir='ltr'><strong>quod</strong></span> <span class='ocrx_word' id='word_1_485' title='bbox 1896 2022 1935 2053; x_wconf 90' lang='lat' dir='ltr'><strong>sit</strong></span> <span class='ocrx_word' id='word_1_486' title='bbox 1968 2022 1997 2053; x_wconf 92' lang='lat' dir='ltr'><strong>in</strong></span> <span class='ocrx_word' id='word_1_487' title='bbox 2034 2022 2136 2053; x_wconf 75' lang='lat' dir='ltr'><strong>anima</strong></span> <span class='ocrx_word' id='word_1_488' title='bbox 2159 2036 2299 2057; x_wconf 35' lang='lat' dir='ltr'><strong>emmer</strong></span> 
     </span>
     <span class='ocr_line' id='line_1_75' title="bbox 1186 2074 2141 2116; baseline -0.003 -8"><span class='ocrx_word' id='word_1_489' title='bbox 1186 2075 1360 2108; x_wconf 88' lang='lat' dir='ltr'><strong>secundum</strong></span> <span class='ocrx_word' id='word_1_490' title='bbox 1383 2074 1562 2116; x_wconf 70' lang='lat' dir='ltr'><strong>imayz&#39;nem</strong></span> <span class='ocrx_word' id='word_1_491' title='bbox 1586 2074 1760 2106; x_wconf 89' lang='lat' dir='ltr'><strong>secundum</strong></span> <span class='ocrx_word' id='word_1_492' title='bbox 1781 2074 2015 2116; x_wconf 69' lang='lat' dir='ltr'><strong>proprietatem</strong></span> <span class='ocrx_word' id='word_1_493' title='bbox 2042 2078 2072 2106; x_wconf 88' lang='lat' dir='ltr'><strong>et</strong></span> <span class='ocrx_word' id='word_1_494' title='bbox 2096 2084 2141 2105; x_wconf 71' lang='lat' dir='ltr'><strong>ve-</strong></span> 
     </span>
     <span class='ocr_line' id='line_1_76' title="bbox 1185 2127 2139 2169; baseline -0.002 -9"><span class='ocrx_word' id='word_1_495' title='bbox 1185 2129 1329 2160; x_wconf 72' lang='lat' dir='ltr'><strong>ritatem.</strong></span> <span class='ocrx_word' id='word_1_496' title='bbox 1354 2128 1413 2160; x_wconf 88' lang='lat' dir='ltr'><strong>Sed</strong></span> <span class='ocrx_word' id='word_1_497' title='bbox 1438 2128 1512 2169; x_wconf 78' lang='lat' dir='ltr'><strong>quia</strong></span> <span class='ocrx_word' id='word_1_498' title='bbox 1537 2128 1656 2168; x_wconf 73' lang='lat' dir='ltr'><strong>imago,</strong></span> <span class='ocrx_word' id='word_1_499' title='bbox 1681 2127 1736 2159; x_wconf 89' lang='lat' dir='ltr'><strong>etsi</strong></span> <span class='ocrx_word' id='word_1_500' title='bbox 1763 2128 1801 2159; x_wconf 90' lang='lat' dir='ltr'><strong>sit</strong></span> <span class='ocrx_word' id='word_1_501' title='bbox 1831 2127 1860 2159; x_wconf 90' lang='lat' dir='ltr'><strong>in</strong></span> <span class='ocrx_word' id='word_1_502' title='bbox 1890 2127 2009 2165; x_wconf 82' lang='lat' dir='ltr'><strong>tribus,</strong></span> <span class='ocrx_word' id='word_1_503' title='bbox 2035 2131 2139 2159; x_wconf 84' lang='lat' dir='ltr'><strong>tamen</strong></span> 
     </span>
     <span class='ocr_line' id='line_1_77' title="bbox 1186 2180 2141 2223; baseline 0 -11"><span class='ocrx_word' id='word_1_504' title='bbox 1186 2181 1431 2223; x_wconf 71' lang='lat' dir='ltr'><strong>appropriatur</strong></span> <span class='ocrx_word' id='word_1_505' title='bbox 1456 2180 1658 2223; x_wconf 64' lang='grc' dir='ltr'><strong>σοῃηίιίυαθ,</strong></span> <span class='ocrx_word' id='word_1_506' title='bbox 1681 2180 1856 2212; x_wconf 85' lang='lat' dir='ltr'><strong>secundum</strong></span> <span class='ocrx_word' id='word_1_507' title='bbox 1874 2180 1958 2222; x_wconf 80' lang='lat' dir='ltr'><strong>quod</strong></span> <span class='ocrx_word' id='word_1_508' title='bbox 1977 2180 2092 2212; x_wconf 89' lang='lat' dir='ltr'><strong>dicitur</strong></span> <span class='ocrx_word' id='word_1_509' title='bbox 2111 2181 2141 2212; x_wconf 81' lang='lat' dir='ltr'><strong>in</strong></span> 
     </span>
     <span class='ocr_line' id='line_1_78' title="bbox 1186 2233 2140 2275; baseline -0.002 -9"><span class='ocrx_word' id='word_1_510' title='bbox 1186 2234 1267 2266; x_wconf 85' lang='lat' dir='ltr'><strong>libro</strong></span> <span class='ocrx_word' id='word_1_511' title='bbox 1291 2234 1330 2266; x_wconf 88' lang='lat' dir='ltr'><strong>de</strong></span> <span class='ocrx_word' id='word_1_512' title='bbox 1354 2233 1470 2275; x_wconf 85' lang='lat' dir='ltr'><strong>Spiritu</strong></span> <span class='ocrx_word' id='word_1_513' title='bbox 1497 2237 1526 2265; x_wconf 87' lang='lat' dir='ltr'><strong>et</strong></span> <span class='ocrx_word' id='word_1_514' title='bbox 1556 2233 1710 2271; x_wconf 84' lang='lat' dir='ltr'><strong>anima¹¹,</strong></span> <span class='ocrx_word' id='word_1_515' title='bbox 1735 2233 1820 2274; x_wconf 86' lang='lat' dir='ltr'><strong>quod</strong></span> <span class='ocrx_word' id='word_1_516' title='bbox 1857 2245 1872 2262; x_wconf 78' lang='grc' dir='ltr'>α</span> <span class='ocrx_word' id='word_1_517' title='bbox 1889 2233 2000 2275; x_wconf 66' lang='lat' dir='ltr'><strong>inzagyo</strong></span> <span class='ocrx_word' id='word_1_518' title='bbox 2032 2237 2078 2265; x_wconf 85' lang='lat' dir='ltr'><strong>est</strong></span> <span class='ocrx_word' id='word_1_519' title='bbox 2111 2233 2140 2264; x_wconf 88' lang='lat' dir='ltr'><strong>in</strong></span> 
     </span>
     <span class='ocr_line' id='line_1_79' title="bbox 1186 2286 2140 2330; baseline -0.002 -11"><span class='ocrx_word' id='word_1_520' title='bbox 1186 2287 1324 2330; x_wconf 86' lang='lat' dir='ltr'><strong>potentia</strong></span> <span class='ocrx_word' id='word_1_521' title='bbox 1360 2286 1585 2328; x_wconf 69' lang='lat' dir='ltr'><strong>cognoscendi.</strong></span> <span class='ocrx_word' id='word_1_522' title='bbox 1622 2286 1805 2317; x_wconf 69' lang='lat' dir='ltr'><strong>similitudo</strong></span> <span class='ocrx_word' id='word_1_523' title='bbox 1838 2286 1867 2317; x_wconf 91' lang='lat' dir='ltr'><strong>in</strong></span> <span class='ocrx_word' id='word_1_524' title='bbox 1904 2286 2042 2327; x_wconf 84' lang='lat' dir='ltr'><strong>potentia</strong></span> <span class='ocrx_word' id='word_1_525' title='bbox 2074 2286 2140 2318; x_wconf 85' lang='lat' dir='ltr'><strong>dili-</strong></span> 
     </span>
     <span class='ocr_line' id='line_1_80' title="bbox 1187 2338 2296 2382; baseline -0.002 -11"><span class='ocrx_word' id='word_1_526' title='bbox 1187 2340 1278 2382; x_wconf 88' lang='lat' dir='ltr'><strong>gendi</strong></span> <span class='ocrx_word' id='word_1_527' title='bbox 1297 2351 1325 2370; x_wconf 72' lang='lat' dir='ltr'><strong>n:</strong></span> <span class='ocrx_word' id='word_1_528' title='bbox 1362 2339 1433 2371; x_wconf 86' lang='lat' dir='ltr'><strong>ideo</strong></span> <span class='ocrx_word' id='word_1_529' title='bbox 1464 2348 1520 2380; x_wconf 86' lang='lat' dir='ltr'><strong>per</strong></span> <span class='ocrx_word' id='word_1_530' title='bbox 1545 2338 1850 2380; x_wconf 66' lang='lat' dir='ltr'><strong>appropriettionem</strong></span> <span class='ocrx_word' id='word_1_531' title='bbox 1877 2343 1923 2370; x_wconf 87' lang='lat' dir='ltr'><strong>est</strong></span> <span class='ocrx_word' id='word_1_532' title='bbox 1948 2338 1978 2369; x_wconf 91' lang='lat' dir='ltr'><strong>in</strong></span> <span class='ocrx_word' id='word_1_533' title='bbox 2004 2339 2140 2379; x_wconf 79' lang='lat' dir='ltr'><strong>potentia</strong></span> <span class='ocrx_word' id='word_1_534' title='bbox 2155 2354 2264 2375; x_wconf 36' lang='lat' dir='ltr'><strong>Concu-310</strong></span> <span class='ocrx_word' id='word_1_535' title='bbox 2278 2354 2296 2374; x_wconf 64' lang='grc' dir='ltr'><strong>ρ,</strong></span> 
     </span>
     <span class='ocr_line' id='line_1_81' title="bbox 1187 2393 1363 2435; baseline -0.011 -10"><span class='ocrx_word' id='word_1_536' title='bbox 1187 2393 1363 2435; x_wconf 63' lang='lat' dir='ltr'><strong>coquinea.</strong></span> 
     </span>
    </p>

    <p class='ocr_par' dir='ltr' id='par_1_29' title="bbox 1187 2444 2302 2696">
     <span class='ocr_line' id='line_1_82' title="bbox 1279 2444 2302 2489; baseline -0.002 -12"><span class='ocrx_word' id='word_1_537' title='bbox 1279 2447 1305 2477; x_wconf 84' lang='lat' dir='ltr'><strong>l.</strong></span> <span class='ocrx_word' id='word_1_538' title='bbox 1331 2445 1372 2477; x_wconf 75' lang='lat' dir='ltr'><strong>Ad</strong></span> <span class='ocrx_word' id='word_1_539' title='bbox 1400 2445 1477 2477; x_wconf 91' lang='lat' dir='ltr'><strong>illud</strong></span> <span class='ocrx_word' id='word_1_540' title='bbox 1506 2453 1581 2486; x_wconf 89' lang='lat' dir='ltr'><strong>ergo</strong></span> <span class='ocrx_word' id='word_1_541' title='bbox 1613 2444 1696 2486; x_wconf 80' lang='lat' dir='ltr'><strong>quod</strong></span> <span class='ocrx_word' id='word_1_542' title='bbox 1729 2444 1893 2481; x_wconf 60' lang='lat' dir='ltr'><strong>obiicitur,</strong></span> <span class='ocrx_word' id='word_1_543' title='bbox 1918 2444 2000 2485; x_wconf 81' lang='lat' dir='ltr'><strong>quod</strong></span> <span class='ocrx_word' id='word_1_544' title='bbox 2036 2444 2142 2476; x_wconf 87' lang='lat' dir='ltr'><strong>distin·</strong></span> <span class='ocrx_word' id='word_1_545' title='bbox 2171 2460 2302 2489; x_wconf 44' lang='lat' dir='ltr'><strong>smum„</strong></span> 
     </span>
     <span class='ocr_line' id='line_1_83' title="bbox 1187 2488 2281 2539; baseline -0.002 -10"><span class='ocrx_word' id='word_1_546' title='bbox 1187 2499 1254 2539; x_wconf 87' lang='lat' dir='ltr'><strong>guit</strong></span> <span class='ocrx_word' id='word_1_547' title='bbox 1278 2498 1435 2529; x_wconf 84' lang='lat' dir='ltr'><strong>animam:</strong></span> <span class='ocrx_word' id='word_1_548' title='bbox 1462 2506 1537 2538; x_wconf 90' lang='lat' dir='ltr'><strong>ergo</strong></span> <span class='ocrx_word' id='word_1_549' title='bbox 1568 2500 1615 2528; x_wconf 86' lang='lat' dir='ltr'><strong>est</strong></span> <span class='ocrx_word' id='word_1_550' title='bbox 1639 2497 1670 2528; x_wconf 91' lang='lat' dir='ltr'><strong>in</strong></span> <span class='ocrx_word' id='word_1_551' title='bbox 1695 2497 1820 2533; x_wconf 87' lang='lat' dir='ltr'><strong>anima;</strong></span> <span class='ocrx_word' id='word_1_552' title='bbox 1846 2504 1955 2528; x_wconf 66' lang='lat' dir='ltr'><strong>verum</strong></span> <span class='ocrx_word' id='word_1_553' title='bbox 1989 2499 2052 2533; x_wconf 80' lang='lat' dir='ltr'><strong>est,</strong></span> <span class='ocrx_word' id='word_1_554' title='bbox 2087 2495 2140 2528; x_wconf 86' lang='lat' dir='ltr'><strong>sed</strong></span> <span class='ocrx_word' id='word_1_555' title='bbox 2157 2488 2281 2512; x_wconf 45' lang='lat' dir='ltr'>nmmum·</span> 
     </span>
     <span class='ocr_line' id='line_1_84' title="bbox 1187 2548 2141 2591; baseline -0.003 -9"><span class='ocrx_word' id='word_1_556' title='bbox 1187 2560 1247 2582; x_wconf 92' lang='lat' dir='ltr'><strong>non</strong></span> <span class='ocrx_word' id='word_1_557' title='bbox 1273 2554 1412 2591; x_wconf 80' lang='lat' dir='ltr'><strong>oportet,</strong></span> <span class='ocrx_word' id='word_1_558' title='bbox 1439 2550 1522 2590; x_wconf 71' lang='lat' dir='ltr'><strong>quod</strong></span> <span class='ocrx_word' id='word_1_559' title='bbox 1548 2549 1587 2581; x_wconf 88' lang='lat' dir='ltr'><strong>sit</strong></span> <span class='ocrx_word' id='word_1_560' title='bbox 1612 2549 1641 2580; x_wconf 93' lang='lat' dir='ltr'><strong>in</strong></span> <span class='ocrx_word' id='word_1_561' title='bbox 1668 2553 1732 2580; x_wconf 75' lang='lat' dir='ltr'><strong>tota</strong></span> <span class='ocrx_word' id='word_1_562' title='bbox 1759 2549 1881 2586; x_wconf 76' lang='lat' dir='ltr'><strong>anima,</strong></span> <span class='ocrx_word' id='word_1_563' title='bbox 1900 2549 1979 2580; x_wconf 87' lang='lat' dir='ltr'><strong>sicut</strong></span> <span class='ocrx_word' id='word_1_564' title='bbox 1996 2548 2081 2580; x_wconf 89' lang='lat' dir='ltr'><strong>color</strong></span> <span class='ocrx_word' id='word_1_565' title='bbox 2098 2548 2141 2580; x_wconf 79' lang='lat' dir='ltr'><strong>di-</strong></span> 
     </span>
     <span class='ocr_line' id='line_1_85' title="bbox 1188 2600 2141 2643; baseline -0.002 -10"><span class='ocrx_word' id='word_1_566' title='bbox 1188 2602 1316 2643; x_wconf 88' lang='lat' dir='ltr'><strong>stinguit</strong></span> <span class='ocrx_word' id='word_1_567' title='bbox 1341 2610 1473 2642; x_wconf 83' lang='lat' dir='ltr'><strong>corpus,</strong></span> <span class='ocrx_word' id='word_1_568' title='bbox 1498 2601 1553 2633; x_wconf 87' lang='lat' dir='ltr'><strong>sed</strong></span> <span class='ocrx_word' id='word_1_569' title='bbox 1579 2604 1681 2632; x_wconf 85' lang='lat' dir='ltr'><strong>tamen</strong></span> <span class='ocrx_word' id='word_1_570' title='bbox 1707 2601 1809 2642; x_wconf 86' lang='lat' dir='ltr'><strong>primo</strong></span> <span class='ocrx_word' id='word_1_571' title='bbox 1843 2600 1935 2632; x_wconf 91' lang='lat' dir='ltr'><strong>modo</strong></span> <span class='ocrx_word' id='word_1_572' title='bbox 1959 2604 2003 2632; x_wconf 88' lang='lat' dir='ltr'><strong>est</strong></span> <span class='ocrx_word' id='word_1_573' title='bbox 2031 2600 2059 2631; x_wconf 91' lang='lat' dir='ltr'><strong>in</strong></span> <span class='ocrx_word' id='word_1_574' title='bbox 2093 2609 2141 2632; x_wconf 84' lang='lat' dir='ltr'><strong>su-</strong></span> 
     </span>
     <span class='ocr_line' id='line_1_86' title="bbox 1187 2655 1359 2696; baseline -0.012 -9"><span class='ocrx_word' id='word_1_575' title='bbox 1187 2655 1314 2696; x_wconf 78' lang='lat' dir='ltr'><strong>perficie</strong></span> <span class='ocrx_word' id='word_1_576' title='bbox 1329 2655 1359 2685; x_wconf 71' lang='lat'><strong>¹²².</strong></span> 
     </span>
    </p>
   </div>
   <div class='ocr_carea' id='block_1_18' title="bbox 864 2748 1446 2753">
    <p class='ocr_par' dir='ltr' id='par_1_30' title="bbox 864 2748 1446 2753">
     <span class='ocr_line' id='line_1_87' title="bbox 864 2748 1446 2753; baseline 0 0"><span class='ocrx_word' id='word_1_577' title='bbox 864 2748 1446 2753; x_wconf 95' lang='lat' dir='ltr'><strong> </strong></span> 
     </span>
    </p>
   </div>
   <div class='ocr_carea' id='block_1_19' title="bbox 170 2798 1123 3098">
    <p class='ocr_par' dir='ltr' id='par_1_31' title="bbox 170 2798 1123 3010">
     <span class='ocr_line' id='line_1_88' title="bbox 242 2798 1122 2836; baseline -0.006 -8"><span class='ocrx_word' id='word_1_578' title='bbox 242 2804 248 2820; x_wconf 85' lang='lat'><strong>¹</strong></span> <span class='ocrx_word' id='word_1_579' title='bbox 271 2803 334 2828; x_wconf 74' lang='lat' dir='ltr'><strong>lidd.</strong></span> <span class='ocrx_word' id='word_1_580' title='bbox 353 2801 476 2836; x_wconf 75' lang='lat' dir='ltr'><strong>quumvis</strong></span> <span class='ocrx_word' id='word_1_581' title='bbox 495 2808 575 2827; x_wconf 75' lang='lat' dir='ltr'><strong>arma</strong></span> <span class='ocrx_word' id='word_1_582' title='bbox 593 2800 755 2834; x_wconf 60' lang='lat' dir='ltr'><strong>significent,</strong></span> <span class='ocrx_word' id='word_1_583' title='bbox 778 2798 849 2833; x_wconf 79' lang='lat' dir='ltr'><strong>quod</strong></span> <span class='ocrx_word' id='word_1_584' title='bbox 867 2798 902 2824; x_wconf 75' lang='lat' dir='ltr'><strong>sit</strong></span> <span class='ocrx_word' id='word_1_585' title='bbox 921 2805 955 2824; x_wconf 71' lang='lat' dir='ltr'><strong>ew</strong></span> <span class='ocrx_word' id='word_1_586' title='bbox 972 2800 1049 2831; x_wconf 78' lang='lat' dir='ltr'><strong>purte</strong></span> <span class='ocrx_word' id='word_1_587' title='bbox 1067 2798 1122 2823; x_wconf 72' lang='lat' dir='ltr'><strong>illa.</strong></span> 
     </span>
     <span class='ocr_line' id='line_1_89' title="bbox 171 2843 1123 2879; baseline -0.007 -6"><span class='ocrx_word' id='word_1_588' title='bbox 171 2849 293 2879; x_wconf 78' lang='lat' dir='ltr'><strong>August.‚</strong></span> <span class='ocrx_word' id='word_1_589' title='bbox 314 2847 395 2871; x_wconf 77' lang='lat' dir='ltr'><strong>Serui.</strong></span> <span class='ocrx_word' id='word_1_590' title='bbox 416 2846 448 2871; x_wconf 83' lang='lat' dir='ltr'><strong>ad</strong></span> <span class='ocrx_word' id='word_1_591' title='bbox 468 2845 570 2871; x_wconf 86' lang='lat' dir='ltr'><strong>Caesar.</strong></span> <span class='ocrx_word' id='word_1_592' title='bbox 584 2845 711 2870; x_wconf 69' lang='lat' dir='ltr'><strong>Ecclesiae</strong></span> <span class='ocrx_word' id='word_1_593' title='bbox 725 2843 843 2875; x_wconf 80' lang='lat' dir='ltr'><strong>plebem,</strong></span> <span class='ocrx_word' id='word_1_594' title='bbox 862 2843 974 2867; x_wconf 84' lang='lat' dir='ltr'><strong>Emerito</strong></span> <span class='ocrx_word' id='word_1_595' title='bbox 989 2845 1123 2873; x_wconf 78' lang='lat' dir='ltr'><strong>praesente</strong></span> 
     </span>
     <span class='ocr_line' id='line_1_90' title="bbox 172 2889 836 2924; baseline -0.006 -7"><span class='ocrx_word' id='word_1_596' title='bbox 172 2893 223 2918; x_wconf 74' lang='lat' dir='ltr'><strong>(ed.</strong></span> <span class='ocrx_word' id='word_1_597' title='bbox 244 2893 327 2924; x_wconf 80' lang='lat' dir='ltr'><strong>Migne</strong></span> <span class='ocrx_word' id='word_1_598' title='bbox 347 2894 408 2916; x_wconf 89' lang='lat' dir='ltr'><strong>tom.</strong></span> <span class='ocrx_word' id='word_1_599' title='bbox 429 2890 470 2915; x_wconf 81' lang='lat' dir='ltr'><strong>tx.</strong></span> <span class='ocrx_word' id='word_1_600' title='bbox 491 2897 550 2921; x_wconf 81' lang='lat' dir='ltr'><strong>pag.</strong></span> <span class='ocrx_word' id='word_1_601' title='bbox 572 2890 622 2914; x_wconf 79' lang='lat'><strong>689</strong></span> <span class='ocrx_word' id='word_1_602' title='bbox 645 2890 740 2921; x_wconf 53' lang='lat' dir='ltr'><strong>seqq),</strong></span> <span class='ocrx_word' id='word_1_603' title='bbox 764 2896 786 2913; x_wconf 89' lang='lat' dir='ltr'><strong>n.</strong></span> <span class='ocrx_word' id='word_1_604' title='bbox 808 2889 836 2913; x_wconf 73' lang='lat'><strong>2:</strong></span> 
     </span>
     <span class='ocr_line' id='line_1_91' title="bbox 170 2933 1123 2963; baseline -0.005 -2"><span class='ocrx_word' id='word_1_605' title='bbox 170 2941 269 2962; x_wconf 77' lang='lat' dir='ltr'><strong>serente</strong></span> <span class='ocrx_word' id='word_1_606' title='bbox 290 2936 368 2960; x_wconf 84' lang='lat' dir='ltr'><strong>milite</strong></span> <span class='ocrx_word' id='word_1_607' title='bbox 387 2936 484 2960; x_wconf 86' lang='lat' dir='ltr'><strong>crimen</strong></span> <span class='ocrx_word' id='word_1_608' title='bbox 504 2937 542 2959; x_wconf 88' lang='lat' dir='ltr'><strong>est</strong></span> <span class='ocrx_word' id='word_1_609' title='bbox 566 2933 718 2963; x_wconf 81' lang='lat' dir='ltr'><strong>desertoris,</strong></span> <span class='ocrx_word' id='word_1_610' title='bbox 746 2934 878 2957; x_wconf 74' lang='lat' dir='ltr'><strong>character</strong></span> <span class='ocrx_word' id='word_1_611' title='bbox 903 2935 988 2956; x_wconf 83' lang='lat' dir='ltr'><strong>antem</strong></span> <span class='ocrx_word' id='word_1_612' title='bbox 1016 2938 1066 2955; x_wconf 84' lang='lat' dir='ltr'><strong>non</strong></span> <span class='ocrx_word' id='word_1_613' title='bbox 1087 2934 1123 2956; x_wconf 85' lang='lat' dir='ltr'><strong>est</strong></span> 
     </span>
     <span class='ocr_line' id='line_1_92' title="bbox 171 2978 583 3010; baseline -0.007 -5"><span class='ocrx_word' id='word_1_614' title='bbox 171 2981 324 3010; x_wconf 82' lang='lat' dir='ltr'><strong>desertoris,</strong></span> <span class='ocrx_word' id='word_1_615' title='bbox 345 2979 390 3004; x_wconf 85' lang='lat' dir='ltr'><strong>sed</strong></span> <span class='ocrx_word' id='word_1_616' title='bbox 410 2978 583 3009; x_wconf 80' lang='lat' dir='ltr'><strong>imperatoris.</strong></span> 
     </span>
    </p>

    <p class='ocr_par' dir='ltr' id='par_1_32' title="bbox 172 3019 1123 3098">
     <span class='ocr_line' id='line_1_93' title="bbox 240 3019 1123 3053; baseline -0.006 -5"><span class='ocrx_word' id='word_1_617' title='bbox 240 3025 250 3040; x_wconf 61' lang='grc' dir='ltr'>ἵ</span> <span class='ocrx_word' id='word_1_618' title='bbox 271 3024 334 3048; x_wconf 81' lang='lat' dir='ltr'><strong>Edd.</strong></span> <span class='ocrx_word' id='word_1_619' title='bbox 354 3023 454 3048; x_wconf 86' lang='lat' dir='ltr'><strong>addunt</strong></span> <span class='ocrx_word' id='word_1_620' title='bbox 473 3022 500 3047; x_wconf 80' lang='lat' dir='ltr'><strong>itt</strong></span> <span class='ocrx_word' id='word_1_621' title='bbox 521 3021 584 3053; x_wconf 76' lang='lat' dir='ltr'><strong>hoc,</strong></span> <span class='ocrx_word' id='word_1_622' title='bbox 606 3029 654 3053; x_wconf 88' lang='lat' dir='ltr'><strong>pro</strong></span> <span class='ocrx_word' id='word_1_623' title='bbox 675 3028 727 3053; x_wconf 85' lang='lat' dir='ltr'><strong>quo</strong></span> <span class='ocrx_word' id='word_1_624' title='bbox 747 3020 860 3045; x_wconf 83' lang='lat' dir='ltr'><strong>secunda</strong></span> <span class='ocrx_word' id='word_1_625' title='bbox 883 3027 975 3045; x_wconf 81' lang='lat' dir='ltr'><strong>manus</strong></span> <span class='ocrx_word' id='word_1_626' title='bbox 994 3020 1018 3044; x_wconf 90' lang='lat' dir='ltr'><strong>in</strong></span> <span class='ocrx_word' id='word_1_627' title='bbox 1039 3019 1097 3044; x_wconf 85' lang='lat' dir='ltr'><strong>cod.</strong></span> <span class='ocrx_word' id='word_1_628' title='bbox 1117 3019 1123 3043; x_wconf 96' lang='lat' dir='ltr'><strong>l</strong></span> 
     </span>
     <span class='ocr_line' id='line_1_94' title="bbox 172 3061 1122 3098; baseline -0.006 -5"><span class='ocrx_word' id='word_1_629' title='bbox 172 3068 303 3094; x_wconf 82' lang='lat' dir='ltr'><strong>substituit</strong></span> <span class='ocrx_word' id='word_1_630' title='bbox 324 3067 349 3092; x_wconf 77' lang='lat' dir='ltr'><strong>in</strong></span> <span class='ocrx_word' id='word_1_631' title='bbox 370 3073 417 3098; x_wconf 83' lang='lat' dir='ltr'><strong>e0;</strong></span> <span class='ocrx_word' id='word_1_632' title='bbox 437 3067 505 3091; x_wconf 66' lang='lat' dir='ltr'><strong>Alex.</strong></span> <span class='ocrx_word' id='word_1_633' title='bbox 527 3066 593 3096; x_wconf 83' lang='lat' dir='ltr'><strong>llal.‚</strong></span> <span class='ocrx_word' id='word_1_634' title='bbox 614 3065 660 3090; x_wconf 90' lang='lat' dir='ltr'><strong>loc.</strong></span> <span class='ocrx_word' id='word_1_635' title='bbox 687 3065 743 3095; x_wconf 80' lang='lat' dir='ltr'><strong>cit.,</strong></span> <span class='ocrx_word' id='word_1_636' title='bbox 764 3064 838 3095; x_wconf 84' lang='lat' dir='ltr'><strong>legit:</strong></span> <span class='ocrx_word' id='word_1_637' title='bbox 861 3062 1020 3095; x_wconf 65' lang='lat' dir='ltr'><strong>Exemplum</strong></span> <span class='ocrx_word' id='word_1_638' title='bbox 1045 3061 1122 3088; x_wconf 77' lang='lat' dir='ltr'><strong>etiam</strong></span> 
     </span>
    </p>
   </div>
   <div class='ocr_carea' id='block_1_20' title="bbox 171 3104 1158 3136">
    <p class='ocr_par' dir='ltr' id='par_1_33' title="bbox 171 3104 1158 3136">
     <span class='ocr_line' id='line_1_95' title="bbox 171 3104 1158 3136; baseline -0.004 -1"><span class='ocrx_word' id='word_1_639' title='bbox 171 3111 209 3136; x_wconf 75' lang='lat' dir='ltr'><strong>est</strong></span> <span class='ocrx_word' id='word_1_640' title='bbox 227 3109 284 3135; x_wconf 80' lang='lat' dir='ltr'><strong>de...</strong></span> <span class='ocrx_word' id='word_1_641' title='bbox 305 3111 392 3135; x_wconf 76' lang='lat' dir='ltr'><strong>tumen</strong></span> <span class='ocrx_word' id='word_1_642' title='bbox 413 3108 489 3134; x_wconf 71' lang='lat' dir='ltr'><strong>illum</strong></span> <span class='ocrx_word' id='word_1_643' title='bbox 509 3107 588 3133; x_wconf 78' lang='lat' dir='ltr'><strong>etlam</strong></span> <span class='ocrx_word' id='word_1_644' title='bbox 608 3106 807 3133; x_wconf 75' lang='lat' dir='ltr'><strong>ctmunum&#39;cunt</strong></span> <span class='ocrx_word' id='word_1_645' title='bbox 826 3107 851 3131; x_wconf 83' lang='lat' dir='ltr'><strong>et</strong></span> <span class='ocrx_word' id='word_1_646' title='bbox 870 3105 931 3131; x_wconf 74' lang='lat' dir='ltr'><strong>boni</strong></span> <span class='ocrx_word' id='word_1_647' title='bbox 955 3112 1016 3131; x_wconf 82' lang='lat' dir='ltr'><strong>cum</strong></span> <span class='ocrx_word' id='word_1_648' title='bbox 1036 3104 1124 3131; x_wconf 71' lang='lat' dir='ltr'><strong>mulis.</strong></span> <span class='ocrx_word' id='word_1_649' title='bbox 1157 3123 1158 3131; x_wconf 43' lang='lat'>1</span> 
     </span>
    </p>
   </div>
   <div class='ocr_carea' id='block_1_21' title="bbox 172 3149 1126 3406">
    <p class='ocr_par' dir='ltr' id='par_1_34' title="bbox 172 3149 1126 3228">
     <span class='ocr_line' id='line_1_96' title="bbox 173 3149 1126 3185; baseline -0.005 -6"><span class='ocrx_word' id='word_1_650' title='bbox 173 3155 297 3185; x_wconf 75' lang='lat' dir='ltr'><strong>Superius</strong></span> <span class='ocrx_word' id='word_1_651' title='bbox 316 3154 495 3179; x_wconf 82' lang='lat' dir='ltr'><strong>substituimus</strong></span> <span class='ocrx_word' id='word_1_652' title='bbox 509 3159 538 3177; x_wconf 80' lang='lat' dir='ltr'><strong>ex</strong></span> <span class='ocrx_word' id='word_1_653' title='bbox 553 3152 629 3177; x_wconf 81' lang='lat' dir='ltr'><strong>codd.</strong></span> <span class='ocrx_word' id='word_1_654' title='bbox 644 3152 660 3175; x_wconf 87' lang='lat' dir='ltr'>F</span> <span class='ocrx_word' id='word_1_655' title='bbox 672 3152 692 3175; x_wconf 87' lang='lat' dir='ltr'>G</span> <span class='ocrx_word' id='word_1_656' title='bbox 705 3151 710 3174; x_wconf 97' lang='lat' dir='ltr'><strong>l</strong></span> <span class='ocrx_word' id='word_1_657' title='bbox 722 3151 739 3174; x_wconf 88' lang='lat' dir='ltr'>Z</span> <span class='ocrx_word' id='word_1_658' title='bbox 760 3150 785 3175; x_wconf 75' lang='lat' dir='ltr'><strong>in</strong></span> <span class='ocrx_word' id='word_1_659' title='bbox 806 3149 881 3175; x_wconf 73' lang='lat' dir='ltr'><strong>nohis</strong></span> <span class='ocrx_word' id='word_1_660' title='bbox 896 3156 942 3181; x_wconf 83' lang='lat' dir='ltr'><strong>pro</strong></span> <span class='ocrx_word' id='word_1_661' title='bbox 961 3149 1053 3180; x_wconf 76' lang='lat' dir='ltr'><strong>nobis,·</strong></span> <span class='ocrx_word' id='word_1_662' title='bbox 1066 3149 1126 3174; x_wconf 89' lang='lat' dir='ltr'><strong>sub-</strong></span> 
     </span>
     <span class='ocr_line' id='line_1_97' title="bbox 172 3195 744 3228; baseline -0.005 -6"><span class='ocrx_word' id='word_1_663' title='bbox 172 3198 232 3222; x_wconf 84' lang='lat' dir='ltr'><strong>inde</strong></span> <span class='ocrx_word' id='word_1_664' title='bbox 252 3201 310 3228; x_wconf 89' lang='lat' dir='ltr'><strong>post</strong></span> <span class='ocrx_word' id='word_1_665' title='bbox 329 3196 409 3222; x_wconf 80' lang='lat' dir='ltr'><strong>huius</strong></span> <span class='ocrx_word' id='word_1_666' title='bbox 429 3196 497 3222; x_wconf 74' lang='lat' dir='ltr'><strong>vitae</strong></span> <span class='ocrx_word' id='word_1_667' title='bbox 517 3196 574 3221; x_wconf 85' lang='lat' dir='ltr'><strong>cod.</strong></span> <span class='ocrx_word' id='word_1_668' title='bbox 596 3196 602 3219; x_wconf 97' lang='lat' dir='ltr'><strong>l</strong></span> <span class='ocrx_word' id='word_1_669' title='bbox 623 3195 694 3220; x_wconf 85' lang='lat' dir='ltr'><strong>addit</strong></span> <span class='ocrx_word' id='word_1_670' title='bbox 713 3196 744 3220; x_wconf 77' lang='lat' dir='ltr'><strong>et.</strong></span> 
     </span>
    </p>

    <p class='ocr_par' dir='ltr' id='par_1_35' title="bbox 243 3239 864 3271">
     <span class='ocr_line' id='line_1_98' title="bbox 243 3239 864 3271; baseline -0.005 -5"><span class='ocrx_word' id='word_1_671' title='bbox 243 3241 253 3258; x_wconf 87' lang='grc'>3</span> <span class='ocrx_word' id='word_1_672' title='bbox 274 3241 338 3266; x_wconf 85' lang='lat' dir='ltr'><strong>Vide</strong></span> <span class='ocrx_word' id='word_1_673' title='bbox 356 3242 470 3266; x_wconf 84' lang='lat' dir='ltr'><strong>scholion</strong></span> <span class='ocrx_word' id='word_1_674' title='bbox 491 3241 523 3265; x_wconf 87' lang='lat' dir='ltr'><strong>ad</strong></span> <span class='ocrx_word' id='word_1_675' title='bbox 545 3239 742 3271; x_wconf 81' lang='lat' dir='ltr'><strong>praecedentem</strong></span> <span class='ocrx_word' id='word_1_676' title='bbox 764 3242 864 3271; x_wconf 82' lang='lat' dir='ltr'><strong>quaest.</strong></span> 
     </span>
    </p>

    <p class='ocr_par' dir='ltr' id='par_1_36' title="bbox 243 3284 711 3316">
     <span class='ocr_line' id='line_1_99' title="bbox 243 3284 711 3316; baseline -0.004 -6"><span class='ocrx_word' id='word_1_677' title='bbox 243 3285 253 3301; x_wconf 86' lang='lat'>⁴</span> <span class='ocrx_word' id='word_1_678' title='bbox 273 3285 322 3310; x_wconf 84' lang='lat' dir='ltr'><strong>Csr.</strong></span> <span class='ocrx_word' id='word_1_679' title='bbox 343 3292 421 3316; x_wconf 86' lang='lat' dir='ltr'><strong>supra</strong></span> <span class='ocrx_word' id='word_1_680' title='bbox 443 3292 502 3316; x_wconf 82' lang='lat' dir='ltr'><strong>pag.</strong></span> <span class='ocrx_word' id='word_1_681' title='bbox 528 3285 588 3315; x_wconf 72' lang='lat'><strong>139,</strong></span> <span class='ocrx_word' id='word_1_682' title='bbox 610 3286 666 3308; x_wconf 89' lang='lat' dir='ltr'><strong>nota</strong></span> <span class='ocrx_word' id='word_1_683' title='bbox 688 3284 711 3308; x_wconf 72' lang='lat'><strong>8.</strong></span> 
     </span>
    </p>

    <p class='ocr_par' dir='ltr' id='par_1_37' title="bbox 173 3326 1126 3406">
     <span class='ocr_line' id='line_1_100' title="bbox 243 3326 1126 3360; baseline -0.003 -6"><span class='ocrx_word' id='word_1_684' title='bbox 243 3330 253 3346; x_wconf 82' lang='lat'>⁵</span> <span class='ocrx_word' id='word_1_685' title='bbox 273 3329 322 3354; x_wconf 80' lang='lat' dir='ltr'><strong>Csr.</strong></span> <span class='ocrx_word' id='word_1_686' title='bbox 343 3330 367 3353; x_wconf 94' lang='lat' dir='ltr'><strong>ll.</strong></span> <span class='ocrx_word' id='word_1_687' title='bbox 389 3330 456 3353; x_wconf 83' lang='lat' dir='ltr'><strong>Sent.</strong></span> <span class='ocrx_word' id='word_1_688' title='bbox 478 3329 502 3353; x_wconf 82' lang='lat' dir='ltr'><strong>sl.</strong></span> <span class='ocrx_word' id='word_1_689' title='bbox 523 3329 564 3353; x_wconf 84' lang='lat' dir='ltr'><strong>3t.</strong></span> <span class='ocrx_word' id='word_1_690' title='bbox 592 3335 614 3352; x_wconf 87' lang='lat' dir='ltr'><strong>a.</strong></span> <span class='ocrx_word' id='word_1_691' title='bbox 640 3329 658 3352; x_wconf 91' lang='lat' dir='ltr'><strong>l.</strong></span> <span class='ocrx_word' id='word_1_692' title='bbox 679 3335 703 3360; x_wconf 87' lang='lat' dir='ltr'><strong>q.</strong></span> <span class='ocrx_word' id='word_1_693' title='bbox 725 3329 748 3352; x_wconf 66' lang='lat'><strong>⁶2.</strong></span> <span class='ocrx_word' id='word_1_694' title='bbox 769 3341 802 3345; x_wconf 77' lang='lat'>—</span> <span class='ocrx_word' id='word_1_695' title='bbox 822 3327 896 3359; x_wconf 82' lang='lat' dir='ltr'><strong>Quod</strong></span> <span class='ocrx_word' id='word_1_696' title='bbox 924 3328 1056 3352; x_wconf 69' lang='lat' dir='ltr'><strong>character</strong></span> <span class='ocrx_word' id='word_1_697' title='bbox 1076 3326 1126 3351; x_wconf 84' lang='lat' dir='ltr'><strong>dis-</strong></span> 
     </span>
     <span class='ocr_line' id='line_1_101' title="bbox 173 3370 1125 3406; baseline -0.005 -7"><span class='ocrx_word' id='word_1_698' title='bbox 173 3375 245 3406; x_wconf 86' lang='lat' dir='ltr'><strong>ponit</strong></span> <span class='ocrx_word' id='word_1_699' title='bbox 270 3374 302 3398; x_wconf 83' lang='lat' dir='ltr'><strong>ad</strong></span> <span class='ocrx_word' id='word_1_700' title='bbox 328 3374 445 3405; x_wconf 79' lang='lat' dir='ltr'><strong>gratiam,</strong></span> <span class='ocrx_word' id='word_1_701' title='bbox 467 3372 604 3404; x_wconf 82' lang='lat' dir='ltr'><strong>probatum</strong></span> <span class='ocrx_word' id='word_1_702' title='bbox 625 3375 661 3397; x_wconf 86' lang='lat' dir='ltr'><strong>est</strong></span> <span class='ocrx_word' id='word_1_703' title='bbox 686 3371 789 3396; x_wconf 86' lang='lat' dir='ltr'><strong>duabus</strong></span> <span class='ocrx_word' id='word_1_704' title='bbox 815 3374 914 3403; x_wconf 77' lang='lat' dir='ltr'><strong>quaest.</strong></span> <span class='ocrx_word' id='word_1_705' title='bbox 934 3371 1054 3402; x_wconf 78' lang='lat' dir='ltr'><strong>praeced.</strong></span> <span class='ocrx_word' id='word_1_706' title='bbox 1074 3370 1125 3395; x_wconf 69' lang='lat' dir='ltr'><strong>Ct&#39;r.</strong></span> 
     </span>
    </p>
   </div>
   <div class='ocr_carea' id='block_1_22' title="bbox 863 2886 1156 2914">
    <p class='ocr_par' dir='ltr' id='par_1_38' title="bbox 863 2886 1156 2914">
     <span class='ocr_line' id='line_1_102' title="bbox 863 2886 1156 2914; baseline -0.007 -2"><span class='ocrx_word' id='word_1_707' title='bbox 863 2888 887 2912; x_wconf 91' lang='lat' dir='ltr'><strong>ln</strong></span> <span class='ocrx_word' id='word_1_708' title='bbox 908 2892 1009 2912; x_wconf 78' lang='lat' dir='ltr'><strong>errante</strong></span> <span class='ocrx_word' id='word_1_709' title='bbox 1033 2890 1058 2911; x_wconf 83' lang='lat' dir='ltr'><strong>ct</strong></span> <span class='ocrx_word' id='word_1_710' title='bbox 1083 2886 1124 2911; x_wconf 76' lang='lat' dir='ltr'><strong>‹le-</strong></span> <span class='ocrx_word' id='word_1_711' title='bbox 1155 2906 1156 2914; x_wconf 65' lang='grc'>,</span> 
     </span>
    </p>
   </div>
   <div class='ocr_carea' id='block_1_23' title="bbox 1150 1127 1159 3403">
    <p class='ocr_par' dir='ltr' id='par_1_39' title="bbox 1150 1127 1159 3403">
     <span class='ocr_line' id='line_1_103' title="bbox 1150 1127 1159 3403; baseline 0 0"><span class='ocrx_word' id='word_1_712' title='bbox 1150 1127 1159 3403; x_wconf 95' lang='lat' dir='ltr'><strong> </strong></span> 
     </span>
    </p>
   </div>
   <div class='ocr_carea' id='block_1_24' title="bbox 1187 2795 2144 3401">
    <p class='ocr_par' dir='ltr' id='par_1_40' title="bbox 1187 2795 2141 2871">
     <span class='ocr_line' id='line_1_104' title="bbox 1187 2795 2141 2828; baseline -0.001 -7"><span class='ocrx_word' id='word_1_713' title='bbox 1187 2798 1263 2822; x_wconf 83' lang='lat' dir='ltr'><strong>etiam</strong></span> <span class='ocrx_word' id='word_1_714' title='bbox 1284 2804 1363 2828; x_wconf 86' lang='lat' dir='ltr'><strong>supra</strong></span> <span class='ocrx_word' id='word_1_715' title='bbox 1384 2797 1408 2821; x_wconf 84' lang='lat' dir='ltr'><strong>d.</strong></span> <span class='ocrx_word' id='word_1_716' title='bbox 1430 2797 1453 2821; x_wconf 86' lang='grc'><strong>3.</strong></span> <span class='ocrx_word' id='word_1_717' title='bbox 1474 2803 1499 2827; x_wconf 86' lang='lat' dir='ltr'><strong>p.</strong></span> <span class='ocrx_word' id='word_1_718' title='bbox 1519 2796 1533 2820; x_wconf 91' lang='lat' dir='ltr'><strong>l.</strong></span> <span class='ocrx_word' id='word_1_719' title='bbox 1555 2803 1577 2820; x_wconf 81' lang='lat' dir='ltr'><strong>a.</strong></span> <span class='ocrx_word' id='word_1_720' title='bbox 1602 2797 1621 2820; x_wconf 92' lang='lat' dir='ltr'><strong>l.</strong></span> <span class='ocrx_word' id='word_1_721' title='bbox 1642 2803 1666 2827; x_wconf 68' lang='grc' dir='ltr'><strong>(Ι.</strong></span> <span class='ocrx_word' id='word_1_722' title='bbox 1693 2796 1711 2820; x_wconf 89' lang='grc'><strong>1.</strong></span> <span class='ocrx_word' id='word_1_723' title='bbox 1733 2795 1765 2820; x_wconf 85' lang='lat' dir='ltr'><strong>ad</strong></span> <span class='ocrx_word' id='word_1_724' title='bbox 1786 2795 1808 2819; x_wconf 75' lang='lat'><strong>4.</strong></span> <span class='ocrx_word' id='word_1_725' title='bbox 1828 2798 1851 2820; x_wconf 84' lang='lat' dir='ltr'><strong>et</strong></span> <span class='ocrx_word' id='word_1_726' title='bbox 1872 2795 1896 2819; x_wconf 82' lang='lat' dir='ltr'><strong>(l.</strong></span> <span class='ocrx_word' id='word_1_727' title='bbox 1919 2795 1941 2819; x_wconf 73' lang='lat' dir='ltr'><strong>t.</strong></span> <span class='ocrx_word' id='word_1_728' title='bbox 1963 2802 1987 2826; x_wconf 86' lang='lat' dir='ltr'><strong>p.</strong></span> <span class='ocrx_word' id='word_1_729' title='bbox 2003 2795 2017 2819; x_wconf 90' lang='lat' dir='ltr'><strong>l.</strong></span> <span class='ocrx_word' id='word_1_730' title='bbox 2038 2795 2100 2820; x_wconf 78' lang='lat' dir='ltr'><strong>dub.</strong></span> <span class='ocrx_word' id='word_1_731' title='bbox 2119 2795 2141 2820; x_wconf 73' lang='lat' dir='ltr'><strong>lt.</strong></span> 
     </span>
     <span class='ocr_line' id='line_1_105' title="bbox 1190 2838 2091 2871; baseline -0.004 -4"><span class='ocrx_word' id='word_1_732' title='bbox 1190 2856 1223 2858; x_wconf 97' lang='lat'><strong>—</strong></span> <span class='ocrx_word' id='word_1_733' title='bbox 1242 2840 1331 2867; x_wconf 74' lang='lat' dir='ltr'><strong>Maior</strong></span> <span class='ocrx_word' id='word_1_734' title='bbox 1350 2841 1478 2871; x_wconf 74' lang='lat' dir='ltr'><strong>colligitur</strong></span> <span class='ocrx_word' id='word_1_735' title='bbox 1497 2847 1527 2865; x_wconf 80' lang='lat' dir='ltr'><strong>ex</strong></span> <span class='ocrx_word' id='word_1_736' title='bbox 1547 2840 1658 2869; x_wconf 62' lang='lat' dir='ltr'><strong>Aristot„</strong></span> <span class='ocrx_word' id='word_1_737' title='bbox 1679 2840 1711 2864; x_wconf 80' lang='lat' dir='ltr'><strong>de</strong></span> <span class='ocrx_word' id='word_1_738' title='bbox 1732 2840 1888 2864; x_wconf 78' lang='lat' dir='ltr'><strong>l&#39;raedicam.</strong></span> <span class='ocrx_word' id='word_1_739' title='bbox 1910 2846 1931 2864; x_wconf 84' lang='lat' dir='ltr'><strong>c.</strong></span> <span class='ocrx_word' id='word_1_740' title='bbox 1952 2838 1982 2864; x_wconf 76' lang='lat' dir='ltr'><strong>de</strong></span> <span class='ocrx_word' id='word_1_741' title='bbox 2004 2838 2091 2870; x_wconf 59' lang='lat' dir='ltr'><strong>Quali.</strong></span> 
     </span>
    </p>

    <p class='ocr_par' dir='ltr' id='par_1_41' title="bbox 1257 2883 1597 2916">
     <span class='ocr_line' id='line_1_106' title="bbox 1257 2883 1597 2916; baseline -0.003 -7"><span class='ocrx_word' id='word_1_742' title='bbox 1257 2885 1268 2901; x_wconf 66' lang='lat'><strong><em>5</em></strong></span> <span class='ocrx_word' id='word_1_743' title='bbox 1288 2886 1337 2910; x_wconf 62' lang='lat' dir='ltr'><strong>tjt&#39;r.</strong></span> <span class='ocrx_word' id='word_1_744' title='bbox 1359 2887 1457 2916; x_wconf 70' lang='lat' dir='ltr'><strong>tpiacst.</strong></span> <span class='ocrx_word' id='word_1_745' title='bbox 1478 2883 1597 2915; x_wconf 79' lang='lat' dir='ltr'><strong>praeced.</strong></span> 
     </span>
    </p>

    <p class='ocr_par' dir='ltr' id='par_1_42' title="bbox 1187 2927 2142 3049">
     <span class='ocr_line' id='line_1_107' title="bbox 1259 2927 2142 2958; baseline -0.002 -5"><span class='ocrx_word' id='word_1_746' title='bbox 1259 2929 1268 2944; x_wconf 87' lang='lat'>⁷</span> <span class='ocrx_word' id='word_1_747' title='bbox 1289 2928 1353 2953; x_wconf 77' lang='lat' dir='ltr'><strong>Vide</strong></span> <span class='ocrx_word' id='word_1_748' title='bbox 1374 2929 1484 2958; x_wconf 65' lang='lat' dir='ltr'><strong>Aristot.y</strong></span> <span class='ocrx_word' id='word_1_749' title='bbox 1506 2928 1521 2952; x_wconf 89' lang='lat' dir='ltr'><strong>l.</strong></span> <span class='ocrx_word' id='word_1_750' title='bbox 1542 2928 1620 2952; x_wconf 81' lang='lat' dir='ltr'><strong>Ethic.</strong></span> <span class='ocrx_word' id='word_1_751' title='bbox 1642 2935 1663 2952; x_wconf 83' lang='lat' dir='ltr'><strong>c.</strong></span> <span class='ocrx_word' id='word_1_752' title='bbox 1685 2928 1742 2955; x_wconf 82' lang='lat' dir='ltr'><strong>ult.;</strong></span> <span class='ocrx_word' id='word_1_753' title='bbox 1759 2928 1784 2951; x_wconf 93' lang='lat' dir='ltr'><strong>ll.</strong></span> <span class='ocrx_word' id='word_1_754' title='bbox 1805 2934 1826 2951; x_wconf 82' lang='lat' dir='ltr'><strong>c.</strong></span> <span class='ocrx_word' id='word_1_755' title='bbox 1848 2927 1871 2951; x_wconf 73' lang='grc' dir='ltr'><strong>ὅ.</strong></span> <span class='ocrx_word' id='word_1_756' title='bbox 1886 2931 1910 2952; x_wconf 80' lang='lat' dir='ltr'><strong>et</strong></span> <span class='ocrx_word' id='word_1_757' title='bbox 1925 2927 1966 2952; x_wconf 74' lang='lat' dir='ltr'><strong>Vl.</strong></span> <span class='ocrx_word' id='word_1_758' title='bbox 1982 2934 2002 2951; x_wconf 85' lang='lat' dir='ltr'><strong>e.</strong></span> <span class='ocrx_word' id='word_1_759' title='bbox 2028 2928 2047 2951; x_wconf 87' lang='lat' dir='ltr'><strong>l.</strong></span> <span class='ocrx_word' id='word_1_760' title='bbox 2068 2934 2142 2958; x_wconf 63' lang='lat' dir='ltr'><strong>seqq.</strong></span> 
     </span>
     <span class='ocr_line' id='line_1_108' title="bbox 1187 2971 2142 3005; baseline -0.005 -6"><span class='ocrx_word' id='word_1_761' title='bbox 1187 2987 1221 2992; x_wconf 93' lang='lat'>—</span> <span class='ocrx_word' id='word_1_762' title='bbox 1242 2974 1276 2998; x_wconf 85' lang='lat' dir='ltr'><strong>Dc</strong></span> <span class='ocrx_word' id='word_1_763' title='bbox 1305 2980 1344 3004; x_wconf 71' lang='lat' dir='ltr'><strong>eo,</strong></span> <span class='ocrx_word' id='word_1_764' title='bbox 1367 2972 1436 3005; x_wconf 72' lang='lat' dir='ltr'><strong>quod</strong></span> <span class='ocrx_word' id='word_1_765' title='bbox 1464 2972 1584 2997; x_wconf 76' lang='lat' dir='ltr'><strong>accidens</strong></span> <span class='ocrx_word' id='word_1_766' title='bbox 1612 2973 1644 2997; x_wconf 88' lang='lat' dir='ltr'><strong>sit</strong></span> <span class='ocrx_word' id='word_1_767' title='bbox 1672 2973 1696 2996; x_wconf 90' lang='lat' dir='ltr'><strong>in</strong></span> <span class='ocrx_word' id='word_1_768' title='bbox 1727 2979 1778 2997; x_wconf 81' lang='lat' dir='ltr'><strong>uno</strong></span> <span class='ocrx_word' id='word_1_769' title='bbox 1808 2971 1933 3001; x_wconf 75' lang='lat' dir='ltr'><strong>subiecto,</strong></span> <span class='ocrx_word' id='word_1_770' title='bbox 1960 2972 2006 2996; x_wconf 77' lang='lat' dir='ltr'><strong>cfr.</strong></span> <span class='ocrx_word' id='word_1_771' title='bbox 2031 2974 2094 2995; x_wconf 82' lang='lat' dir='ltr'><strong>tom.</strong></span> <span class='ocrx_word' id='word_1_772' title='bbox 2115 2972 2142 2994; x_wconf 90' lang='lat' dir='ltr'><strong>ll.</strong></span> 
     </span>
     <span class='ocr_line' id='line_1_109' title="bbox 1189 3015 2141 3049; baseline -0.004 -7"><span class='ocrx_word' id='word_1_773' title='bbox 1189 3024 1249 3049; x_wconf 78' lang='lat' dir='ltr'><strong>pag.</strong></span> <span class='ocrx_word' id='word_1_774' title='bbox 1271 3018 1329 3048; x_wconf 65' lang='lat' dir='ltr'><strong>tta,</strong></span> <span class='ocrx_word' id='word_1_775' title='bbox 1350 3021 1406 3042; x_wconf 89' lang='lat' dir='ltr'><strong>nota</strong></span> <span class='ocrx_word' id='word_1_776' title='bbox 1428 3018 1451 3041; x_wconf 66' lang='lat' dir='ltr'><strong>S.</strong></span> <span class='ocrx_word' id='word_1_777' title='bbox 1784 3015 1795 3031; x_wconf 74' lang='lat'><strong>⁸</strong></span> <span class='ocrx_word' id='word_1_778' title='bbox 1815 3015 1865 3040; x_wconf 74' lang='lat' dir='ltr'><strong>Cn.</strong></span> <span class='ocrx_word' id='word_1_779' title='bbox 1885 3022 1965 3046; x_wconf 75' lang='lat' dir='ltr'><strong>supra</strong></span> <span class='ocrx_word' id='word_1_780' title='bbox 1985 3022 2010 3046; x_wconf 70' lang='grc' dir='ltr'><strong>(Ι.</strong></span> <span class='ocrx_word' id='word_1_781' title='bbox 2035 3015 2053 3038; x_wconf 82' lang='grc'><strong>1.</strong></span> <span class='ocrx_word' id='word_1_782' title='bbox 2074 3018 2097 3039; x_wconf 87' lang='lat' dir='ltr'><strong>et</strong></span> <span class='ocrx_word' id='word_1_783' title='bbox 2119 3016 2141 3039; x_wconf 72' lang='lat'><strong>2.</strong></span> 
     </span>
    </p>

    <p class='ocr_par' dir='ltr' id='par_1_43' title="bbox 1190 3058 2144 3175">
     <span class='ocr_line' id='line_1_110' title="bbox 1258 3058 2144 3092; baseline -0.005 -6"><span class='ocrx_word' id='word_1_784' title='bbox 1258 3061 1269 3078; x_wconf 69' lang='lat'><strong>‘³</strong></span> <span class='ocrx_word' id='word_1_785' title='bbox 1291 3061 1355 3086; x_wconf 80' lang='lat' dir='ltr'><strong>Vide</strong></span> <span class='ocrx_word' id='word_1_786' title='bbox 1377 3062 1391 3086; x_wconf 91' lang='lat' dir='ltr'><strong>l.</strong></span> <span class='ocrx_word' id='word_1_787' title='bbox 1412 3063 1479 3085; x_wconf 71' lang='lat' dir='ltr'><strong>Sent.</strong></span> <span class='ocrx_word' id='word_1_788' title='bbox 1501 3061 1525 3085; x_wconf 89' lang='lat' dir='ltr'><strong>d.</strong></span> <span class='ocrx_word' id='word_1_789' title='bbox 1546 3062 1569 3084; x_wconf 78' lang='lat'><strong>3.</strong></span> <span class='ocrx_word' id='word_1_790' title='bbox 1591 3068 1615 3091; x_wconf 89' lang='lat' dir='ltr'><strong>p.</strong></span> <span class='ocrx_word' id='word_1_791' title='bbox 1641 3060 1666 3084; x_wconf 92' lang='lat' dir='ltr'><strong>ll.</strong></span> <span class='ocrx_word' id='word_1_792' title='bbox 1687 3067 1709 3084; x_wconf 85' lang='lat' dir='ltr'><strong>a.</strong></span> <span class='ocrx_word' id='word_1_793' title='bbox 1734 3061 1753 3084; x_wconf 92' lang='lat' dir='ltr'><strong>l.</strong></span> <span class='ocrx_word' id='word_1_794' title='bbox 1775 3068 1799 3092; x_wconf 78' lang='lat' dir='ltr'><strong>q.</strong></span> <span class='ocrx_word' id='word_1_795' title='bbox 1830 3061 1850 3084; x_wconf 91' lang='lat' dir='ltr'><strong>l.</strong></span> <span class='ocrx_word' id='word_1_796' title='bbox 1879 3059 1912 3084; x_wconf 86' lang='lat' dir='ltr'><strong>ad</strong></span> <span class='ocrx_word' id='word_1_797' title='bbox 1933 3058 1956 3083; x_wconf 75' lang='grc' dir='ltr'><strong>[ι.</strong></span> <span class='ocrx_word' id='word_1_798' title='bbox 1977 3064 2001 3084; x_wconf 86' lang='lat' dir='ltr'><strong>et</strong></span> <span class='ocrx_word' id='word_1_799' title='bbox 2021 3067 2045 3091; x_wconf 73' lang='lat' dir='ltr'><strong>q.</strong></span> <span class='ocrx_word' id='word_1_800' title='bbox 2067 3059 2089 3082; x_wconf 77' lang='lat'><strong>2.</strong></span> <span class='ocrx_word' id='word_1_801' title='bbox 2111 3072 2144 3075; x_wconf 85' lang='lat'>—</span> 
     </span>
     <span class='ocr_line' id='line_1_111' title="bbox 1190 3103 2143 3138; baseline -0.004 -8"><span class='ocrx_word' id='word_1_802' title='bbox 1190 3106 1237 3130; x_wconf 68' lang='lat' dir='ltr'><strong>l&#39;ro</strong></span> <span class='ocrx_word' id='word_1_803' title='bbox 1258 3104 1473 3138; x_wconf 73' lang='lat' dir='ltr'><strong>informatitmem</strong></span> <span class='ocrx_word' id='word_1_804' title='bbox 1495 3105 1550 3129; x_wconf 75' lang='lat' dir='ltr'><strong>Vat.</strong></span> <span class='ocrx_word' id='word_1_805' title='bbox 1571 3103 1805 3136; x_wconf 75' lang='lat' dir='ltr'><strong>reformationem,</strong></span> <span class='ocrx_word' id='word_1_806' title='bbox 1837 3108 1861 3128; x_wconf 86' lang='lat' dir='ltr'><strong>et</strong></span> <span class='ocrx_word' id='word_1_807' title='bbox 1880 3110 1929 3133; x_wconf 83' lang='lat' dir='ltr'><strong>pro</strong></span> <span class='ocrx_word' id='word_1_808' title='bbox 1948 3103 2143 3128; x_wconf 71' lang='lat' dir='ltr'><strong>eonrertuntttr</strong></span> 
     </span>
     <span class='ocr_line' id='line_1_112' title="bbox 1190 3149 1508 3175; baseline -0.003 -1"><span class='ocrx_word' id='word_1_809' title='bbox 1190 3149 1246 3174; x_wconf 86' lang='lat' dir='ltr'><strong>cod.</strong></span> <span class='ocrx_word' id='word_1_810' title='bbox 1268 3150 1288 3173; x_wconf 82' lang='lat' dir='ltr'>G</span> <span class='ocrx_word' id='word_1_811' title='bbox 1308 3150 1508 3175; x_wconf 60' lang='lat' dir='ltr'><strong>convertuntur.</strong></span> 
     </span>
    </p>

    <p class='ocr_par' dir='ltr' id='par_1_44' title="bbox 1191 3190 2141 3269">
     <span class='ocr_line' id='line_1_113' title="bbox 1263 3190 2140 3224; baseline -0.003 -6"><span class='ocrx_word' id='word_1_812' title='bbox 1263 3193 1283 3209; x_wconf 79' lang='lat'><strong>10</strong></span> <span class='ocrx_word' id='word_1_813' title='bbox 1304 3193 1369 3220; x_wconf 63' lang='lat' dir='ltr'><strong>Yat„</strong></span> <span class='ocrx_word' id='word_1_814' title='bbox 1385 3194 1481 3217; x_wconf 87' lang='lat' dir='ltr'><strong>omisso</strong></span> <span class='ocrx_word' id='word_1_815' title='bbox 1496 3199 1555 3217; x_wconf 77' lang='lat' dir='ltr'><strong>cunt</strong></span> <span class='ocrx_word' id='word_1_816' title='bbox 1570 3193 1659 3223; x_wconf 83' lang='lat' dir='ltr'><strong>paucis</strong></span> <span class='ocrx_word' id='word_1_817' title='bbox 1672 3191 1750 3217; x_wconf 84' lang='lat' dir='ltr'><strong>codd.</strong></span> <span class='ocrx_word' id='word_1_818' title='bbox 1761 3193 1792 3219; x_wconf 72' lang='lat' dir='ltr'><strong>el,</strong></span> <span class='ocrx_word' id='word_1_819' title='bbox 1804 3191 1933 3216; x_wconf 81' lang='lat' dir='ltr'><strong>substituit</strong></span> <span class='ocrx_word' id='word_1_820' title='bbox 1946 3190 2140 3224; x_wconf 68' lang='lat' dir='ltr'><strong>principaliter.</strong></span> 
     </span>
     <span class='ocr_line' id='line_1_114' title="bbox 1191 3235 2141 3269; baseline -0.002 -8"><span class='ocrx_word' id='word_1_821' title='bbox 1191 3237 1314 3269; x_wconf 83' lang='lat' dir='ltr'><strong>Superius</strong></span> <span class='ocrx_word' id='word_1_822' title='bbox 1328 3240 1384 3261; x_wconf 80' lang='lat' dir='ltr'><strong>ante</strong></span> <span class='ocrx_word' id='word_1_823' title='bbox 1398 3235 1525 3269; x_wconf 71' lang='lat' dir='ltr'><strong>quonium</strong></span> <span class='ocrx_word' id='word_1_824' title='bbox 1540 3235 1616 3261; x_wconf 84' lang='lat' dir='ltr'><strong>codd.</strong></span> <span class='ocrx_word' id='word_1_825' title='bbox 1633 3236 1650 3260; x_wconf 75' lang='lat' dir='ltr'><strong>t:</strong></span> <span class='ocrx_word' id='word_1_826' title='bbox 1661 3235 1677 3260; x_wconf 89' lang='lat' dir='ltr'>F</span> <span class='ocrx_word' id='word_1_827' title='bbox 1693 3235 1715 3265; x_wconf 81' lang='lat' dir='ltr'><strong>(a</strong></span> <span class='ocrx_word' id='word_1_828' title='bbox 1731 3235 1844 3260; x_wconf 78' lang='lat' dir='ltr'><strong>secunda</strong></span> <span class='ocrx_word' id='word_1_829' title='bbox 1859 3240 1948 3266; x_wconf 82' lang='lat' dir='ltr'><strong>manu)</strong></span> <span class='ocrx_word' id='word_1_830' title='bbox 1970 3236 2089 3259; x_wconf 79' lang='lat' dir='ltr'><strong>omittunt</strong></span> <span class='ocrx_word' id='word_1_831' title='bbox 2108 3235 2141 3259; x_wconf 73' lang='lat' dir='ltr'><strong>et.</strong></span> 
     </span>
    </p>

    <p class='ocr_par' dir='ltr' id='par_1_45' title="bbox 1262 3278 2143 3312">
     <span class='ocr_line' id='line_1_115' title="bbox 1262 3278 2143 3312; baseline -0.003 -7"><span class='ocrx_word' id='word_1_832' title='bbox 1262 3281 1281 3297; x_wconf 80' lang='lat'><strong>¹¹</strong></span> <span class='ocrx_word' id='word_1_833' title='bbox 1301 3280 1363 3312; x_wconf 70' lang='lat' dir='ltr'><strong>Cap.</strong></span> <span class='ocrx_word' id='word_1_834' title='bbox 1383 3281 1419 3304; x_wconf 76' lang='grc'><strong>10.</strong></span> <span class='ocrx_word' id='word_1_835' title='bbox 1435 3279 1485 3305; x_wconf 79' lang='lat' dir='ltr'><strong>Ct&#39;r.</strong></span> <span class='ocrx_word' id='word_1_836' title='bbox 1506 3279 1567 3304; x_wconf 89' lang='lat' dir='ltr'><strong>ibid.</strong></span> <span class='ocrx_word' id='word_1_837' title='bbox 1582 3286 1602 3303; x_wconf 85' lang='lat' dir='ltr'><strong>c.</strong></span> <span class='ocrx_word' id='word_1_838' title='bbox 1619 3280 1660 3304; x_wconf 72' lang='lat'><strong>39.</strong></span> <span class='ocrx_word' id='word_1_839' title='bbox 1680 3279 1746 3303; x_wconf 63' lang='lat' dir='ltr'><strong>victo</strong></span> <span class='ocrx_word' id='word_1_840' title='bbox 1768 3279 1793 3303; x_wconf 95' lang='lat' dir='ltr'><strong>ll.</strong></span> <span class='ocrx_word' id='word_1_841' title='bbox 1808 3279 1876 3303; x_wconf 77' lang='lat' dir='ltr'><strong>Sent.</strong></span> <span class='ocrx_word' id='word_1_842' title='bbox 1891 3278 1916 3303; x_wconf 87' lang='lat' dir='ltr'><strong>d.</strong></span> <span class='ocrx_word' id='word_1_843' title='bbox 1935 3279 1972 3303; x_wconf 84' lang='grc'><strong>16.</strong></span> <span class='ocrx_word' id='word_1_844' title='bbox 1987 3286 2009 3303; x_wconf 80' lang='lat' dir='ltr'><strong>a.</strong></span> <span class='ocrx_word' id='word_1_845' title='bbox 2030 3279 2053 3302; x_wconf 71' lang='lat'><strong>⁶2.</strong></span> <span class='ocrx_word' id='word_1_846' title='bbox 2074 3285 2098 3309; x_wconf 55' lang='lat' dir='ltr'><strong>q.</strong></span> <span class='ocrx_word' id='word_1_847' title='bbox 2120 3278 2143 3302; x_wconf 85' lang='lat'><strong>3.</strong></span> 
     </span>
    </p>

    <p class='ocr_par' dir='ltr' id='par_1_46' title="bbox 1191 3321 2143 3401">
     <span class='ocr_line' id='line_1_116' title="bbox 1262 3321 2143 3355; baseline -0.003 -7"><span class='ocrx_word' id='word_1_848' title='bbox 1262 3325 1282 3341; x_wconf 74' lang='lat'><strong>¹2</strong></span> <span class='ocrx_word' id='word_1_849' title='bbox 1302 3324 1566 3355; x_wconf 69' lang='lat' dir='ltr'><strong>Aristot.‚vtt.1³nys.</strong></span> <span class='ocrx_word' id='word_1_850' title='bbox 1586 3326 1645 3347; x_wconf 67' lang='lat' dir='ltr'><strong>text.</strong></span> <span class='ocrx_word' id='word_1_851' title='bbox 1666 3323 1707 3347; x_wconf 75' lang='lat'><strong>27.</strong></span> <span class='ocrx_word' id='word_1_852' title='bbox 1729 3323 1760 3352; x_wconf 82' lang='lat' dir='ltr'><strong>(c.</strong></span> <span class='ocrx_word' id='word_1_853' title='bbox 1782 3322 1831 3353; x_wconf 69' lang='lat'><strong>4.);</strong></span> <span class='ocrx_word' id='word_1_854' title='bbox 1854 3322 1883 3346; x_wconf 65' lang='grc' dir='ltr'><strong>Υ.</strong></span> <span class='ocrx_word' id='word_1_855' title='bbox 1898 3322 2007 3353; x_wconf 76' lang='lat' dir='ltr'><strong>Metupli.</strong></span> <span class='ocrx_word' id='word_1_856' title='bbox 2029 3325 2086 3346; x_wconf 71' lang='lat' dir='ltr'><strong>text.</strong></span> <span class='ocrx_word' id='word_1_857' title='bbox 2103 3321 2143 3345; x_wconf 70' lang='lat'><strong>253.</strong></span> 
     </span>
     <span class='ocr_line' id='line_1_117' title="bbox 1191 3364 2143 3401; baseline -0.003 -8"><span class='ocrx_word' id='word_1_858' title='bbox 1191 3370 1241 3401; x_wconf 55' lang='lat' dir='ltr'><strong>(lv.</strong></span> <span class='ocrx_word' id='word_1_859' title='bbox 1263 3376 1285 3394; x_wconf 80' lang='lat' dir='ltr'><strong>c.</strong></span> <span class='ocrx_word' id='word_1_860' title='bbox 1311 3369 1363 3399; x_wconf 76' lang='lat' dir='ltr'><strong>t8):</strong></span> <span class='ocrx_word' id='word_1_861' title='bbox 1384 3367 1536 3394; x_wconf 71' lang='lat' dir='ltr'><strong>Secundum</strong></span> <span class='ocrx_word' id='word_1_862' title='bbox 1557 3366 1627 3400; x_wconf 75' lang='lat' dir='ltr'><strong>quod</strong></span> <span class='ocrx_word' id='word_1_863' title='bbox 1651 3367 1825 3398; x_wconf 69' lang='lat' dir='ltr'><strong>multipliciter</strong></span> <span class='ocrx_word' id='word_1_864' title='bbox 1854 3366 1960 3391; x_wconf 86' lang='lat' dir='ltr'><strong>dicitur:</strong></span> <span class='ocrx_word' id='word_1_865' title='bbox 1982 3372 2034 3391; x_wconf 83' lang='lat' dir='ltr'><strong>uno</strong></span> <span class='ocrx_word' id='word_1_866' title='bbox 2055 3364 2143 3395; x_wconf 79' lang='lat' dir='ltr'><strong>niodo,</strong></span> 
     </span>
    </p>
   </div>
  </div>
 </body>
</html>
