2483 3882
469 246 531 277 578
1228 241 1511 273 SENTENTIARUM
1535 241 1602 273 LlB.
1626 242 1674 273 lv.

1279 416 1543 455 ARTICULUS
1573 417 1615 454 ΙΙ.

1085 519 1131 551 De
1151 518 1350 560 poenitentia
1374 518 1408 550 z'n
1433 518 1561 550 ratione
1589 518 1810 550 Sacramenti.

554 632 787 672 Consequenter
805 633 957 672 quantum
981 629 1019 662 ad
1042 629 1213 661 secundam
1235 632 1357 671 partem
1375 629 1418 661 di·
1481 629 1541 661 hus
1558 629 1588 660 in
1607 629 1728 661 littera¹
1746 629 1867 670 agilum
1880 630 1950 662 ideo
1966 630 2048 663 circa
2067 631 2124 663 hoc
2141 631 2204 664 duo
2222 636 2427 673 quaeruntur.

465 683 638 717 stinctionis
663 683 828 725 quaeritur
845 683 883 714 de
900 682 1090 724 poenitentia
1114 682 1144 713 in
1170 681 1288 714 ratione
1313 682 1417 713 Sacra·
1570 682 1672 713 Primo
1697 682 1860 724 quaeritur
1885 683 1923 715 de
1941 684 2130 724 poenitentia
2154 689 2307 726 quantum
2332 686 2371 718 ad
2389 686 2430 718 in-

467 737 571 769 menti.
595 737 629 768 Et
650 745 721 768 cum
747 736 786 768 ad
812 736 963 768 rationem
989 735 1181 767 Sacramenti
1203 735 1266 767 duo
1289 744 1416 767 concur·
1480 734 1682 766 stitutionem.

466 793 550 828 rant,
567 789 684 821 scilicet
701 788 854 821 institutio
878 792 908 820 et
933 787 1134 829 significatio,
1152 787 1191 819 de
1208 787 1324 829 quibus
1341 787 1415 819 duo-
1569 787 1726 825 SecundO,
1752 790 1906 828 quantum
1930 788 1969 819 ad
1988 788 2254 830 significationem.

1336 911 1520 952 QUAESTIO
1544 912 1563 943 1.

990 1010 1034 1041 De
1058 1010 1273 1042 Sem-amento
1295 1009 1512 1050 poenitentiae
1535 1009 1646 1051 quoad
1669 1008 1915 1041 institutionem.

554 1122 711 1163 Quantum
737 1121 776 1153 ad
801 1121 939 1163 primuni
965 1120 1146 1162 quaeritur,
1172 1123 1280 1151 utrum
1313 1119 1418 1151 Sacra·
1482 1119 1568 1150 initio
1593 1128 1695 1160 usque
1712 1128 1809 1158 nunc,
1827 1124 1980 1161 quantum
2004 1121 2044 1153 ad
2070 1121 2287 1154 contritionem
2304 1125 2334 1154 et
2350 1122 2434 1155 satis-

465 1178 605 1207 mentum
631 1174 839 1216 poenitentiae
863 1173 959 1205 suerit
982 1173 1171 1205 institutum.
1191 1172 1224 1204 Et
1249 1171 1333 1213 quod
1359 1171 1416 1210 sic,
1482 1171 1647 1204 factionem
1674 1172 1804 1204 saltem:
1830 1181 1905 1214 ergo
1936 1182 1997 1205 non
2027 1173 2152 1206 videtur
2183 1183 2240 1216 per
2270 1174 2369 1217 legem
2394 1175 2433 1207 in-

464 1228 599 1260 videtur.
1482 1224 1637 1256 stitutum.

555 1283 582 1312 1.
608 1281 651 1312 lta
675 1279 783 1313 definit
809 1278 916 1320 Η111102
933 1279 1187 1310 Sacramentum:
1212 1279 1419 1311 «Sacramen-
1573 1277 1646 1309 ltem
1662 1303 1669 1316 ,
1701 1278 1725 1309 si
1759 1278 1938 1310 institutum
1974 1283 2020 1311 est
2056 1280 2291 1312 Sacramentum
2308 1306 2315 1319 ,
2345 1290 2483 1322 quae-Qua

305 1337 531 1366 fundamentatum
561 1337 607 1366 est
639 1342 680 1365 ex
713 1332 918 1365 similitudine
952 1335 1209 1372 repraesentans,
1234 1340 1275 1363 ex
1299 1331 1419 1364 institu-
1483 1330 1582 1367 ritur,
1607 1330 1661 1362 ubi
1693 1334 1724 1362 et
1748 1340 1766 1362 a
1794 1340 1866 1372 quo.
1899 1332 1929 1363 Si
1961 1332 2021 1370 ibi,
2054 1332 2109 1364 ubi
2142 1333 2266 1372 dicitur,
2291 1333 2435 1366 Matthaei

463 1387 546 1418 tione
568 1385 777 1427 significans»
800 1389 871 1417 etc:
890 1385 915 1417 si
932 1393 1007 1426 ergo
1031 1384 1220 1426 poenitentia
1244 1388 1290 1416 est
1314 1384 1419 1416 Sacra-
1484 1384 1640 1424 quarto⁷z
1666 1383 1762 1425 Amce
1789 1385 2050 1425 poenitentiant;
2081 1385 2225 1417 similiter
2258 1385 2434 1418 institutum

464 1442 624 1477 mentum,
649 1442 733 1480 patet
757 1442 813 1471 etc.
1484 1439 1586 1477 potest
1610 1436 1669 1468 dici
1695 1446 1712 1468 a
1737 1437 1866 1475 Ioanne,
1891 1437 1943 1478 qui
1963 1437 2171 1478 praedicavit:
2197 1438 2435 1471 Poenz'tenttam

553 1494 582 1524 ἱ).
610 1492 701 1529 item,
727 1491 807 1524 sicut
831 1491 982 1523 Dominus
1007 1490 1166 1532 praecepit
1182 1490 1352 1532 baptizari,
1378 1491 1419 1522 ita
1484 1488 1589 1530 affice,
1615 1489 1760 1521 Matthaei
1778 1489 1878 1521 tertio.
1897 1490 1926 1521 Si
1945 1490 2004 1528 ibi,
2022 1490 2166 1522 Matthaei
2184 1494 2310 1523 octavo:
2336 1491 2435 1530 Vade,

464 1545 624 1587 praecepit
654 1544 876 1586 poenitentiam
911 1552 1021 1585 agere,
1054 1544 1135 1576 sicut
1166 1547 1248 1584 patet
1272 1543 1418 1575 Matthaei
1484 1546 1511 1572 et
1536 1542 1664 1573 ostende
1689 1545 1716 1573 te
1738 1541 1966 1574 sacerdotibus
1975 1554 1985 1580 ;
2003 1543 2057 1575 sed
2082 1547 2219 1581 constat,
2242 1544 2327 1585 quod
2351 1544 2437 1576 intel-

464 1597 599 1639 quart0³
613 1609 621 1636 3
646 1601 676 1629 et
700 1597 781 1629 sicut
806 1596 921 1629 dicitur
946 1596 1068 1628 loannis
1092 1596 1204 1628 tertio:
1238 1595 1315 1627 Nisi
1345 1595 1419 1638 qais
1485 1593 1641 1635 ligehatur
1658 1594 1697 1626 de
1714 1595 1931 1627 sacerdotibus
1956 1595 2119 1636 legalibus.
2144 1596 2173 1627 Si
2198 1596 2260 1628 ibi:
2288 1597 2436 1636 anrunz

464 1655 602 1682 renatas
624 1648 731 1691 faerit
755 1653 829 1687 etc,
847 1649 889 1681 ita
906 1649 1021 1681 dicitur
1038 1649 1139 1681 Lucae
1163 1648 1285 1681 decimo
1312 1649 1416 1681 tertio:
1484 1646 1680 1679 remiseritis
1703 1652 1854 1688 peecata,
1880 1648 2000 1680 loannis
2025 1648 2197 1689 vigesimo3
2222 1649 2275 1681 sed
2302 1653 2435 1681 contra.-

466 1702 503 1735 St
522 1702 756 1744 poenitentiam
784 1712 849 1734 non
874 1702 1016 1744 eyert'tts,
1042 1711 1152 1733 onmes
1175 1701 1328 1733 similiter
1348 1711 1421 1742 per-
1486 1699 1526 1731 ibi
1552 1704 1598 1732 est
1623 1700 1801 1733 institutum
1825 1701 1909 1743 quod
1934 1705 1981 1734 est
2004 1701 2123 1734 ordinis
2147 1702 2359 1735 sacerdotalis.

465 1755 575 1787 tbttts:
608 1765 683 1797 ergo
723 1755 803 1787 sicut
842 1754 1064 1796 praecipiendo
1102 1754 1252 1796 baptizari
1286 1754 1420 1786 instituit

465 1808 661 1850 baptismatis
683 1808 938 1846 Sacramentum,
957 1808 998 1839 ita
1015 1807 1237 1849 praecipiendo
1261 1807 1420 1849 poenitere
1840 1815 2077 1839 coNchsm.

464 1861 597 1893 instituit
622 1861 858 1893 Sacramentum
883 1861 1100 1902 poenitentiae.

556 1913 584 1945 3.
609 1913 702 1952 Item,
729 1913 842 1945 modus
876 1913 988 1954 agendi
1022 1912 1244 1954 poenitentiam
1267 1912 1297 1944 in
1321 1912 1418 1945 veteri
1487 1912 1710 1944 Poenz'tenttae
1740 1912 2014 1951 Sacramentum,
2044 1917 2206 1956 quatenns
2230 1918 2275 1945 est
2299 1914 2438 1946 reconci-

464 1966 532 2007 lege
563 1966 621 1998 fuit
654 1966 833 2007 praefixus„
866 1966 946 1998 sicut
978 1969 1063 2006 patet
1095 1965 1220 1997 Levitici
1246 1969 1358 2006 quarto
1390 1969 1420 1997 et
1577 1965 1730 1997 lt'atz'mtnt
1764 1965 1846 2004 Deo,
1880 1965 1949 1998 z'anz
1981 1960 2057 1998 ante
2088 1967 2202 2008 Lenem
2226 1966 2437 2009 aliquatenus

465 2019 573 2061 quinto
586 2020 605 2057 ⁴,
630 2019 774 2051 similiter
798 2019 829 2050 in
855 2028 934 2050 nova
967 2018 1142 2050 secundum
1171 2018 1342 2050 sacerdotis
1374 2027 1421 2049 ar·
1575 2018 1784 2050 insinuatam
1808 2017 1896 2060 fuit;
1911 2019 1968 2050 sect
1991 2023 2153 2061 qnatenus
2167 2019 2303 2060 proprie
2319 2019 2438 2051 031861-

465 2072 618 2111 bitrium,
643 2072 697 2104 sed
723 2071 793 2103 talis
819 2071 932 2103 modus
956 2080 1017 2102 non
1042 2074 1089 2103 est
1112 2079 1153 2102 ex
1178 2074 1310 2103 naturae
1327 2071 1420 2103 dicta·
1575 2075 1799 2108 eranientant,
1817 2080 1838 2102 a
1857 2071 1994 2102 Domino
2011 2075 2057 2103 est
2073 2071 2261 2103 institutam
2277 2076 2306 2103 et
2329 2072 2438 2114 quoad

465 2125 568 2156 mine:
595 2133 670 2166 ergo
694 2128 741 2156 est
765 2133 805 2156 ex
830 2124 1033 2156 institutione.
1574 2123 1746 2155 nnttert'ale
1770 2133 1828 2165 per
1852 2124 2024 2165 Apostolos
2044 2124 2307 2166 promulgatam.

553 2177 679 2209 CONTRA
695 2189 700 2208 ;
730 2178 755 2208 l.
774 2177 860 2218 Ilugo
881 2177 919 2209 de
941 2179 1047 2209 sancto
1064 2177 1187 2209 Victore
1199 2177 1210 2193 5
1226 2177 1317 2216 dicit,
1335 2177 1419 2218 quod
1712 2205 1715 2206 γ

319 2243 352 2265 Ad
366 2243 449 2270 opposi-
465 2230 494 2261 in
520 2230 587 2272 lege
612 2234 744 2262 naturae
769 2229 893 2261 nullum
916 2230 1153 2261 Sacramentum
1178 2229 1356 2261 institutum
1374 2233 1420 2261 est
1575 2230 1776 2261 RESPONDEo:
1803 2229 1993 2268 Dicendum,
2019 2230 2102 2271 quod
2125 2230 2163 2262 de
2180 2229 2369 2271 poenitentia
2392 2232 2438 2262 est
2482 2239 2483 2242 ¹

358 2272 410 2291 tum.

469 2295 484 2312 «
501 2283 560 2315 sub
584 2286 769 2324 praecepto,
795 2282 850 2315 sed
875 2282 976 2314 solum
1003 2282 1063 2314 sub
1085 2282 1213 2314 consilio
1229 2294 1260 2320 »ς
1278 2283 1333 2315 sed
1353 2291 1420 2324 poe·
1485 2282 1572 2323 loqui
1600 2281 1789 2323 dupliciter:
1823 2286 1878 2314 aut
1909 2286 2003 2323 prout
2027 2286 2074 2314 est
2098 2282 2329 2314 reconciliativa
2360 2283 2436 2321 Deo,
2449 2271 2483 2325 Dii]

465 2336 593 2368 nitentia
610 2336 641 2367 in
659 2336 726 2377 lege
744 2339 875 2368 naturae
893 2336 951 2368 fuit
968 2335 1027 2367 sub
1044 2339 1220 2377 praecepto,
1237 2336 1311 2377 quia
1327 2344 1420 2367 nemo
1485 2338 1539 2366 aut
1556 2338 1651 2376 prout
1667 2338 1714 2366 est
1730 2344 1791 2366 non
1809 2334 1912 2366 solum
1930 2334 2161 2367 reconciliatixa
2181 2335 2254 2372 Deo,
2273 2334 2327 2367 sed
2345 2335 2436 2367 etiam
2480 2339 2482 2379 1

465 2390 531 2422 sine
548 2398 585 2421 ea
602 2398 742 2431 unquam
761 2389 877 2421 salvari
894 2389 1010 2429 potuit:
1029 2397 1104 2430 ergo
1121 2397 1182 2420 non
1196 2389 1254 2420 suit
1268 2389 1419 2421 instituta.
1487 2387 1658 2419 Ecclesiae.
1684 2388 1713 2419 Si
1738 2388 1907 2430 loquamur
1932 2388 1971 2420 de
1992 2388 2075 2429 ipsa,
2097 2392 2191 2429 prout
2214 2388 2277 2420 Deo
2302 2388 2435 2420 reconci-
2448 2387 2482 2429 Dej

553 2443 582 2474 ⁶2.
607 2442 701 2480 item,
734 2441 858 2473 nullum
891 2434 1129 2473 Sacramentfi’m
1159 2441 1277 2482 indiget
1302 2441 1421 2473 institu-
1485 2440 1556 2479 liat,
1582 2441 1626 2473 sic
1649 2444 1696 2473 est
1720 2441 1759 2473 de
1777 2441 1945 2473 dictamine
1962 2441 2039 2482 legis
2056 2440 2227 2479 naturalis,
2245 2449 2325 2482 quae
2342 2441 2437 2473 dictat
2480 2436 2481 2477 ᾖ

464 2495 565 2533 tione,
590 2494 675 2536 quod
700 2497 746 2526 est
768 2503 808 2526 ex
825 2493 961 2525 naturali
980 2494 1166 2532 dictamine3
1184 2494 1238 2526 sed
1265 2494 1421 2535 poeniten·
1485 2493 1603 2525 conteri
1628 2493 1666 2525 de
1691 2497 1817 2534 peccato
1842 2497 1872 2525 et
1896 2493 2057 2525 humiliari
2080 2493 2211 2532 debere,
2237 2502 2309 2525 cum
2333 2493 2437 2535 aliqua

464 2548 507 2579 tia
531 2551 577 2580 est
602 2556 642 2580 ex
668 2547 803 2579 naturali
837 2547 1021 2585 dictamine,
1047 2547 1120 2588 quia
1145 2547 1354 2579 naturaliter⁶
1378 2547 1421 2579 di·
1486 2545 1693 2578 illustratione
1718 2546 1835 2583 fidei³;
1859 2550 1889 2578 et
1913 2546 1957 2578 sic
1986 2546 2047 2578 tale
2076 2546 2302 2578 sacramentale
2334 2546 2436 2588 potius
2449 2542 2483 2578 col

465 2604 526 2632 ctat
550 2600 646 2639 ratio,
672 2600 755 2641 quod
782 2608 914 2641 peccans
936 2603 965 2632 et
982 2599 1143 2632 offendens
1168 2599 1261 2632 debet
1278 2608 1333 2641 per
1350 2608 1420 2641 poe·
1486 2598 1596 2630 habuit
1620 2598 1879 2631 insinuationem
1903 2608 1998 2641 quam
2020 2599 2276 2637 institnvtionerm
2294 2608 2330 2631 eo
2354 2599 2434 2631 enim
2478 2630 2479 2634 ,

465 2653 612 2685 nitentiae
638 2653 848 2685 humilitatem
873 2652 1088 2684 reconciliari:
1114 2661 1188 2693 ergo
1213 2656 1270 2684 etc.
1484 2652 1567 2692 quod
1593 2655 1707 2683 natura
1731 2652 1885 2691 dictabat,
1910 2651 2084 2684 insinuari
2106 2651 2289 2684 sufficiebat.

555 2706 584 2737 3.
609 2706 702 2744 ltem,
734 2714 826 2737 omne
850 2706 1106 2743 Sacramentum,
1131 2704 1215 2746 quod
1240 2704 1418 2736 institutum
1574 2704 1608 2736 Et
1625 2705 1721 2746 aliqui
1739 2705 1909 2736 voluerunt
1925 2705 2039 2743 dicere,
2052 2704 2136 2746 quod
2155 2704 2364 2736 insinuatam
2380 2703 2436 2735 fuit
2449 2714 2483 2770 fili?

466 2762 529 2797 est,
554 2758 709 2790 variatum
736 2762 803 2796 est,
833 2758 885 2789 sed
920 2758 1110 2799 poenitentia
1141 2766 1266 2798 semper
1290 2757 1348 2789 fuit
1380 2757 1419 2789 ab
1483 2760 1554 2789 ante
1572 2757 1695 2798 lapsum
1714 2757 1744 2788 in
1762 2757 1814 2788 illo
1833 2756 1945 2795 verbo,
1963 2757 2090 2789 Genesis
2110 2757 2248 2788 secundo
2261 2756 2287 2787 ς’;
2306 2756 2345 2788 In
2362 2765 2483 2816 qua-{331

2476 2820 2477 2832 1

537 2934 543 2950 ¹
566 2935 610 2960 Hic
630 2942 651 2959 0.
672 2936 695 2959 ΞΖ.
1557 2934 1568 2950 5
1586 2933 1654 2958 Libr.
1675 2934 1690 2958 l.
1712 2934 1744 2958 de
1764 2934 1877 2958 Sacram.
1899 2941 1923 2964 11.
1945 2934 1986 2958 Xl.
2014 2940 2035 2958 c.
2058 2934 2083 2958 3.
2105 2938 2129 2958 01
2150 2933 2172 2958 4.
2193 2933 2242 2958 Csr.
2269 2940 2346 2964 supra
2368 2933 2392 2958 d.
2413 2932 2433 2956 1.
2474 2916 2476 2961 J

536 2978 546 2994 ²
566 2979 632 3004 Libr.
660 2980 675 3004 1,
703 2979 735 3004 de
761 2980 874 3004 Sacram.
901 2986 926 3010 1).
948 2979 989 3003 ix.
1017 2985 1036 3003 0.
1064 2980 1087 3003 2.
1108 2978 1158 3003 Csr.
1183 2986 1261 3009 supra
1289 2985 1348 3010 pag.
1370 2978 1417 3009 13,
1485 2985 1510 3008 11.
1532 2977 1556 3001 11.
1577 2985 1598 3002 a.
1622 2978 1643 3002 1.
1665 2984 1689 3009 q.
1710 2979 1733 3002 2.
1749 2991 1782 2994 —-
1796 2978 1831 3002 De
1851 2976 1951 3003 minoz-2·
1970 2977 2031 3002 vide
2051 2978 2091 3002 liic
2111 2978 2145 3002 lit.
2166 2977 2292 3008 Magistri,
2315 2984 2336 3001 0.
2357 2978 2387 3008 2,
2412 2978 2436 3000 et

466 3027 525 3048 nota
545 3024 568 3047 2.
584 3037 617 3040 -
631 3022 692 3048 Cod.
708 3030 737 3047 aa
758 3022 965 3048 Sacramentum
985 3023 1023 3047 est
1040 3021 1179 3047 materiale
1198 3021 1364 3053 elementum,
1386 3028 1421 3047 ea*
1484 3028 1563 3052 supra
1584 3021 1608 3046 cl.
1634 3021 1670 3045 17.
1692 3028 1715 3052 11.
1738 3021 1764 3046 ll.
1784 3029 1806 3046 a.
1828 3022 1851 3046 1.
1872 3029 1896 3053 q.
1919 3022 1941 3045 1.

466 3066 673 3101 sanctificatione
686 3066 804 3100 qratiam
815 3066 972 3092 inrt‘sz‘bllem
983 3066 1129 3100 conferens,
1143 3073 1177 3091 (παῖ
1186 3065 1358 3092 similitudine
1372 3070 1419 3091 etc.
1554 3065 1564 3081 6
1584 3065 1646 3090 0011.
1667 3066 1686 3090 G
1706 3065 1849 3091 naturalis.
1870 3066 1925 3090 Mox
1946 3073 1993 3097 pro
2012 3072 2125 3098 peccans
2144 3065 2201 3090 cod.
2222 3066 2241 3089 Α
2261 3064 2397 3091 eoecedens.
2473 3099 2474 3103 Ἰ

536 3111 546 3127 3
567 3111 639 3136 Vers.
675 3111 721 3136 17:
752 3111 846 3136 Exinde
875 3112 960 3142 coepit
985 3111 1054 3135 lesus
1082 3110 1233 3141 praedicare
1263 3113 1286 3134 et
1316 3110 1419 3134 dicore:
1554 3108 1565 3125 7
1587 3110 1657 3134 Vers.
1683 3109 1719 3134 17.
1734 3123 1769 3127 -
1788 3110 1848 3142 Seq.
1870 3110 1942 3134 locus
1962 3112 1999 3134 est
2023 3109 2086 3134 ibid.
2109 3110 2138 3140 3,
2159 3110 2187 3140 ‘2;
2215 3109 2303 3134 tertius
2322 3108 2384 3133 ibid.
2404 3108 2431 3139 8,
2472 3124 2474 3138 1

468 3155 649 3180 Poenitentiam
676 3156 742 3186 agite
767 3159 813 3180 010.
840 3154 890 3180 Csr.
916 3162 995 3186 supra
1020 3154 1045 3179 d.
1067 3155 1090 3179 3.
1109 3161 1134 3186 p.
1162 3155 1188 3179 11.
1212 3161 1234 3178 a.
1262 3154 1284 3178 11.
1306 3161 1330 3185 q.
1353 3154 1374 3178 sl.
1395 3154 1419 3177 in
1486 3153 1514 3178 4:
1537 3153 1621 3181 Vnde,
1643 3153 1749 3178 ostende
1768 3157 1791 3178 to
1811 3153 1950 3185 sacerdoti3
1972 3156 2079 3185 quartus
2099 3153 2165 3177 loon.
2186 3153 2232 3183 20,
2253 3153 2294 3177 23.

467 3199 516 3223 flue
536 3199 597 3224 1000.
624 3199 655 3224 (le
674 3189 812 3231 baptismo.
837 3214 870 3217 —
893 3199 951 3231 Seq.
979 3199 1050 3224 locus
1069 3202 1107 3224 est
1127 3199 1194 3223 toan.
1223 3199 1251 3230 3,
1277 3198 1305 3229 5;
1332 3198 1420 3223 tertius
1556 3198 1566 3213 8
1587 3198 1651 3223 Vide
1676 3205 1753 3229 supra
1781 3198 1805 3222 d.
1838 3198 1875 3222 17.
1901 3205 1926 3229 1).
1947 3198 1972 3222 ll.
1999 3205 2020 3222 a.
2053 3198 2072 3221 1.
2100 3204 2123 3229 q.
2150 3198 2169 3222 1.
2198 3197 2221 3221 in
2243 3203 2315 3227 corp.
2337 3209 2372 3214 --
2388 3196 2433 3220 Pro
2472 3200 2473 3203 ’

468 3243 529 3267 Luc.
560 3244 601 3273 13,
623 3244 647 3268 55.
1485 3248 1547 3267 cum
1566 3242 1622 3266 Vat.
1650 3243 1746 3267 tamen.
1772 3242 1827 3266 Mox
1848 3247 1895 3272 pro
1915 3239 2111 3267 sacramentale
2131 3239 2205 3265 codd.
2225 3240 2243 3264 Ε
2255 3240 2272 3264 L
2284 3239 2305 3263 Μ
2318 3239 2337 3263 Τ
2350 3239 2369 3264 U
2388 3237 2433 3264 Sa·
2471 3243 2472 3247 ¹

539 3284 548 3300 ⁴
568 3286 592 3309 ln
611 3293 631 3310 0.
648 3286 669 3311 4.
684 3288 770 3317 agitur
784 3287 816 3312 de
831 3287 909 3312 modo
929 3287 1053 3312 offerendi
1075 3288 1170 3312 hostias
1190 3294 1237 3318 pro
1258 3290 1363 3318 peccalo
1383 3293 1420 3311 sa·
1486 3286 1664 3311 crumentum.
2470 3306 2471 3322 ,

469 3328 593 3359 ‹yffi-dotis,
615 3330 739 3360 principis
763 3334 788 3354 01
817 3330 986 3355 multitudinis
1007 3337 1053 3361 per
1072 3331 1245 3362 ignorantiam
1265 3330 1418 3361 commisso,
1555 3329 1566 3345 ‘³
1587 3330 1658 3354 Vers.
1685 3329 1766 3354 17:1r1
1787 3335 1953 3361 quocumque
1968 3329 2036 3353 enim
2057 3328 2097 3353 die
2112 3327 2256 3353 comederis
2275 3330 2321 3352 etc.
2344 3326 2432 3359 [Attin-
2470 3357 2471 3361 Ἰ

469 3371 493 3395 111
514 3377 535 3395 0.
556 3371 580 3395 ij,
602 3378 649 3402 pro
670 3376 774 3403 11000010
794 3380 824 3398 ex
845 3374 943 3399 silentio
963 3375 1078 3399 veritatis
1097 3378 1144 3399 010.
1486 3373 1554 3403 gitur
1573 3373 1726 3405 peccatam,
1748 3375 1866 3404 respectu
1888 3373 1961 3397 cuius
1980 3374 2018 3397 est
2037 3370 2213 3403 poenitentia]
