2483 3882
294 562 412 584 Conclusio.

315 667 377 688 Ratio
393 666 414 687 1.

316 881 379 902 Ratio
392 881 412 901 2.

268 1329 299 1350 De
312 1328 416 1349 sufficIen-

277 1355 307 1375 tia
316 1355 417 1375 triumco-

278 1381 407 1408 gnationum.

336 1407 377 1428 Via
393 1407 411 1428 ί.

338 1619 379 1640 vta
393 1619 414 1639 2.

274 2893 429 2915 Fundamenta.

784 351 801 373 c
811 351 829 374 o
838 352 859 373 N
869 350 886 372 c
896 351 913 372 L
923 351 943 373 u
953 350 968 372 ε
977 350 987 372 1
996 349 1023 372 o.

540 422 696 464 Coqnatzo
722 420 835 462 legalis
859 424 906 451 est
927 419 1063 462 aliquod
1085 418 1266 450 vinculum.

517 501 717 531 RESPONDEO:
743 498 934 536 Dicendum,
957 497 1041 539 quod
1066 501 1113 529 est
1135 505 1253 538 ponere
1274 496 1380 529 vincu-

430 553 494 584 lum
520 551 711 592 cognationis
736 550 870 592 leyalis;
893 550 952 582 hoe
976 554 1082 582 autem
1112 549 1274 582 vinculum
1299 553 1381 581 tran-

428 608 567 636 sumtum
593 607 639 635 est
663 607 693 635 et
717 602 811 634 habet
827 602 979 643 originem
997 612 1015 634 a
1031 601 1214 643 cognatione
1231 601 1380 640 carnali,

429 657 509 689 sicut
533 660 563 688 et
587 656 729 697 cognatio
759 655 950 697 spiritualis
966 655 985 686 ¹.
1010 655 1109 687 Patris
1139 655 1223 687 enim
1247 655 1381 688 carnalis

429 713 475 741 est
498 708 598 740 filium
623 716 774 749 generare
799 711 829 740 et
853 707 953 740 tilium
979 708 1133 746 educare;
1158 708 1306 749 quoniam
1329 708 1381 749 igi-

428 766 480 794 tur
505 770 559 802 per
584 761 822 793 Sacramentum
852 761 1097 802 regenerationis
1121 764 1168 792 est
1191 760 1381 802 spiritualis

429 814 604 857 generatio,
628 813 701 846 hinc
725 817 789 853 est,
814 814 898 855 quod
916 814 1112 846 contrahitur
1129 814 1319 855 spiritualis
1335 823 1382 846 co-

429 868 542 909 gnatio.
560 885 603 889 ——
619 867 770 904 Rursus,
795 866 944 908 quoniam
970 866 1000 898 in
1024 866 1191 908 adoptione
1212 866 1246 898 fit
1263 875 1384 899 assum-

426 921 467 952 tio
492 919 626 952 alicuius
650 919 690 951 ad
715 922 819 951 actum
841 923 1020 960 paternum,
1042 919 1095 961 qui
1113 923 1160 951 est
1175 919 1292 958 fovere,
1309 919 1383 952 edu-

427 982 516 1009 care,
542 972 770 1013 possessionem
797 972 972 1011 dimittere3
997 972 1069 1004 hinc
1092 975 1155 1010 θεῖ,
1174 971 1259 1013 quod
1276 975 1323 1004 θεῖ
1339 972 1382 1004 ibi

427 1025 556 1057 affectus
571 1024 580 1039 ²
614 1028 766 1066 paternus
795 1029 825 1057 et
849 1024 1006 1064 officium,
1031 1034 1066 1056 ac
1091 1033 1147 1066 per
1172 1025 1230 1057 hoc
1255 1024 1382 1066 aliquod

426 1077 611 1115 vinculum3
635 1078 694 1109 hoc
718 1082 823 1110 autem
849 1088 867 1110 a
892 1078 1013 1119 legibus
1039 1081 1193 1110 statutum
1218 1081 1266 1110 est
1290 1078 1318 1109 in
1338 1086 1384 1110 εο-

426 1130 535 1162 latium
555 1130 711 1169 filiorum,
729 1131 812 1172 quod
831 1134 878 1163 est
894 1130 1071 1162 maximum
1089 1130 1170 1162 iuter
1187 1133 1291 1163 cetera
1307 1130 1383 1172 ipsis

427 1183 609 1224 coniugatis.
628 1202 671 1206 ——
688 1183 722 1215 Et
739 1184 783 1216 sic
799 1187 903 1224 patet,
928 1183 1086 1225 quomodo
1111 1184 1253 1225 cognatio
1275 1183 1384 1225 legalis

427 1236 465 1267 sit
490 1235 662 1267 vinculum.

516 1288 543 1320 Si
563 1292 668 1320 autem
686 1291 859 1329 quaeratur
876 1288 1063 1320 sufficientia
1080 1288 1195 1321 harum
1223 1288 1319 1320 trium
1338 1297 1384 1320 co-

429 1341 629 1381 gnationum,
655 1340 773 1373 scilicet
797 1340 967 1378 ccm‘mtlz's,
991 1340 1181 1382 spiritualis
1203 1344 1233 1372 θῖ
1250 1340 1384 1382 tapetiis,-

428 1394 615 1432 diceudum,
648 1394 732 1435 quod
757 1394 923 1435 tripliciter
947 1397 1049 1436 potest
1072 1394 1169 1426 sumi:
1195 1402 1259 1426 uno
1292 1394 1384 1426 modo

427 1456 522 1489 penes
547 1447 700 1489 triplicem
719 1447 834 1489 leyem,
852 1456 870 1479 a
894 1456 956 1489 qua
980 1450 1043 1486 θεῖ,
1068 1447 1186 1479 scilicet
1210 1447 1309 1488 legem
1328 1457 1385 1479 na-

430 1500 590 1538 curatam,
616 1500 767 1532 divinam
783 1504 814 1532 et
831 1500 931 1542 legem
952 1500 1142 1541 positivam.
1167 1500 1327 1541 Quantum
1344 1499 1384 1532 ad

430 1553 565 1595 primam
590 1557 636 1585 est
665 1553 807 1595 cognatio
839 1552 1008 1591 cctmmlz's,
1034 1557 1187 1594 quantum
1213 1553 1253 1585 ad
1279 1561 1386 1585 secun-

431 1607 503 1638 dam
527 1606 728 1647 spiritualis,
751 1609 904 1648 quantum
929 1606 970 1638 ad
994 1606 1118 1638 tertiam
1137 1605 1259 1648 legalis.
1277 1612 1321 1628 ’-
1337 1606 1385 1638 Se-

431 1659 535 1691 cundo
553 1659 645 1691 modo
662 1663 764 1700 potest
781 1659 863 1691 sumi
881 1667 977 1700 penes
995 1658 1073 1691 illud
1090 1659 1178 1701 quod
1194 1658 1384 1700 respiciunt.

433 1711 505 1743 Tria
529 1712 611 1743 enim
636 1714 710 1743 sunt
734 1712 765 1743 in
789 1711 879 1743 nobis
896 1711 993 1743 bona:
1016 1711 1133 1743 honum
1161 1714 1310 1750 naturae,
1335 1711 1387 1743 bo-

431 1772 507 1795 num
533 1764 650 1804 gratiae
674 1766 705 1796 et
728 1764 846 1796 bouum
871 1764 1037 1801 fortunae3
1061 1767 1091 1796 et
1116 1764 1234 1795 bonum
1253 1767 1386 1796 naturae

430 1817 558 1858 respicit
590 1816 732 1858 cognatio
762 1816 932 1854 carnalis,
957 1816 1075 1848 honum
1101 1816 1219 1857 gratiae
1243 1817 1386 1858 cognatio

430 1869 640 1911 spiritualis,
658 1870 776 1902 bonum
794 1878 870 1902 vero
886 1870 1030 1902 fortunae
1048 1869 1189 1911 cognatio
1207 1869 1330 1911 tepolis.
1343 1888 1387 1892 —

1416 1764 1421 1906 Ι

1184 253 1469 285 SENTENTIARUM
1494 252 1562 283 Ltss.
1587 252 1633 285 [V.

1444 339 1548 371 Tertio
1573 339 1666 371 modo
1691 340 1752 378 sic,
1776 343 1812 371 ut
1836 340 1977 381 cognatio
2002 341 2138 373 carnalis
2161 342 2307 384 respiciat
2322 351 2450 375 ear-via
2463 352 2481 374 3.

1444 401 1535 429 uem,
1561 392 1735 433 spiritualis
1759 392 1929 431 animam,
1954 392 2063 434 legalis
2088 402 2163 425 vero
2181 398 2282 426 totum
2299 394 2398 427 homi-

1443 454 1527 476 nem.
1543 463 1587 468 —
1604 445 1654 477 His
1679 445 1771 484 visis,
1795 445 1885 477 facile
1909 449 1956 477 est
1979 446 2108 478 obiectis
2133 447 2333 487 respondere.

1536 498 1563 529 1.
1587 497 1631 530 Ad
1656 497 1734 530 illud
1752 497 1833 530 enim
1852 498 1936 540 quod
1954 498 2117 537 obiicitur,
2134 499 2218 540 quod
2235 499 2320 532 filius
2336 509 2398 532 non
2425 509 2483 540 suini

1445 553 1547 591 potest
1570 550 1721 592 adoptare
1745 553 1866 591 patrem
1881 563 1888 589 3
1906 550 2086 589 dicendum,
2103 551 2187 593 quod
2205 551 2285 584 sicut
2301 551 2331 583 in
2348 561 2399 584 na·
2412 538 2483 562 ¹³⁰⁸¹⁸⁰¹

1447 602 1603 635 turalibus
1627 606 1717 644 pater
1741 607 1870 644 generat
1893 603 2012 642 filium,
2036 613 2097 635 non
2123 613 2140 636 e
2163 613 2332 643 converso,
2357 605 2400 637 ita

1446 658 1476 687 et
1500 655 1529 687 in
1555 655 1709 697 legalibus
1733 655 1832 697 patris
1853 659 1900 688 est
1916 656 2067 697 adoptare
2084 656 2202 694 filium,
2220 665 2281 688 non
2298 666 2315 689 e
2331 666 2400 689 con-

1446 716 1547 740 verso.
1573 707 1649 739 Nam
1674 708 1800 750 adoptio
1824 712 1871 741 est
1895 709 2051 750 quaedam
2075 709 2269 750 generati0³.

1535 762 1563 793 02.
1590 761 1633 793 Ad
1659 761 1738 793 illud
1770 761 1854 802 quod
1887 761 2044 800 obiicitur,
2069 762 2153 803 quod
2186 771 2294 794 omnes
2325 762 2400 795 iusti

1447 819 1519 847 suut
1543 814 1598 846 filii
1623 814 1762 856 adoptivi
1786 814 1859 853 Dei;
1879 815 2072 853 dicendum,
2094 815 2179 856 quod
2196 815 2276 847 sicut
2292 824 2401 848 omnes

1447 877 1558 900 sumus
1582 876 1604 899 ct
1628 867 1712 905 Deo,
1739 871 1841 899 tamen
1866 876 1928 899 non
1953 876 2064 899 sumus
2081 876 2190 900 omnes
2207 867 2402 909 consanyui-

1446 919 1517 957 wei,
1542 920 1688 961 quamvis
1714 919 1887 952 habeamus
1912 928 2011 951 unum
2032 923 2173 961 patrem,
2190 928 2247 961 pro
2263 928 2300 952 eo
2317 919 2401 961 quod

1447 973 1514 1013 ipse
1531 976 1578 1004 est
1594 971 1785 1014 principium
1807 981 1973 1004 commune
1984 985 1992 1010 ;
2011 972 2063 1004 sed
2091 972 2217 1014 quando
2233 972 2273 1004 ab
2290 972 2401 1004 eodem

1447 1029 1537 1067 patre
1554 1025 1670 1057 carnali
1697 1033 1897 1066 generamur,
1914 1025 2069 1057 hahemus
2086 1025 2214 1066 aliquod
2239 1025 2402 1057 vinculum

1448 1078 1601 1120 speciale:
1628 1078 1671 1110 sic
1695 1078 1725 1110 in
1751 1078 1910 1119 proposito
1934 1081 2057 1120 oportet
2081 1078 2263 1119 intelligere.

1537 1131 1566 1163 3.
1592 1131 1635 1163 Ad
1660 1130 1739 1163 illud
1764 1130 1848 1172 quod
1873 1130 2037 1170 obiicitur,
2062 1131 2145 1172 quod
2170 1131 2202 1162 iu
2227 1130 2315 1162 nobis
2340 1139 2401 1162 non

1448 1188 1494 1217 est
1518 1184 1577 1216 nisi
1602 1184 1707 1216 anima
1731 1187 1761 1216 et
1785 1193 1921 1224 corpus;
1948 1183 2135 1222 dicendum,
2152 1183 2237 1225 quod
2260 1192 2322 1215 non
2339 1187 2402 1215 tan·
2417 1196 2482 1219 notan

1448 1241 1515 1270 tum
1541 1237 1571 1269 in
1596 1236 1779 1269 hominibus
1810 1236 1869 1268 ista
1897 1236 2122 1274 attenduntur,
2146 1236 2200 1268 sed
2225 1236 2319 1268 etiam
2351 1236 2402 1268 ad-

1448 1290 1553 1322 iuncta
1578 1292 1710 1331 possunt
1724 1289 1753 1327 ⁴¹3
1778 1292 1809 1321 et
1825 1289 1980 1331 quaedam
1999 1289 2171 1330 respiciunt
2186 1288 2323 1320 animam
2341 1297 2403 1320 ma-

1448 1343 1512 1384 gis,
1536 1342 1692 1383 quaedam
1724 1341 1825 1383 magis
1857 1350 1989 1383 corpus,
2014 1341 2169 1383 quaedam
2202 1341 2301 1383 magis
2333 1349 2402 1373 con-

1449 1395 1609 1434 iunctum,
1634 1399 1669 1427 ut
1701 1398 1802 1436 patet,
1827 1403 1899 1427 cum
1925 1394 2060 1426 dicitur:
2085 1394 2180 1426 homo
2210 1393 2401 1435 intelligens,

1448 1447 1541 1480 albus
1565 1450 1595 1480 et
1617 1447 1756 1480 risibilis.
1776 1447 1914 1479 Primum
1931 1450 1978 1480 est
1995 1447 2114 1479 ratione
2136 1447 2276 1485 animae;
2294 1455 2403 1479 secun-

1449 1500 1525 1532 dum
1551 1500 1671 1532 ratione
1695 1499 1855 1541 corporis3
1872 1499 2000 1531 tertium
2025 1499 2146 1531 ratione
2166 1499 2339 1531 coniuncti:
2358 1498 2403 1531 sie

1449 1553 1481 1584 in
1504 1552 1665 1594 proposito
1689 1556 1792 1594 potest
1815 1552 1956 1594 intelligi.

1538 1607 1567 1638 li..
1593 1606 1636 1638 Ad
1662 1606 1740 1638 illud
1766 1606 1850 1647 quod
1875 1605 2038 1645 obiicitur,
2070 1606 2156 1647 quod
2185 1615 2245 1637 ΠοΠ
2270 1609 2317 1637 θεῖ
2340 1605 2404 1637 vin-

1450 1659 1557 1692 culum
1582 1663 1790 1701 perpetuum3
1808 1659 1995 1697 dicendum,
2013 1659 2096 1700 quod
2116 1659 2179 1691 duo
2197 1662 2269 1691 sunt
2286 1659 2316 1690 in
2333 1658 2404 1690 ado-

1449 1712 1575 1754 ptione:
1601 1715 1631 1745 et
1654 1714 1701 1744 est
1714 1711 1725 1726 ⁵
1748 1711 1932 1744 dominium
1950 1715 1981 1744 et
1997 1711 2163 1751 subiectio,
2180 1715 2211 1744 et
2228 1712 2286 1744 hoc
2302 1713 2404 1753 potest

1451 1765 1591 1797 amoveri
1615 1774 1672 1807 per
1696 1765 1996 1806 emancipationem3
2021 1768 2051 1797 et
2074 1768 2121 1797 est
2141 1764 2296 1807 quaedam
2314 1763 2405 1796 lione-

1451 1818 1548 1850 statis
1572 1817 1733 1860 allzyatz'o,
1759 1826 1839 1859 quae
1871 1827 1933 1849 non
1965 1817 2128 1859 relinquit,
2153 1826 2194 1850 ex
2219 1826 2281 1859 quo
2306 1816 2404 1849 semel

1450 1869 1543 1902 alicui
1569 1869 1659 1902 inest.

1270 1998 1566 2039 SGHOLION.

503 2116 519 2139 Ι.
539 2115 564 2139 In
585 2115 740 2139 Pracnotatis
754 2114 778 2139 S.
798 2114 893 2139 Doctor
906 2113 1040 2145 distinguit
1060 2113 1191 2145 duplicem
1204 2114 1383 2145 adoptionem:

431 2158 587 2192 perfectam,
609 2165 676 2190 quae
701 2161 809 2183 vocatur
834 2156 988 2190 (irrogatio,
1016 2161 1040 2183 et
1059 2156 1248 2191 imperfectam.
1270 2157 1308 2182 Ad
1334 2158 1386 2188 pri-

432 2210 501 2227 mam
521 2203 674 2234 requiritur,
694 2204 722 2227 ut
735 2202 873 2233 adoptatus
892 2202 1031 2227 reducatur
1051 2203 1074 2226 in
1090 2204 1242 2233 potestatem
1263 2202 1386 2233 adoptan-

432 2247 476 2279 tisy
497 2246 567 2278 quod
582 2252 633 2270 non
648 2248 731 2277 potest
746 2246 815 2277 fieri,
835 2245 940 2278 quando
960 2252 1010 2270 non
1024 2248 1062 2271 est
1081 2246 1120 2270 sui
1134 2246 1197 2270 iuris
1215 2253 1240 2270 v.
1262 2253 1286 2277 g.
1301 2245 1387 2271 adhuc

432 2292 525 2316 vivens
538 2290 587 2315 sub
601 2293 726 2322 potestate
745 2291 838 2322 pati-is,
854 2290 901 2315 nisi
922 2289 977 2315 talis
993 2291 1025 2314 sit
1037 2289 1220 2322 emancipatus
1234 2297 1246 2314 a
1261 2291 1387 2321 principe.

434 2335 487 2360 Hoc
505 2334 720 2366 impedimentum
734 2342 748 2359 a
762 2335 817 2359 iure
837 2335 905 2359 civili
924 2334 1041 2359 Romano
1054 2333 1229 2359 introductum
1249 2336 1274 2359 et
1293 2333 1326 2359 ab
1346 2334 1389 2358 Ec-

434 2379 509 2404 clesia
529 2382 662 2410 receptum
677 2382 728 2411 est,
743 2379 776 2404 ita
796 2380 824 2403 ut
843 2385 894 2403 ΠοΠ
914 2378 1022 2410 incidat,
1037 2378 1083 2403 nisi
1098 2377 1204 2409 adoptio
1219 2378 1250 2402 sit
1259 2377 1388 2411 perfecta.

1521 2114 1556 2139 Dc
1583 2115 1622 2139 liis
1648 2114 1730 2140 trihus
1756 2114 1963 2147 quaestiouibus,
1992 2115 2042 2139 iam
2069 2115 2158 2139 solutis
2184 2115 2239 2139 iure
2265 2115 2403 2145 canonico,

1449 2165 1542 2183 omnes
1567 2158 1636 2183 idem
1662 2159 1787 2190 sentiunt,
1814 2158 1886 2183 aliter
1912 2162 1996 2183 tamen
2023 2159 2187 2190 quaestiones
2212 2157 2340 2182 dividunt.
2368 2157 2404 2182 De

1449 2201 1548 2226 eisdem
1568 2204 1662 2233 agunt:
1676 2202 1750 2232 Scot.‚
1771 2202 1811 2226 hic
1831 2209 1855 2233 q.
1875 2202 1950 2226 unica
1971 2209 1995 2226 u.
2016 2201 2039 2226 3.
2054 2216 2087 2219 —
2101 2202 2126 2226 S.
2148 2201 2250 2232 Thom.‚
2270 2201 2311 2226 liic
2330 2208 2355 2233 q.
2376 2201 2400 2225 2.

1451 2252 1472 2270 a.
1495 2245 1552 2277 4-3;
1572 2245 1662 2276 Suppl.
1684 2252 1708 2277 q.
1729 2245 1770 2270 57.
1790 2252 1813 2270 a.
1838 2245 1888 2270 11-3.
1909 2259 1944 2263 —
1964 2245 1989 2270 Β.
2016 2245 2125 2275 Albert.‚
2156 2246 2196 2270 liic
2221 2252 2243 2270 a.
2272 2244 2344 2269 7-14.
2371 2258 2405 2262 —

1451 2290 1516 2314 Petr.
1536 2296 1549 2314 a
1570 2290 1646 2320 Tar.,
1667 2290 1708 2314 liic
1728 2296 1752 2321 q.
1773 2290 1796 2314 2.
1817 2296 1839 2314 a.
1861 2289 1913 2314 11-3.
1934 2303 1968 2307 —
1987 2289 2107 2314 Richard.
2127 2296 2141 2314 a
2160 2289 2239 2319 Med.y
2260 2290 2301 2314 hic
2329 2296 2350 2313 a.
2380 2289 2404 2314 2.

1453 2340 1477 2365 q.
1500 2333 1596 2358 ig„
1617 2333 1745 2365 Duraud.‚
1768 2333 1809 2358 hic
1828 2340 1853 2365 q.
1874 2334 1897 2358 2.
1918 2346 1951 2350 ——
1971 2333 2075 2364 Dionys.
2095 2332 2194 2364 Carth.‚
2215 2333 2255 2358 liic
2276 2340 2299 2365 q.
2321 2333 2404 2358 unica.

1298 2501 1482 2543 QUAEsrio
1506 2502 1538 2533 11.

900 2610 1017 2641 Utrum
1041 2609 1193 2651 coquo-tio
1219 2608 1332 2651 leyctlz's
1356 2608 1468 2640 debeat
1491 2608 1650 2650 impedire
1674 2608 1936 2640 matrimonium.

523 2725 667 2757 Secundo
695 2724 870 2766 quaeritur,
895 2728 1003 2756 utrum
1033 2724 1175 2765 cognatio
1199 2723 1309 2765 legalis
1339 2724 1390 2756 de-

435 2777 506 2809 beat
530 2777 682 2819 impedire
708 2777 953 2809 matrimonium.
981 2777 1015 2809 Et
1038 2777 1122 2818 quod
1141 2777 1199 2816 sic,
1224 2776 1358 2809 videtur.

528 2831 554 2861 l.
579 2829 679 2862 Causa
703 2829 881 2871 trigesima,
906 2829 1087 2871 quaestione
1112 2829 1246 2868 tertia⁶‚
1268 2829 1321 2861 Ita
1345 2829 1390 2860 di-

440 2882 549 2924 hym-e,
573 2882 718 2914 Nicotaus
749 2882 831 2924 Papa
863 2882 954 2921 dicit,
978 2887 1009 2914 et
1032 2882 1168 2914 habetur
1201 2882 1231 2913 iu
1263 2882 1388 2914 littera:

443 2948 457 2963 «
475 2935 555 2967 Inter
579 2944 632 2967 eos
655 2944 716 2966 non
735 2935 933 2967 contrahitur
950 2935 1185 2967 matrimonium
1197 2960 1205 2974 ‚
1223 2944 1302 2976 quos
1318 2935 1390 2966 ado·

437 2988 500 3029 ptio
524 2988 670 3030 iungit».

509 3169 515 3184 ¹
538 3169 602 3194 Vide
622 3176 699 3201 supra
721 3177 742 3194 a.
766 3170 787 3194 l.
808 3177 832 3202 q.
855 3171 877 3194 ῚῚ1.
892 3185 923 3187 -
940 3171 986 3195 Pro
1006 3171 1191 3196 trcmsumlum
1213 3170 1270 3195 cod.
1286 3170 1302 3194 Ρ
1322 3170 1392 3195 tran-

436 3212 595 3244 sumtt'uum,
618 3214 674 3238 cod.
695 3214 716 3245 Q
736 3214 919 3240 trausztmtz't’e.

506 3256 516 3272 2
538 3257 600 3282 lidd.
620 3257 734 3290 effectus.

508 3299 519 3315 3
538 3301 675 3332 lastiniam„
698 3302 713 3326 l.
734 3302 839 3327 institut.
855 3302 981 3333 imperial.
1000 3302 1032 3327 dc
1052 3302 1242 3334 Adoptiouibus
1263 3302 1308 3333 (tit.
1331 3301 1391 3333 ‘l=l.),

441 3342 479 3367 lex
497 3343 558 3368 Nou.
576 3343 664 3370 solum
684 3345 738 3376 (1.),
758 3345 773 3376 ‘5
792 3345 924 3371 Minorem
937 3347 1018 3378 ηαίιι,
1035 3347 1082 3371 ait:
1097 3346 1209 3378 Adoptio
1229 3346 1297 3371 enim
1317 3348 1390 3371 natu-

440 3393 496 3411 ram
516 3388 636 3413 imitatur.

1543 2725 1571 2755 Ξ.
1596 2723 1690 2762 Item,
1714 2723 1843 2755 racione
1863 2723 2006 2755 videtur:
2032 2723 2106 2764 quia
2129 2722 2210 2754 alius
2233 2724 2279 2754 est
2302 2725 2333 2753 et
2356 2721 2406 2753 de-

1453 2776 1506 2808 bet
1529 2784 1598 2808 esse
1621 2776 1752 2808 affectus
1775 2779 1926 2817 paternus
1943 2779 1973 2807 et
1991 2775 2141 2807 maritalis
2157 2775 2184 2806 ⁷:
2203 2774 2226 2805 si
2245 2783 2319 2815 ergo
2335 2773 2406 2805 ado-

1455 2832 1546 2870 ptans
1576 2828 1714 2869 aliquam
1749 2832 1872 2860 tenetur
1904 2837 1973 2860 eam
2004 2831 2138 2860 tractare
2162 2827 2324 2859 affectione
2355 2835 2405 2868 pa-

1454 2885 1561 2920 terna,
1586 2890 1660 2922 ergo
1689 2881 1870 2913 nullatenus
1901 2883 2003 2922 potest
2034 2889 2090 2912 nec
2122 2880 2214 2912 debet
2244 2879 2405 2911 affectione

1454 2934 1567 2966 mariti.

1544 2986 1572 3019 3.
1597 2987 1689 3025 item,
1715 2986 1906 3028 cognationis
1931 2986 2093 3018 vinculum
2119 2985 2250 3027 impedit
2277 2987 2405 3026 propter

1526 3168 1537 3185 ⁴
1557 3169 1668 3200 Supple:
1684 3169 1786 3194 attendi.
1798 3168 1860 3193 Edd.
1873 3167 2052 3199 coniunctum,
2067 3168 2161 3192 omisso
2170 3167 2289 3199 possunt.
2301 3166 2407 3191 Inferius

1456 3220 1504 3244 pro
1519 3212 1676 3246 intellimus,
1690 3212 1760 3245 quod
1776 3212 1863 3243 plures
1878 3211 1952 3236 codd.
1968 3212 2095 3242 omittunt,
2109 3210 2183 3235 codd.
2196 3210 2241 3234 FG
2256 3209 2405 3235 rationalis.

1528 3256 1538 3273 ⁵
1557 3258 1603 3282 Pro
1623 3258 1649 3282 eb
1665 3257 1703 3282 est
1722 3256 1781 3281 edd.
1800 3255 1907 3287 scilicet,
1924 3259 1947 3280 ct
1961 3254 2025 3281 haec
2043 3255 2155 3288 possunt
2175 3261 2222 3286 pro
2242 3253 2291 3280 hoc
2312 3254 2405 3286 potest.

1455 3301 1503 3326 Pro
1522 3301 1641 3334 alliyutz'o
1662 3301 1719 3325 cod.
1739 3301 1757 3325 Z
1777 3299 1909 3333 obligyatio.

1524 3345 1535 3361 6
1554 3345 1614 3370 Cau.
1639 3345 1657 3369 1.
1679 3345 1803 3376 allegatus
1823 3345 1864 3369 liic
1884 3345 1908 3368 in
1929 3344 1962 3369 lit.
1984 3344 2110 3375 Magistri,
2132 3349 2154 3368 c.
2174 3343 2198 3367 3.

1525 3389 1536 3405 7
1556 3389 1621 3414 Vide
1641 3396 1718 3420 supra
1739 3389 1764 3414 d.
1786 3388 1826 3413 40.
1847 3396 1871 3421 q.
1893 3389 1915 3413 2.
1937 3389 1960 3412 in
1981 3394 2052 3419 corp.
