2483 3882
312 1682 346 1703 Ad
360 1684 444 1710 opposi-

350 1711 400 1730 tnui.

463 223 526 256 394

1321 372 1509 436 Quinsrio
1528 396 1548 427 i.

1155 506 1273 538 Utrum
1297 506 1449 539 contritio
1472 506 1575 548 possit
1598 507 1730 538 intendi.

546 619 633 651 Circa
657 619 814 660 primum,
839 618 924 660 quod
948 618 1045 659 possit
1070 618 1206 656 intendi,
1232 617 1373 650 videtur:

550 673 576 703 l.
601 672 680 712 Quia
697 671 841 704 contritio
865 674 912 703 est
931 674 1020 703 actus
1036 670 1171 702 alicuius
1195 670 1336 707 virtutis;
1354 670 1409 702 sed

299 725 617 768 Fundamenta.quaelil)et
640 725 741 756 virtus
765 727 866 766 potest
890 724 1027 762 intendi,
1044 727 1079 756 ut
1104 724 1134 755 in
1152 723 1275 765 primo¹
1301 723 1407 764 proba-

458 782 524 810 tum
550 782 598 810 est
629 777 668 809 de
692 777 837 814 caritate;
862 776 916 809 sed
948 779 1150 818 augmentata
1174 776 1242 808 eius
1273 776 1408 815 virtute,

458 835 591 872 augetur
616 831 683 863 eius
706 834 827 862 motus:
853 839 928 871 ergo
952 833 1010 862 etc.

547 885 576 915 2.
601 884 694 920 Item,
720 883 750 914 in
775 882 960 915 contritione
984 891 1045 914 non
1070 886 1144 915 sunt
1168 883 1225 915 nisi
1250 883 1327 922 duo,
1354 884 1409 916 sci-

458 937 530 969 licet
554 936 643 968 dolor
671 940 701 968 et
725 936 842 977 gratia,
868 939 898 968 et
929 945 1027 968 unum
1064 939 1112 968 est
1144 936 1225 968 sicut
1247 935 1408 978 formale,

459 990 615 1031 reliquum
643 989 723 1021 sicut
746 988 919 1021 w'zcttert'ale
935 989 962 1027 ἢ
988 989 1042 1021 sed
1067 991 1114 1021 est
1138 989 1302 1030 possibile,
1327 989 1410 1021 dolo-

460 1052 527 1076 rem
553 1043 582 1074 in
608 1042 696 1073 nobis
721 1041 855 1080 intendi,
880 1041 1028 1083 possibile
1059 1045 1106 1074 est
1129 1041 1241 1079 etiam,
1274 1042 1406 1083 gratiam

457 1096 580 1137 augeri:
607 1104 681 1136 ergo
706 1099 763 1127 etc.

546 1148 574 1180 3.
600 1149 692 1186 Item,
710 1149 736 1180 si
753 1157 813 1180 non
839 1151 940 1188 potest
957 1146 1090 1185 intendi,
1115 1155 1191 1187 ergo
1208 1146 1238 1177 in
1263 1146 1410 1178 omnibus

457 1206 503 1234 est
526 1201 668 1243 aequalis
678 1214 685 1240 ς
711 1201 765 1233 sed
797 1200 982 1233 contritione
1011 1199 1166 1231 existente
1197 1199 1338 1240 aequali,
1363 1208 1410 1231 ae-

457 1256 560 1297 qualis
583 1259 630 1287 est
654 1254 832 1286 justificatio
849 1257 880 1285 et
903 1252 1123 1294 gratificatio&
1149 1260 1224 1293 ergo
1240 1261 1349 1284 omnes
1366 1261 1410 1284 se—

456 1308 595 1340 cundum
620 1308 679 1339 hoc
704 1310 807 1339 essent
831 1306 1004 1348 aequaliter
1028 1305 1111 1338 iusti.

544 1361 573 1392 lt.
601 1361 688 1398 item,
715 1361 744 1391 in
777 1359 861 1391 omni
886 1362 958 1391 actu
990 1358 1131 1396 animae,
1156 1358 1185 1389 in
1208 1367 1270 1399 quo
1294 1357 1410 1390 contin-

457 1414 500 1455 git
525 1413 677 1455 proficere
702 1422 756 1454 per
789 1412 1048 1445 assuefactionem
1074 1415 1104 1444 et
1126 1411 1409 1450 continuationem,

458 1467 608 1508 contingit
640 1468 743 1507 ipsum
776 1465 893 1498 intendi
904 1477 912 1504 ;
944 1465 1003 1497 hoc
1027 1467 1132 1506 patet;
1165 1464 1219 1496 sed
1251 1464 1410 1505 profectus

455 1523 502 1552 est
526 1520 557 1551 in
582 1519 840 1561 multiplicatione
866 1518 1060 1551 contritionis
1083 1521 1114 1550 et
1137 1517 1408 1559 frequentatione:

454 1581 529 1614 ergo
553 1576 609 1605 etc.
1391 1614 1394 1615 ⁷

543 1626 687 1657 Comen:
718 1627 743 1656 l.
770 1625 849 1656 Nihil
876 1624 1063 1663 intenditur,
1096 1623 1187 1656 cuius
1217 1623 1410 1664 «impositio

459 1682 505 1711 est
529 1679 559 1710 in
583 1678 718 1710 termino
731 1678 739 1694 ‘¹
757 1690 791 1716 »Ξ
817 1678 871 1710 sed
896 1677 1052 1719 impositio
1084 1676 1279 1709 contritionis
1308 1680 1355 1708 est
1378 1677 1408 1708 iu

456 1732 606 1769 termino,
631 1731 705 1772 quia
730 1730 873 1763 contritio
898 1734 945 1762 est
969 1730 1082 1762 divisio
1114 1729 1143 1761 in
1178 1729 1323 1767 minima3
1354 1730 1409 1761 sed

456 1785 585 1817 minimo
610 1794 668 1816 non
694 1789 741 1817 est
765 1784 885 1816 minus:
912 1792 986 1825 ergo
1010 1786 1067 1815 etc.

544 1840 573 1870 z).
599 1838 691 1875 item,
716 1837 793 1869 nihil
819 1836 1009 1875 intenditur,
1034 1846 1096 1878 quo
1120 1845 1182 1868 non
1208 1839 1308 1877 potest
1331 1836 1410 1877 cogi-

456 1891 511 1923 tari
544 1891 592 1923 vel
617 1900 685 1923 esse
710 1890 851 1928 maius&
876 1890 932 1922 sed
956 1889 1010 1921 illo
1034 1889 1119 1930 quod
1145 1889 1239 1921 habet
1262 1889 1407 1921 effectum

456 1944 630 1981 infinitum,
655 1943 732 1975 nihil
757 1947 859 1985 potest
891 1952 958 1975 esse
988 1943 1107 1981 maius,
1141 1952 1211 1974 cum
1245 1942 1284 1974 sit
1311 1941 1409 1973 intini-

455 2001 541 2029 tum:
568 2006 642 2037 ergo
667 1996 744 2028 nihil
782 1996 841 2028 tale
870 2000 971 2037 potest
1005 1995 1132 2028 intendi.
1169 1995 1229 2027 Sed
1265 1995 1408 2027 contritio

454 2054 501 2082 est
517 2049 716 2088 huiusmodi,
741 2058 813 2081 cum
831 2048 933 2081 deleat
949 2057 1073 2080 omnem
1092 2047 1232 2089 culpam,
1250 2048 1334 2089 quod
1363 2050 1409 2079 est

454 2102 579 2134 virtutis
604 2102 755 2134 infinitae:
782 2111 856 2143 ergo
881 2105 937 2133 etc.

543 2156 572 2187 3.
597 2156 690 2193 item,
715 2164 807 2187 omne
831 2155 916 2196 quod
942 2154 1131 2192 intenditur,
1156 2157 1211 2185 aut
1235 2153 1408 2185 intenditur

454 2218 509 2250 per
535 2218 704 2240 accessum
728 2208 765 2239 ad
793 2217 902 2239 veram
927 2207 1062 2239 nominis
1086 2206 1334 2248 impositionem,
1359 2205 1408 2237 vel

454 2271 510 2303 per
528 2262 776 2303 [temerationem
798 2270 815 2292 a
839 2261 996 2293 contrario
1009 2260 1032 2298 ὴ
1058 2260 1113 2292 sed
1131 2260 1275 2291 contritio
1292 2268 1352 2290 non
1368 2258 1409 2290 in-

455 2315 595 2347 tenditur
611 2324 667 2355 pcr
685 2314 934 2355 deptm'azcssonem
958 2323 975 2345 a
1001 2313 1171 2352 contrario,
1197 2322 1267 2344 cum
1286 2312 1408 2349 statim,

455 2377 527 2400 cum
565 2372 628 2405 est,
653 2368 792 2410 expellat
828 2367 963 2399 totaliter
1000 2375 1124 2398 omnem
1162 2366 1305 2407 cuipam,
1335 2365 1408 2406 quia

455 2421 550 2453 habet
566 2421 698 2462 gratiam
716 2421 933 2457 coniunctam,
958 2428 1014 2451 nec
1032 2428 1087 2460 per
1104 2428 1273 2451 accessam
1298 2419 1335 2450 ad
1355 2418 1408 2449 im-

456 2474 640 2516 positionem
666 2474 800 2505 nominis
820 2482 945 2511 veram,
970 2473 1044 2514 quia
1060 2473 1129 2504 eius
1152 2472 1337 2513 «impositio
1361 2475 1407 2503 est

456 2528 486 2558 in
511 2527 645 2559 termino
660 2538 692 2557 »t
719 2536 793 2567 ergo
818 2529 874 2558 etc.

542 2580 572 2611 li.
598 2579 691 2618 Item,
716 2580 740 2611 si
767 2579 953 2617 intenditur,
979 2582 1034 2610 aut
1057 2587 1131 2619 ergo
1156 2587 1172 2610 a
1192 2577 1329 2619 pratia,
1353 2580 1407 2608 aut

460 2642 477 2664 a
502 2632 600 2664 libero
625 2632 775 2664 arbitrio.
804 2633 824 2663 A
851 2631 949 2663 libero
981 2631 1123 2663 ανΜῑνιό
1146 2640 1226 2669 non,
1258 2630 1406 2671 quoniam

455 2685 598 2717 contritio
621 2689 668 2716 est
704 2688 807 2717 motus
837 2685 1010 2726 gratuitus,
1042 2688 1073 2716 et
1101 2684 1172 2716 talis
1204 2686 1408 2715 mensuratur

456 2738 628 2770 secundum
655 2738 859 2779 quantitatem
886 2738 1033 2778 gratiae,⁴
1047 2737 1100 2769 sed
1118 2739 1323 2778 augmentum
1342 2744 1408 2777 gra-

1219 223 1502 256 SENTENTIARUM
1526 224 1593 255 ΗΒ.
1618 224 1665 256 IV.

1474 618 1535 650 tiae
1559 622 1588 650 et
1613 618 1750 650 caritatis
1783 628 1842 650 non
1868 622 1970 660 potest
2001 628 2068 651 esse
2092 629 2110 650 a
2141 619 2240 651 libero
2275 620 2421 660 arbitrio,
2481 625 2483 655 i

1474 671 1528 703 sed
1554 680 1572 702 a
1596 671 1669 703 Deo.
1694 671 1722 702 Si
1748 680 1765 703 a
1786 671 1924 713 gyratam
1948 675 2083 703 contra:
2109 673 2208 713 gratia
2225 672 2421 706 uniformiter

1474 727 1579 755 movet
1604 723 1737 755 liberum
1763 724 1945 762 arbitrium,
1971 729 2124 766 quantum
2149 730 2196 757 est
2212 725 2250 757 de
2275 734 2324 757 se:
2349 734 2422 767 ergo

1474 785 1534 807 non
1553 775 1678 807 videtur
1695 776 1856 808 intendere
1874 777 1903 808 in
1926 785 1962 808 eo
1986 777 2214 808 contritionem.
2235 777 2420 816 Praeterea,

1474 829 1648 861 secundum
1690 829 1767 861 illud
1804 829 1977 861 attenditur
2019 830 2150 861 intensio
2188 830 2236 862 vel
2277 839 2423 872 augmen-

1474 886 1559 921 tum,
1595 890 1690 923 penes
1725 882 1809 923 quod
1845 882 1985 914 consistit
2020 882 2100 914 ratio
2134 883 2337 924 quantitatis;
2370 884 2422 916 sed

1474 934 1633 976 quantitas
1662 939 1708 966 est
1743 944 1782 966 ex
1821 939 1910 976 parte
1945 935 2146 973 materiaffi,
2171 934 2327 977 formalis
2351 945 2424 969 vero
2480 922 2482 958 1

1474 987 1668 1019 contritionis
1692 987 1771 1018 ratio
1796 987 1899 1028 potius
1924 987 2067 1019 convenit
2092 988 2210 1029 gratiae
2234 998 2328 1030 quam
2359 998 2425 1021 ma-

1475 1039 1623 1071 terialis:
1656 1049 1731 1080 ergo
1755 1040 1929 1071 secundum
1962 1039 2047 1071 illam
2078 1048 2138 1071 non
2168 1040 2341 1072 intenditur
2370 1049 2424 1073 nec

1474 1095 1617 1133 augetur.

1831 1205 2071 1230 CONCLUSIO.

1478 1303 1637 1335 Contricz'o
1652 1307 1754 1344 potest
1771 1303 1896 1334 intendi
1911 1307 2009 1345 atque
2026 1303 2147 1345 augeri
2160 1307 2228 1335 tam
2244 1304 2424 1336 secundam

1563 1355 1728 1398 feruorem
1751 1361 1876 1395 meum,
1903 1361 1972 1388 tam
2000 1357 2181 1389 seeundum
2212 1361 2424 1399 aaymentum

1563 1409 1698 1441 virtutis
1721 1409 1936 1451 poei‘titenlz'ae
1957 1419 2016 1451 per
2037 1409 2189 1451 qratiam
2212 1409 2350 1452 factam.

1565 1516 1759 1548 Responnuo:
1778 1516 1950 1548 Dicendum
1964 1541 1971 1555 ,
1995 1516 2079 1558 quod
2097 1516 2241 1548 contritio
2257 1521 2304 1549 est
2319 1521 2425 1549 motus

1476 1568 1603 1600 virtutis
1626 1569 1746 1601 habens
1770 1569 1986 1611 quantitatem
2010 1569 2163 1607 virtutis,
2189 1569 2269 1601 sicut
2293 1573 2339 1601 est
2369 1569 2426 1601 vir-

1476 1625 1544 1660 tus,
1561 1630 1578 1652 a
1602 1631 1665 1662 qua
1685 1625 1732 1653 est
1745 1622 1763 1652 ³.
1790 1622 1874 1654 Unde
1891 1626 1921 1653 et
1938 1626 2142 1663 augmentum
2167 1626 2198 1654 et
2222 1622 2425 1654 intensionem

1476 1674 1570 1706 habet
1601 1674 1775 1706 secundum
1806 1674 1902 1712 illud,
1926 1684 1944 1706 a
1968 1684 2030 1716 quo
2061 1674 2172 1716 recipit
2203 1675 2425 1716 quantitatem3
2458 1686 2480 1716 Q

1475 1727 1552 1760 haec
1576 1731 1682 1759 autem
1703 1731 1749 1759 est
1769 1727 1877 1758 virtus
1898 1727 2124 1769 poenitentiae.
2150 1728 2235 1760 Unde
2259 1728 2339 1760 sicut
2363 1737 2425 1760 cer-

1476 1783 1541 1811 tum
1567 1784 1630 1818 est,
1655 1780 1816 1812 caritatem
1842 1780 1969 1820 augeri,
1994 1780 2036 1812 ita
2065 1784 2095 1812 et
2118 1781 2358 1822 poenitentiam3
2390 1790 2425 1813 ae
2438 1789 2483 1811 eom

1474 1841 1531 1874 per
1566 1833 1625 1865 hoc
1660 1837 1781 1865 certum
1822 1837 1884 1871 est,
1924 1833 2141 1865 contritionem
2177 1837 2207 1865 et
2238 1833 2363 1865 intendi
2396 1837 2425 1865 et

1474 1885 1602 1928 austri.

1564 1939 1649 1971 Unde
1674 1939 1865 1976 notandum.
1897 1939 1981 1981 quod
2013 1939 2281 1981 quemadmodum
2313 1939 2425 1971 caritas

1475 1993 1590 2025 dicitur
1627 1992 1752 2024 intendi
1785 1996 1939 2033 quantum
1970 1992 2009 2024 ad
2041 1991 2225 2034 feruorem,
2251 1996 2281 2024 et
2308 1992 2427 2034 aayerz'

1475 2049 1627 2086 quantum
1646 2045 1685 2077 ad
1710 2045 1912 2077 essentialem
1933 2045 2105 2083 virtutem
2129 2049 2159 2077 et
2183 2045 2322 2087 primum
2347 2049 2423 2077 esta

1474 2097 1692 2139 cooperatione
1724 2097 1813 2129 liberi
1847 2097 1986 2136 arbitrii,
2020 2097 2194 2130 seeundum
2228 2106 2302 2129 vero
2331 2101 2377 2129 est
2407 2106 2424 2128 a

1475 2151 1556 2182 dono
1580 2150 1740 2183 caelesti&
1767 2151 1808 2182 ita
1833 2155 1862 2182 et
1888 2152 1917 2182 iu
1943 2151 2101 2192 proposito
2125 2154 2248 2192 oportet
2278 2149 2483 2191 intelligi,cmi

1475 2203 1559 2245 quod
1584 2207 1691 2235 motus
1720 2203 1914 2235 contritionis
1946 2202 2126 2246 ferventior
2158 2212 2226 2235 esse
2258 2206 2359 2244 potest
2383 2211 2425 2235 se·
2476 2223 2477 2227 =

1474 2256 1614 2289 cundum
1639 2257 1888 2298 cooperationem
1914 2256 2003 2288 liberi
2032 2256 2163 2288 arbitrii.
2198 2256 2284 2288 Unde
2315 2264 2355 2287 ex
2380 2264 2426 2287 ae-

1473 2310 1558 2351 quali
1584 2310 1683 2351 gratia
1706 2310 1875 2351 aliquando
1894 2309 1992 2350 magis
2015 2309 2140 2341 fervens
2157 2309 2280 2341 elicitur
2307 2313 2423 2347 motus,
2475 2310 2477 2315 “

1474 2363 1644 2405 aliquando
1663 2363 1780 2401 minus,
1805 2362 1979 2395 secundum
1998 2363 2246 2404 cooperationem
2267 2362 2355 2394 liberi
2380 2371 2425 2393 ar·

1474 2416 1568 2448 bitrii.
1593 2416 1651 2448 Sed
1676 2415 1811 2457 proprie
1841 2415 2013 2457 loquendo,
2038 2424 2098 2446 non
2124 2415 2238 2447 dicitur
2269 2413 2483 2455 iiiai'or¹⁰,u0i

1472 2469 1531 2500 nisi
1555 2469 1676 2500 virtute
1700 2468 1907 2510 poeniteutiae
1924 2473 2160 2509 ctz.tgynientata;
2177 2472 2207 2500 et
2228 2468 2285 2499 hoe
2302 2472 2349 2499 est
2369 2476 2423 2508 per

1470 2522 1631 2564 matiam.
1652 2541 1691 2544 -
1710 2522 1932 2554 Concedendae
1958 2521 2052 2561 igitur
2076 2525 2149 2553 sunt
2173 2522 2310 2553 rationes
2326 2526 2423 2553 osten-
2474 2515 2475 2557 i

1473 2575 1599 2613 dentes,
1624 2575 1707 2616 quod
1733 2575 1877 2607 contritio
1902 2574 2000 2616 possit
2024 2574 2151 2606 intendi.

1565 2629 1590 2659 l.
1616 2628 1658 2660 Ad
1685 2628 1761 2660 illud
1788 2628 1872 2669 quod
1901 2628 2060 2665 obiicitur,
2086 2627 2170 2668 quod
2195 2631 2242 2659 est
2266 2626 2377 2658 divisio
2394 2625 2422 2657 in
2449 2633 2483 2657 ssi

1474 2681 1621 2719 minima;
1647 2681 1832 2718 dicendum,
1857 2680 1941 2722 quod
1967 2680 2111 2712 contritio
2144 2683 2174 2712 et
2198 2679 2292 2711 habet
2326 2668 2474 2720 respe-pmf

1472 2738 1555 2765 ctum
1582 2734 1620 2765 ad
1647 2733 1824 2771 obiectum,
1842 2742 1939 2775 supra
1963 2733 2047 2774 quod
2065 2732 2229 2774 dirigitur,
2254 2736 2284 2764 et
2304 2732 2343 2763 ad
2361 2731 2423 2763 vir·
2472 2741 2474 2770 ς’

524 2886 531 2902 ¹
556 2888 615 2913 Uist.
639 2888 680 2912 y17.
703 2895 728 2919 p.
752 2888 776 2912 ll.
798 2895 822 2919 q.
845 2888 866 2911 1.
888 2887 1007 2919 se(1.Csr.
1024 2888 1049 2912 ll.
1066 2888 1134 2912 Sent.
1156 2888 1180 2912 d.
1195 2888 1236 2912 27.
1257 2895 1279 2912 a.
1300 2889 1322 2911 ⁶2.
1338 2895 1363 2919 q.
1380 2889 1404 2917 2,

457 2932 501 2957 ubi
520 2932 551 2957 do
572 2936 711 2964 augmento
731 2932 844 2964 oratioe.

526 2976 537 2991 ²
556 2976 618 3000 Nam
639 2977 756 3000 contritio
777 2978 815 3000 est
844 2975 917 3000 dolor
946 2977 1026 3007 gratia
1055 2976 1215 3000 informatus.
1242 2975 1308 3000 Vide
1328 2982 1407 3006 supra

456 3027 476 3044 a.
503 3021 599 3052 1.(].ν1.
619 3021 643 3044 in
664 3020 730 3050 tine;
751 3028 775 3052 (1.
797 3021 819 3044 2.
841 3020 873 3045 od
893 3021 925 3051 ‘23
947 3027 970 3045 a.
993 3021 1017 3045 2.
1039 3027 1063 3052 (1.
1089 3021 1108 3044 1.
1128 3020 1160 3044 ad
1181 3020 1203 3043 3.
1224 3022 1249 3044 ot
1267 3026 1293 3051 q.
1315 3020 1339 3043 2.
1360 3026 1407 3050 pro

459 3068 531 3095 parte
551 3068 634 3095 negot.
661 3066 679 3088 1.
693 3079 728 3082 -
742 3065 846 3090 Inferius
866 3068 924 3096 post
942 3064 1060 3097 qratiam
1080 3064 1137 3089 cod.
1151 3064 1170 3088 R
1186 3064 1257 3089 addit
1275 3063 1302 3089 in
1321 3063 1405 3089 nobis.

527 3106 538 3123 3
558 3107 618 3132 Edd.
639 3107 807 3141 {florificati'a

526 3150 535 3166 ⁴
555 3152 659 3177 ‹hiber-t.
682 3153 819 3183 Dorretan„
840 3152 873 3177 de
893 3153 939 3177 Sex
962 3152 1108 3183 Principiis,
1130 3159 1152 3177 c.
1173 3152 1232 3177 ult.:
1253 3151 1406 3176 Albissimus

456 3195 497 3218 vel
518 3196 673 3226 nigei-rionis
693 3199 716 3220 ot
737 3197 884 3221 uniusmodi
905 3198 959 3221 sine
987 3195 1103 3229 aiiiplz'us
1129 3199 1188 3221 sunt
1206 3199 1231 3221 et
1250 3195 1354 3227 ‘inivit-Q,
1377 3202 1407 3220 oo

459 3239 529 3269 quod
550 3240 696 3264 huiusmodi
717 3242 847 3271 impositio
862 3240 999 3273 [nominis]
1014 3242 1038 3265 in
1055 3241 1163 3266 termino
1177 3243 1228 3272 est,
1249 3241 1312 3265 ultra
1328 3247 1406 3271 quem

461 3283 558 3312 porrigi
579 3283 737 3313 iiiu‘iossihilc
756 3288 801 3309 est.
822 3284 872 3309 (Ἰν.
894 3286 909 3309 l.
930 3286 998 3309 Sont.
1018 3285 1044 3310 d.
1062 3284 1103 3309 17.
1119 3292 1143 3316 p.
1160 3285 1185 3309 11.
1200 3292 1223 3317 q.
1240 3284 1262 3309 1.
1277 3284 1405 3314 scholion3

458 3329 518 3350 tom.
540 3326 566 3350 11.
588 3333 649 3357 pag.
674 3327 736 3358 111,
759 3332 815 3352 nota
837 3330 861 3352 9.
883 3332 908 3353 et
926 3336 985 3359 pag.
1006 3328 1071 3360 787,
1093 3332 1150 3353 nota
1172 3329 1195 3353 8.
1215 3342 1250 3346 —
1268 3327 1358 3355 Minor
1373 3329 1407 3352 in-

458 3370 557 3395 sinuata
577 3374 615 3395 est
634 3377 711 3401 supra
732 3379 755 3396 a.
780 3372 802 3395 11.
822 3379 847 3403 q.
875 3372 893 3396 1,
915 3373 938 3396 in
960 3372 1016 3397 tine.

1541 2886 1552 2902 5
1572 2886 1718 2916 Respicitur
1737 2884 1798 2909 illud
1819 2884 1945 2915 Anselnfi,
1967 2884 2081 2915 Proslog.
2096 2890 2116 2908 r.
2138 2884 2167 2908 3:
2181 2883 2249 2907 Deus
2269 2885 2307 2907 est
2325 2882 2350 2906 id
2370 2887 2420 2913 quo

1472 2931 1556 2955 maius
1575 2930 1681 2960 cogitari
1702 2936 1751 2953 non
1772 2932 1862 2960 potest.
2471 2953 2472 2962 ἶ

1543 2974 1554 2990 6
1574 2975 1687 3005 Aristot.⁷
1712 2973 1745 2997 111.
1768 2973 1858 3004 Topie.
1881 2979 1902 2997 c.
1933 2972 1955 2997 4.
1987 2972 2018 3003 (c.
2039 2972 2090 3003 5.):
2111 2972 2182 3003 Quae
2203 2971 2336 2995 contrariis
2364 2971 2421 2994 sunt
2470 2983 2472 2988 ·

1472 3018 1693 3049 impermixtiora,
1720 3018 1803 3048 magis
1832 3017 1904 3049 talia,
1935 3021 1962 3042 ut
1990 3016 2074 3041 albius
2103 3015 2209 3048 quidem
2236 3015 2311 3045 nigro
2330 3015 2420 3044 imper·
2470 3026 2472 3038 i

1472 3063 1582 3087 mixtius.

1542 3106 1553 3122 7
1573 3106 1624 3131 Csr.
1645 3114 1722 3140 supra
1742 3113 1802 3137 pag.
1824 3106 1888 3137 276,
1908 3110 1967 3130 nota
1994 3105 2013 3129 1.

1542 3149 1552 3166 8
1573 3150 1638 3175 Vide
1658 3135 1720 3175 inii-a
1742 3157 1800 3181 pag.
1817 3150 1874 3179 399,
1889 3153 1947 3174 nota
1969 3148 1992 3173 4.
2007 3163 2035 3166 -
2052 3149 2100 3173 Pro
2120 3146 2191 3180 qaod
2203 3144 2326 3172 contritio
2345 3143 2419 3170 codd.
2469 3138 2470 3165 i

1472 3194 1519 3218 FG
1540 3194 1557 3225 (l
1578 3202 1591 3219 a
1611 3194 1724 3219 secunda
1744 3194 1835 3225 manu)
1857 3194 1876 3217 t<
1891 3193 1911 3218 V
1933 3192 2004 3226 quod
2022 3190 2187 3218 coittrztiom's
2206 3191 2310 3221 molas,
2331 3188 2386 3214 cod.
2400 3187 2418 3212 L
2469 3213 2470 3224 ἵ

1471 3237 1542 3271 quod
1561 3238 1682 3264 contritio
1702 3242 1789 3263 motus
1809 3239 1847 3263 est
1865 3238 1897 3263 et.

1541 3282 1552 3298 9
1571 3282 1621 3306 Csr.
1641 3289 1720 3313 snpra
1740 3282 1764 3306 d.
1791 3282 1826 3306 12.
1849 3288 1874 3312 p.
1895 3281 1920 3306 11.
1941 3288 1962 3305 a.
1985 3281 2007 3305 1.
2028 3287 2054 3312 q.
2075 3280 2098 3304 3.

1545 3326 1565 3342 10
1585 3326 1646 3351 Cod.
1666 3326 1690 3350 X
1710 3326 1814 3357 supplet
1833 3324 1964 3351 contritio.
