2483 3882
703 244 796 275 DlST.
822 243 948 274 XXXIX.
973 241 1055 274 ΛΒΤ.
1079 241 1100 272 l.
1126 240 1277 281 QUAEST.
1303 239 1335 271 ll.

39 337 92 371 sed
123 335 314 377 permissum
347 337 377 366 et
408 341 609 372 concessum,
639 332 693 364 ubi
721 340 782 363 nou
814 330 985 363 timebatur

39 392 145 432 lapsus
168 389 200 420 in
224 387 448 424 idololatriam,
471 386 552 418 sicut
580 386 611 417 in
636 385 745 426 loseph
771 388 801 416 et
824 384 935 425 Moyse.

126 440 211 473 Ratio
227 442 333 472 autem
345 465 352 478 ,
369 447 467 480 quare
484 438 647 479 prohibuit
663 441 770 479 gentes
791 436 860 469 illas
877 440 907 468 et
924 445 984 467 non

0 503 24 525 io.
39 495 127 532 alias,
152 493 210 525 fuit
233 491 370 533 duplex:
395 500 471 529 una,
490 490 564 531 quia
581 489 775 521 iudicaverat
791 497 899 520 omnes
917 496 987 519 reos

39 546 164 584 mortis;
188 545 265 583 alia,
290 543 363 585 quia
386 542 559 574 obstinatae
583 544 673 573 erant
696 541 727 572 in
752 540 844 572 malo,

5 633 10 639 ,
125 598 156 630 ln
181 606 261 629 novo
285 598 472 628 testamento
495 593 556 626 alio
581 593 674 625 modo
698 596 758 631 est,
783 593 857 633 quia
881 592 988 624 iulide-

0 639 76 685 illis
99 654 146 683 est
169 649 351 691 dupliciter:
377 651 432 679 aut
455 646 529 688 quia
553 649 637 678 caret
660 644 740 686 fide,
764 648 819 676 aut
843 644 917 686 quia
942 653 988 675 ca.-

5 712 24 733 1-
39 707 87 737 ret
108 703 186 745 fidei
208 702 432 734 Sacramenta
458 699 487 731 Si
512 698 586 740 quia
608 697 672 739 sicle
695 700 832 731 tantum.
858 697 901 729 sic
918 696 989 728 talis

40 756 220 798 disparitas,
244 754 297 787 ubi
321 757 394 786 nota
418 756 481 790 est,
506 750 637 793 impedit
653 749 908 787 matrimonium,
933 748 989 780 sed

40 818 100 842 non
124 808 244 841 dirimit
267 807 329 838 iam
354 807 566 842 contractum,
591 807 627 835 ut
658 802 684 834 si
716 801 889 834 catholicus
921 809 991 832 con-

40 862 143 895 trahat
166 868 238 893 cum
263 858 420 891 haeretica
444 856 608 898 baptizata.
634 855 662 886 Si
687 857 791 886 autem
818 853 857 885 sit
885 852 992 884 infide-

40 915 94 952 lis,
119 913 193 955 quia
220 915 306 944 caret
328 910 406 953 fidei
428 910 655 945 Sacranzento,
679 910 793 948 utputa
817 905 991 946 baptismo;

41 967 114 1008 quia
148 965 421 998 Sacramentorum
465 960 748 994 ecclesiasticorum
784 962 814 990 et
849 957 991 990 fidelium

41 1020 135 1052 ianua
165 1022 195 1050 et
226 1017 467 1050 fundamentum
495 1017 543 1047 est
574 1013 767 1054 baptismus,
792 1010 912 1049 tidelis,
937 1009 991 1051 qui

5 1080 25 1101 2-
41 1072 225 1106 contrahere
250 1070 344 1102 habet
367 1068 542 1102 secundum
560 1067 760 1099 Sacramenta
778 1063 948 1100 Ecclesiae,
967 1062 991 1094 si

42 1134 114 1158 cum
140 1124 191 1156 tali
216 1123 396 1161 contrahat,
420 1121 498 1153 nihil
530 1119 619 1158 facit,
643 1118 737 1151 etiam
762 1117 788 1149 si
813 1116 851 1149 sit
874 1115 992 1157 fidelis,

42 1179 118 1212 dum
143 1181 247 1209 tamen
271 1185 332 1208 non
357 1175 470 1207 habeat
499 1173 719 1215 baptismum;
742 1169 848 1202 unde1
873 1168 993 1201 dirimit

42 1233 102 1264 iam
127 1234 332 1263 contractum.

130 1283 240 1315 Cultus
257 1291 331 1323 ergo
348 1279 516 1322 disparitas
536 1277 716 1320 praestabat
732 1275 992 1317 impedimentum

0 1338 74 1370 min
99 1337 165 1378 lege
194 1335 292 1368 veteri
317 1343 376 1365 non
401 1332 606 1374 simpliciter,
632 1330 687 1362 sed
713 1329 766 1361 ubi
792 1328 993 1360 metuebatur

42 1389 235 1433 periculum,
259 1391 290 1420 et
324 1387 466 1419 divinum
499 1384 609 1416 aderat
641 1382 810 1419 iudicium,
835 1385 866 1413 et
898 1388 994 1421 super

43 1444 102 1475 hoc
136 1441 280 1473 additum
304 1443 371 1472 erat
396 1438 590 1470 mandatum.
614 1436 663 1468 Sic
687 1439 717 1467 et
740 1435 770 1466 in
795 1443 876 1465 nova
901 1433 995 1474 impe-

45 1495 90 1528 dit
113 1503 174 1526 non
198 1492 391 1534 simpliciter
407 1491 472 1523 sive
490 1490 528 1522 de
546 1498 596 1528 se,
613 1488 668 1521 sed
686 1487 723 1519 ob
741 1487 931 1519 vitationem
944 1495 996 1527 pe-

44 1547 146 1580 riculi
168 1550 198 1579 et
221 1545 443 1578 diversitatem
460 1541 651 1575 Sacramenti
670 1540 817 1582 baptismi
834 1543 864 1572 et
881 1538 996 1570 inhibi-

0 1600 184 1633 m-tionenz2
213 1598 412 1632 ecclesiastici
445 1596 569 1634 statuti,
596 1603 677 1637 quae
707 1598 812 1626 ortum
848 1592 943 1624 habet
978 1601 996 1623 a

46 1653 170 1686 duobus
193 1650 371 1693 praedictis.

137 1706 164 1737 1.
189 1706 217 1737 Ξ).
244 1704 278 1736 Et
302 1704 346 1735 sic
371 1705 476 1744 patent
500 1701 564 1734 duo
590 1700 690 1742 prima
713 1699 843 1731 obiecta.

134 1757 162 1790 3.
188 1757 231 1789 Ad
257 1756 334 1788 illud
359 1761 463 1788 autem
490 1754 574 1796 quod
599 1753 755 1791 obiicitur,
778 1751 864 1794 quod
889 1750 998 1783 sancti-

1934 235 2000 267 833

1050 328 1162 361 fleatur
1186 327 1301 360 mulier
1310 339 1318 366 ;
1343 326 1531 365 dicendum,
1556 325 1639 367 quod
1673 324 1813 367 loquitur
1838 322 2002 365 Apostolus

1050 382 1089 414 de
1113 381 1312 413 matrimonio
1337 383 1495 412 contracto
1526 383 1601 411 ante
1632 378 1736 410 cultus
1767 376 2001 418 disparitatem,

1051 434 1135 476 quod
1159 433 1234 465 (licit
1258 442 1403 470 manere,
1420 432 1495 474 quia
1521 431 1597 463 tides
1614 430 1671 462 viri
1690 430 1879 471 plerumque
1903 428 2004 460 salvat

1051 486 1285 519 occasionaliter
1309 486 1374 518 sive
1399 484 1571 518 sanctificat
1607 483 1790 521 mulierem,
1820 482 1901 515 sicut
1924 481 2002 514 fides

1053 539 1188 580 parturit
1212 538 1292 570 filios
1305 538 1324 569 ³.

1141 591 1170 622 li..
1196 591 1238 622 Aa
1265 590 1342 622 illud
1375 590 1459 631 quod
1491 589 1637 621 obiicitur
1670 589 1708 621 de
1733 588 1916 629 disparitate
1940 596 2002 619 mo-

1054 651 1125 674 rum
1150 645 1226 681 etc.;
1251 642 1438 679 dicendum,
1463 642 1547 684 quod
1571 650 1632 673 non
1649 644 1696 673 est
1713 640 1831 679 simile,
1855 640 1929 682 quia
1946 640 2005 672 dis·
2021 643 2149 665 Notandum·

1053 695 1171 736 paritas
1194 695 1265 727 fidei
1294 695 1366 727 facit
1389 695 1606 737 disparitatem
1630 694 1920 732 Sacramentorum,
1943 702 2003 725 non

1055 748 1099 779 sio
1123 748 1291 789 disparitas
1316 756 1459 783 morum,
1476 747 1550 789 quia
1574 746 1644 779 boni
1670 750 1700 779 et
1725 747 1797 778 mali
1815 746 2005 779 conveniunt

1056 799 1086 831 in
1111 800 1327 831 Sacramentis.
1352 800 1417 831 Non
1450 804 1553 831 tamen
1586 799 1753 841 disparitas
1778 799 1849 831 fidei
1880 807 2005 840 semper

1056 851 1128 883 facit
1152 851 1368 892 disparitatem
1393 852 1423 883 in
1447 852 1669 890 Sacramentis‚
1694 852 1748 884 sed
1773 855 1920 889 eatenus,
1944 858 2007 893 qua

1056 903 1145 942 facit,
1170 903 1310 944 impedit.
1336 903 1520 936 Praeterea*¹
1544 904 1748 945 periculosior
1773 908 1828 936 est.

1146 957 1175 987 5.
1200 956 1243 987 Ad
1268 956 1347 988 illud
1371 957 1455 998 quod
1479 956 1635 996 obiicitur,
1660 957 1743 998 quod
1768 961 1814 989 est
1838 964 2005 989 commune

1058 1008 1240 1049 utrisque⁵;
1265 1008 1453 1046 dicendum,
1477 1008 1561 1049 quod
1590 1012 1720 1041 eatenus
1744 1012 1790 1041 est
1821 1017 2006 1046 commuue,
2022 1014 2152 1036 Notandum-

1057 1070 1120 1102 qua
1144 1064 1191 1093 est
1214 1061 1291 1102 legis
1315 1065 1465 1099 naturae,
1490 1061 1544 1093 sed
1569 1070 1629 1092 non
1662 1061 1692 1092 in
1723 1065 1875 1102 quantum
1910 1061 2009 1093 Eccle-

1058 1115 1139 1152 siae3
1156 1117 1186 1146 et
1203 1114 1293 1155 quia,
1311 1114 1334 1146 si
1361 1113 1463 1146 fidelis
1487 1114 1660 1152 contrahit,
1684 1114 1921 1146 Sacramentum
1938 1114 2008 1146 eius

1060 1167 1121 1198 iam
1145 1169 1191 1198 est
1216 1166 1384 1198 Ecclesiae:
1410 1166 1481 1197 ideo
1504 1165 1535 1197 in
1554 1166 1611 1197 hoc
1628 1174 1690 1197 non
1707 1165 1917 1198 communicat
1934 1174 2006 1198 cum

1058 1219 1195 1257 infideli,
1220 1219 1316 1250 immo
1341 1218 1477 1250 multum
1502 1218 1605 1250 distat.

1148 1274 1176 1305 6.
1203 1273 1245 1304 Ad
1270 1272 1349 1304 illud
1373 1272 1457 1313 quod
1482 1271 1638 1310 obiicitur,
1663 1271 1746 1313 quod
1779 1280 1839 1303 non
1869 1274 1916 1303 est
1940 1279 2007 1303 con-

1061 1329 1108 1358 tra
1131 1325 1259 1367 aliquod
1283 1325 1401 1357 bonum
1428 1324 1634 1362 matrimonii;
1652 1324 1838 1362 dicendum,
1856 1323 1939 1365 quod
1957 1323 2010 1355 fal-

1059 1388 1130 1411 sum
1154 1382 1218 1417 est,
1243 1379 1340 1410 immo
1363 1381 1410 1410 est
1433 1381 1541 1410 contra
1565 1377 1682 1409 bonum
1703 1376 1823 1418 protis,
1841 1377 1914 1418 quia
1931 1376 2011 1408 alter

1059 1432 1228 1473 coniugum
1254 1431 1293 1463 de
1323 1431 1402 1463 facili
1436 1433 1537 1471 potest
1570 1429 1740 1471 impedire,
1765 1438 1803 1461 ne
1828 1429 1931 1470 proles
1955 1429 2012 1460 Do-

1060 1485 1145 1517 mino
1169 1484 1350 1521 dedicetur3
1374 1486 1421 1515 est
1444 1483 1537 1515 etiam
1563 1485 1671 1514 contra
1696 1482 1812 1513 bonum
1844 1480 1920 1516 fidei
1944 1489 2013 1522 pro-

1060 1541 1130 1580 pter
1153 1536 1332 1578 periculum
1356 1535 1448 1573 fidei3
1472 1538 1519 1567 est
1548 1535 1641 1567 etiam
1674 1537 1781 1566 contra
1814 1533 1930 1565 bonum
1956 1532 2013 1565 Sa-

1061 1589 1241 1627 oramenti,
1260 1589 1334 1630 quia
1352 1597 1392 1620 ex
1410 1591 1499 1629 parte
1517 1586 1619 1619 fidelis
1643 1585 1879 1618 matrimonium
1904 1589 2011 1617 natum

1061 1648 1108 1676 est
1132 1652 1199 1675 esse
1224 1646 1338 1674 ration
1363 1645 1393 1673 et
1418 1640 1603 1678 insolubile,
1628 1648 1701 1671 cum
1726 1639 1765 1671 sit
1781 1639 1947 1671 fundatum
1965 1647 2013 1670 su-

1061 1706 1117 1738 per
1140 1697 1379 1728 Sacramentum
1406 1694 1495 1732 fidei3
1512 1702 1554 1725 ex
1570 1692 1631 1724 alia
1647 1695 1737 1734 parte
1754 1695 1801 1723 est
1817 1691 2012 1727 contritum,

1062 1749 1136 1791 quia
1160 1758 1220 1780 non
1246 1748 1340 1780 habet
1364 1746 1606 1779 fundamentum
1620 1744 1641 1776 ⁶⁵.
1668 1745 1702 1776 Et
1726 1744 1769 1776 sic
1793 1746 1879 1785 patet
1903 1742 1992 1774 illud.

868 1866 1171 1908 SOHOLION.

111 1977 127 2001 l.
148 1976 239 2008 Quoad
259 1978 311 2000 tres
330 1975 407 2000 huius
426 1973 524 1999 articuli
545 1973 710 2005 quaestiones
730 1970 870 1996 solvendas
883 1970 925 1995 vix
946 1970 993 1994 alia

41 2024 80 2048 est
99 2021 241 2047 differentia
260 2020 325 2044 inter
344 2018 496 2049 magistros,
511 2017 558 2041 nisi
573 2015 645 2048 quod
665 2015 741 2047 pauci
762 2015 918 2046 posteriores
938 2020 996 2038 con-

43 2068 80 2091 tra
99 2070 266 2091 communem
287 2063 453 2094 sententiam,
475 2062 516 2087 cui
535 2060 676 2086 subscribit
696 2060 720 2084 S.
743 2059 839 2084 Bonav.
861 2058 916 2088 (cfr.
931 2064 956 2089 q.
973 2057 995 2081 11.

44 2109 180 2142 corollam),
191 2108 255 2133 salso
265 2108 412 2138 opinantur,
424 2106 616 2131 matrimonium
631 2105 696 2129 iuter
711 2103 813 2129 fidelem
828 2105 852 2127 et
866 2100 997 2126 infidelem

45 2161 95 2180 non
115 2160 192 2185 posse
212 2152 327 2178 contrahi
347 2151 432 2175 valide
451 2151 508 2182 ipso
528 2150 584 2174 iure
603 2148 707 2180 divino,
729 2154 779 2172 non
800 2150 898 2171 tantum
919 2145 997 2170 eccle-

44 2199 160 2229 siastico,
181 2196 251 2229 quod
280 2195 346 2221 bene
374 2195 489 2220 confutat
513 2194 580 2218 Scot.
602 2193 654 2224 (hic
682 2198 706 2223 q.
735 2191 810 2215 unica
839 2197 863 2214 n.
884 2189 932 2221 5.);
953 2189 998 2220 qui

45 2243 121 2268 etiam
140 2241 252 2273 aliquem
278 2239 386 2265 modum
414 2237 550 2271 loquendi,
572 2237 612 2261 vel
639 2237 724 2268 potius
752 2237 904 2266 argumenta
925 2240 939 2258 a
960 2233 998 2257 Ri-

46 2285 142 2311 chardo
162 2292 174 2310 a
196 2284 260 2309 Med.
281 2285 304 2308 in
326 2284 349 2308 2.
370 2283 520 2315 quaestione
539 2280 653 2306 adhibita
673 2279 813 2311 improbat.

117 2330 153 2354 De
175 2326 200 2353 i:
217 2329 383 2361 quaestione:
403 2328 479 2358 Scot,
500 2326 541 2350 hie
562 2333 586 2357 q.
607 2326 682 2350 unica
707 2331 731 2349 n.
757 2323 802 2348 1-4.
824 2322 867 2348 ubi
888 2324 912 2347 et
932 2322 964 2347 de
985 2322 999 2346 2

48 2382 120 2407 seqq.
139 2381 182 2406 qq.
203 2387 236 2390 —
256 2373 280 2397 S.
302 2372 405 2403 Thom.,
428 2371 469 2396 hie
488 2378 512 2402 q.
534 2371 607 2394 unica
628 2376 650 2393 a.
675 2369 701 2399 l;
723 2368 813 2399 Suppl.
835 2374 859 2399 q.
874 2360 958 2391 5950.
974 2366 998 2390 l.

49 2432 82 2436 ——
101 2418 129 2443 B.
150 2416 254 2447 Albert.‚
275 2417 316 2441 hic
335 2422 357 2440 a.
379 2414 428 2439 l-li.
448 2429 481 2431 —
499 2414 562 2438 Detr.
583 2420 597 2437 a
622 2413 692 2443 Tar„
713 2413 753 2437 hic
777 2419 802 2444 q.
828 2412 848 2436 1,
874 2418 897 2435 a.
925 2411 946 2435 l.
967 2424 1000 2427 —

1060 1967 1181 1993 Richard.
1202 1974 1216 1992 a
1236 1966 1312 1998 Med„
1333 1966 1375 1991 hic
1393 1973 1415 1990 a.
1437 1965 1461 1990 ll.
1483 1971 1509 1997 q.
1533 1964 1552 1988 l.
1568 1977 1602 1981 —
1616 1962 1739 1993 Durand.,
1761 1961 1793 1986 de
1812 1962 1860 1986 bac
1879 1962 1903 1985 et
1917 1967 1970 1992 seq.
1986 1967 2016 1992 q.

1061 2013 1103 2037 hic
1122 2019 1147 2044 q.
1170 2012 1192 2036 t.
1211 2025 1247 2029 —
1267 2011 1370 2041 Dionys.
1390 2009 1485 2041 Carth,
1507 2008 1541 2033 de
1560 2010 1609 2032 tota
1630 2008 1678 2032 liae
1697 2006 1754 2031 dist.
1776 2006 1816 2030 hic
1836 2013 1862 2038 q.
1883 2006 1966 2030 unica.

1134 2056 1159 2080 ll.
1181 2056 1216 2080 De
1236 2056 1259 2079 2.
1280 2054 1430 2087 quaestione
1450 2056 1552 2084 praeter
1566 2052 1616 2077 citt.
1631 2051 1714 2076 locos:
1730 2051 1754 2074 S.
1769 2049 1871 2081 Thom.,
1886 2048 1948 2073 loce.
1964 2048 2014 2073 citt.

1062 2108 1084 2125 a.
1105 2101 1128 2124 2.
1143 2114 1178 2117 —-
1191 2099 1217 2123 B.
1237 2098 1341 2129 Albert„
1362 2098 1403 2122 liic
1422 2104 1444 2121 a.
1467 2097 1475 2121 l
1484 2096 1507 2120 Ο.
1523 2109 1556 2113 —-
1570 2096 1633 2120 Petr.
1654 2101 1668 2119 a
1689 2094 1759 2126 Tar.,
1772 2094 1820 2118 loc.
1841 2093 1881 2117 cit.
1902 2099 1923 2117 a.
1945 2092 1970 2116 2.
1983 2104 2018 2109 —

1063 2143 1183 2169 Richard.
1203 2149 1217 2167 a
1237 2141 1312 2173 Med„
1333 2142 1374 2166 liic
1393 2148 1416 2165 a.
1442 2141 1463 2165 1,
1486 2146 1511 2171 q.
1531 2140 1556 2164 2.

1135 2187 1171 2212 lll.
1186 2187 1210 2211 ln
1227 2187 1250 2211 3.
1264 2186 1414 2218 quaestione
1428 2186 1569 2215 tanguntur
1583 2182 1708 2214 principia
1723 2181 1845 2206 catholica
1857 2181 1922 2205 cirea
1936 2180 2016 2203 vitam

1063 2231 1215 2263 infidelium,
1232 2233 1319 2255 utrum
1337 2230 1369 2255 sit
1382 2235 1486 2260 semper
1500 2230 1643 2259 peccatum,
1658 2228 1682 2251 et
1695 2228 1781 2250 utrum
1797 2224 1889 2249 habeat
1907 2224 2016 2248 virtutes

1064 2275 1206 2306 naturales3
1223 2275 1254 2299 de
1269 2281 1321 2306 quo
1341 2274 1386 2298 cfr.
1401 2273 1427 2297 ll.
1442 2273 1509 2297 Sent.
1524 2271 1550 2296 d.
1567 2272 1607 2295 28.
1628 2277 1650 2294 a.
1671 2270 1695 2294 2.
1716 2276 1740 2301 q.
1761 2269 1784 2293 ⁶2.
1806 2268 1828 2292 3.
1849 2270 1874 2292 et
1893 2266 2016 2292 scholion.

1064 2320 1101 2345 De
1120 2321 1176 2351 ipsa
1195 2319 1360 2351 quaestione:
1375 2318 1401 2342 S.
1417 2317 1519 2346 Tuom„
1536 2315 1597 2339 loce.
1617 2314 1667 2339 citt.
1687 2320 1710 2338 a.
1733 2314 1756 2337 2.
1777 2312 1809 2337 ad
1830 2312 1855 2336 5.
1870 2324 1905 2329 —
1919 2311 1982 2335 Petr.
2004 2317 2018 2334 a

1066 2364 1134 2395 Tar„
1155 2363 1202 2388 loc.
1224 2363 1263 2387 cit.
1284 2369 1305 2387 a.
1322 2362 1345 2386 3.
1359 2374 1394 2378 —-
1407 2359 1527 2385 Richard.
1547 2366 1559 2383 a
1581 2357 1654 2388 Med„
1672 2364 1693 2381 a.
1713 2357 1732 2381 1.
1748 2363 1772 2388 q.
1789 2355 1853 2380 3.1n
1867 2355 1921 2379 aliis
1935 2356 2017 2378 vacat.

1138 2408 1177 2432 lV.
1192 2407 1227 2432 De
1239 2406 1262 2431 4.
1273 2409 1371 2438 quaest.
1383 2405 1423 2429 alii
1434 2406 1513 2435 agunt
1524 2409 1601 2434 supra
1613 2401 1638 2426 d.
1651 2401 1692 2425 27.
1704 2400 1740 2432 (S.
1753 2400 1854 2430 Thetim,
1867 2406 1891 2430 q.
1904 2398 1927 2422 3.
1938 2404 1960 2422 a.
1973 2397 2017 2428 2.).

915 2510 1099 2553 ρυΑιῑεΤιΟ
1123 2510 1155 2542 u.

298 2602 416 2634 Utrum
441 2601 696 2634 Sacramentum
720 2597 930 2630 matrimonii
949 2596 1054 2638 possit
1078 2592 1232 2627 contrahi
1254 2592 1338 2624 inter
1364 2589 1525 2632 infidelem
1549 2592 1577 2620 et
1601 2586 1773 2628 infidelem.

139 2701 281 2733 Secundo
305 2699 487 2742 quaeritur,
504 2701 613 2730 utrum
638 2698 875 2729 Sacramentum
898 2695 1002 2726 matri-

51 2754 146 2786 monii
171 2754 209 2786 sit
233 2754 314 2786 inter
338 2752 496 2784 infidelem
522 2755 553 2784 et
576 2750 746 2782 infidelem.
772 2749 806 2781 Et
831 2748 915 2790 quod
941 2747 1001 2779 sic:

143 2808 170 2838 l.
193 2805 296 2838 lnnuit
321 2804 485 2846 Apostolus
515 2803 636 2845 primae
665 2802 704 2834 ad
737 2801 914 2833 Corinthios
938 2808 1004 2840 sep-

0 2859 165 2891 mta.timo⁷:
192 2859 230 2891 Si
251 2858 325 2901 quia
348 2856 458 2900 frater
482 2865 621 2888 uxorem
639 2854 733 2887 habet
748 2853 909 2896 infidelem
930 2856 1003 2888 etc.;

53 2915 142 2944 vocat
165 2921 302 2943 uxorem
328 2911 378 2943 cui
402 2909 666 2946 cohabitandum3
692 2907 746 2940 sed
768 2916 828 2938 non
846 2906 904 2938 fuit
920 2912 1004 2936 uxor

54 2968 181 3006 propter
213 2964 475 3002 contractionem,
507 2970 588 3004 quae
621 2961 679 2993 fuit
710 2964 779 3002 post
811 2959 923 2996 fidem,
949 2956 1003 2988 sed

54 3020 139 3050 ante:
165 3026 240 3058 ergo
263 3021 320 3049 etc.

1156 2692 1184 2723 2.
1208 2691 1302 2728 Item,
1335 2687 1464 2720 ratione
1495 2685 1638 2723 videtur,
1671 2683 1745 2725 quia
1782 2680 2017 2713 matrimonium

1067 2749 1113 2778 est
1130 2744 1168 2776 de
1185 2742 1352 2775 dictamine
1378 2740 1454 2781 legis
1477 2742 1625 2774 naturae;
1643 2736 1695 2768 sed
1716 2735 1767 2767 lex
1791 2737 1922 2766 naturae
1939 2742 2019 2765 com-

1069 2797 1172 2829 munis
1196 2799 1242 2828 est
1265 2793 1350 2835 apud
1375 2791 1522 2824 omnesss:
1548 2799 1622 2831 ergo
1647 2793 1704 2821 etc.

1157 2848 1186 2880 3.
1212 2848 1304 2885 ltem,
1330 2844 1564 2877 matrimonium
1594 2841 1744 2874 definitur
1776 2838 1862 2871 sic⁹:
1893 2837 2020 2869 «Matri-

1070 2900 1208 2933 monium
1234 2903 1280 2931 est
1305 2897 1400 2930 maris
1424 2900 1454 2928 et
1477 2895 1611 2927 feminae
1628 2892 1805 2925 coniunctio
1822 2890 2020 2923 individuam

1070 2954 1151 2986 vitae
1175 2950 1435 2985 consuetudinem
1459 2947 1648 2984 retinens»;
1680 2944 1735 2977 sed
1768 2944 1826 2976 hoc
1860 2946 1907 2975 est
1940 2942 2021 2973 inter

1071 3005 1229 3038 infideles:
1255 3012 1329 3044 ergo
1354 3006 1411 3034 etc.

126 3162 134 3178 ¹
154 3162 216 3188 Cod.
235 3163 258 3187 K
277 3162 298 3194 (l
318 3169 331 3187 a
351 3161 465 3187 secunda
485 3161 575 3192 manu)
589 3159 661 3184 addit
673 3156 779 3190 impedit
793 3153 1006 3182 contrahendum

56 3207 86 3232 et.
107 3207 154 3231 Pro
173 3205 252 3232 etiam
271 3205 294 3231 si
312 3205 348 3231 sit
365 3205 441 3230 codd.
462 3205 482 3228 R
494 3204 541 3229 ST
561 3208 701 3234 perperam
720 3199 774 3226 nisi
792 3199 834 3225 sil.

126 3250 137 3267 2
156 3249 218 3275 Cod.
238 3250 260 3274 K
281 3249 299 3281 (l
320 3257 333 3274 a
353 3249 467 3274 secunda
486 3249 576 3279 manu)
597 3244 782 3272 irritationem.

125 3293 137 3311 ³
155 3293 205 3319 Ct'r.
225 3296 348 3325 August.,
371 3294 386 3318 l.
407 3293 440 3317 de
458 3292 542 3317 Serm.
564 3290 664 3315 Domini
679 3291 704 3314 in
718 3291 818 3319 monte,
834 3294 855 3313 c.
874 3287 911 3312 16.
926 3294 949 3311 n.
965 3286 1006 3311 45.

57 3351 91 3354 —
104 3337 229 3368 Superius
247 3340 306 3367 post
325 3336 461 3362 contracto
481 3334 538 3359 eod.
559 3333 579 3358 U
598 3332 670 3358 addit
688 3331 716 3357 in
734 3330 894 3365 infidelitate.

128 3380 138 3396 ‘¹
159 3381 191 3405 lta
211 3380 267 3405 cod.
281 3381 311 3412 L,
327 3379 384 3405 cod.
399 3380 417 3403 E
437 3386 449 3403 a
465 3377 578 3403 secunda
597 3383 675 3402 manu
695 3375 729 3401 El
746 3376 897 3408 praeterea,
914 3373 971 3399 cod.
988 3373 1006 3397 Α

200 3434 227 3460 S.
248 3434 348 3460 Bonan.
370 3446 404 3450 -—
424 3432 499 3457 Tom.
521 3431 560 3456 lV.

1071 3151 1142 3185 qnia,
1156 3150 1227 3175 multi
1240 3149 1316 3174 codd.
1331 3149 1450 3173 omittunt
1462 3146 1613 3175 Praeterea,
1630 3146 1654 3169 et
1667 3143 1727 3168 edd.
1742 3141 1855 3175 impedit.
1871 3141 2021 3167 Praelerea.

1141 3196 1152 3211 ⁵
1172 3194 1234 3219 Edd.
1254 3192 1357 3219 rollone
1375 3191 1524 3224 utriusque.

1142 3238 1152 3255 ὃ
1171 3238 1220 3263 Csr.
1242 3238 1282 3261 hie
1302 3237 1335 3261 lit.
1357 3235 1484 3266 Magistri,
1507 3240 1527 3258 c.
1549 3234 1572 3257 G.
1593 3239 1647 3264 seq.

1141 3282 1151 3298 ⁷
1172 3282 1244 3306 Vers.
1268 3281 1309 3305 12.

1141 3325 1152 3342 ⁸
1171 3325 1222 3350 Ct'r.
1241 3331 1320 3355 supra
1341 3330 1400 3355 pag.
1422 3322 1486 3353 436,
1505 3324 1562 3346 nota
1583 3321 1607 3345 2.
1627 3323 1652 3345 et
1670 3326 1731 3351 pag.
1752 3317 1818 3349 748,
1838 3319 1897 3342 nota
1918 3316 1942 3341 5.

1143 3370 1154 3386 9
1173 3369 1237 3394 Vide
1256 3376 1334 3400 supra
1356 3375 1415 3399 pag.
1435 3366 1500 3397 683,
1520 3369 1578 3391 nota
1599 3365 1623 3390 2,
1645 3367 1670 3389 et
1688 3370 1749 3395 pag.
1770 3361 1834 3394 684,
1856 3364 1915 3387 nota
1936 3360 1958 3385 li.

1835 3414 1881 3440 105
