2483 3882
308 1259 417 1280 Conclusio

304 1286 417 1312 generalis.

281 1410 395 1431 Distinetio
405 1410 424 1430 1.

293 1626 340 1648 Nou
351 1626 426 1653 proba-

340 1655 380 1674 tur.

303 2047 417 2079 Distinctio

312 2077 412 2096 auctoris.

280 2207 391 2228 Conclusio
404 2207 422 2228 Ξ.

296 2802 338 2833 Via
355 2808 427 2833 narra-

311 2831 381 2851 tionis.

448 260 511 291 872

446 347 575 388 spiritus
600 345 782 386 simpliciter
806 348 879 375 sunt
903 343 1093 384 disparatae:
1119 351 1194 383 ergo
1218 350 1274 382 per
1298 350 1394 373 unam

446 400 485 431 ad
510 399 601 431 aliam
628 407 686 429 non
704 396 856 428 transitur
870 395 897 425 ¹:
923 403 997 435 ergo
1014 403 1074 425 non
1099 394 1235 431 videtur,
1253 394 1336 435 quod
1354 393 1393 425 ab

445 461 508 484 uno
532 452 571 482 ad
595 450 729 481 alterum
754 451 891 479 transeat
914 447 1055 487 cognatio
1079 446 1260 488 spiritualis.

533 504 563 535 li.
588 503 677 539 Item,
695 505 986 543 quantumcumque
1008 499 1055 531 vir
1072 500 1166 531 suerit
1190 500 1310 532 amicus
1328 500 1394 532 sive

444 556 529 588 filius
554 555 625 593 Dei,
650 563 705 596 per
731 554 789 585 hoc
812 562 896 584 uxor
919 562 979 584 non
1006 552 1206 593 coniungitur
1226 553 1289 584 Deo
1314 562 1394 585 novo

444 608 589 645 vinculi),
614 616 669 638 nec
694 615 710 638 e
735 614 901 638 converso:
919 613 994 646 ergo
1012 605 1078 645 pari
1105 605 1240 643 ratione,
1266 605 1393 647 quando

443 669 526 692 unus
543 660 710 700 coniugum
729 658 934 699 spiritualiter
950 657 1097 699 alligatur
1120 658 1230 697 alicui,
1248 667 1308 690 non
1326 668 1395 700 pro-

443 718 512 755 pter
537 713 594 745 boc
618 712 766 753 alligatur
790 715 820 743 et
843 711 932 743 alter.

796 825 1033 849 CONCLUSIO.

445 924 725 967 Conscmym‘m'cas
756 923 964 965 spiritualis,
990 926 1161 955 contracta
1190 932 1251 964 per
1280 927 1391 955 actum

530 977 685 1014 alterius,
703 987 768 1009 11011
786 977 907 1008 cretus-it
924 976 958 1007 in
971 975 1132 1013 alterutri,-
1148 976 1204 1007 secl
1220 980 1392 1008 contracta

529 1040 588 1071 per
604 1035 715 1061 actum
734 1029 925 1071 proprium,
943 1033 971 1060 et
988 1028 1117 1071 quidem
1132 1033 1206 1070 post
1222 1028 1392 1061 carnalem

530 1082 679 1124 copulant
692 1108 701 1120 ‚
727 1082 856 1114 transit.

530 1189 729 1221 Resroixmno:
755 1187 946 1225 Dicendum,
971 1187 1055 1229 quod
1087 1197 1159 1219 cum
1192 1189 1393 1221 auctoritates

441 1243 501 1275 sint
518 1242 557 1274 ad
575 1246 743 1283 utramque
770 1246 908 1282 partem,
933 1241 1074 1282 cognatio
1099 1241 1271 1282 spiritualis
1287 1242 1393 1284 aliquo

441 1295 534 1327 modo
558 1295 669 1327 transit
693 1304 710 1325 a
728 1294 860 1326 muliere
878 1294 907 1326 111
933 1294 1055 1332 virum,
1080 1294 1186 1336 aliquo
1212 1295 1304 1326 modo
1321 1304 1392 1327 uon.

527 1349 585 1381 Sed
611 1352 712 1381 tamen
732 1348 921 1383 notandum,
939 1347 1023 1389 quod
1048 1347 1219 1388 Magister²
1244 1352 1273 1379 et
1297 1348 1391 1380 etiam

441 1402 607 1434 Gratianus
631 1402 829 1442 distinguunt
852 1401 910 1439 sic,
935 1400 1018 1441 quod
1037 1403 1201 1441 postquam
1227 1400 1308 1432 alter
1324 1410 1394 1432 con-

441 1455 549 1497 iugum
575 1454 731 1487 contrahit
759 1454 973 1495 cognationem
999 1462 1070 1485 cum
1099 1453 1222 1494 aliquo,
1247 1457 1302 1485 aut
1326 1463 1393 1485 mu-

441 1512 495 1540 tuo
518 1518 551 1539 sc
575 1511 792 1549 0090030001,
810 1510 864 1538 aut
879 1516 953 1538 11011.
981 1506 1009 1538 Si
1034 1506 1093 1543 sic,
1120 1504 1329 1538 tunc⁴transit
1346 1516 1392 1539 co-

441 1563 545 1603 gnatio
569 1561 741 1603 spiritualis
765 1560 804 1592 ab
829 1570 891 1592 uno
918 1560 947 1592 in
972 1560 1127 1597 alterum3
1159 1560 1184 1592 si
1209 1570 1292 1598 11011,
1318 1565 1392 1592 tunc

442 1624 501 1646 non
527 1614 646 1646 transit.
664 1633 707 1637 -—
724 1613 783 1646 Sed
808 1613 867 1645 ista
891 1613 1053 1654 responsio
1077 1622 1094 1644 a
1119 1613 1308 1654 iurisperitis
1330 1623 1389 1645 non

440 1668 643 1710 approbatur,
670 1676 724 1699 nec
750 1667 852 1708 ipsum
878 1666 1048 1707 capitulum
1079 1666 1262 1705 concordat,
1291 1666 1392 1699 Causa

440 1721 618 1762 trigesima,
643 1720 823 1761 quaestione
848 1723 960 1760 quarta
975 1718 996 1756 ³,
1014 1719 1093 1750 Post
1117 1719 1235 1750 uxoris
1253 1719 1391 1757 obitum,

441 1773 493 1805 ubi
520 1773 644 1811 dicitur,
669 1773 752 1814 quod
783 1781 870 1813 «per
896 1772 1041 1803 unionem
1071 1772 1174 1804 carnis
1198 1781 1258 1804 non
1286 1773 1393 1804 transi-

440 1831 493 1859 tur
517 1827 555 1859 ad
582 1827 726 1858 unionem
752 1825 882 1867 spiritus
898 1837 927 1856 ».
953 1825 981 1856 Si
1004 1833 1078 1866 ergo
1114 1825 1227 1866 aliquis
1260 1826 1308 1857 vel
1341 1826 1394 1857 ali-

440 1889 502 1922 qua
528 1880 620 1912 habet
644 1879 858 1920 cognationem
884 1877 1079 1919 spiritualem
1095 1903 1102 1916 ,
1127 1887 1183 1919 per
1208 1883 1391 1919 sequentem

440 1933 584 1974 copulam
616 1932 685 1964 talis
709 1932 850 1973 cognatio
875 1931 904 1963 10
930 1931 1064 1963 alterum
1090 1940 1151 1962 non
1177 1932 1355 1972 pertransit.

531 1986 564 2018 Et
588 1985 657 2017 ideo
680 1985 770 2017 aliter
796 1984 1068 2025 distinguendum3
1093 1984 1176 2025 quod
1203 1984 1309 2025 aliqua
1328 1993 1392 2017 mu-

441 2039 498 2071 lier
523 2039 571 2071 vel
596 2039 709 2080 aliquis
745 2038 792 2069 vir
818 2041 918 2079 potest
954 2038 1140 2069 contrahere
1175 2039 1390 2079 cognationem

441 2092 635 2134 spiritualem
669 2095 723 2123 aut
756 2100 810 2133 per
839 2094 944 2122 actum
968 2099 1087 2127 suum,
1121 2094 1175 2122 aut
1207 2100 1262 2132 per
1286 2095 1391 2123 actum

440 2144 602 2182 alterins,-
631 2148 684 2176 aut
709 2144 782 2186 quia
815 2143 896 2174 levat
924 2142 1054 2175 alterius
1091 2142 1208 2181 filium,
1241 2147 1295 2174 aut
1318 2143 1392 2184 quia

440 2197 563 2229 levatur
587 2197 655 2229 eius
680 2196 773 2228 tilius.
799 2196 827 2228 Si
853 2205 908 2237 per
925 2199 1030 2227 actum
1055 2195 1210 2233 calcarias,
1236 2195 1279 2227 sic
1304 2195 1391 2227 nullo

1205 254 1488 286 SENTENTIARUM
1512 254 1580 286 LlB.
1605 255 1652 286 lV.

1459 341 1552 373 modo
1579 341 1688 373 transit
1712 350 1768 374 nec
1791 343 2052 375 communicatur.
2074 343 2102 375 Si
2129 352 2184 385 per
2208 348 2313 377 actum
2334 354 2407 386 pro-
2426 360 2482 383 subd

1455 394 1589 435 prium,
1612 399 1667 426 aut
1690 399 1765 427 ante
1796 395 1954 427 carnalem
1986 396 2148 437 copulam,
2181 401 2236 429 aut
2263 402 2347 439 post.
2376 398 2406 430 Si
2460 390 2482 409 ⁰²¹

1459 451 1555 484 ante,
1593 451 1666 479 tunc
1701 457 1762 479 non
1794 448 1906 480 transit
1940 457 1997 480 nec
2032 450 2296 488 communicatur,
2333 451 2406 492 quia
2421 461 2482 484 Conci

1464 508 1551 540 «per
1574 499 1722 532 unionem
1754 501 1857 532 carnis
1881 504 2063 542 sequentem
2096 511 2156 533 000
2193 503 2344 534 transitur
2368 504 2405 535 ad

1458 553 1606 584 unionem
1642 553 1771 594 spiritus
1807 554 2045 595 praecedentem
2067 566 2098 593 »3
2126 558 2156 586 et
2189 555 2217 586 in
2253 555 2303 587 his
2334 556 2409 588 duo-

1459 605 1519 637 bus
1543 605 1667 637 casibus
1691 605 1763 638 licet
1789 606 1907 638 habere
1939 607 2018 639 duas
2049 611 2247 640 commatres.
2272 608 2301 639 Si
2333 617 2408 640 vero

1458 666 1515 699 per
1539 661 1643 689 actum
1664 658 1843 699 proprium
1867 659 2022 690 contrahit
2042 663 2116 700 post
2133 660 2290 692 carnalem
2315 669 2406 702 copu-
2420 671 2483 693 Conci

1460 710 1539 749 lam,
1569 719 1640 742 cnm
1667 711 1715 742 vir
1750 714 1780 743 et
1805 711 1920 744 mulier
1954 712 2016 744 sint
2039 721 2103 744 una
2138 721 2210 745 caro
2246 718 2277 745 et
2308 722 2407 745 unum

1458 763 1665 805 principium,
1683 764 1822 805 operatio
1847 764 1913 796 sive
1936 765 2017 797 actio
2042 765 2135 797 unius
2152 765 2240 798 alteri
2266 767 2407 799 attribui-

1460 820 1521 855 tur,
1546 820 1575 848 et
1599 816 1628 847 in
1654 816 1712 848 hoc
1737 825 1812 849 casu
1835 826 1896 848 non
1929 817 2000 850 licet
2024 818 2141 850 habere
2173 818 2252 851 duas
2277 828 2410 851 comma-

1459 872 1537 907 tres,
1556 869 1665 907 Extra,
1683 869 1722 901 de
1738 869 1925 911 Cognatione
1943 870 2097 911 spirituali
2111 871 2133 909 ⁴,
2150 871 2317 903 Martinus
2334 872 2409 904 Ber-

1460 921 1559 954 tltam.
1586 923 1620 954 Et
1643 923 1722 954 ratio
1739 923 1835 955 huius
1859 923 2039 965 assignatur
2063 925 2167 956 unitas
2191 925 2344 967 principii.
2367 944 2410 948 —

1460 975 1494 1007 Et
1518 975 1560 1007 sic
1585 975 1752 1007 solvuntur
1774 976 2019 1008 contrarietates.
2043 976 2077 1008 Et
2102 977 2159 1009 hoc
2184 978 2359 1009 continetur
2376 978 2407 1009 in
2420 982 2483 1004 Conffl

1459 1029 1508 1060 liis
1532 1028 1692 1060 versibus:

1529 1099 1599 1130 Quae
1620 1100 1695 1130 milii,
1716 1099 1757 1123 vel
1777 1100 1850 1124 cuius
1870 1106 1926 1124 nica
1948 1103 2034 1124 natum
2056 1101 2124 1125 sonte
2144 1100 2253 1132 levavit,

1563 1144 1631 1169 Haec
1650 1150 1707 1168 mea
1727 1148 1868 1168 commater
1888 1144 1941 1168 lieri
1963 1151 2018 1168 mea
2039 1150 2088 1169 non
2109 1144 2177 1169 valet
2196 1151 2267 1176 uxor,

1564 1189 1589 1213 Si
1610 1195 1660 1220 qun
1682 1195 1754 1213 meae
1774 1191 1861 1213 natum
1882 1195 1932 1213 non
1955 1195 1985 1213 ex
2004 1195 2046 1213 me
2066 1189 2134 1213 sonte
2153 1189 2258 1220 levavit,

1564 1233 1635 1257 Hanc
1655 1236 1713 1263 post
1731 1233 1779 1257 sata
1800 1239 1873 1257 meae
1894 1239 1943 1257 non
1964 1232 2023 1258 inde
2042 1233 2150 1258 vetabor
2170 1233 2273 1259 habere.

1458 1294 1699 1327 Concedendum
1728 1303 1819 1335 ergo,
1856 1294 1940 1336 qnod
1976 1294 2082 1336 aliquo
2107 1295 2199 1326 modo
2235 1295 2346 1327 transit
2369 1296 2408 1327 ab

1458 1356 1559 1379 uxore
1584 1347 1613 1378 10
1646 1347 1770 1384 virum,
1802 1346 1872 1379 licet
1896 1346 2019 1388 aliquae
2050 1347 2186 1379 rationes
2211 1347 2251 1379 ad
2283 1348 2341 1380 boc
2367 1348 2409 1380 in-

1458 1400 1570 1433 ductae
1595 1401 1656 1432 sint
1680 1400 1876 1441 sophisticae.

1549 1454 1575 1484 1.
1601 1454 1630 1484 Ξ.
1655 1452 1698 1484 Ad
1727 1452 1806 1484 illud
1838 1452 1922 1493 quod
1954 1452 2100 1484 obiicitur
2136 1453 2165 1484 in
2198 1454 2406 1493 contrarium,
2435 1465 2482 1495 Solu

1459 1506 1518 1537 iam
1544 1509 1628 1547 patet
1655 1505 1831 1546 responsi0‚
1856 1505 1938 1546 qnod
1969 1505 2169 1538 auctoritates
2201 1510 2335 1539 currunt
2366 1516 2410 1539 se·
2424 1494 2483 1518 ΡΜ

1458 1559 1597 1591 cundum
1623 1558 1692 1590 illas
1717 1558 1797 1590 duas
1820 1558 1887 1590 vias
1912 1558 2043 1599 priores.

1547 1611 1576 1643 3.
1601 1611 1644 1643 Ad
1667 1611 1745 1643 illud
1773 1611 1857 1653 quod
1882 1611 2038 1650 obiicitur,
2064 1612 2147 1653 quod
2177 1612 2253 1644 istae
2285 1613 2410 1645 coniun-

1458 1665 1575 1697 ctiones
1607 1668 1680 1696 sunt
1715 1665 1841 1696 omnino
1873 1664 2071 1706 disparatae3
2104 1665 2287 1705 dicendum,
2324 1667 2407 1708 quod
2423 1667 2483 1690 Notas

1458 1727 1518 1749 non
1544 1721 1590 1749 est
1611 1726 1738 1754 verum,
1763 1716 1910 1758 quoniam
1933 1717 2073 1758 cognatio
2098 1718 2270 1759 spiritualis
2295 1718 2329 1750 fit
2353 1728 2409 1760 per

1457 1774 1562 1802 actum
1588 1770 1798 1811 corporalem3
1826 1772 1856 1801 et
1883 1769 1956 1811 quia
1985 1779 2083 1801 unum
2108 1780 2223 1812 corpus
2251 1775 2338 1810 sunt,
2367 1772 2409 1803 ita

1457 1823 1541 1864 quod
1573 1823 1677 1854 unitas
1702 1822 1860 1863 praecedit
1878 1822 1905 1853 ⁵:
1932 1822 2001 1854 ideo
2033 1823 2117 1864 quod
2147 1823 2180 1854 fit
2210 1823 2250 1855 ab
2274 1833 2337 1855 uno
2365 1833 2410 1856 re-

1458 1879 1588 1917 putatur
1620 1875 1687 1907 fieri
1722 1875 1761 1907 ab
1796 1875 1866 1906 alio.
1903 1875 1962 1908 Sed
1998 1884 2069 1908 cum
2107 1876 2211 1908 unitas
2251 1877 2408 1919 sequitur,

1458 1938 1516 1960 000
1542 1933 1643 1970 potest
1667 1929 1774 1960 venire
1797 1928 1837 1960 ad
1862 1929 2013 1960 unitatem
2031 1929 2175 1971 principii
2200 1933 2288 1962 actus
2309 1939 2409 1963 sacra-

1458 1982 1611 2014 mentalis.

1544 2036 1573 2067 lt.
1600 2035 1641 2067 Ad
1672 2035 1750 2066 illud
1783 2035 1867 2076 quod
1901 2034 2012 2066 ultimo
2040 2035 2195 2075 obiicitur,
2221 2036 2408 2075 dicendum,

1456 2088 1541 2130 quod
1565 2097 1625 2119 non
1643 2092 1690 2119 est
1714 2087 1832 2126 simile,
1850 2091 1977 2129 propter
2006 2088 2064 2120 hoc
2081 2089 2165 2129 quod
2181 2089 2191 2104 ⁸
2210 2089 2243 2121 fit
2264 2098 2320 2131 per
2342 2099 2409 2131 gra-

1456 2141 1529 2172 tiam
1556 2141 1741 2179 mentalem,
1767 2141 1824 2172 hoc
1852 2144 1957 2172 autem
1983 2149 2039 2182 per
2070 2144 2175 2173 actum
2201 2142 2407 2183 corporalem.

1457 2195 1492 2226 Et
1516 2194 1559 2227 sic
1581 2198 1665 2236 patet
1688 2194 1767 2226 illud
1780 2195 1799 2225 ⁷.

1256 2319 1520 2357 ARTICL'LUS
1550 2320 1593 2358 11.

1232 2413 1276 2444 De
1300 2412 1491 2455 coqncttione
1516 2412 1620 2455 leyalz'.

529 2528 759 2568 Consequenter
783 2529 936 2568 quantuni
962 2525 1001 2557 ad
1023 2525 1196 2557 secundum
1222 2524 1391 2556 articulum

440 2581 604 2624 quaeritur
634 2581 672 2613 de
705 2579 886 2622 cognatione
911 2578 1016 2621 legati.
1041 2578 1129 2610 Circa
1161 2587 1256 2620 quam
1288 2577 1391 2619 primo

1457 2524 1691 2566 procedendum
1717 2527 1763 2556 est
1787 2532 1844 2565 per
1867 2524 1995 2556 modum
2022 2523 2241 2561 ncm‘ratz'om's,
2267 2524 2406 2556 secundo

1457 2586 1511 2618 per
1538 2577 1666 2609 modum
1700 2576 1935 2619 inquisitionis.

1316 2706 1533 2730 PRAENOTATA.

529 2804 615 2836 Circa
641 2804 777 2846 primum
804 2803 863 2835 tria
895 2807 968 2835 sunt
991 2801 1214 2844 praenotanda.

529 2858 650 2895 Primo,
674 2857 748 2898 quid
775 2856 830 2895 sit,
854 2859 884 2887 et
908 2864 989 2897 quae
1013 2854 1080 2887 eius
1105 2854 1232 2896 species.

530 2910 686 2947 Secundo,
711 2909 846 2951 qualiter
869 2908 1083 2940 contrahatur.

532 2963 649 3000 Tertio,
674 2961 831 3003 quomodo
856 2961 986 3003 impedit
1010 2959 1256 2992 matrimonium.

1546 2799 1649 2831 Primo
1674 2799 1768 2840 igitur
1801 2799 1963 2832 sciendum
1988 2803 2051 2838 est,
2080 2799 2164 2840 quod
2196 2798 2337 2839 cognatio
2369 2798 2483 2831 111-00111

1457 2852 1535 2893 galis
1559 2852 1601 2884 ita
1625 2852 1830 2884 describitur:
1850 2852 1996 2893 Cognatio
2022 2852 2129 2894 legalis
2151 2856 2198 2885 est
2221 2852 2407 2894 proximitas

1457 2905 1645 2946 proveniens
1668 2914 1709 2937 ex
1733 2905 1907 2946 adoptione.
1926 2904 2034 2937 Oritur
2058 2909 2162 2937 autem
2184 2907 2272 2948 quasi
2292 2906 2407 2948 triplex

1458 2958 1644 3000 proximitas
1669 2967 1708 2990 ex
1734 2958 1911 2999 adoptione.
1936 2958 2000 2990 Una
2024 2961 2070 2990 est
2099 2959 2187 2999 quasi
2220 2958 2407 2990 descenden-

513 3139 520 3155 ¹
544 3140 574 3165 Ut
593 3141 734 3164 insinuatur
754 3140 777 3164 in
799 3147 853 3164 can.
875 3140 983 3171 allegato
1003 3140 1026 3163 10
1053 3137 1223 3170 praecedente
1252 3141 1324 3168 nola;
1347 3137 1391 3162 cfr.

441 3184 504 3209 infra
524 3190 595 3215 corp.
614 3186 711 3215 quaest.

511 3227 521 3243 ‘2
542 3227 586 3251 Hic
606 3234 628 3251 c.
650 3227 673 3251 5.
696 3241 728 3244 —
747 3227 857 3252 Gratian.
879 3234 958 3257 super
977 3233 1089 3251 canones
1109 3229 1283 3257 praenotatos.

511 3269 522 3285 ³
542 3269 602 3300 Cap.
623 3270 646 3294 5.
666 3283 701 3288 --
720 3271 753 3294 Ex
774 3270 849 3294 codd.
870 3270 917 3294 FG
937 3276 997 3295 cum
1022 3273 1090 3295 textu
1115 3269 1232 3300 originali
1255 3268 1391 3299 posuimus

443 3312 567 3338 wzionem
582 3320 629 3344 pro
644 3313 828 3347 0011011105-
842 3313 937 3340 Glossa
957 3315 980 3339 10
1001 3313 1081 3338 verba
1102 3314 1213 3338 Gratiani
1233 3316 1312 3344 super
1325 3312 1393 3337 hunc

444 3362 581 3380 canonem:
608 3356 679 3381 Nunc
699 3357 833 3382 Gratianus
860 3358 936 3383 solvit
955 3357 1113 3389 praedictam
1143 3357 1348 3382 contrarietatem
1367 3358 1391 3380 et

444 3397 514 3424 male
533 3399 675 3423 secundum
696 3400 869 3430 Ilugutioncm
889 3405 936 3426 etc.

1527 3136 1536 3152 ⁴
1556 3136 1623 3161 Libr.
1644 3136 1684 3161 lV.
1705 3137 1740 3161 tit.
1759 3137 1795 3160 11.
1817 3142 1838 3160 c.
1860 3135 1882 3160 4.
1912 3135 1961 3160 Cir.
1982 3135 2044 3160 ibid.
2070 3134 2180 3167 Glossa,
2202 3136 2226 3159 in
2254 3141 2305 3166 qua
2331 3135 2407 3159 etiam

1456 3187 1528 3212 seqq.
1548 3187 1641 3205 versus
1660 3183 1806 3205 occurrunt.

1525 3224 1536 3240 ⁵
1556 3224 1612 3249 Vat.
1632 3223 1703 3248 addit
1721 3224 1820 3255 actum,
1842 3226 1867 3248 et
1886 3223 1963 3254 paulo
1983 3223 2089 3247 inferius
2109 3222 2174 3247 male
2194 3223 2286 3247 omittit
2305 3228 2368 3246 non..

1524 3267 1535 3283 ⁶
1555 3267 1617 3293 Edd.
1638 3269 1780 3299 incongrue
1803 3267 1925 3298 supplent
1952 3266 2001 3293 hoc
2026 3266 2226 3299 (supplendumz
2255 3265 2330 3297 illud,
2352 3265 2395 3290 scil

1454 3318 1510 3336 esse
1530 3312 1643 3336 amicum
1664 3312 1727 3343 Dei),
1747 3314 1771 3336 et
1790 3318 1848 3336 mox
1869 3312 1989 3336 omittunt
2007 3311 2105 3336 actum.

1525 3354 1536 3370 ⁷
1556 3354 1620 3379 Vide
1640 3355 1754 3379 scholion
1774 3354 1807 3379 ad
1831 3355 1849 3379 1.
1871 3355 1947 3379 huius
1967 3353 2064 3379 articuli
2084 3356 2186 3386 quaest.
