<?xml version="1.0" encoding="UTF-8"?>
<!DOCTYPE html PUBLIC "-//W3C//DTD XHTML 1.0 Transitional//EN"
    "http://www.w3.org/TR/xhtml1/DTD/xhtml1-transitional.dtd">
<html xmlns="http://www.w3.org/1999/xhtml" xml:lang="en" lang="en">
 <head>
  <title>
</title>
<meta http-equiv="Content-Type" content="text/html;charset=utf-8" />
  <meta name='ocr-system' content='tesseract 3.04.00' />
  <meta name='ocr-capabilities' content='ocr_page ocr_carea ocr_par ocr_line ocrx_word'/>
</head>
<body>
  <div class='ocr_page' id='page_1' title='image "./doctorisseraphic04bona_0576.png"; bbox 0 0 2483 3882; ppageno 0'>
   <div class='ocr_carea' id='block_1_1' title="bbox 319 538 451 587">
    <p class='ocr_par' dir='ltr' id='par_1_1' title="bbox 319 538 451 587">
     <span class='ocr_line' id='line_1_1' title="bbox 319 538 451 566; baseline 0 -6"><span class='ocrx_word' id='word_1_1' title='bbox 319 539 354 560; x_wconf 81' lang='lat' dir='ltr'>Ad</span> <span class='ocrx_word' id='word_1_2' title='bbox 368 538 451 566; x_wconf 86' lang='lat' dir='ltr'>opposi-</span> 
     </span>
     <span class='ocr_line' id='line_1_2' title="bbox 359 568 411 587; baseline 0 0"><span class='ocrx_word' id='word_1_3' title='bbox 359 568 411 587; x_wconf 86' lang='lat' dir='ltr'>tum.</span> 
     </span>
    </p>
   </div>
   <div class='ocr_carea' id='block_1_2' title="bbox 306 1117 451 1165">
    <p class='ocr_par' dir='ltr' id='par_1_2' title="bbox 306 1117 451 1165">
     <span class='ocr_line' id='line_1_3' title="bbox 306 1117 451 1144; baseline 0 -6"><span class='ocrx_word' id='word_1_4' title='bbox 306 1117 405 1144; x_wconf 77' lang='lat' dir='ltr'>Quaestio</span> <span class='ocrx_word' id='word_1_5' title='bbox 420 1117 451 1138; x_wconf 88' lang='lat' dir='ltr'>iu-</span> 
     </span>
     <span class='ocr_line' id='line_1_4' title="bbox 319 1144 400 1165; baseline -0.025 0"><span class='ocrx_word' id='word_1_6' title='bbox 319 1144 400 1165; x_wconf 81' lang='lat' dir='ltr'><strong>cidens.</strong></span> 
     </span>
    </p>
   </div>
   <div class='ocr_carea' id='block_1_3' title="bbox 331 1964 450 1985">
    <p class='ocr_par' dir='ltr' id='par_1_3' title="bbox 331 1964 450 1985">
     <span class='ocr_line' id='line_1_5' title="bbox 331 1964 450 1985; baseline 0 0"><span class='ocrx_word' id='word_1_7' title='bbox 331 1964 450 1985; x_wconf 85' lang='lat' dir='ltr'>Conclusio.</span> 
     </span>
    </p>
   </div>
   <div class='ocr_carea' id='block_1_4' title="bbox 465 232 527 263">
    <p class='ocr_par' dir='ltr' id='par_1_4' title="bbox 465 232 527 263">
     <span class='ocr_line' id='line_1_6' title="bbox 465 232 527 263; baseline 0 0"><span class='ocrx_word' id='word_1_8' title='bbox 465 232 527 263; x_wconf 79' lang='lat'>556</span> 
     </span>
    </p>
   </div>
   <div class='ocr_carea' id='block_1_5' title="bbox 464 315 1418 1046">
    <p class='ocr_par' dir='ltr' id='par_1_5' title="bbox 465 315 1415 464">
     <span class='ocr_line' id='line_1_7' title="bbox 465 315 1415 361; baseline -0.003 -11"><span class='ocrx_word' id='word_1_9' title='bbox 465 319 518 361; x_wconf 85' lang='lat' dir='ltr'>qui</span> <span class='ocrx_word' id='word_1_10' title='bbox 544 318 671 359; x_wconf 83' lang='lat' dir='ltr'>gravius</span> <span class='ocrx_word' id='word_1_11' title='bbox 703 317 843 358; x_wconf 86' lang='lat' dir='ltr'>peccavit</span> <span class='ocrx_word' id='word_1_12' title='bbox 875 326 936 348; x_wconf 89' lang='lat' dir='ltr'>non</span> <span class='ocrx_word' id='word_1_13' title='bbox 968 316 1071 348; x_wconf 85' lang='lat' dir='ltr'>solum</span> <span class='ocrx_word' id='word_1_14' title='bbox 1112 316 1257 348; x_wconf 80' lang='lat' dir='ltr'>acerbius</span> <span class='ocrx_word' id='word_1_15' title='bbox 1291 315 1415 357; x_wconf 89' lang='lat' dir='ltr'>puniri,</span> 
     </span>
     <span class='ocr_line' id='line_1_8' title="bbox 466 368 1415 409; baseline -0.004 -6"><span class='ocrx_word' id='word_1_16' title='bbox 466 380 577 403; x_wconf 79' lang='lat' dir='ltr'>verum</span> <span class='ocrx_word' id='word_1_17' title='bbox 601 370 693 402; x_wconf 83' lang='lat' dir='ltr'>etiam</span> <span class='ocrx_word' id='word_1_18' title='bbox 719 369 839 401; x_wconf 83' lang='lat' dir='ltr'>diutius</span> <span class='ocrx_word' id='word_1_19' title='bbox 870 369 964 401; x_wconf 83' lang='lat' dir='ltr'>debet</span> <span class='ocrx_word' id='word_1_20' title='bbox 987 378 1005 400; x_wconf 88' lang='lat' dir='ltr'>a</span> <span class='ocrx_word' id='word_1_21' title='bbox 1029 368 1082 400; x_wconf 92' lang='lat' dir='ltr'>Dei</span> <span class='ocrx_word' id='word_1_22' title='bbox 1108 369 1227 401; x_wconf 69' lang='lat' dir='ltr'>risione</span> <span class='ocrx_word' id='word_1_23' title='bbox 1256 368 1415 409; x_wconf 81' lang='lat' dir='ltr'>separari,</span> 
     </span>
     <span class='ocr_line' id='line_1_9' title="bbox 466 422 849 464; baseline -0.005 -9"><span class='ocrx_word' id='word_1_24' title='bbox 466 432 540 464; x_wconf 87' lang='lat' dir='ltr'>ergo</span> <span class='ocrx_word' id='word_1_25' title='bbox 565 422 687 454; x_wconf 84' lang='lat' dir='ltr'>tardius</span> <span class='ocrx_word' id='word_1_26' title='bbox 711 422 849 463; x_wconf 84' lang='lat' dir='ltr'>purgari.</span> 
     </span>
    </p>

    <p class='ocr_par' dir='ltr' id='par_1_6' title="bbox 464 473 1416 673">
     <span class='ocr_line' id='line_1_10' title="bbox 553 473 1416 515; baseline -0.001 -8"><span class='ocrx_word' id='word_1_27' title='bbox 553 475 696 507; x_wconf 74' lang='lat' dir='ltr'><strong>CONTRA:</strong></span> <span class='ocrx_word' id='word_1_28' title='bbox 725 475 751 506; x_wconf 85' lang='lat'>1.</span> <span class='ocrx_word' id='word_1_29' title='bbox 777 474 1074 515; x_wconf 73' lang='lat' dir='ltr'>Quantumcumque</span> <span class='ocrx_word' id='word_1_30' title='bbox 1099 473 1211 505; x_wconf 88' lang='lat' dir='ltr'>merita</span> <span class='ocrx_word' id='word_1_31' title='bbox 1243 473 1304 506; x_wconf 85' lang='lat' dir='ltr'>sint</span> <span class='ocrx_word' id='word_1_32' title='bbox 1336 474 1416 506; x_wconf 90' lang='lat' dir='ltr'>inae-</span> 
     </span>
     <span class='ocr_line' id='line_1_11' title="bbox 466 526 1416 570; baseline -0.002 -10"><span class='ocrx_word' id='word_1_33' title='bbox 466 528 587 570; x_wconf 82' lang='lat' dir='ltr'>qualia,</span> <span class='ocrx_word' id='word_1_34' title='bbox 612 532 675 559; x_wconf 86' lang='lat' dir='ltr'>tam</span> <span class='ocrx_word' id='word_1_35' title='bbox 700 527 731 559; x_wconf 89' lang='lat' dir='ltr'>in</span> <span class='ocrx_word' id='word_1_36' title='bbox 755 527 840 559; x_wconf 86' lang='lat' dir='ltr'>caelo</span> <span class='ocrx_word' id='word_1_37' title='bbox 865 536 959 568; x_wconf 83' lang='lat' dir='ltr'>quam</span> <span class='ocrx_word' id='word_1_38' title='bbox 986 527 1015 558; x_wconf 91' lang='lat' dir='ltr'>in</span> <span class='ocrx_word' id='word_1_39' title='bbox 1041 526 1162 558; x_wconf 82' lang='lat' dir='ltr'>inferno</span> <span class='ocrx_word' id='word_1_40' title='bbox 1179 530 1253 558; x_wconf 90' lang='lat' dir='ltr'>sunt</span> <span class='ocrx_word' id='word_1_41' title='bbox 1276 526 1416 567; x_wconf 87' lang='lat' dir='ltr'>praemia</span> 
     </span>
     <span class='ocr_line' id='line_1_12' title="bbox 465 578 1416 621; baseline -0.002 -9"><span class='ocrx_word' id='word_1_42' title='bbox 465 585 495 613; x_wconf 85' lang='lat' dir='ltr'>et</span> <span class='ocrx_word' id='word_1_43' title='bbox 519 580 672 621; x_wconf 84' lang='lat' dir='ltr'>supplicia</span> <span class='ocrx_word' id='word_1_44' title='bbox 697 579 870 621; x_wconf 87' lang='lat' dir='ltr'>aequaliter</span> <span class='ocrx_word' id='word_1_45' title='bbox 895 579 1056 611; x_wconf 82' lang='lat' dir='ltr'>durantia:</span> <span class='ocrx_word' id='word_1_46' title='bbox 1086 588 1161 620; x_wconf 86' lang='lat' dir='ltr'>ergo</span> <span class='ocrx_word' id='word_1_47' title='bbox 1186 578 1253 620; x_wconf 85' lang='lat' dir='ltr'>pari</span> <span class='ocrx_word' id='word_1_48' title='bbox 1278 579 1416 617; x_wconf 86' lang='lat' dir='ltr'>ratione,</span> 
     </span>
     <span class='ocr_line' id='line_1_13' title="bbox 464 631 1270 673; baseline -0.004 -8"><span class='ocrx_word' id='word_1_49' title='bbox 464 637 500 665; x_wconf 87' lang='lat' dir='ltr'>ut</span> <span class='ocrx_word' id='word_1_50' title='bbox 523 633 666 670; x_wconf 72' lang='lat' dir='ltr'>videtur,</span> <span class='ocrx_word' id='word_1_51' title='bbox 691 631 784 664; x_wconf 86' lang='lat' dir='ltr'>debet</span> <span class='ocrx_word' id='word_1_52' title='bbox 808 640 876 664; x_wconf 85' lang='lat' dir='ltr'>esse</span> <span class='ocrx_word' id='word_1_53' title='bbox 900 632 930 663; x_wconf 90' lang='lat' dir='ltr'>in</span> <span class='ocrx_word' id='word_1_54' title='bbox 956 640 1055 673; x_wconf 86' lang='lat' dir='ltr'>poena</span> <span class='ocrx_word' id='word_1_55' title='bbox 1079 631 1270 673; x_wconf 83' lang='lat' dir='ltr'>purgatoria.</span> 
     </span>
    </p>

    <p class='ocr_par' dir='ltr' id='par_1_7' title="bbox 464 683 1418 1046">
     <span class='ocr_line' id='line_1_14' title="bbox 553 683 1416 726; baseline -0.001 -10"><span class='ocrx_word' id='word_1_56' title='bbox 553 687 582 717; x_wconf 61' lang='grc' dir='ltr'>Ξ).</span> <span class='ocrx_word' id='word_1_57' title='bbox 608 685 701 723; x_wconf 89' lang='lat' dir='ltr'>ltem,</span> <span class='ocrx_word' id='word_1_58' title='bbox 726 684 900 717; x_wconf 87' lang='lat' dir='ltr'>secundum</span> <span class='ocrx_word' id='word_1_59' title='bbox 933 684 1017 726; x_wconf 88' lang='lat' dir='ltr'>quod</span> <span class='ocrx_word' id='word_1_60' title='bbox 1054 684 1204 717; x_wconf 88' lang='lat' dir='ltr'>intensior</span> <span class='ocrx_word' id='word_1_61' title='bbox 1235 687 1282 716; x_wconf 89' lang='lat' dir='ltr'>est</span> <span class='ocrx_word' id='word_1_62' title='bbox 1306 683 1416 725; x_wconf 84' lang='lat' dir='ltr'>culpa,</span> 
     </span>
     <span class='ocr_line' id='line_1_15' title="bbox 465 737 1418 779; baseline -0.002 -9"><span class='ocrx_word' id='word_1_63' title='bbox 465 738 615 770; x_wconf 86' lang='lat' dir='ltr'>intensior</span> <span class='ocrx_word' id='word_1_64' title='bbox 647 738 675 770; x_wconf 87' lang='lat' dir='ltr'>ei</span> <span class='ocrx_word' id='word_1_65' title='bbox 708 737 853 769; x_wconf 88' lang='lat' dir='ltr'>redditur</span> <span class='ocrx_word' id='word_1_66' title='bbox 889 746 1005 779; x_wconf 70' lang='lat' dir='ltr'>poena,</span> <span class='ocrx_word' id='word_1_67' title='bbox 1035 737 1089 769; x_wconf 89' lang='lat' dir='ltr'>sed</span> <span class='ocrx_word' id='word_1_68' title='bbox 1125 740 1278 778; x_wconf 85' lang='lat' dir='ltr'>quantum</span> <span class='ocrx_word' id='word_1_69' title='bbox 1315 740 1418 778; x_wconf 88' lang='lat' dir='ltr'>potest</span> 
     </span>
     <span class='ocr_line' id='line_1_16' title="bbox 466 790 1418 833; baseline -0.002 -10"><span class='ocrx_word' id='word_1_70' title='bbox 466 792 569 823; x_wconf 90' lang='lat' dir='ltr'>minor</span> <span class='ocrx_word' id='word_1_71' title='bbox 592 800 692 833; x_wconf 86' lang='lat' dir='ltr'>poena</span> <span class='ocrx_word' id='word_1_72' title='bbox 716 799 813 832; x_wconf 87' lang='lat' dir='ltr'>super</span> <span class='ocrx_word' id='word_1_73' title='bbox 836 790 990 822; x_wconf 81' lang='lat' dir='ltr'>minorem</span> <span class='ocrx_word' id='word_1_74' title='bbox 1015 790 1159 832; x_wconf 87' lang='lat' dir='ltr'>culpam,</span> <span class='ocrx_word' id='word_1_75' title='bbox 1178 793 1299 822; x_wconf 85' lang='lat' dir='ltr'>tantum</span> <span class='ocrx_word' id='word_1_76' title='bbox 1317 792 1418 831; x_wconf 86' lang='lat' dir='ltr'>potest</span> 
     </span>
     <span class='ocr_line' id='line_1_17' title="bbox 466 843 1418 885; baseline -0.002 -9"><span class='ocrx_word' id='word_1_77' title='bbox 466 845 566 876; x_wconf 89' lang='lat' dir='ltr'>maior</span> <span class='ocrx_word' id='word_1_78' title='bbox 599 853 694 885; x_wconf 90' lang='lat' dir='ltr'>super</span> <span class='ocrx_word' id='word_1_79' title='bbox 730 844 905 875; x_wconf 83' lang='lat' dir='ltr'>maiorem:</span> <span class='ocrx_word' id='word_1_80' title='bbox 936 851 1010 884; x_wconf 85' lang='lat' dir='ltr'>ergo</span> <span class='ocrx_word' id='word_1_81' title='bbox 1042 852 1137 885; x_wconf 84' lang='lat' dir='ltr'>quam</span> <span class='ocrx_word' id='word_1_82' title='bbox 1171 843 1231 875; x_wconf 89' lang='lat' dir='ltr'>cito</span> <span class='ocrx_word' id='word_1_83' title='bbox 1263 843 1418 875; x_wconf 84' lang='lat' dir='ltr'>liberatur</span> 
     </span>
     <span class='ocr_line' id='line_1_18' title="bbox 465 896 1418 939; baseline -0.002 -10"><span class='ocrx_word' id='word_1_84' title='bbox 465 897 495 929; x_wconf 90' lang='lat' dir='ltr'>in</span> <span class='ocrx_word' id='word_1_85' title='bbox 520 896 702 939; x_wconf 84' lang='lat' dir='ltr'>purgatorio</span> <span class='ocrx_word' id='word_1_86' title='bbox 727 905 845 938; x_wconf 84' lang='lat' dir='ltr'>parvus</span> <span class='ocrx_word' id='word_1_87' title='bbox 870 899 1014 937; x_wconf 85' lang='lat' dir='ltr'>peccator</span> <span class='ocrx_word' id='word_1_88' title='bbox 1038 905 1095 937; x_wconf 91' lang='lat' dir='ltr'>per</span> <span class='ocrx_word' id='word_1_89' title='bbox 1120 905 1250 937; x_wconf 85' lang='lat' dir='ltr'>parvam</span> <span class='ocrx_word' id='word_1_90' title='bbox 1274 904 1418 937; x_wconf 80' lang='lat' dir='ltr'>poenam,</span> 
     </span>
     <span class='ocr_line' id='line_1_19' title="bbox 465 950 1416 991; baseline -0.003 -9"><span class='ocrx_word' id='word_1_91' title='bbox 465 954 529 982; x_wconf 86' lang='lat' dir='ltr'>tam</span> <span class='ocrx_word' id='word_1_92' title='bbox 553 950 613 982; x_wconf 90' lang='lat' dir='ltr'>cito</span> <span class='ocrx_word' id='word_1_93' title='bbox 648 950 802 982; x_wconf 86' lang='lat' dir='ltr'>liberatur</span> <span class='ocrx_word' id='word_1_94' title='bbox 838 958 970 991; x_wconf 84' lang='lat' dir='ltr'>magnus</span> <span class='ocrx_word' id='word_1_95' title='bbox 1006 952 1150 991; x_wconf 87' lang='lat' dir='ltr'>peccator</span> <span class='ocrx_word' id='word_1_96' title='bbox 1185 957 1241 990; x_wconf 91' lang='lat' dir='ltr'>per</span> <span class='ocrx_word' id='word_1_97' title='bbox 1272 957 1416 989; x_wconf 79' lang='lat' dir='ltr'>magnam</span> 
     </span>
     <span class='ocr_line' id='line_1_20' title="bbox 464 996 607 1046; baseline -0.014 -10"><span class='ocrx_word' id='word_1_98' title='bbox 464 996 607 1046; x_wconf 83' lang='lat' dir='ltr'>poenam.</span> 
     </span>
    </p>
   </div>
   <div class='ocr_carea' id='block_1_6' title="bbox 553 1055 1439 1095">
    <p class='ocr_par' dir='ltr' id='par_1_8' title="bbox 553 1055 1439 1095">
     <span class='ocr_line' id='line_1_21' title="bbox 553 1055 1439 1095; baseline -0.003 -7"><span class='ocrx_word' id='word_1_99' title='bbox 553 1057 646 1095; x_wconf 80' lang='lat' dir='ltr'>item,</span> <span class='ocrx_word' id='word_1_100' title='bbox 671 1055 696 1088; x_wconf 85' lang='lat' dir='ltr'>si</span> <span class='ocrx_word' id='word_1_101' title='bbox 720 1055 802 1087; x_wconf 87' lang='lat' dir='ltr'>alins</span> <span class='ocrx_word' id='word_1_102' title='bbox 825 1055 917 1087; x_wconf 87' lang='lat' dir='ltr'>citius</span> <span class='ocrx_word' id='word_1_103' title='bbox 940 1055 1001 1087; x_wconf 88' lang='lat' dir='ltr'>alio</span> <span class='ocrx_word' id='word_1_104' title='bbox 1018 1055 1172 1087; x_wconf 85' lang='lat' dir='ltr'>liberatur</span> <span class='ocrx_word' id='word_1_105' title='bbox 1186 1055 1211 1093; x_wconf 86' lang='lat'>¹,</span> <span class='ocrx_word' id='word_1_106' title='bbox 1228 1057 1282 1086; x_wconf 86' lang='lat' dir='ltr'>aut</span> <span class='ocrx_word' id='word_1_107' title='bbox 1299 1055 1418 1086; x_wconf 86' lang='lat' dir='ltr'>ratione</span> <span class='ocrx_word' id='word_1_108' title='bbox 1437 1074 1439 1076; x_wconf 90' lang='lat'><em>-</em></span> 
     </span>
    </p>
   </div>
   <div class='ocr_carea' id='block_1_7' title="bbox 465 1106 1420 1625">
    <p class='ocr_par' dir='ltr' id='par_1_9' title="bbox 465 1106 1420 1625">
     <span class='ocr_line' id='line_1_22' title="bbox 465 1106 1420 1146; baseline -0.003 -6"><span class='ocrx_word' id='word_1_109' title='bbox 465 1109 607 1140; x_wconf 72' lang='lat' dir='ltr'>maioris</span> <span class='ocrx_word' id='word_1_110' title='bbox 631 1108 805 1146; x_wconf 69' lang='lat' dir='ltr'>caritatis,</span> <span class='ocrx_word' id='word_1_111' title='bbox 830 1112 885 1139; x_wconf 84' lang='lat' dir='ltr'>aut</span> <span class='ocrx_word' id='word_1_112' title='bbox 909 1107 1029 1139; x_wconf 84' lang='lat' dir='ltr'>ratione</span> <span class='ocrx_word' id='word_1_113' title='bbox 1054 1106 1195 1138; x_wconf 75' lang='lat' dir='ltr'>minoris</span> <span class='ocrx_word' id='word_1_114' title='bbox 1218 1110 1342 1138; x_wconf 71' lang='lat' dir='ltr'>reatus.</span> <span class='ocrx_word' id='word_1_115' title='bbox 1366 1106 1420 1138; x_wconf 82' lang='lat' dir='ltr'>Ra-</span> 
     </span>
     <span class='ocr_line' id='line_1_23' title="bbox 465 1159 1419 1200; baseline -0.003 -7"><span class='ocrx_word' id='word_1_116' title='bbox 465 1162 547 1194; x_wconf 91' lang='lat' dir='ltr'>tione</span> <span class='ocrx_word' id='word_1_117' title='bbox 579 1161 721 1193; x_wconf 70' lang='lat' dir='ltr'>maioris</span> <span class='ocrx_word' id='word_1_118' title='bbox 751 1160 921 1197; x_wconf 72' lang='lat' dir='ltr'>caritatis,</span> <span class='ocrx_word' id='word_1_119' title='bbox 946 1160 1093 1191; x_wconf 85' lang='lat' dir='ltr'>videtur:</span> <span class='ocrx_word' id='word_1_120' title='bbox 1120 1159 1194 1200; x_wconf 87' lang='lat' dir='ltr'>quia</span> <span class='ocrx_word' id='word_1_121' title='bbox 1226 1159 1340 1191; x_wconf 83' lang='lat' dir='ltr'>caritas</span> <span class='ocrx_word' id='word_1_122' title='bbox 1372 1162 1419 1191; x_wconf 84' lang='lat' dir='ltr'>est</span> 
     </span>
     <span class='ocr_line' id='line_1_24' title="bbox 465 1211 1419 1255; baseline -0.003 -9"><span class='ocrx_word' id='word_1_123' title='bbox 465 1218 551 1246; x_wconf 89' lang='lat' dir='ltr'>tanto</span> <span class='ocrx_word' id='word_1_124' title='bbox 587 1214 703 1253; x_wconf 86' lang='lat' dir='ltr'>maior,</span> <span class='ocrx_word' id='word_1_125' title='bbox 739 1217 855 1255; x_wconf 85' lang='lat' dir='ltr'>quanto</span> <span class='ocrx_word' id='word_1_126' title='bbox 890 1213 995 1244; x_wconf 84' lang='lat' dir='ltr'>anima</span> <span class='ocrx_word' id='word_1_127' title='bbox 1030 1215 1076 1244; x_wconf 83' lang='lat' dir='ltr'>est</span> <span class='ocrx_word' id='word_1_128' title='bbox 1111 1212 1174 1244; x_wconf 91' lang='lat' dir='ltr'>Deo</span> <span class='ocrx_word' id='word_1_129' title='bbox 1210 1211 1359 1250; x_wconf 76' lang='lat' dir='ltr'>similior,</span> <span class='ocrx_word' id='word_1_130' title='bbox 1388 1216 1419 1244; x_wconf 89' lang='lat' dir='ltr'>et</span> 
     </span>
     <span class='ocr_line' id='line_1_25' title="bbox 466 1264 1417 1309; baseline -0.003 -10"><span class='ocrx_word' id='word_1_131' title='bbox 466 1272 583 1309; x_wconf 88' lang='lat' dir='ltr'>quanto</span> <span class='ocrx_word' id='word_1_132' title='bbox 608 1267 671 1298; x_wconf 89' lang='lat' dir='ltr'>Deo</span> <span class='ocrx_word' id='word_1_133' title='bbox 687 1270 734 1298; x_wconf 90' lang='lat' dir='ltr'>est</span> <span class='ocrx_word' id='word_1_134' title='bbox 750 1266 899 1303; x_wconf 73' lang='lat' dir='ltr'>similior,</span> <span class='ocrx_word' id='word_1_135' title='bbox 917 1268 1001 1297; x_wconf 80' lang='lat' dir='ltr'>tanto</span> <span class='ocrx_word' id='word_1_136' title='bbox 1019 1265 1111 1296; x_wconf 87' lang='lat' dir='ltr'>statui</span> <span class='ocrx_word' id='word_1_137' title='bbox 1130 1265 1248 1306; x_wconf 81' lang='lat' dir='ltr'>gloriae</span> <span class='ocrx_word' id='word_1_138' title='bbox 1273 1264 1417 1296; x_wconf 87' lang='lat' dir='ltr'>vicinior:</span> 
     </span>
     <span class='ocr_line' id='line_1_26' title="bbox 466 1317 1416 1361; baseline -0.004 -9"><span class='ocrx_word' id='word_1_139' title='bbox 466 1329 540 1361; x_wconf 79' lang='lat' dir='ltr'>ergo</span> <span class='ocrx_word' id='word_1_140' title='bbox 565 1323 650 1351; x_wconf 85' lang='lat' dir='ltr'>tanto</span> <span class='ocrx_word' id='word_1_141' title='bbox 674 1319 765 1351; x_wconf 86' lang='lat' dir='ltr'>citius</span> <span class='ocrx_word' id='word_1_142' title='bbox 790 1323 921 1350; x_wconf 82' lang='lat' dir='ltr'>curatur</span> <span class='ocrx_word' id='word_1_143' title='bbox 945 1321 975 1350; x_wconf 91' lang='lat' dir='ltr'>et</span> <span class='ocrx_word' id='word_1_144' title='bbox 998 1321 1154 1359; x_wconf 80' lang='lat' dir='ltr'>purgatur</span> <span class='ocrx_word' id='word_1_145' title='bbox 1186 1321 1217 1349; x_wconf 82' lang='lat' dir='ltr'>et</span> <span class='ocrx_word' id='word_1_146' title='bbox 1241 1317 1270 1348; x_wconf 94' lang='lat' dir='ltr'>in</span> <span class='ocrx_word' id='word_1_147' title='bbox 1295 1317 1416 1349; x_wconf 86' lang='lat' dir='ltr'>caelum</span> 
     </span>
     <span class='ocr_line' id='line_1_27' title="bbox 466 1369 1416 1412; baseline -0.004 -8"><span class='ocrx_word' id='word_1_148' title='bbox 466 1373 576 1404; x_wconf 86' lang='lat' dir='ltr'>fertur.</span> <span class='ocrx_word' id='word_1_149' title='bbox 590 1390 634 1394; x_wconf 87' lang='lat'>-—</span> <span class='ocrx_word' id='word_1_150' title='bbox 647 1371 707 1403; x_wconf 83' lang='lat' dir='ltr'>Sed</span> <span class='ocrx_word' id='word_1_151' title='bbox 724 1371 807 1412; x_wconf 89' lang='lat' dir='ltr'>quod</span> <span class='ocrx_word' id='word_1_152' title='bbox 830 1371 949 1402; x_wconf 80' lang='lat' dir='ltr'>ratione</span> <span class='ocrx_word' id='word_1_153' title='bbox 973 1370 1114 1401; x_wconf 68' lang='lat' dir='ltr'>minoris</span> <span class='ocrx_word' id='word_1_154' title='bbox 1131 1373 1257 1407; x_wconf 69' lang='lat' dir='ltr'>reatus,</span> <span class='ocrx_word' id='word_1_155' title='bbox 1275 1369 1416 1402; x_wconf 82' lang='lat' dir='ltr'>videtur:</span> 
     </span>
     <span class='ocr_line' id='line_1_28' title="bbox 467 1422 1418 1466; baseline -0.003 -10"><span class='ocrx_word' id='word_1_156' title='bbox 467 1425 540 1466; x_wconf 87' lang='lat' dir='ltr'>quia</span> <span class='ocrx_word' id='word_1_157' title='bbox 557 1424 660 1456; x_wconf 84' lang='lat' dir='ltr'>anima</span> <span class='ocrx_word' id='word_1_158' title='bbox 678 1433 738 1455; x_wconf 92' lang='lat' dir='ltr'>non</span> <span class='ocrx_word' id='word_1_159' title='bbox 756 1426 803 1455; x_wconf 83' lang='lat' dir='ltr'>est</span> <span class='ocrx_word' id='word_1_160' title='bbox 820 1423 860 1455; x_wconf 85' lang='lat' dir='ltr'>ibi</span> <span class='ocrx_word' id='word_1_161' title='bbox 880 1423 937 1455; x_wconf 87' lang='lat' dir='ltr'>nisi</span> <span class='ocrx_word' id='word_1_162' title='bbox 955 1423 995 1455; x_wconf 89' lang='lat' dir='ltr'>ad</span> <span class='ocrx_word' id='word_1_163' title='bbox 1013 1422 1198 1454; x_wconf 86' lang='lat' dir='ltr'>solvendum</span> <span class='ocrx_word' id='word_1_164' title='bbox 1218 1422 1302 1463; x_wconf 91' lang='lat' dir='ltr'>quod</span> <span class='ocrx_word' id='word_1_165' title='bbox 1321 1422 1418 1454; x_wconf 79' lang='lat' dir='ltr'>traxit</span> 
     </span>
     <span class='ocr_line' id='line_1_29' title="bbox 466 1475 1418 1518; baseline -0.002 -9"><span class='ocrx_word' id='word_1_166' title='bbox 466 1486 507 1510; x_wconf 82' lang='lat' dir='ltr'>ex</span> <span class='ocrx_word' id='word_1_167' title='bbox 532 1477 590 1509; x_wconf 84' lang='lat' dir='ltr'>hac</span> <span class='ocrx_word' id='word_1_168' title='bbox 615 1477 696 1515; x_wconf 51' lang='lat' dir='ltr'>vita«,</span> <span class='ocrx_word' id='word_1_169' title='bbox 721 1477 774 1508; x_wconf 86' lang='lat' dir='ltr'>sed</span> <span class='ocrx_word' id='word_1_170' title='bbox 798 1479 916 1518; x_wconf 83' lang='lat' dir='ltr'>quanto</span> <span class='ocrx_word' id='word_1_171' title='bbox 948 1476 1089 1508; x_wconf 89' lang='lat' dir='ltr'>debitum</span> <span class='ocrx_word' id='word_1_172' title='bbox 1114 1479 1161 1508; x_wconf 87' lang='lat' dir='ltr'>est</span> <span class='ocrx_word' id='word_1_173' title='bbox 1185 1475 1307 1513; x_wconf 89' lang='lat' dir='ltr'>minus,</span> <span class='ocrx_word' id='word_1_174' title='bbox 1334 1478 1418 1507; x_wconf 86' lang='lat' dir='ltr'>tanto</span> 
     </span>
     <span class='ocr_line' id='line_1_30' title="bbox 466 1528 1420 1570; baseline -0.001 -9"><span class='ocrx_word' id='word_1_175' title='bbox 466 1530 558 1562; x_wconf 84' lang='lat' dir='ltr'>citius</span> <span class='ocrx_word' id='word_1_176' title='bbox 582 1530 730 1562; x_wconf 82' lang='lat' dir='ltr'>solvitur:</span> <span class='ocrx_word' id='word_1_177' title='bbox 757 1539 831 1570; x_wconf 80' lang='lat' dir='ltr'>ergo</span> <span class='ocrx_word' id='word_1_178' title='bbox 856 1529 996 1567; x_wconf 77' lang='lat' dir='ltr'>videtur,</span> <span class='ocrx_word' id='word_1_179' title='bbox 1026 1529 1110 1570; x_wconf 88' lang='lat' dir='ltr'>quod</span> <span class='ocrx_word' id='word_1_180' title='bbox 1136 1528 1205 1561; x_wconf 85' lang='lat' dir='ltr'>talis</span> <span class='ocrx_word' id='word_1_181' title='bbox 1230 1528 1323 1561; x_wconf 85' lang='lat' dir='ltr'>citius</span> <span class='ocrx_word' id='word_1_182' title='bbox 1347 1538 1420 1569; x_wconf 88' lang='lat' dir='ltr'>pur-</span> 
     </span>
     <span class='ocr_line' id='line_1_31' title="bbox 466 1583 966 1625; baseline -0.004 -10"><span class='ocrx_word' id='word_1_183' title='bbox 466 1587 557 1625; x_wconf 79' lang='lat' dir='ltr'>getur</span> <span class='ocrx_word' id='word_1_184' title='bbox 581 1587 612 1615; x_wconf 88' lang='lat' dir='ltr'>et</span> <span class='ocrx_word' id='word_1_185' title='bbox 636 1583 667 1615; x_wconf 93' lang='lat' dir='ltr'>in</span> <span class='ocrx_word' id='word_1_186' title='bbox 690 1583 811 1615; x_wconf 86' lang='lat' dir='ltr'>caelum</span> <span class='ocrx_word' id='word_1_187' title='bbox 837 1583 966 1614; x_wconf 84' lang='lat' dir='ltr'>feratur.</span> 
     </span>
    </p>
   </div>
   <div class='ocr_carea' id='block_1_8' title="bbox 497 1696 1388 1836">
    <p class='ocr_par' dir='ltr' id='par_1_10' title="bbox 497 1696 1388 1836">
     <span class='ocr_line' id='line_1_32' title="bbox 820 1696 1058 1720; baseline -0.004 -1"><span class='ocrx_word' id='word_1_188' title='bbox 820 1697 837 1719; x_wconf 86' lang='lat' dir='ltr'>c</span> <span class='ocrx_word' id='word_1_189' title='bbox 847 1697 865 1720; x_wconf 92' lang='lat' dir='ltr'>o</span> <span class='ocrx_word' id='word_1_190' title='bbox 874 1697 896 1719; x_wconf 86' lang='lat' dir='ltr'>N</span> <span class='ocrx_word' id='word_1_191' title='bbox 906 1697 922 1719; x_wconf 85' lang='lat' dir='ltr'>c</span> <span class='ocrx_word' id='word_1_192' title='bbox 932 1697 949 1719; x_wconf 89' lang='lat' dir='ltr'>L</span> <span class='ocrx_word' id='word_1_193' title='bbox 959 1697 979 1719; x_wconf 83' lang='lat' dir='ltr'>U</span> <span class='ocrx_word' id='word_1_194' title='bbox 989 1696 1003 1719; x_wconf 88' lang='lat' dir='ltr'>s</span> <span class='ocrx_word' id='word_1_195' title='bbox 1013 1697 1021 1718; x_wconf 94' lang='lat'>1</span> <span class='ocrx_word' id='word_1_196' title='bbox 1032 1696 1058 1719; x_wconf 93' lang='lat' dir='ltr'>o.</span> 
     </span>
     <span class='ocr_line' id='line_1_33' title="bbox 497 1789 1388 1836; baseline -0.003 -10"><span class='ocrx_word' id='word_1_197' title='bbox 497 1795 535 1826; x_wconf 79' lang='lat' dir='ltr'>In</span> <span class='ocrx_word' id='word_1_198' title='bbox 549 1794 749 1836; x_wconf 63' lang='lat' dir='ltr'>purqatort&#39;o</span> <span class='ocrx_word' id='word_1_199' title='bbox 769 1803 854 1825; x_wconf 74' lang='lat' dir='ltr'>lmus</span> <span class='ocrx_word' id='word_1_200' title='bbox 871 1793 970 1825; x_wconf 69' lang='lat' dir='ltr'>citius</span> <span class='ocrx_word' id='word_1_201' title='bbox 987 1802 1088 1836; x_wconf 69' lang='lat' dir='ltr'>quam</span> <span class='ocrx_word' id='word_1_202' title='bbox 1105 1789 1194 1824; x_wconf 66' lang='lat' dir='ltr'>alius</span> <span class='ocrx_word' id='word_1_203' title='bbox 1209 1796 1388 1834; x_wconf 68' lang='lat' dir='ltr'>purqatur.</span> 
     </span>
    </p>
   </div>
   <div class='ocr_carea' id='block_1_9' title="bbox 467 1897 1421 2153">
    <p class='ocr_par' dir='ltr' id='par_1_11' title="bbox 467 1897 1421 2153">
     <span class='ocr_line' id='line_1_34' title="bbox 554 1897 1421 1940; baseline -0.003 -9"><span class='ocrx_word' id='word_1_204' title='bbox 554 1900 750 1931; x_wconf 73' lang='lat' dir='ltr'>RESPONnno:</span> <span class='ocrx_word' id='word_1_205' title='bbox 776 1898 965 1937; x_wconf 82' lang='lat' dir='ltr'>Dicendum,</span> <span class='ocrx_word' id='word_1_206' title='bbox 990 1898 1092 1940; x_wconf 87' lang='lat' dir='ltr'>quod,</span> <span class='ocrx_word' id='word_1_207' title='bbox 1117 1897 1197 1930; x_wconf 85' lang='lat' dir='ltr'>sicut</span> <span class='ocrx_word' id='word_1_208' title='bbox 1222 1897 1297 1929; x_wconf 86' lang='lat' dir='ltr'>dicit</span> <span class='ocrx_word' id='word_1_209' title='bbox 1321 1899 1421 1938; x_wconf 72' lang='lat' dir='ltr'>Augu-</span> 
     </span>
     <span class='ocr_line' id='line_1_35' title="bbox 467 1950 1421 1993; baseline -0.004 -8"><span class='ocrx_word' id='word_1_210' title='bbox 467 1953 568 1985; x_wconf 86' lang='lat' dir='ltr'>stinus</span> <span class='ocrx_word' id='word_1_211' title='bbox 592 1960 743 1993; x_wconf 86' lang='lat' dir='ltr'>expresse</span> <span class='ocrx_word' id='word_1_212' title='bbox 768 1951 797 1982; x_wconf 92' lang='lat' dir='ltr'>in</span> <span class='ocrx_word' id='word_1_213' title='bbox 824 1951 967 1989; x_wconf 70' lang='lat' dir='ltr'>littera2,</span> <span class='ocrx_word' id='word_1_214' title='bbox 992 1952 1021 1982; x_wconf 91' lang='lat' dir='ltr'>in</span> <span class='ocrx_word' id='word_1_215' title='bbox 1048 1950 1101 1982; x_wconf 92' lang='lat' dir='ltr'>illo</span> <span class='ocrx_word' id='word_1_216' title='bbox 1134 1950 1204 1991; x_wconf 73' lang='lat' dir='ltr'>igne</span> <span class='ocrx_word' id='word_1_217' title='bbox 1228 1950 1321 1982; x_wconf 88' lang='lat' dir='ltr'>citius</span> <span class='ocrx_word' id='word_1_218' title='bbox 1349 1959 1421 1991; x_wconf 90' lang='lat' dir='ltr'>pur-</span> 
     </span>
     <span class='ocr_line' id='line_1_36' title="bbox 468 2003 1420 2047; baseline -0.004 -9"><span class='ocrx_word' id='word_1_219' title='bbox 468 2010 560 2047; x_wconf 83' lang='lat' dir='ltr'>gatur</span> <span class='ocrx_word' id='word_1_220' title='bbox 584 2014 668 2038; x_wconf 89' lang='lat' dir='ltr'>unus</span> <span class='ocrx_word' id='word_1_221' title='bbox 693 2014 787 2047; x_wconf 88' lang='lat' dir='ltr'>quam</span> <span class='ocrx_word' id='word_1_222' title='bbox 813 2004 903 2036; x_wconf 78' lang='lat' dir='ltr'>alius.</span> <span class='ocrx_word' id='word_1_223' title='bbox 923 2004 980 2045; x_wconf 83' lang='lat' dir='ltr'>Qui</span> <span class='ocrx_word' id='word_1_224' title='bbox 999 2004 1081 2036; x_wconf 91' lang='lat' dir='ltr'>enim</span> <span class='ocrx_word' id='word_1_225' title='bbox 1100 2003 1220 2035; x_wconf 84' lang='lat' dir='ltr'>diutius</span> <span class='ocrx_word' id='word_1_226' title='bbox 1237 2003 1268 2034; x_wconf 90' lang='lat' dir='ltr'>in</span> <span class='ocrx_word' id='word_1_227' title='bbox 1293 2006 1420 2044; x_wconf 87' lang='lat' dir='ltr'>peccato</span> 
     </span>
     <span class='ocr_line' id='line_1_37' title="bbox 468 2055 1420 2100; baseline -0.003 -10"><span class='ocrx_word' id='word_1_228' title='bbox 468 2059 655 2100; x_wconf 78' lang='lat' dir='ltr'>permansit,</span> <span class='ocrx_word' id='word_1_229' title='bbox 673 2058 803 2099; x_wconf 84' lang='lat' dir='ltr'>dignum</span> <span class='ocrx_word' id='word_1_230' title='bbox 822 2060 884 2095; x_wconf 86' lang='lat' dir='ltr'>est,</span> <span class='ocrx_word' id='word_1_231' title='bbox 902 2060 938 2089; x_wconf 86' lang='lat' dir='ltr'>ut</span> <span class='ocrx_word' id='word_1_232' title='bbox 954 2057 1074 2089; x_wconf 72' lang='lat' dir='ltr'>[liutius</span> <span class='ocrx_word' id='word_1_233' title='bbox 1092 2055 1245 2088; x_wconf 81' lang='lat' dir='ltr'>sustineat</span> <span class='ocrx_word' id='word_1_234' title='bbox 1269 2064 1420 2097; x_wconf 79' lang='lat' dir='ltr'>poenam3</span> 
     </span>
     <span class='ocr_line' id='line_1_38' title="bbox 467 2109 1421 2153; baseline -0.003 -10"><span class='ocrx_word' id='word_1_235' title='bbox 467 2121 609 2149; x_wconf 75' lang='lat' dir='ltr'>rursus,</span> <span class='ocrx_word' id='word_1_236' title='bbox 634 2111 688 2153; x_wconf 90' lang='lat' dir='ltr'>qui</span> <span class='ocrx_word' id='word_1_237' title='bbox 724 2110 852 2151; x_wconf 80' lang='lat' dir='ltr'>gravius</span> <span class='ocrx_word' id='word_1_238' title='bbox 888 2109 1033 2148; x_wconf 83' lang='lat' dir='ltr'>offendit,</span> <span class='ocrx_word' id='word_1_239' title='bbox 1066 2109 1197 2150; x_wconf 82' lang='lat' dir='ltr'>dignum</span> <span class='ocrx_word' id='word_1_240' title='bbox 1222 2113 1282 2147; x_wconf 84' lang='lat' dir='ltr'>est,</span> <span class='ocrx_word' id='word_1_241' title='bbox 1308 2112 1342 2140; x_wconf 89' lang='lat' dir='ltr'>ut</span> <span class='ocrx_word' id='word_1_242' title='bbox 1366 2118 1421 2150; x_wconf 86' lang='lat' dir='ltr'>pu-</span> 
     </span>
    </p>
   </div>
   <div class='ocr_carea' id='block_1_10' title="bbox 1223 228 1668 261">
    <p class='ocr_par' dir='ltr' id='par_1_12' title="bbox 1223 228 1668 261">
     <span class='ocr_line' id='line_1_39' title="bbox 1223 228 1668 261; baseline -0.002 -1"><span class='ocrx_word' id='word_1_243' title='bbox 1223 228 1505 261; x_wconf 83' lang='lat' dir='ltr'><strong>SENTENTIARUM</strong></span> <span class='ocrx_word' id='word_1_244' title='bbox 1529 228 1596 260; x_wconf 86' lang='lat' dir='ltr'>LIB.</span> <span class='ocrx_word' id='word_1_245' title='bbox 1621 228 1668 260; x_wconf 90' lang='lat' dir='ltr'>IV.</span> 
     </span>
    </p>
   </div>
   <div class='ocr_carea' id='block_1_11' title="bbox 1447 315 1457 2142">
    <p class='ocr_par' dir='ltr' id='par_1_13' title="bbox 1447 315 1457 2142">
     <span class='ocr_line' id='line_1_40' title="bbox 1447 315 1457 2142; baseline 0 0"><span class='ocrx_word' id='word_1_246' title='bbox 1447 315 1457 2142; x_wconf 95' lang='lat' dir='ltr'> </span> 
     </span>
    </p>
   </div>
   <div class='ocr_carea' id='block_1_12' title="bbox 1480 314 2483 2140">
    <p class='ocr_par' dir='ltr' id='par_1_14' title="bbox 1480 314 2479 462">
     <span class='ocr_line' id='line_1_41' title="bbox 1480 314 2479 357; baseline 0.001 -10"><span class='ocrx_word' id='word_1_247' title='bbox 1480 315 1586 347; x_wconf 88' lang='lat' dir='ltr'>niatur</span> <span class='ocrx_word' id='word_1_248' title='bbox 1610 324 1710 357; x_wconf 88' lang='lat' dir='ltr'>poena</span> <span class='ocrx_word' id='word_1_249' title='bbox 1733 314 1886 347; x_wconf 76' lang='lat' dir='ltr'>acerbiori</span> <span class='ocrx_word' id='word_1_250' title='bbox 1912 317 1942 347; x_wconf 90' lang='lat' dir='ltr'>et</span> <span class='ocrx_word' id='word_1_251' title='bbox 1966 314 2114 347; x_wconf 84' lang='lat' dir='ltr'>dilatione</span> <span class='ocrx_word' id='word_1_252' title='bbox 2138 314 2258 356; x_wconf 76' lang='lat' dir='ltr'>patriae</span> <span class='ocrx_word' id='word_1_253' title='bbox 2287 314 2427 356; x_wconf 85' lang='lat' dir='ltr'>longiori,</span> <span class='ocrx_word' id='word_1_254' title='bbox 2476 330 2479 335; x_wconf 71' lang='lat'>.</span> 
     </span>
     <span class='ocr_line' id='line_1_42' title="bbox 1481 367 2478 409; baseline 0.001 -9"><span class='ocrx_word' id='word_1_255' title='bbox 1481 368 1586 400; x_wconf 83' lang='lat' dir='ltr'>divina</span> <span class='ocrx_word' id='word_1_256' title='bbox 1610 368 1669 400; x_wconf 81' lang='lat' dir='ltr'>hoc</span> <span class='ocrx_word' id='word_1_257' title='bbox 1694 367 1811 399; x_wconf 86' lang='lat' dir='ltr'>iustitia</span> <span class='ocrx_word' id='word_1_258' title='bbox 1834 367 1982 406; x_wconf 79' lang='lat' dir='ltr'>faciente,</span> <span class='ocrx_word' id='word_1_259' title='bbox 2007 376 2088 409; x_wconf 86' lang='lat' dir='ltr'>quae</span> <span class='ocrx_word' id='word_1_260' title='bbox 2112 367 2259 399; x_wconf 86' lang='lat' dir='ltr'>omnibus</span> <span class='ocrx_word' id='word_1_261' title='bbox 2283 367 2430 401; x_wconf 88' lang='lat' dir='ltr'>decentis-</span> <span class='ocrx_word' id='word_1_262' title='bbox 2476 376 2478 380; x_wconf 79' lang='grc'>’</span> 
     </span>
     <span class='ocr_line' id='line_1_43' title="bbox 1481 420 2088 462; baseline -0.003 -9"><span class='ocrx_word' id='word_1_263' title='bbox 1481 421 1559 453; x_wconf 88' lang='lat' dir='ltr'>sime</span> <span class='ocrx_word' id='word_1_264' title='bbox 1584 420 1688 453; x_wconf 81' lang='lat' dir='ltr'>reddit</span> <span class='ocrx_word' id='word_1_265' title='bbox 1711 420 1866 462; x_wconf 86' lang='lat' dir='ltr'>stipendia</span> <span class='ocrx_word' id='word_1_266' title='bbox 1891 420 2088 452; x_wconf 86' lang='lat' dir='ltr'>meritorum.</span> 
     </span>
    </p>

    <p class='ocr_par' dir='ltr' id='par_1_15' title="bbox 1481 472 2483 878">
     <span class='ocr_line' id='line_1_44' title="bbox 1572 472 2483 513; baseline 0.004 -9"><span class='ocrx_word' id='word_1_267' title='bbox 1572 474 1598 504; x_wconf 85' lang='lat'>1.</span> <span class='ocrx_word' id='word_1_268' title='bbox 1624 472 1667 504; x_wconf 78' lang='lat' dir='ltr'>Ad</span> <span class='ocrx_word' id='word_1_269' title='bbox 1700 472 1777 504; x_wconf 93' lang='lat' dir='ltr'>illud</span> <span class='ocrx_word' id='word_1_270' title='bbox 1811 472 1894 513; x_wconf 90' lang='lat' dir='ltr'>quod</span> <span class='ocrx_word' id='word_1_271' title='bbox 1931 472 2077 504; x_wconf 88' lang='lat' dir='ltr'>obiicitur</span> <span class='ocrx_word' id='word_1_272' title='bbox 2113 472 2143 503; x_wconf 92' lang='lat' dir='ltr'>in</span> <span class='ocrx_word' id='word_1_273' title='bbox 2175 472 2367 504; x_wconf 84' lang='lat' dir='ltr'>contrarium</span> <span class='ocrx_word' id='word_1_274' title='bbox 2391 473 2429 506; x_wconf 87' lang='lat' dir='ltr'>de</span> <span class='ocrx_word' id='word_1_275' title='bbox 2454 487 2483 512; x_wconf 55' lang='lat' dir='ltr'>sa</span> 
     </span>
     <span class='ocr_line' id='line_1_45' title="bbox 1481 519 2483 567; baseline 0.001 -10"><span class='ocrx_word' id='word_1_276' title='bbox 1481 525 1668 567; x_wconf 77' lang='lat' dir='ltr'>aequalitate</span> <span class='ocrx_word' id='word_1_277' title='bbox 1693 524 1868 557; x_wconf 77' lang='lat' dir='ltr'>durationis</span> <span class='ocrx_word' id='word_1_278' title='bbox 1892 525 1921 556; x_wconf 93' lang='lat' dir='ltr'>in</span> <span class='ocrx_word' id='word_1_279' title='bbox 1940 524 2043 563; x_wconf 87' lang='lat' dir='ltr'>caelo,</span> <span class='ocrx_word' id='word_1_280' title='bbox 2061 524 2247 563; x_wconf 82' lang='lat' dir='ltr'>dicendum,</span> <span class='ocrx_word' id='word_1_281' title='bbox 2269 525 2354 566; x_wconf 92' lang='lat' dir='ltr'>quod</span> <span class='ocrx_word' id='word_1_282' title='bbox 2371 534 2431 558; x_wconf 90' lang='lat' dir='ltr'>non</span> <span class='ocrx_word' id='word_1_283' title='bbox 2444 519 2483 540; x_wconf 66' lang='lat'>¹³⁰³*</span> 
     </span>
     <span class='ocr_line' id='line_1_46' title="bbox 1481 577 2431 620; baseline 0.001 -11"><span class='ocrx_word' id='word_1_284' title='bbox 1481 581 1528 610; x_wconf 90' lang='lat' dir='ltr'>est</span> <span class='ocrx_word' id='word_1_285' title='bbox 1551 578 1668 610; x_wconf 89' lang='lat' dir='ltr'>simile:</span> <span class='ocrx_word' id='word_1_286' title='bbox 1694 578 1768 619; x_wconf 89' lang='lat' dir='ltr'>quia</span> <span class='ocrx_word' id='word_1_287' title='bbox 1792 578 1822 609; x_wconf 91' lang='lat' dir='ltr'>in</span> <span class='ocrx_word' id='word_1_288' title='bbox 1848 577 1968 609; x_wconf 86' lang='lat' dir='ltr'>inferno</span> <span class='ocrx_word' id='word_1_289' title='bbox 1994 586 2092 618; x_wconf 86' lang='lat' dir='ltr'>poena</span> <span class='ocrx_word' id='word_1_290' title='bbox 2121 581 2247 610; x_wconf 82' lang='lat' dir='ltr'>aeterna</span> <span class='ocrx_word' id='word_1_291' title='bbox 2272 578 2431 620; x_wconf 82' lang='lat' dir='ltr'>infligitur,</span> 
     </span>
     <span class='ocr_line' id='line_1_47' title="bbox 1482 629 2432 672; baseline 0.002 -11"><span class='ocrx_word' id='word_1_292' title='bbox 1482 634 1512 662; x_wconf 91' lang='lat' dir='ltr'>et</span> <span class='ocrx_word' id='word_1_293' title='bbox 1543 634 1671 662; x_wconf 86' lang='lat' dir='ltr'>aeterno</span> <span class='ocrx_word' id='word_1_294' title='bbox 1696 639 1758 661; x_wconf 90' lang='lat' dir='ltr'>non</span> <span class='ocrx_word' id='word_1_295' title='bbox 1781 633 1827 661; x_wconf 87' lang='lat' dir='ltr'>est</span> <span class='ocrx_word' id='word_1_296' title='bbox 1850 629 1953 661; x_wconf 84' lang='lat' dir='ltr'>maius</span> <span class='ocrx_word' id='word_1_297' title='bbox 1977 633 2007 662; x_wconf 89' lang='lat' dir='ltr'>et</span> <span class='ocrx_word' id='word_1_298' title='bbox 2032 630 2136 662; x_wconf 91' lang='lat' dir='ltr'>minus</span> <span class='ocrx_word' id='word_1_299' title='bbox 2171 639 2212 662; x_wconf 80' lang='lat' dir='ltr'>ex</span> <span class='ocrx_word' id='word_1_300' title='bbox 2244 634 2333 671; x_wconf 86' lang='lat' dir='ltr'>parte</span> <span class='ocrx_word' id='word_1_301' title='bbox 2364 635 2432 672; x_wconf 87' lang='lat' dir='ltr'>post</span> 
     </span>
     <span class='ocr_line' id='line_1_48' title="bbox 1482 683 2432 724; baseline 0.001 -9"><span class='ocrx_word' id='word_1_302' title='bbox 1482 683 1547 715; x_wconf 87' lang='lat' dir='ltr'>sive</span> <span class='ocrx_word' id='word_1_303' title='bbox 1564 692 1603 715; x_wconf 84' lang='lat' dir='ltr'>ex</span> <span class='ocrx_word' id='word_1_304' title='bbox 1621 686 1710 724; x_wconf 84' lang='lat' dir='ltr'>parte</span> <span class='ocrx_word' id='word_1_305' title='bbox 1726 691 1776 721; x_wconf 86' lang='lat' dir='ltr'>ea,</span> <span class='ocrx_word' id='word_1_306' title='bbox 1794 692 1856 724; x_wconf 87' lang='lat' dir='ltr'>qua</span> <span class='ocrx_word' id='word_1_307' title='bbox 1872 686 1919 714; x_wconf 89' lang='lat' dir='ltr'>est</span> <span class='ocrx_word' id='word_1_308' title='bbox 1938 686 2122 721; x_wconf 81' lang='lat' dir='ltr'>aeternum3</span> <span class='ocrx_word' id='word_1_309' title='bbox 2140 683 2283 715; x_wconf 89' lang='lat' dir='ltr'>similiter</span> <span class='ocrx_word' id='word_1_310' title='bbox 2300 683 2330 715; x_wconf 89' lang='lat' dir='ltr'>in</span> <span class='ocrx_word' id='word_1_311' title='bbox 2348 684 2432 716; x_wconf 87' lang='lat' dir='ltr'>caelo</span> 
     </span>
     <span class='ocr_line' id='line_1_49' title="bbox 1482 734 2433 777; baseline 0.002 -11"><span class='ocrx_word' id='word_1_312' title='bbox 1482 735 1658 777; x_wconf 86' lang='lat' dir='ltr'>praemium</span> <span class='ocrx_word' id='word_1_313' title='bbox 1683 739 1847 767; x_wconf 88' lang='lat' dir='ltr'>aeternum</span> <span class='ocrx_word' id='word_1_314' title='bbox 1872 734 1986 772; x_wconf 87' lang='lat' dir='ltr'>datur;</span> <span class='ocrx_word' id='word_1_315' title='bbox 2010 735 2041 766; x_wconf 91' lang='lat' dir='ltr'>in</span> <span class='ocrx_word' id='word_1_316' title='bbox 2067 736 2248 776; x_wconf 84' lang='lat' dir='ltr'>purgatorio</span> <span class='ocrx_word' id='word_1_317' title='bbox 2272 744 2348 767; x_wconf 85' lang='lat' dir='ltr'>vcro</span> <span class='ocrx_word' id='word_1_318' title='bbox 2370 736 2433 769; x_wconf 77' lang='lat' dir='ltr'>sola</span> 
     </span>
     <span class='ocr_line' id='line_1_50' title="bbox 1483 786 2434 829; baseline 0.002 -10"><span class='ocrx_word' id='word_1_319' title='bbox 1483 796 1582 829; x_wconf 82' lang='lat' dir='ltr'>poena</span> <span class='ocrx_word' id='word_1_320' title='bbox 1607 787 1789 829; x_wconf 87' lang='lat' dir='ltr'>temporalis</span> <span class='ocrx_word' id='word_1_321' title='bbox 1813 786 1984 828; x_wconf 81' lang='lat' dir='ltr'>infligitur,</span> <span class='ocrx_word' id='word_1_322' title='bbox 2009 790 2039 819; x_wconf 90' lang='lat' dir='ltr'>et</span> <span class='ocrx_word' id='word_1_323' title='bbox 2060 787 2091 819; x_wconf 94' lang='lat' dir='ltr'>in</span> <span class='ocrx_word' id='word_1_324' title='bbox 2109 787 2168 820; x_wconf 87' lang='lat' dir='ltr'>hac</span> <span class='ocrx_word' id='word_1_325' title='bbox 2192 791 2238 820; x_wconf 85' lang='lat' dir='ltr'>est</span> <span class='ocrx_word' id='word_1_326' title='bbox 2262 788 2382 820; x_wconf 90' lang='lat' dir='ltr'>diutius</span> <span class='ocrx_word' id='word_1_327' title='bbox 2405 792 2434 821; x_wconf 86' lang='lat' dir='ltr'>et</span> 
     </span>
     <span class='ocr_line' id='line_1_51' title="bbox 1485 828 2483 878; baseline 0 -6"><span class='ocrx_word' id='word_1_328' title='bbox 1485 840 1620 872; x_wconf 85' lang='lat' dir='ltr'>brevius.</span> <span class='ocrx_word' id='word_1_329' title='bbox 2479 828 2483 878; x_wconf 83' lang='grc' dir='ltr'>Ι</span> 
     </span>
    </p>

    <p class='ocr_par' dir='ltr' id='par_1_16' title="bbox 1483 891 2483 1349">
     <span class='ocr_line' id='line_1_52' title="bbox 1572 891 2483 934; baseline 0.001 -10"><span class='ocrx_word' id='word_1_330' title='bbox 1572 894 1601 924; x_wconf 70' lang='grc'>2.</span> <span class='ocrx_word' id='word_1_331' title='bbox 1626 892 1670 924; x_wconf 90' lang='lat' dir='ltr'>Ad</span> <span class='ocrx_word' id='word_1_332' title='bbox 1696 891 1774 923; x_wconf 88' lang='lat' dir='ltr'>illud</span> <span class='ocrx_word' id='word_1_333' title='bbox 1799 891 1884 933; x_wconf 90' lang='lat' dir='ltr'>quod</span> <span class='ocrx_word' id='word_1_334' title='bbox 1909 891 2070 930; x_wconf 88' lang='lat' dir='ltr'>obiicitur,</span> <span class='ocrx_word' id='word_1_335' title='bbox 2095 892 2177 933; x_wconf 90' lang='lat' dir='ltr'>quod</span> <span class='ocrx_word' id='word_1_336' title='bbox 2204 901 2304 934; x_wconf 92' lang='lat' dir='ltr'>poena</span> <span class='ocrx_word' id='word_1_337' title='bbox 2328 893 2432 934; x_wconf 88' lang='lat' dir='ltr'>gravis</span> <span class='ocrx_word' id='word_1_338' title='bbox 2480 908 2483 916; x_wconf 83' lang='lat'>=</span> 
     </span>
     <span class='ocr_line' id='line_1_53' title="bbox 1483 945 2433 987; baseline 0 -9"><span class='ocrx_word' id='word_1_339' title='bbox 1483 954 1583 987; x_wconf 81' lang='lat' dir='ltr'>aeque</span> <span class='ocrx_word' id='word_1_340' title='bbox 1607 946 1667 977; x_wconf 88' lang='lat' dir='ltr'>cito</span> <span class='ocrx_word' id='word_1_341' title='bbox 1692 945 1775 977; x_wconf 87' lang='lat' dir='ltr'>delet</span> <span class='ocrx_word' id='word_1_342' title='bbox 1810 953 1938 986; x_wconf 84' lang='lat' dir='ltr'>gravem</span> <span class='ocrx_word' id='word_1_343' title='bbox 1964 948 2040 983; x_wconf 79' lang='lat' dir='ltr'>etc.;</span> <span class='ocrx_word' id='word_1_344' title='bbox 2065 945 2252 984; x_wconf 79' lang='lat' dir='ltr'>dicendum,</span> <span class='ocrx_word' id='word_1_345' title='bbox 2276 946 2362 987; x_wconf 90' lang='lat' dir='ltr'>quod</span> <span class='ocrx_word' id='word_1_346' title='bbox 2386 956 2433 979; x_wconf 88' lang='lat' dir='ltr'>ve-</span> 
     </span>
     <span class='ocr_line' id='line_1_54' title="bbox 1484 997 2434 1039; baseline 0.001 -9"><span class='ocrx_word' id='word_1_347' title='bbox 1484 1008 1556 1030; x_wconf 86' lang='lat' dir='ltr'>rum</span> <span class='ocrx_word' id='word_1_348' title='bbox 1592 1002 1690 1036; x_wconf 87' lang='lat' dir='ltr'>esset,</span> <span class='ocrx_word' id='word_1_349' title='bbox 1715 998 1740 1029; x_wconf 87' lang='lat' dir='ltr'>si</span> <span class='ocrx_word' id='word_1_350' title='bbox 1772 997 1899 1029; x_wconf 88' lang='lat' dir='ltr'>omnino</span> <span class='ocrx_word' id='word_1_351' title='bbox 1935 1006 2036 1039; x_wconf 83' lang='lat' dir='ltr'>poena</span> <span class='ocrx_word' id='word_1_352' title='bbox 2065 997 2304 1037; x_wconf 71' lang='lat' dir='ltr'>intenderetur,</span> <span class='ocrx_word' id='word_1_353' title='bbox 2329 1007 2434 1031; x_wconf 85' lang='lat' dir='ltr'>secun-</span> 
     </span>
     <span class='ocr_line' id='line_1_55' title="bbox 1484 1050 2474 1093; baseline 0.002 -11"><span class='ocrx_word' id='word_1_354' title='bbox 1484 1052 1559 1083; x_wconf 87' lang='lat' dir='ltr'>dum</span> <span class='ocrx_word' id='word_1_355' title='bbox 1586 1051 1669 1092; x_wconf 86' lang='lat' dir='ltr'>quod</span> <span class='ocrx_word' id='word_1_356' title='bbox 1695 1050 1867 1082; x_wconf 79' lang='lat' dir='ltr'>intenditur</span> <span class='ocrx_word' id='word_1_357' title='bbox 1891 1050 2000 1092; x_wconf 74' lang='lat' dir='ltr'>culpa,</span> <span class='ocrx_word' id='word_1_358' title='bbox 2027 1051 2080 1082; x_wconf 90' lang='lat' dir='ltr'>sed</span> <span class='ocrx_word' id='word_1_359' title='bbox 2115 1050 2220 1083; x_wconf 88' lang='lat' dir='ltr'>divina</span> <span class='ocrx_word' id='word_1_360' title='bbox 2244 1051 2434 1093; x_wconf 80' lang='lat' dir='ltr'>dispensatio</span> <span class='ocrx_word' id='word_1_361' title='bbox 2447 1061 2474 1084; x_wconf 77' lang='lat' dir='ltr'>uo</span> 
     </span>
     <span class='ocr_line' id='line_1_56' title="bbox 1484 1103 2434 1146; baseline 0 -9"><span class='ocrx_word' id='word_1_362' title='bbox 1484 1105 1527 1137; x_wconf 85' lang='lat' dir='ltr'>sic</span> <span class='ocrx_word' id='word_1_363' title='bbox 1552 1105 1690 1142; x_wconf 81' lang='lat' dir='ltr'>ordinat,</span> <span class='ocrx_word' id='word_1_364' title='bbox 1715 1107 1750 1135; x_wconf 86' lang='lat' dir='ltr'>ut</span> <span class='ocrx_word' id='word_1_365' title='bbox 1776 1113 1834 1135; x_wconf 88' lang='lat' dir='ltr'>non</span> <span class='ocrx_word' id='word_1_366' title='bbox 1860 1104 1986 1135; x_wconf 90' lang='lat' dir='ltr'>omnino</span> <span class='ocrx_word' id='word_1_367' title='bbox 2008 1103 2200 1136; x_wconf 71' lang='lat' dir='ltr'>intendatur</span> <span class='ocrx_word' id='word_1_368' title='bbox 2225 1110 2378 1146; x_wconf 86' lang='lat' dir='ltr'>quantum</span> <span class='ocrx_word' id='word_1_369' title='bbox 2395 1105 2434 1138; x_wconf 86' lang='lat' dir='ltr'>ad</span> 
     </span>
     <span class='ocr_line' id='line_1_57' title="bbox 1484 1158 2483 1201; baseline 0.001 -11"><span class='ocrx_word' id='word_1_370' title='bbox 1484 1158 1707 1196; x_wconf 65' lang='lat' dir='ltr'>acerbitatem,</span> <span class='ocrx_word' id='word_1_371' title='bbox 1741 1161 1868 1199; x_wconf 86' lang='lat' dir='ltr'>propter</span> <span class='ocrx_word' id='word_1_372' title='bbox 1904 1167 2048 1199; x_wconf 81' lang='lat' dir='ltr'>magnam</span> <span class='ocrx_word' id='word_1_373' title='bbox 2082 1158 2338 1198; x_wconf 74' lang='lat' dir='ltr'>difficultatem3,</span> <span class='ocrx_word' id='word_1_374' title='bbox 2371 1159 2435 1192; x_wconf 79' lang='lat' dir='ltr'>sive</span> <span class='ocrx_word' id='word_1_375' title='bbox 2482 1169 2483 1201; x_wconf 43' lang='lat' dir='ltr'><strong><em>g</em></strong></span> 
     </span>
     <span class='ocr_line' id='line_1_58' title="bbox 1484 1210 2435 1253; baseline 0.001 -10"><span class='ocrx_word' id='word_1_376' title='bbox 1484 1211 1588 1249; x_wconf 85' lang='lat' dir='ltr'>etiam,</span> <span class='ocrx_word' id='word_1_377' title='bbox 1603 1211 1676 1253; x_wconf 83' lang='lat' dir='ltr'>quia</span> <span class='ocrx_word' id='word_1_378' title='bbox 1701 1210 1768 1242; x_wconf 90' lang='lat' dir='ltr'>vult</span> <span class='ocrx_word' id='word_1_379' title='bbox 1793 1214 1928 1252; x_wconf 87' lang='lat' dir='ltr'>utroque</span> <span class='ocrx_word' id='word_1_380' title='bbox 1955 1211 2046 1243; x_wconf 91' lang='lat' dir='ltr'>modo</span> <span class='ocrx_word' id='word_1_381' title='bbox 2071 1211 2201 1252; x_wconf 87' lang='lat' dir='ltr'>punire,</span> <span class='ocrx_word' id='word_1_382' title='bbox 2227 1211 2269 1243; x_wconf 87' lang='lat' dir='ltr'>ita</span> <span class='ocrx_word' id='word_1_383' title='bbox 2285 1215 2320 1243; x_wconf 86' lang='lat' dir='ltr'>ut</span> <span class='ocrx_word' id='word_1_384' title='bbox 2338 1212 2435 1244; x_wconf 87' lang='lat' dir='ltr'>maior</span> 
     </span>
     <span class='ocr_line' id='line_1_59' title="bbox 1484 1262 2435 1305; baseline 0.001 -10"><span class='ocrx_word' id='word_1_385' title='bbox 1484 1263 1649 1295; x_wconf 73' lang='lat' dir='ltr'>acerbitas</span> <span class='ocrx_word' id='word_1_386' title='bbox 1672 1267 1702 1295; x_wconf 92' lang='lat' dir='ltr'>et</span> <span class='ocrx_word' id='word_1_387' title='bbox 1727 1262 1936 1294; x_wconf 72' lang='lat' dir='ltr'>diuturnitas</span> <span class='ocrx_word' id='word_1_388' title='bbox 1972 1267 2228 1305; x_wconf 83' lang='lat' dir='ltr'>recompensent,</span> <span class='ocrx_word' id='word_1_389' title='bbox 2254 1264 2278 1295; x_wconf 92' lang='lat' dir='ltr'>si</span> <span class='ocrx_word' id='word_1_390' title='bbox 2305 1264 2380 1305; x_wconf 88' lang='lat' dir='ltr'>quid</span> <span class='ocrx_word' id='word_1_391' title='bbox 2405 1264 2435 1296; x_wconf 88' lang='lat' dir='ltr'>in</span> 
     </span>
     <span class='ocr_line' id='line_1_60' title="bbox 1484 1316 1780 1349; baseline -0.003 0"><span class='ocrx_word' id='word_1_392' title='bbox 1484 1317 1582 1349; x_wconf 85' lang='lat' dir='ltr'>altero</span> <span class='ocrx_word' id='word_1_393' title='bbox 1607 1316 1780 1349; x_wconf 82' lang='lat' dir='ltr'>deficiebat.</span> 
     </span>
    </p>

    <p class='ocr_par' dir='ltr' id='par_1_17' title="bbox 1485 1369 2478 1832">
     <span class='ocr_line' id='line_1_61' title="bbox 1574 1369 2477 1411; baseline -0.002 -10"><span class='ocrx_word' id='word_1_394' title='bbox 1574 1370 1615 1402; x_wconf 70' lang='lat' dir='ltr'>Ad</span> <span class='ocrx_word' id='word_1_395' title='bbox 1641 1369 1720 1401; x_wconf 90' lang='lat' dir='ltr'>illud</span> <span class='ocrx_word' id='word_1_396' title='bbox 1745 1369 1829 1410; x_wconf 88' lang='lat' dir='ltr'>quod</span> <span class='ocrx_word' id='word_1_397' title='bbox 1854 1369 2038 1410; x_wconf 83' lang='lat' dir='ltr'>quaeritur,</span> <span class='ocrx_word' id='word_1_398' title='bbox 2063 1369 2133 1411; x_wconf 87' lang='lat' dir='ltr'>quis</span> <span class='ocrx_word' id='word_1_399' title='bbox 2158 1370 2249 1402; x_wconf 79' lang='lat' dir='ltr'>citius</span> <span class='ocrx_word' id='word_1_400' title='bbox 2267 1373 2477 1411; x_wconf 73' lang='lat' dir='ltr'>purgatur3A51</span> 
     </span>
     <span class='ocr_line' id='line_1_62' title="bbox 1485 1410 2478 1463; baseline 0 -8"><span class='ocrx_word' id='word_1_401' title='bbox 1485 1422 1669 1460; x_wconf 88' lang='lat' dir='ltr'>dicendum,</span> <span class='ocrx_word' id='word_1_402' title='bbox 1695 1422 1778 1463; x_wconf 91' lang='lat' dir='ltr'>quod</span> <span class='ocrx_word' id='word_1_403' title='bbox 1811 1421 1863 1454; x_wconf 92' lang='lat' dir='ltr'>ille</span> <span class='ocrx_word' id='word_1_404' title='bbox 1898 1422 1951 1463; x_wconf 92' lang='lat' dir='ltr'>qui</span> <span class='ocrx_word' id='word_1_405' title='bbox 1986 1422 2139 1454; x_wconf 88' lang='lat' dir='ltr'>minorem</span> <span class='ocrx_word' id='word_1_406' title='bbox 2178 1423 2271 1454; x_wconf 82' lang='lat' dir='ltr'>habet</span> <span class='ocrx_word' id='word_1_407' title='bbox 2300 1427 2436 1462; x_wconf 84' lang='lat' dir='ltr'>reatum,</span> <span class='ocrx_word' id='word_1_408' title='bbox 2460 1410 2478 1425; x_wconf 70' lang='lat'>¹⁰</span> 
     </span>
     <span class='ocr_line' id='line_1_63' title="bbox 1485 1475 2438 1517; baseline 0 -9"><span class='ocrx_word' id='word_1_409' title='bbox 1485 1475 1632 1517; x_wconf 84' lang='lat' dir='ltr'>quoniam</span> <span class='ocrx_word' id='word_1_410' title='bbox 1659 1475 1747 1507; x_wconf 88' lang='lat' dir='ltr'>locus</span> <span class='ocrx_word' id='word_1_411' title='bbox 1772 1475 1974 1516; x_wconf 73' lang='lat' dir='ltr'>purgatorius</span> <span class='ocrx_word' id='word_1_412' title='bbox 1998 1485 2059 1506; x_wconf 90' lang='lat' dir='ltr'>non</span> <span class='ocrx_word' id='word_1_413' title='bbox 2084 1479 2131 1507; x_wconf 88' lang='lat' dir='ltr'>est</span> <span class='ocrx_word' id='word_1_414' title='bbox 2160 1475 2285 1508; x_wconf 83' lang='lat' dir='ltr'>debitus</span> <span class='ocrx_word' id='word_1_415' title='bbox 2309 1476 2367 1508; x_wconf 85' lang='lat' dir='ltr'>nisi</span> <span class='ocrx_word' id='word_1_416' title='bbox 2392 1485 2438 1508; x_wconf 84' lang='lat' dir='ltr'>ra-</span> 
     </span>
     <span class='ocr_line' id='line_1_64' title="bbox 1486 1526 2437 1568; baseline 0.001 -10"><span class='ocrx_word' id='word_1_417' title='bbox 1486 1528 1568 1559; x_wconf 87' lang='lat' dir='ltr'>tione</span> <span class='ocrx_word' id='word_1_418' title='bbox 1593 1530 1717 1565; x_wconf 87' lang='lat' dir='ltr'>reatus,</span> <span class='ocrx_word' id='word_1_419' title='bbox 1742 1526 1791 1558; x_wconf 90' lang='lat' dir='ltr'>vel</span> <span class='ocrx_word' id='word_1_420' title='bbox 1815 1526 1949 1559; x_wconf 86' lang='lat' dir='ltr'>alicuius</span> <span class='ocrx_word' id='word_1_421' title='bbox 1973 1527 2094 1568; x_wconf 82' lang='lat' dir='ltr'>culpae.</span> <span class='ocrx_word' id='word_1_422' title='bbox 2122 1528 2154 1559; x_wconf 85' lang='lat' dir='ltr'>Et</span> <span class='ocrx_word' id='word_1_423' title='bbox 2178 1527 2208 1558; x_wconf 64' lang='grc' dir='ltr'>δι’</span> <span class='ocrx_word' id='word_1_424' title='bbox 2224 1531 2260 1559; x_wconf 76' lang='lat' dir='ltr'>tu</span> <span class='ocrx_word' id='word_1_425' title='bbox 2284 1527 2437 1566; x_wconf 65' lang='lat' dir='ltr'>obiicias,</span> 
     </span>
     <span class='ocr_line' id='line_1_65' title="bbox 1485 1579 2440 1621; baseline 0.001 -10"><span class='ocrx_word' id='word_1_426' title='bbox 1485 1580 1570 1621; x_wconf 89' lang='lat' dir='ltr'>quod</span> <span class='ocrx_word' id='word_1_427' title='bbox 1594 1579 1708 1611; x_wconf 79' lang='lat' dir='ltr'>caritas</span> <span class='ocrx_word' id='word_1_428' title='bbox 1733 1579 1832 1611; x_wconf 85' lang='lat' dir='ltr'>maior</span> <span class='ocrx_word' id='word_1_429' title='bbox 1858 1579 1950 1612; x_wconf 86' lang='lat' dir='ltr'>debet</span> <span class='ocrx_word' id='word_1_430' title='bbox 1973 1580 2075 1612; x_wconf 85' lang='lat' dir='ltr'>facere</span> <span class='ocrx_word' id='word_1_431' title='bbox 2111 1580 2203 1612; x_wconf 81' lang='lat' dir='ltr'>citius</span> <span class='ocrx_word' id='word_1_432' title='bbox 2228 1580 2371 1619; x_wconf 76' lang='lat' dir='ltr'>evolare3</span> <span class='ocrx_word' id='word_1_433' title='bbox 2397 1581 2440 1613; x_wconf 90' lang='lat' dir='ltr'>di-</span> 
     </span>
     <span class='ocr_line' id='line_1_66' title="bbox 1486 1632 2438 1673; baseline 0 -9"><span class='ocrx_word' id='word_1_434' title='bbox 1486 1633 1640 1670; x_wconf 88' lang='lat' dir='ltr'>cendum,</span> <span class='ocrx_word' id='word_1_435' title='bbox 1666 1632 1750 1673; x_wconf 89' lang='lat' dir='ltr'>quod</span> <span class='ocrx_word' id='word_1_436' title='bbox 1786 1632 1900 1664; x_wconf 85' lang='lat' dir='ltr'>caritas</span> <span class='ocrx_word' id='word_1_437' title='bbox 1932 1633 2032 1664; x_wconf 86' lang='lat' dir='ltr'>maior</span> <span class='ocrx_word' id='word_1_438' title='bbox 2063 1636 2157 1673; x_wconf 77' lang='lat' dir='ltr'>auget</span> <span class='ocrx_word' id='word_1_439' title='bbox 2181 1632 2312 1673; x_wconf 76' lang='lat' dir='ltr'>gloriam</span> <span class='ocrx_word' id='word_1_440' title='bbox 2342 1632 2438 1664; x_wconf 78' lang='lat' dir='ltr'>inten-</span> 
     </span>
     <span class='ocr_line' id='line_1_67' title="bbox 1485 1685 2436 1723; baseline 0.001 -6"><span class='ocrx_word' id='word_1_441' title='bbox 1485 1685 1570 1723; x_wconf 62' lang='lat' dir='ltr'>sive,</span> <span class='ocrx_word' id='word_1_442' title='bbox 1589 1685 1762 1717; x_wconf 72' lang='lat' dir='ltr'>secundum</span> <span class='ocrx_word' id='word_1_443' title='bbox 1788 1689 1894 1717; x_wconf 87' lang='lat' dir='ltr'>autem</span> <span class='ocrx_word' id='word_1_444' title='bbox 1912 1685 2122 1717; x_wconf 66' lang='lat' dir='ltr'>[turmioncm</span> <span class='ocrx_word' id='word_1_445' title='bbox 2141 1694 2210 1717; x_wconf 91' lang='lat' dir='ltr'>non.</span> <span class='ocrx_word' id='word_1_446' title='bbox 2229 1685 2315 1718; x_wconf 90' lang='lat' dir='ltr'>Unde</span> <span class='ocrx_word' id='word_1_447' title='bbox 2333 1685 2357 1717; x_wconf 85' lang='lat' dir='ltr'>si</span> <span class='ocrx_word' id='word_1_448' title='bbox 2375 1685 2436 1718; x_wconf 87' lang='lat' dir='ltr'>duo</span> 
     </span>
     <span class='ocr_line' id='line_1_68' title="bbox 1486 1738 2437 1780; baseline 0.001 -10"><span class='ocrx_word' id='word_1_449' title='bbox 1486 1739 1666 1770; x_wconf 85' lang='lat' dir='ltr'>innocentes</span> <span class='ocrx_word' id='word_1_450' title='bbox 1699 1738 1872 1780; x_wconf 81' lang='lat' dir='ltr'>inaequalis</span> <span class='ocrx_word' id='word_1_451' title='bbox 1908 1738 2046 1771; x_wconf 83' lang='lat' dir='ltr'>caritatis</span> <span class='ocrx_word' id='word_1_452' title='bbox 2082 1738 2198 1770; x_wconf 70' lang='lat' dir='ltr'>simul⁴</span> <span class='ocrx_word' id='word_1_453' title='bbox 2228 1742 2437 1778; x_wconf 89' lang='lat' dir='ltr'>morerentur,</span> 
     </span>
     <span class='ocr_line' id='line_1_69' title="bbox 1486 1790 2436 1832; baseline 0 -10"><span class='ocrx_word' id='word_1_454' title='bbox 1486 1791 1581 1823; x_wconf 86' lang='lat' dir='ltr'>simul</span> <span class='ocrx_word' id='word_1_455' title='bbox 1606 1790 1781 1829; x_wconf 73' lang='lat' dir='ltr'>evolarent,</span> <span class='ocrx_word' id='word_1_456' title='bbox 1805 1799 1866 1822; x_wconf 90' lang='lat' dir='ltr'>non</span> <span class='ocrx_word' id='word_1_457' title='bbox 1892 1794 1996 1823; x_wconf 82' lang='lat' dir='ltr'>tamen</span> <span class='ocrx_word' id='word_1_458' title='bbox 2017 1791 2191 1832; x_wconf 86' lang='lat' dir='ltr'>aequaliter</span> <span class='ocrx_word' id='word_1_459' title='bbox 2215 1790 2297 1822; x_wconf 89' lang='lat' dir='ltr'>beati</span> <span class='ocrx_word' id='word_1_460' title='bbox 2326 1794 2436 1823; x_wconf 83' lang='lat' dir='ltr'>essent.</span> 
     </span>
    </p>

    <p class='ocr_par' dir='ltr' id='par_1_18' title="bbox 1485 1843 2479 2140">
     <span class='ocr_line' id='line_1_70' title="bbox 1576 1843 2479 1885; baseline 0 -10"><span class='ocrx_word' id='word_1_461' title='bbox 1576 1844 1665 1885; x_wconf 85' lang='lat' dir='ltr'>Quod</span> <span class='ocrx_word' id='word_1_462' title='bbox 1690 1853 1765 1885; x_wconf 81' lang='lat' dir='ltr'>ergo</span> <span class='ocrx_word' id='word_1_463' title='bbox 1790 1843 1881 1882; x_wconf 85' lang='lat' dir='ltr'>dicit,</span> <span class='ocrx_word' id='word_1_464' title='bbox 1906 1843 1990 1885; x_wconf 90' lang='lat' dir='ltr'>quod</span> <span class='ocrx_word' id='word_1_465' title='bbox 2023 1847 2070 1876; x_wconf 85' lang='lat' dir='ltr'>est</span> <span class='ocrx_word' id='word_1_466' title='bbox 2101 1843 2232 1875; x_wconf 87' lang='lat' dir='ltr'>similior</span> <span class='ocrx_word' id='word_1_467' title='bbox 2257 1843 2350 1875; x_wconf 84' lang='lat' dir='ltr'>statui</span> <span class='ocrx_word' id='word_1_468' title='bbox 2376 1843 2479 1885; x_wconf 63' lang='lat' dir='ltr'>glo-012}</span> 
     </span>
     <span class='ocr_line' id='line_1_71' title="bbox 1486 1885 2479 1938; baseline 0 -10"><span class='ocrx_word' id='word_1_469' title='bbox 1486 1897 1568 1934; x_wconf 85' lang='lat' dir='ltr'>riae;</span> <span class='ocrx_word' id='word_1_470' title='bbox 1594 1897 1778 1935; x_wconf 80' lang='lat' dir='ltr'>dicendum,</span> <span class='ocrx_word' id='word_1_471' title='bbox 1803 1897 1887 1938; x_wconf 88' lang='lat' dir='ltr'>quod</span> <span class='ocrx_word' id='word_1_472' title='bbox 1923 1905 2036 1928; x_wconf 85' lang='lat' dir='ltr'>verum</span> <span class='ocrx_word' id='word_1_473' title='bbox 2072 1900 2118 1929; x_wconf 85' lang='lat' dir='ltr'>est</span> <span class='ocrx_word' id='word_1_474' title='bbox 2152 1897 2272 1928; x_wconf 84' lang='lat' dir='ltr'>ratione</span> <span class='ocrx_word' id='word_1_475' title='bbox 2308 1896 2439 1928; x_wconf 75' lang='lat' dir='ltr'>ordina·</span> <span class='ocrx_word' id='word_1_476' title='bbox 2461 1885 2479 1900; x_wconf 64' lang='lat' dir='ltr'><strong>w</strong></span> 
     </span>
     <span class='ocr_line' id='line_1_72' title="bbox 1487 1948 2438 1990; baseline -0.001 -9"><span class='ocrx_word' id='word_1_477' title='bbox 1487 1949 1584 1981; x_wconf 72' lang='lat' dir='ltr'>tionis</span> <span class='ocrx_word' id='word_1_478' title='bbox 1609 1949 1655 1981; x_wconf 73' lang='lat' dir='ltr'>acl</span> <span class='ocrx_word' id='word_1_479' title='bbox 1678 1948 1813 1986; x_wconf 73' lang='lat' dir='ltr'>bonum,</span> <span class='ocrx_word' id='word_1_480' title='bbox 1839 1950 1892 1981; x_wconf 87' lang='lat' dir='ltr'>sed</span> <span class='ocrx_word' id='word_1_481' title='bbox 1918 1958 1979 1981; x_wconf 90' lang='lat' dir='ltr'>non</span> <span class='ocrx_word' id='word_1_482' title='bbox 2015 1949 2115 1990; x_wconf 81' lang='lat' dir='ltr'>magis</span> <span class='ocrx_word' id='word_1_483' title='bbox 2150 1953 2304 1990; x_wconf 87' lang='lat' dir='ltr'>quantum</span> <span class='ocrx_word' id='word_1_484' title='bbox 2341 1949 2381 1981; x_wconf 86' lang='lat' dir='ltr'>ad</span> <span class='ocrx_word' id='word_1_485' title='bbox 2406 1948 2438 1980; x_wconf 73' lang='grc' dir='ltr'>ἰέ-</span> 
     </span>
     <span class='ocr_line' id='line_1_73' title="bbox 1487 2001 2436 2044; baseline 0 -10"><span class='ocrx_word' id='word_1_486' title='bbox 1487 2002 1686 2034; x_wconf 65' lang='lat' dir='ltr'>bez-ationem</span> <span class='ocrx_word' id='word_1_487' title='bbox 1718 2011 1739 2033; x_wconf 74' lang='lat' dir='ltr'>a</span> <span class='ocrx_word' id='word_1_488' title='bbox 1775 2001 1882 2039; x_wconf 55' lang='lat' dir='ltr'>malm·</span> <span class='ocrx_word' id='word_1_489' title='bbox 1906 2005 1936 2033; x_wconf 86' lang='lat' dir='ltr'>et</span> <span class='ocrx_word' id='word_1_490' title='bbox 1968 2002 2105 2034; x_wconf 84' lang='lat' dir='ltr'>velocior</span> <span class='ocrx_word' id='word_1_491' title='bbox 2140 2002 2286 2043; x_wconf 80' lang='lat' dir='ltr'>purgatio</span> <span class='ocrx_word' id='word_1_492' title='bbox 2312 2002 2436 2044; x_wconf 84' lang='lat' dir='ltr'>respicit</span> 
     </span>
     <span class='ocr_line' id='line_1_74' title="bbox 1486 2054 2437 2096; baseline 0 -9"><span class='ocrx_word' id='word_1_493' title='bbox 1486 2055 1680 2096; x_wconf 82' lang='lat' dir='ltr'>ereptionem</span> <span class='ocrx_word' id='word_1_494' title='bbox 1711 2064 1728 2086; x_wconf 86' lang='lat' dir='ltr'>a</span> <span class='ocrx_word' id='word_1_495' title='bbox 1761 2054 1843 2086; x_wconf 89' lang='lat' dir='ltr'>malo</span> <span class='ocrx_word' id='word_1_496' title='bbox 1873 2054 2007 2093; x_wconf 77' lang='lat' dir='ltr'>directe,</span> <span class='ocrx_word' id='word_1_497' title='bbox 2032 2064 2092 2086; x_wconf 88' lang='lat' dir='ltr'>non</span> <span class='ocrx_word' id='word_1_498' title='bbox 2118 2054 2367 2087; x_wconf 84' lang='lat' dir='ltr'>habilitationem</span> <span class='ocrx_word' id='word_1_499' title='bbox 2398 2054 2437 2087; x_wconf 83' lang='lat' dir='ltr'>ad</span> 
     </span>
     <span class='ocr_line' id='line_1_75' title="bbox 1485 2108 2230 2140; baseline -0.001 0"><span class='ocrx_word' id='word_1_500' title='bbox 1485 2108 1613 2140; x_wconf 85' lang='lat' dir='ltr'>bonum.</span> <span class='ocrx_word' id='word_1_501' title='bbox 2224 2113 2230 2119; x_wconf 93' lang='grc'><em>·</em></span> 
     </span>
    </p>
   </div>
   <div class='ocr_carea' id='block_1_13' title="bbox 2474 55 2483 1223">
    <p class='ocr_par' dir='ltr' id='par_1_19' title="bbox 2474 55 2483 1223">
     <span class='ocr_line' id='line_1_76' title="bbox 2474 55 2483 1223; baseline 0 0"><span class='ocrx_word' id='word_1_502' title='bbox 2474 55 2483 1223; x_wconf 95' lang='lat' dir='ltr'> </span> 
     </span>
    </p>
   </div>
   <div class='ocr_carea' id='block_1_14' title="bbox 1306 2264 1602 2305">
    <p class='ocr_par' dir='ltr' id='par_1_20' title="bbox 1306 2264 1602 2305">
     <span class='ocr_line' id='line_1_77' title="bbox 1306 2264 1602 2305; baseline 0 -1"><span class='ocrx_word' id='word_1_503' title='bbox 1306 2264 1602 2305; x_wconf 74' lang='lat' dir='ltr'>SOHOLION.</span> 
     </span>
    </p>
   </div>
   <div class='ocr_carea' id='block_1_15' title="bbox 468 2407 1423 2878">
    <p class='ocr_par' dir='ltr' id='par_1_21' title="bbox 469 2407 1423 2617">
     <span class='ocr_line' id='line_1_78' title="bbox 539 2407 1421 2440; baseline -0.003 -6"><span class='ocrx_word' id='word_1_504' title='bbox 539 2410 554 2434; x_wconf 90' lang='lat' dir='ltr'>l.</span> <span class='ocrx_word' id='word_1_505' title='bbox 576 2410 611 2434; x_wconf 88' lang='lat' dir='ltr'>De</span> <span class='ocrx_word' id='word_1_506' title='bbox 632 2410 687 2440; x_wconf 81' lang='lat' dir='ltr'>ipsa</span> <span class='ocrx_word' id='word_1_507' title='bbox 712 2408 876 2433; x_wconf 79' lang='lat' dir='ltr'>conclusione</span> <span class='ocrx_word' id='word_1_508' title='bbox 899 2409 918 2433; x_wconf 86' lang='lat' dir='ltr'>l.</span> <span class='ocrx_word' id='word_1_509' title='bbox 938 2408 1095 2439; x_wconf 81' lang='lat' dir='ltr'>quaestionis</span> <span class='ocrx_word' id='word_1_510' title='bbox 1114 2414 1165 2432; x_wconf 93' lang='lat' dir='ltr'>non</span> <span class='ocrx_word' id='word_1_511' title='bbox 1184 2410 1222 2432; x_wconf 89' lang='lat' dir='ltr'>est</span> <span class='ocrx_word' id='word_1_512' title='bbox 1238 2407 1421 2432; x_wconf 66' lang='lat' dir='ltr'>controversia.</span> 
     </span>
     <span class='ocr_line' id='line_1_79' title="bbox 469 2450 1423 2484; baseline -0.004 -6"><span class='ocrx_word' id='word_1_513' title='bbox 469 2454 567 2478; x_wconf 83' lang='lat' dir='ltr'>Tamen</span> <span class='ocrx_word' id='word_1_514' title='bbox 589 2454 613 2478; x_wconf 75' lang='lat' dir='ltr'>S.</span> <span class='ocrx_word' id='word_1_515' title='bbox 635 2453 727 2478; x_wconf 73' lang='lat' dir='ltr'>Tuom.</span> <span class='ocrx_word' id='word_1_516' title='bbox 749 2453 801 2483; x_wconf 76' lang='lat' dir='ltr'>(liic</span> <span class='ocrx_word' id='word_1_517' title='bbox 821 2459 844 2484; x_wconf 90' lang='lat' dir='ltr'>q.</span> <span class='ocrx_word' id='word_1_518' title='bbox 861 2453 883 2477; x_wconf 79' lang='lat' dir='ltr'>l.</span> <span class='ocrx_word' id='word_1_519' title='bbox 898 2459 919 2476; x_wconf 86' lang='lat' dir='ltr'>a.</span> <span class='ocrx_word' id='word_1_520' title='bbox 940 2452 964 2476; x_wconf 82' lang='lat'>3.</span> <span class='ocrx_word' id='word_1_521' title='bbox 984 2452 1143 2484; x_wconf 77' lang='lat' dir='ltr'>quaestiunc.</span> <span class='ocrx_word' id='word_1_522' title='bbox 1164 2451 1201 2482; x_wconf 84' lang='lat'>3.)</span> <span class='ocrx_word' id='word_1_523' title='bbox 1221 2450 1353 2475; x_wconf 70' lang='lat' dir='ltr'>rationem</span> <span class='ocrx_word' id='word_1_524' title='bbox 1372 2450 1423 2475; x_wconf 88' lang='lat' dir='ltr'>lon-</span> 
     </span>
     <span class='ocr_line' id='line_1_80' title="bbox 470 2495 1423 2529; baseline -0.004 -6"><span class='ocrx_word' id='word_1_525' title='bbox 470 2499 549 2529; x_wconf 79' lang='lat' dir='ltr'>gioris</span> <span class='ocrx_word' id='word_1_526' title='bbox 567 2498 729 2529; x_wconf 78' lang='lat' dir='ltr'>purgationis</span> <span class='ocrx_word' id='word_1_527' title='bbox 744 2497 815 2528; x_wconf 84' lang='lat' dir='ltr'>ponit</span> <span class='ocrx_word' id='word_1_528' title='bbox 834 2498 858 2521; x_wconf 88' lang='lat' dir='ltr'>in</span> <span class='ocrx_word' id='word_1_529' title='bbox 878 2496 976 2521; x_wconf 86' lang='lat' dir='ltr'>maiore</span> <span class='ocrx_word' id='word_1_530' title='bbox 990 2495 1153 2520; x_wconf 80' lang='lat' dir='ltr'>adhaerentia</span> <span class='ocrx_word' id='word_1_531' title='bbox 1164 2516 1170 2526; x_wconf 90' lang='lat'>,</span> <span class='ocrx_word' id='word_1_532' title='bbox 1187 2502 1236 2527; x_wconf 76' lang='lat' dir='ltr'>qua</span> <span class='ocrx_word' id='word_1_533' title='bbox 1251 2496 1358 2520; x_wconf 71' lang='lat' dir='ltr'>affectus</span> <span class='ocrx_word' id='word_1_534' title='bbox 1372 2501 1423 2520; x_wconf 85' lang='lat' dir='ltr'>ma-</span> 
     </span>
     <span class='ocr_line' id='line_1_81' title="bbox 471 2539 1423 2573; baseline -0.003 -7"><span class='ocrx_word' id='word_1_535' title='bbox 471 2543 510 2573; x_wconf 78' lang='lat' dir='ltr'>gis</span> <span class='ocrx_word' id='word_1_536' title='bbox 533 2542 669 2567; x_wconf 85' lang='lat' dir='ltr'>inclinatur</span> <span class='ocrx_word' id='word_1_537' title='bbox 687 2541 719 2566; x_wconf 82' lang='lat' dir='ltr'>ad</span> <span class='ocrx_word' id='word_1_538' title='bbox 741 2540 869 2573; x_wconf 83' lang='lat' dir='ltr'>quaedam</span> <span class='ocrx_word' id='word_1_539' title='bbox 888 2540 996 2565; x_wconf 71' lang='lat' dir='ltr'>venialia</span> <span class='ocrx_word' id='word_1_540' title='bbox 1018 2546 1096 2571; x_wconf 84' lang='lat' dir='ltr'>quam</span> <span class='ocrx_word' id='word_1_541' title='bbox 1115 2539 1147 2564; x_wconf 83' lang='lat' dir='ltr'>ad</span> <span class='ocrx_word' id='word_1_542' title='bbox 1167 2539 1224 2564; x_wconf 82' lang='lat' dir='ltr'>alia.</span> <span class='ocrx_word' id='word_1_543' title='bbox 1245 2539 1279 2563; x_wconf 82' lang='lat' dir='ltr'>De</span> <span class='ocrx_word' id='word_1_544' title='bbox 1302 2539 1423 2563; x_wconf 83' lang='lat' dir='ltr'>nonnulla</span> 
     </span>
     <span class='ocr_line' id='line_1_82' title="bbox 470 2584 1362 2617; baseline -0.003 -6"><span class='ocrx_word' id='word_1_545' title='bbox 470 2586 613 2611; x_wconf 75' lang='lat' dir='ltr'>differentia</span> <span class='ocrx_word' id='word_1_546' title='bbox 633 2586 784 2617; x_wconf 84' lang='lat' dir='ltr'>opinionum</span> <span class='ocrx_word' id='word_1_547' title='bbox 805 2585 850 2609; x_wconf 86' lang='lat' dir='ltr'>csr.</span> <span class='ocrx_word' id='word_1_548' title='bbox 871 2584 991 2609; x_wconf 76' lang='lat' dir='ltr'>Ricliard.</span> <span class='ocrx_word' id='word_1_549' title='bbox 1013 2591 1026 2609; x_wconf 86' lang='lat' dir='ltr'>a</span> <span class='ocrx_word' id='word_1_550' title='bbox 1048 2584 1121 2615; x_wconf 71' lang='lat' dir='ltr'>Med.5</span> <span class='ocrx_word' id='word_1_551' title='bbox 1144 2585 1185 2608; x_wconf 75' lang='lat' dir='ltr'>liic</span> <span class='ocrx_word' id='word_1_552' title='bbox 1204 2591 1225 2608; x_wconf 84' lang='lat' dir='ltr'>a.</span> <span class='ocrx_word' id='word_1_553' title='bbox 1248 2584 1270 2608; x_wconf 52' lang='lat'>4·</span> <span class='ocrx_word' id='word_1_554' title='bbox 1292 2591 1316 2615; x_wconf 85' lang='lat' dir='ltr'>q.</span> <span class='ocrx_word' id='word_1_555' title='bbox 1337 2584 1362 2608; x_wconf 76' lang='lat'>2.</span> 
     </span>
    </p>

    <p class='ocr_par' dir='ltr' id='par_1_22' title="bbox 468 2628 1423 2748">
     <span class='ocr_line' id='line_1_83' title="bbox 539 2628 1423 2662; baseline -0.002 -8"><span class='ocrx_word' id='word_1_556' title='bbox 539 2630 575 2655; x_wconf 92' lang='lat' dir='ltr'>De</span> <span class='ocrx_word' id='word_1_557' title='bbox 596 2630 617 2654; x_wconf 80' lang='lat' dir='ltr'>l.</span> <span class='ocrx_word' id='word_1_558' title='bbox 639 2630 789 2662; x_wconf 75' lang='lat' dir='ltr'>quaestione</span> <span class='ocrx_word' id='word_1_559' title='bbox 809 2632 911 2660; x_wconf 85' lang='lat' dir='ltr'>practer</span> <span class='ocrx_word' id='word_1_560' title='bbox 931 2629 955 2653; x_wconf 79' lang='lat' dir='ltr'>S.</span> <span class='ocrx_word' id='word_1_561' title='bbox 977 2629 1120 2653; x_wconf 80' lang='lat' dir='ltr'>Thomam:</span> <span class='ocrx_word' id='word_1_562' title='bbox 1134 2628 1202 2653; x_wconf 77' lang='lat' dir='ltr'>Alex.</span> <span class='ocrx_word' id='word_1_563' title='bbox 1223 2628 1286 2659; x_wconf 83' lang='lat' dir='ltr'>Hal.⁷</span> <span class='ocrx_word' id='word_1_564' title='bbox 1301 2629 1325 2652; x_wconf 82' lang='lat' dir='ltr'>S.</span> <span class='ocrx_word' id='word_1_565' title='bbox 1342 2635 1367 2659; x_wconf 80' lang='lat' dir='ltr'>p.</span> <span class='ocrx_word' id='word_1_566' title='bbox 1382 2628 1423 2652; x_wconf 79' lang='lat' dir='ltr'>lv.</span> 
     </span>
     <span class='ocr_line' id='line_1_84' title="bbox 468 2671 1423 2706; baseline -0.001 -9"><span class='ocrx_word' id='word_1_567' title='bbox 468 2682 492 2706; x_wconf 78' lang='lat' dir='ltr'>q.</span> <span class='ocrx_word' id='word_1_568' title='bbox 519 2675 554 2699; x_wconf 81' lang='lat'>15.</span> <span class='ocrx_word' id='word_1_569' title='bbox 577 2681 610 2698; x_wconf 94' lang='lat' dir='ltr'>m.</span> <span class='ocrx_word' id='word_1_570' title='bbox 632 2673 655 2698; x_wconf 71' lang='lat' dir='ltr'>t.</span> <span class='ocrx_word' id='word_1_571' title='bbox 676 2681 697 2698; x_wconf 86' lang='lat' dir='ltr'>a.</span> <span class='ocrx_word' id='word_1_572' title='bbox 720 2673 742 2698; x_wconf 69' lang='lat'>4.</span> <span class='ocrx_word' id='word_1_573' title='bbox 762 2673 777 2705; x_wconf 56' lang='grc' dir='ltr'><em>Β</em></span> <span class='ocrx_word' id='word_1_574' title='bbox 798 2673 820 2697; x_wconf 85' lang='grc'>3.</span> <span class='ocrx_word' id='word_1_575' title='bbox 840 2686 876 2690; x_wconf 91' lang='lat'>——-</span> <span class='ocrx_word' id='word_1_576' title='bbox 896 2672 921 2697; x_wconf 73' lang='lat' dir='ltr'>B.</span> <span class='ocrx_word' id='word_1_577' title='bbox 944 2672 1046 2704; x_wconf 63' lang='grc' dir='ltr'>Δῶρι-1.,</span> <span class='ocrx_word' id='word_1_578' title='bbox 1066 2679 1143 2703; x_wconf 82' lang='lat' dir='ltr'>supra</span> <span class='ocrx_word' id='word_1_579' title='bbox 1175 2672 1199 2697; x_wconf 84' lang='lat' dir='ltr'>d.</span> <span class='ocrx_word' id='word_1_580' title='bbox 1230 2672 1270 2696; x_wconf 77' lang='lat'>20.</span> <span class='ocrx_word' id='word_1_581' title='bbox 1301 2679 1322 2696; x_wconf 87' lang='lat' dir='ltr'>a.</span> <span class='ocrx_word' id='word_1_582' title='bbox 1344 2671 1367 2696; x_wconf 82' lang='lat'>5.</span> <span class='ocrx_word' id='word_1_583' title='bbox 1388 2685 1423 2690; x_wconf 89' lang='lat'>-—-</span> 
     </span>
     <span class='ocr_line' id='line_1_85' title="bbox 471 2716 858 2748; baseline -0.003 -7"><span class='ocrx_word' id='word_1_584' title='bbox 471 2718 533 2741; x_wconf 71' lang='lat' dir='ltr'>l’etr.</span> <span class='ocrx_word' id='word_1_585' title='bbox 553 2724 566 2741; x_wconf 84' lang='lat' dir='ltr'>a</span> <span class='ocrx_word' id='word_1_586' title='bbox 588 2717 655 2748; x_wconf 55' lang='lat' dir='ltr'>Tar„</span> <span class='ocrx_word' id='word_1_587' title='bbox 677 2717 718 2741; x_wconf 85' lang='lat' dir='ltr'>hic</span> <span class='ocrx_word' id='word_1_588' title='bbox 737 2717 803 2741; x_wconf 87' lang='lat' dir='ltr'>circa</span> <span class='ocrx_word' id='word_1_589' title='bbox 825 2716 858 2741; x_wconf 85' lang='lat' dir='ltr'>lit.</span> 
     </span>
    </p>

    <p class='ocr_par' dir='ltr' id='par_1_23' title="bbox 470 2759 1423 2878">
     <span class='ocr_line' id='line_1_86' title="bbox 540 2759 1421 2792; baseline -0.001 -8"><span class='ocrx_word' id='word_1_590' title='bbox 540 2761 566 2785; x_wconf 90' lang='lat' dir='ltr'>ll.</span> <span class='ocrx_word' id='word_1_591' title='bbox 587 2761 692 2785; x_wconf 82' lang='lat' dir='ltr'>Animas</span> <span class='ocrx_word' id='word_1_592' title='bbox 710 2760 813 2791; x_wconf 84' lang='lat' dir='ltr'>beatas,</span> <span class='ocrx_word' id='word_1_593' title='bbox 836 2760 911 2791; x_wconf 81' lang='lat' dir='ltr'>plene</span> <span class='ocrx_word' id='word_1_594' title='bbox 931 2762 1068 2791; x_wconf 76' lang='lat' dir='ltr'>purgatas,</span> <span class='ocrx_word' id='word_1_595' title='bbox 1090 2759 1122 2784; x_wconf 83' lang='lat' dir='ltr'>de</span> <span class='ocrx_word' id='word_1_596' title='bbox 1142 2759 1238 2792; x_wconf 88' lang='lat' dir='ltr'>quibus</span> <span class='ocrx_word' id='word_1_597' title='bbox 1258 2760 1343 2790; x_wconf 76' lang='lat' dir='ltr'>agitur</span> <span class='ocrx_word' id='word_1_598' title='bbox 1357 2760 1381 2783; x_wconf 93' lang='lat' dir='ltr'>in</span> <span class='ocrx_word' id='word_1_599' title='bbox 1397 2760 1421 2784; x_wconf 80' lang='lat'>2.</span> 
     </span>
     <span class='ocr_line' id='line_1_87' title="bbox 470 2803 1423 2836; baseline -0.001 -8"><span class='ocrx_word' id='word_1_600' title='bbox 470 2804 631 2836; x_wconf 75' lang='lat' dir='ltr'>quaestione,</span> <span class='ocrx_word' id='word_1_601' title='bbox 647 2805 730 2829; x_wconf 84' lang='lat' dir='ltr'>statim</span> <span class='ocrx_word' id='word_1_602' title='bbox 751 2803 783 2828; x_wconf 88' lang='lat' dir='ltr'>ad</span> <span class='ocrx_word' id='word_1_603' title='bbox 804 2804 930 2828; x_wconf 62' lang='lat' dir='ltr'>visionem</span> <span class='ocrx_word' id='word_1_604' title='bbox 951 2803 996 2828; x_wconf 88' lang='lat' dir='ltr'>Dei</span> <span class='ocrx_word' id='word_1_605' title='bbox 1016 2804 1167 2834; x_wconf 85' lang='lat' dir='ltr'>pervenire,</span> <span class='ocrx_word' id='word_1_606' title='bbox 1182 2810 1196 2827; x_wconf 81' lang='lat' dir='ltr'>a</span> <span class='ocrx_word' id='word_1_607' title='bbox 1211 2803 1330 2834; x_wconf 83' lang='lat' dir='ltr'>pluribus</span> <span class='ocrx_word' id='word_1_608' title='bbox 1348 2809 1423 2834; x_wconf 78' lang='lat' dir='ltr'>nega-</span> 
     </span>
     <span class='ocr_line' id='line_1_88' title="bbox 470 2846 1420 2878; baseline -0.001 -6"><span class='ocrx_word' id='word_1_609' title='bbox 470 2852 524 2873; x_wconf 82' lang='lat' dir='ltr'>tum</span> <span class='ocrx_word' id='word_1_610' title='bbox 543 2848 584 2872; x_wconf 77' lang='lat' dir='ltr'>vcl</span> <span class='ocrx_word' id='word_1_611' title='bbox 604 2848 628 2872; x_wconf 91' lang='lat' dir='ltr'>in</span> <span class='ocrx_word' id='word_1_612' title='bbox 649 2847 758 2872; x_wconf 83' lang='lat' dir='ltr'>dubium</span> <span class='ocrx_word' id='word_1_613' title='bbox 779 2851 900 2872; x_wconf 70' lang='lat' dir='ltr'>vocatum</span> <span class='ocrx_word' id='word_1_614' title='bbox 919 2850 957 2872; x_wconf 90' lang='lat' dir='ltr'>est</span> <span class='ocrx_word' id='word_1_615' title='bbox 978 2850 1031 2871; x_wconf 90' lang='lat' dir='ltr'>tum</span> <span class='ocrx_word' id='word_1_616' title='bbox 1053 2848 1143 2878; x_wconf 87' lang='lat' dir='ltr'>primis</span> <span class='ocrx_word' id='word_1_617' title='bbox 1157 2847 1283 2871; x_wconf 76' lang='lat' dir='ltr'>Ecclesiae</span> <span class='ocrx_word' id='word_1_618' title='bbox 1297 2846 1420 2878; x_wconf 73' lang='lat' dir='ltr'>saeculis,</span> 
     </span>
    </p>
   </div>
   <div class='ocr_carea' id='block_1_16' title="bbox 470 3148 1428 3402">
    <p class='ocr_par' dir='ltr' id='par_1_24' title="bbox 470 3148 1425 3271">
     <span class='ocr_line' id='line_1_89' title="bbox 470 3148 1422 3183; baseline -0.002 -8"><span class='ocrx_word' id='word_1_619' title='bbox 470 3149 600 3182; x_wconf 74' lang='lat' dir='ltr'>separari.</span> <span class='ocrx_word' id='word_1_620' title='bbox 621 3150 736 3175; x_wconf 80' lang='lat' dir='ltr'>Subinde</span> <span class='ocrx_word' id='word_1_621' title='bbox 762 3157 809 3181; x_wconf 84' lang='lat' dir='ltr'>pro</span> <span class='ocrx_word' id='word_1_622' title='bbox 833 3156 896 3183; x_wconf 68' lang='lat' dir='ltr'>erqo</span> <span class='ocrx_word' id='word_1_623' title='bbox 922 3148 969 3183; x_wconf 77' lang='lat' dir='ltr'>qui</span> <span class='ocrx_word' id='word_1_624' title='bbox 987 3149 1045 3174; x_wconf 90' lang='lat' dir='ltr'>cod.</span> <span class='ocrx_word' id='word_1_625' title='bbox 1073 3150 1095 3174; x_wconf 81' lang='lat' dir='ltr'>K</span> <span class='ocrx_word' id='word_1_626' title='bbox 1117 3149 1139 3180; x_wconf 82' lang='lat' dir='ltr'>(l</span> <span class='ocrx_word' id='word_1_627' title='bbox 1160 3156 1174 3174; x_wconf 83' lang='lat' dir='ltr'>a</span> <span class='ocrx_word' id='word_1_628' title='bbox 1193 3148 1306 3173; x_wconf 85' lang='lat' dir='ltr'>secunda</span> <span class='ocrx_word' id='word_1_629' title='bbox 1328 3148 1422 3180; x_wconf 88' lang='lat' dir='ltr'>manu)</span> 
     </span>
     <span class='ocr_line' id='line_1_90' title="bbox 472 3191 1425 3227; baseline -0.002 -8"><span class='ocrx_word' id='word_1_630' title='bbox 472 3200 534 3226; x_wconf 67' lang='lat' dir='ltr'>erpo</span> <span class='ocrx_word' id='word_1_631' title='bbox 555 3201 622 3226; x_wconf 74' lang='lat' dir='ltr'>quae</span> <span class='ocrx_word' id='word_1_632' title='bbox 648 3193 781 3227; x_wconf 67' lang='lat' dir='ltr'>[anima]y</span> <span class='ocrx_word' id='word_1_633' title='bbox 804 3197 828 3219; x_wconf 88' lang='lat' dir='ltr'>et</span> <span class='ocrx_word' id='word_1_634' title='bbox 847 3200 894 3225; x_wconf 87' lang='lat' dir='ltr'>pro</span> <span class='ocrx_word' id='word_1_635' title='bbox 914 3200 931 3219; x_wconf 82' lang='lat' dir='ltr'>a</span> <span class='ocrx_word' id='word_1_636' title='bbox 951 3192 998 3219; x_wconf 69' lang='lat' dir='ltr'>Det⁴</span> <span class='ocrx_word' id='word_1_637' title='bbox 1016 3192 1116 3219; x_wconf 65' lang='lat' dir='ltr'>visione</span> <span class='ocrx_word' id='word_1_638' title='bbox 1134 3192 1259 3226; x_wconf 65' lang='lat' dir='ltr'>separari</span> <span class='ocrx_word' id='word_1_639' title='bbox 1277 3192 1335 3218; x_wconf 86' lang='lat' dir='ltr'>cod.</span> <span class='ocrx_word' id='word_1_640' title='bbox 1355 3193 1372 3217; x_wconf 92' lang='lat' dir='ltr'>F</span> <span class='ocrx_word' id='word_1_641' title='bbox 1390 3191 1425 3218; x_wconf 65' lang='grc' dir='ltr'>τί·</span> 
     </span>
     <span class='ocr_line' id='line_1_91' title="bbox 473 3237 740 3271; baseline 0.004 -9"><span class='ocrx_word' id='word_1_642' title='bbox 473 3237 545 3263; x_wconf 76' lang='lat' dir='ltr'>sione</span> <span class='ocrx_word' id='word_1_643' title='bbox 564 3237 611 3263; x_wconf 75' lang='lat' dir='ltr'>Det¹</span> <span class='ocrx_word' id='word_1_644' title='bbox 626 3238 740 3271; x_wconf 76' lang='lat' dir='ltr'>privari.</span> 
     </span>
    </p>

    <p class='ocr_par' dir='ltr' id='par_1_25' title="bbox 474 3280 1428 3402">
     <span class='ocr_line' id='line_1_92' title="bbox 544 3280 1426 3312; baseline 0 -7"><span class='ocrx_word' id='word_1_645' title='bbox 544 3280 552 3296; x_wconf 89' lang='lat'><strong>¹</strong></span> <span class='ocrx_word' id='word_1_646' title='bbox 572 3282 596 3305; x_wconf 87' lang='lat' dir='ltr'>ln</span> <span class='ocrx_word' id='word_1_647' title='bbox 617 3282 674 3306; x_wconf 90' lang='lat' dir='ltr'>cod.</span> <span class='ocrx_word' id='word_1_648' title='bbox 694 3281 730 3306; x_wconf 89' lang='lat' dir='ltr'>bb</span> <span class='ocrx_word' id='word_1_649' title='bbox 750 3282 853 3307; x_wconf 81' lang='lat' dir='ltr'>additur</span> <span class='ocrx_word' id='word_1_650' title='bbox 872 3281 921 3308; x_wconf 81' lang='lat' dir='ltr'>hoc</span> <span class='ocrx_word' id='word_1_651' title='bbox 940 3283 984 3307; x_wconf 79' lang='lat' dir='ltr'>cst.</span> <span class='ocrx_word' id='word_1_652' title='bbox 1012 3282 1119 3306; x_wconf 76' lang='lat' dir='ltr'>interius</span> <span class='ocrx_word' id='word_1_653' title='bbox 1138 3288 1185 3312; x_wconf 81' lang='lat' dir='ltr'>pro</span> <span class='ocrx_word' id='word_1_654' title='bbox 1204 3280 1310 3307; x_wconf 73' lang='lat' dir='ltr'>videlur</span> <span class='ocrx_word' id='word_1_655' title='bbox 1335 3283 1359 3306; x_wconf 88' lang='lat' dir='ltr'>ct</span> <span class='ocrx_word' id='word_1_656' title='bbox 1378 3287 1426 3312; x_wconf 85' lang='lat' dir='ltr'>pro</span> 
     </span>
     <span class='ocr_line' id='line_1_93' title="bbox 474 3323 1425 3357; baseline 0 -8"><span class='ocrx_word' id='word_1_657' title='bbox 474 3323 526 3349; x_wconf 76' lang='lat' dir='ltr'>Sed</span> <span class='ocrx_word' id='word_1_658' title='bbox 544 3324 614 3356; x_wconf 77' lang='lat' dir='ltr'>quod</span> <span class='ocrx_word' id='word_1_659' title='bbox 632 3324 736 3350; x_wconf 76' lang='lat' dir='ltr'>ratione</span> <span class='ocrx_word' id='word_1_660' title='bbox 760 3325 836 3350; x_wconf 89' lang='lat' dir='ltr'>codd.</span> <span class='ocrx_word' id='word_1_661' title='bbox 860 3326 944 3356; x_wconf 90' lang='lat' dir='ltr'>(unus</span> <span class='ocrx_word' id='word_1_662' title='bbox 968 3326 1083 3357; x_wconf 85' lang='lat' dir='ltr'>alterque</span> <span class='ocrx_word' id='word_1_663' title='bbox 1102 3326 1152 3350; x_wconf 88' lang='lat' dir='ltr'>iam</span> <span class='ocrx_word' id='word_1_664' title='bbox 1173 3333 1186 3350; x_wconf 87' lang='lat' dir='ltr'>a</span> <span class='ocrx_word' id='word_1_665' title='bbox 1213 3325 1327 3350; x_wconf 87' lang='lat' dir='ltr'>secunda</span> <span class='ocrx_word' id='word_1_666' title='bbox 1347 3332 1425 3349; x_wconf 84' lang='lat' dir='ltr'>manu</span> 
     </span>
     <span class='ocr_line' id='line_1_94' title="bbox 474 3367 1428 3402; baseline 0.002 -10"><span class='ocrx_word' id='word_1_667' title='bbox 474 3370 604 3392; x_wconf 85' lang='lat' dir='ltr'>correctus</span> <span class='ocrx_word' id='word_1_668' title='bbox 623 3368 675 3399; x_wconf 86' lang='lat' dir='ltr'>est)</span> <span class='ocrx_word' id='word_1_669' title='bbox 696 3375 834 3399; x_wconf 85' lang='lat' dir='ltr'>perperam</span> <span class='ocrx_word' id='word_1_670' title='bbox 855 3368 1013 3394; x_wconf 84' lang='lat' dir='ltr'>substituunt</span> <span class='ocrx_word' id='word_1_671' title='bbox 1030 3376 1085 3394; x_wconf 76' lang='lat' dir='ltr'>non</span> <span class='ocrx_word' id='word_1_672' title='bbox 1104 3368 1217 3401; x_wconf 72' lang='lat' dir='ltr'>videtur,</span> <span class='ocrx_word' id='word_1_673' title='bbox 1233 3369 1275 3394; x_wconf 81' lang='lat' dir='ltr'>vel</span> <span class='ocrx_word' id='word_1_674' title='bbox 1288 3368 1341 3395; x_wconf 80' lang='lat' dir='ltr'>Sed</span> <span class='ocrx_word' id='word_1_675' title='bbox 1357 3367 1428 3402; x_wconf 79' lang='lat' dir='ltr'>quod</span> 
     </span>
    </p>
   </div>
   <div class='ocr_carea' id='block_1_17' title="bbox 1486 2404 2437 2877">
    <p class='ocr_par' dir='ltr' id='par_1_26' title="bbox 1486 2404 2437 2701">
     <span class='ocr_line' id='line_1_95' title="bbox 1487 2404 2436 2437; baseline -0.002 -6"><span class='ocrx_word' id='word_1_676' title='bbox 1487 2410 1541 2431; x_wconf 91' lang='lat' dir='ltr'>tum</span> <span class='ocrx_word' id='word_1_677' title='bbox 1560 2413 1627 2431; x_wconf 88' lang='lat' dir='ltr'>saec.</span> <span class='ocrx_word' id='word_1_678' title='bbox 1644 2406 1711 2437; x_wconf 80' lang='lat' dir='ltr'>XlV,</span> <span class='ocrx_word' id='word_1_679' title='bbox 1727 2406 1833 2431; x_wconf 81' lang='lat' dir='ltr'>sedente</span> <span class='ocrx_word' id='word_1_680' title='bbox 1854 2406 1946 2431; x_wconf 85' lang='lat' dir='ltr'>Ioanne</span> <span class='ocrx_word' id='word_1_681' title='bbox 1960 2405 2044 2437; x_wconf 77' lang='lat' dir='ltr'>XXH,</span> <span class='ocrx_word' id='word_1_682' title='bbox 2059 2406 2103 2437; x_wconf 91' lang='lat' dir='ltr'>qui</span> <span class='ocrx_word' id='word_1_683' title='bbox 2123 2405 2284 2437; x_wconf 81' lang='lat' dir='ltr'>aliquatenus</span> <span class='ocrx_word' id='word_1_684' title='bbox 2304 2406 2332 2429; x_wconf 86' lang='lat' dir='ltr'>ut</span> <span class='ocrx_word' id='word_1_685' title='bbox 2350 2404 2436 2429; x_wconf 90' lang='lat' dir='ltr'>doctor</span> 
     </span>
     <span class='ocr_line' id='line_1_96' title="bbox 1487 2448 2437 2481; baseline -0.001 -7"><span class='ocrx_word' id='word_1_686' title='bbox 1487 2451 1604 2481; x_wconf 78' lang='lat' dir='ltr'>privatus</span> <span class='ocrx_word' id='word_1_687' title='bbox 1623 2451 1683 2474; x_wconf 82' lang='lat' dir='ltr'>huic</span> <span class='ocrx_word' id='word_1_688' title='bbox 1702 2451 1781 2475; x_wconf 86' lang='lat' dir='ltr'>errori</span> <span class='ocrx_word' id='word_1_689' title='bbox 1810 2450 1904 2474; x_wconf 79' lang='lat' dir='ltr'>favisse</span> <span class='ocrx_word' id='word_1_690' title='bbox 1931 2449 2031 2481; x_wconf 79' lang='lat' dir='ltr'>(licitur⁷</span> <span class='ocrx_word' id='word_1_691' title='bbox 2054 2455 2187 2481; x_wconf 84' lang='lat' dir='ltr'>nunquam</span> <span class='ocrx_word' id='word_1_692' title='bbox 2212 2451 2295 2473; x_wconf 85' lang='lat' dir='ltr'>tamen</span> <span class='ocrx_word' id='word_1_693' title='bbox 2316 2448 2437 2473; x_wconf 80' lang='lat' dir='ltr'>assertive</span> 
     </span>
     <span class='ocr_line' id='line_1_97' title="bbox 1486 2492 2437 2525; baseline -0.001 -8"><span class='ocrx_word' id='word_1_694' title='bbox 1486 2500 1547 2518; x_wconf 91' lang='lat' dir='ltr'>eum</span> <span class='ocrx_word' id='word_1_695' title='bbox 1568 2493 1663 2518; x_wconf 86' lang='lat' dir='ltr'>docuit.</span> <span class='ocrx_word' id='word_1_696' title='bbox 1684 2492 1733 2518; x_wconf 84' lang='lat' dir='ltr'>Sed</span> <span class='ocrx_word' id='word_1_697' title='bbox 1763 2494 1857 2518; x_wconf 82' lang='lat' dir='ltr'>veritas</span> <span class='ocrx_word' id='word_1_698' title='bbox 1886 2493 2025 2523; x_wconf 83' lang='lat' dir='ltr'>catholica,</span> <span class='ocrx_word' id='word_1_699' title='bbox 2051 2500 2118 2525; x_wconf 83' lang='lat' dir='ltr'>quae</span> <span class='ocrx_word' id='word_1_700' title='bbox 2147 2493 2198 2517; x_wconf 84' lang='lat' dir='ltr'>iam</span> <span class='ocrx_word' id='word_1_701' title='bbox 2226 2493 2251 2516; x_wconf 91' lang='lat' dir='ltr'>in</span> <span class='ocrx_word' id='word_1_702' title='bbox 2280 2492 2437 2517; x_wconf 83' lang='lat' dir='ltr'>confessione</span> 
     </span>
     <span class='ocr_line' id='line_1_98' title="bbox 1487 2535 2435 2569; baseline -0.002 -7"><span class='ocrx_word' id='word_1_703' title='bbox 1487 2537 1547 2562; x_wconf 80' lang='lat' dir='ltr'>fidei</span> <span class='ocrx_word' id='word_1_704' title='bbox 1566 2544 1580 2562; x_wconf 91' lang='lat' dir='ltr'>a</span> <span class='ocrx_word' id='word_1_705' title='bbox 1600 2537 1720 2562; x_wconf 83' lang='lat' dir='ltr'>Michaele</span> <span class='ocrx_word' id='word_1_706' title='bbox 1736 2537 1871 2569; x_wconf 80' lang='lat' dir='ltr'>Paleologo</span> <span class='ocrx_word' id='word_1_707' title='bbox 1885 2536 1997 2562; x_wconf 87' lang='lat' dir='ltr'>Concilio</span> <span class='ocrx_word' id='word_1_708' title='bbox 2010 2537 2178 2568; x_wconf 78' lang='lat' dir='ltr'>Lugdunensi</span> <span class='ocrx_word' id='word_1_709' title='bbox 2192 2537 2217 2561; x_wconf 84' lang='lat' dir='ltr'>n.</span> <span class='ocrx_word' id='word_1_710' title='bbox 2234 2536 2322 2568; x_wconf 78' lang='lat'>(1274)</span> <span class='ocrx_word' id='word_1_711' title='bbox 2343 2535 2435 2567; x_wconf 83' lang='lat' dir='ltr'>oblata,</span> 
     </span>
     <span class='ocr_line' id='line_1_99' title="bbox 1487 2580 2437 2612; baseline -0.001 -6"><span class='ocrx_word' id='word_1_712' title='bbox 1487 2582 1554 2606; x_wconf 83' lang='lat' dir='ltr'>clare</span> <span class='ocrx_word' id='word_1_713' title='bbox 1580 2582 1745 2612; x_wconf 78' lang='lat' dir='ltr'>exprimitur,</span> <span class='ocrx_word' id='word_1_714' title='bbox 1768 2584 1856 2612; x_wconf 84' lang='lat' dir='ltr'>postea</span> <span class='ocrx_word' id='word_1_715' title='bbox 1882 2588 1895 2605; x_wconf 89' lang='lat' dir='ltr'>a</span> <span class='ocrx_word' id='word_1_716' title='bbox 1922 2581 2059 2606; x_wconf 73' lang='lat' dir='ltr'>Bene-dicto</span> <span class='ocrx_word' id='word_1_717' title='bbox 2079 2581 2130 2605; x_wconf 74' lang='grc' dir='ltr'>ΧΗ.</span> <span class='ocrx_word' id='word_1_718' title='bbox 2152 2580 2266 2611; x_wconf 83' lang='lat' dir='ltr'>(Constit.</span> <span class='ocrx_word' id='word_1_719' title='bbox 2285 2580 2437 2607; x_wconf 71' lang='lat' dir='ltr'>Benedictus</span> 
     </span>
     <span class='ocr_line' id='line_1_100' title="bbox 1487 2624 2435 2657; baseline -0.002 -7"><span class='ocrx_word' id='word_1_720' title='bbox 1487 2625 1572 2656; x_wconf 71' lang='lat' dir='ltr'>Deus,</span> <span class='ocrx_word' id='word_1_721' title='bbox 1595 2632 1634 2650; x_wconf 89' lang='lat' dir='ltr'>an.</span> <span class='ocrx_word' id='word_1_722' title='bbox 1658 2625 1749 2656; x_wconf 63' lang='lat'>1336),</span> <span class='ocrx_word' id='word_1_723' title='bbox 1770 2625 1864 2650; x_wconf 86' lang='lat' dir='ltr'>deinde</span> <span class='ocrx_word' id='word_1_724' title='bbox 1892 2632 1906 2649; x_wconf 88' lang='lat' dir='ltr'>a</span> <span class='ocrx_word' id='word_1_725' title='bbox 1932 2624 2045 2650; x_wconf 89' lang='lat' dir='ltr'>Concilio</span> <span class='ocrx_word' id='word_1_726' title='bbox 2074 2625 2181 2649; x_wconf 85' lang='lat' dir='ltr'>Florent.</span> <span class='ocrx_word' id='word_1_727' title='bbox 2202 2624 2313 2657; x_wconf 82' lang='lat' dir='ltr'>(Decret.</span> <span class='ocrx_word' id='word_1_728' title='bbox 2339 2624 2435 2650; x_wconf 92' lang='lat' dir='ltr'>unionis</span> 
     </span>
     <span class='ocr_line' id='line_1_101' title="bbox 1487 2668 2275 2701; baseline -0.001 -7"><span class='ocrx_word' id='word_1_729' title='bbox 1487 2669 1656 2701; x_wconf 81' lang='lat' dir='ltr'>Graecorum)</span> <span class='ocrx_word' id='word_1_730' title='bbox 1677 2669 1783 2701; x_wconf 78' lang='lat' dir='ltr'>aliisque</span> <span class='ocrx_word' id='word_1_731' title='bbox 1804 2669 2008 2700; x_wconf 79' lang='lat' dir='ltr'>professionibus</span> <span class='ocrx_word' id='word_1_732' title='bbox 2028 2668 2086 2693; x_wconf 78' lang='lat' dir='ltr'>fidei</span> <span class='ocrx_word' id='word_1_733' title='bbox 2108 2668 2209 2694; x_wconf 83' lang='lat' dir='ltr'>delinita</span> <span class='ocrx_word' id='word_1_734' title='bbox 2230 2672 2275 2693; x_wconf 85' lang='lat' dir='ltr'>est.</span> 
     </span>
    </p>

    <p class='ocr_par' dir='ltr' id='par_1_27' title="bbox 1488 2711 2436 2877">
     <span class='ocr_line' id='line_1_102' title="bbox 1558 2711 2436 2745; baseline -0.002 -7"><span class='ocrx_word' id='word_1_735' title='bbox 1558 2714 1594 2738; x_wconf 84' lang='lat' dir='ltr'>De</span> <span class='ocrx_word' id='word_1_736' title='bbox 1614 2715 1636 2738; x_wconf 76' lang='lat'>2.</span> <span class='ocrx_word' id='word_1_737' title='bbox 1658 2714 1820 2745; x_wconf 78' lang='lat' dir='ltr'>quaestione:</span> <span class='ocrx_word' id='word_1_738' title='bbox 1840 2713 1908 2738; x_wconf 76' lang='lat' dir='ltr'>Alex.</span> <span class='ocrx_word' id='word_1_739' title='bbox 1929 2713 1992 2744; x_wconf 68' lang='lat' dir='ltr'>Hah,</span> <span class='ocrx_word' id='word_1_740' title='bbox 2013 2713 2060 2737; x_wconf 88' lang='lat' dir='ltr'>loe.</span> <span class='ocrx_word' id='word_1_741' title='bbox 2080 2714 2120 2738; x_wconf 81' lang='lat' dir='ltr'>cit.</span> <span class='ocrx_word' id='word_1_742' title='bbox 2149 2712 2164 2744; x_wconf 65' lang='lat' dir='ltr'>S</span> <span class='ocrx_word' id='word_1_743' title='bbox 2192 2712 2214 2737; x_wconf 74' lang='lat'>4.</span> <span class='ocrx_word' id='word_1_744' title='bbox 2235 2726 2268 2730; x_wconf 92' lang='lat'><strong>—</strong></span> <span class='ocrx_word' id='word_1_745' title='bbox 2289 2713 2316 2737; x_wconf 89' lang='lat' dir='ltr'>B.</span> <span class='ocrx_word' id='word_1_746' title='bbox 2336 2711 2436 2743; x_wconf 85' lang='lat' dir='ltr'>Albert.,</span> 
     </span>
     <span class='ocr_line' id='line_1_103' title="bbox 1488 2756 2435 2788; baseline -0.002 -6"><span class='ocrx_word' id='word_1_747' title='bbox 1488 2759 1529 2783; x_wconf 74' lang='lat' dir='ltr'>liic</span> <span class='ocrx_word' id='word_1_748' title='bbox 1549 2765 1570 2782; x_wconf 87' lang='lat' dir='ltr'>a.</span> <span class='ocrx_word' id='word_1_749' title='bbox 1593 2758 1632 2782; x_wconf 70' lang='grc'>10.</span> <span class='ocrx_word' id='word_1_750' title='bbox 1653 2771 1688 2775; x_wconf 92' lang='grc'>-</span> <span class='ocrx_word' id='word_1_751' title='bbox 1708 2758 1771 2782; x_wconf 78' lang='lat' dir='ltr'>Petr.</span> <span class='ocrx_word' id='word_1_752' title='bbox 1792 2764 1806 2781; x_wconf 81' lang='lat' dir='ltr'>a</span> <span class='ocrx_word' id='word_1_753' title='bbox 1827 2757 1895 2788; x_wconf 55' lang='lat' dir='ltr'>Tar„</span> <span class='ocrx_word' id='word_1_754' title='bbox 1916 2756 1979 2781; x_wconf 79' lang='lat' dir='ltr'>infra</span> <span class='ocrx_word' id='word_1_755' title='bbox 1995 2756 2019 2781; x_wconf 91' lang='lat' dir='ltr'>d.</span> <span class='ocrx_word' id='word_1_756' title='bbox 2035 2756 2075 2781; x_wconf 77' lang='lat'>45.</span> <span class='ocrx_word' id='word_1_757' title='bbox 2090 2764 2114 2788; x_wconf 88' lang='lat' dir='ltr'>q.</span> <span class='ocrx_word' id='word_1_758' title='bbox 2131 2757 2153 2780; x_wconf 71' lang='lat' dir='ltr'>ll.</span> <span class='ocrx_word' id='word_1_759' title='bbox 2168 2763 2190 2781; x_wconf 85' lang='lat' dir='ltr'>a.</span> <span class='ocrx_word' id='word_1_760' title='bbox 2207 2757 2228 2780; x_wconf 79' lang='lat' dir='ltr'>l.</span> <span class='ocrx_word' id='word_1_761' title='bbox 2243 2756 2400 2788; x_wconf 80' lang='lat' dir='ltr'>quaestiunc.</span> <span class='ocrx_word' id='word_1_762' title='bbox 2414 2756 2435 2779; x_wconf 75' lang='lat'>2.</span> 
     </span>
     <span class='ocr_line' id='line_1_104' title="bbox 1488 2797 2436 2833; baseline -0.002 -7"><span class='ocrx_word' id='word_1_763' title='bbox 1488 2816 1521 2819; x_wconf 97' lang='lat'><strong>—</strong></span> <span class='ocrx_word' id='word_1_764' title='bbox 1540 2802 1586 2826; x_wconf 81' lang='lat' dir='ltr'>Alii</span> <span class='ocrx_word' id='word_1_765' title='bbox 1606 2802 1702 2833; x_wconf 84' lang='lat' dir='ltr'>antiqui</span> <span class='ocrx_word' id='word_1_766' title='bbox 1733 2808 1782 2826; x_wconf 86' lang='lat' dir='ltr'>non</span> <span class='ocrx_word' id='word_1_767' title='bbox 1813 2803 1921 2826; x_wconf 83' lang='lat' dir='ltr'>tractant</span> <span class='ocrx_word' id='word_1_768' title='bbox 1948 2801 2066 2832; x_wconf 75' lang='lat' dir='ltr'>explicite</span> <span class='ocrx_word' id='word_1_769' title='bbox 2094 2801 2160 2825; x_wconf 81' lang='lat' dir='ltr'>lianc</span> <span class='ocrx_word' id='word_1_770' title='bbox 2180 2801 2374 2832; x_wconf 84' lang='lat' dir='ltr'>quaestionem,</span> <span class='ocrx_word' id='word_1_771' title='bbox 2393 2797 2436 2824; x_wconf 84' lang='lat' dir='ltr'>scd</span> 
     </span>
     <span class='ocr_line' id='line_1_105' title="bbox 1489 2845 1977 2877; baseline -0.002 -7"><span class='ocrx_word' id='word_1_772' title='bbox 1489 2846 1585 2877; x_wconf 79' lang='lat' dir='ltr'>passim</span> <span class='ocrx_word' id='word_1_773' title='bbox 1606 2845 1798 2870; x_wconf 78' lang='lat' dir='ltr'>conclusionem</span> <span class='ocrx_word' id='word_1_774' title='bbox 1819 2847 1977 2876; x_wconf 81' lang='lat' dir='ltr'>supponunt.</span> 
     </span>
    </p>
   </div>
   <div class='ocr_carea' id='block_1_18' title="bbox 1487 3144 2437 3398">
    <p class='ocr_par' dir='ltr' id='par_1_28' title="bbox 1487 3144 2437 3269">
     <span class='ocr_line' id='line_1_106' title="bbox 1487 3144 2436 3181; baseline -0.004 -8"><span class='ocrx_word' id='word_1_775' title='bbox 1487 3155 1542 3173; x_wconf 74' lang='lat' dir='ltr'>non.</span> <span class='ocrx_word' id='word_1_776' title='bbox 1561 3148 1673 3174; x_wconf 73' lang='lat' dir='ltr'>ratione.</span> <span class='ocrx_word' id='word_1_777' title='bbox 1701 3148 1816 3173; x_wconf 67' lang='lat' dir='ltr'>Subinde</span> <span class='ocrx_word' id='word_1_778' title='bbox 1836 3151 1894 3179; x_wconf 88' lang='lat' dir='ltr'>post</span> <span class='ocrx_word' id='word_1_779' title='bbox 1919 3147 1982 3181; x_wconf 75' lang='lat' dir='ltr'>quia</span> <span class='ocrx_word' id='word_1_780' title='bbox 2007 3146 2100 3172; x_wconf 74' lang='lat' dir='ltr'>anima</span> <span class='ocrx_word' id='word_1_781' title='bbox 2124 3153 2178 3172; x_wconf 75' lang='lat' dir='ltr'>non</span> <span class='ocrx_word' id='word_1_782' title='bbox 2202 3147 2240 3171; x_wconf 74' lang='lat' dir='ltr'>est</span> <span class='ocrx_word' id='word_1_783' title='bbox 2263 3144 2436 3177; x_wconf 84' lang='lat' dir='ltr'>supplendum</span> 
     </span>
     <span class='ocr_line' id='line_1_107' title="bbox 1491 3188 2437 3224; baseline -0.004 -7"><span class='ocrx_word' id='word_1_784' title='bbox 1491 3193 1612 3217; x_wconf 71' lang='lat' dir='ltr'>duxiinus</span> <span class='ocrx_word' id='word_1_785' title='bbox 1638 3191 1683 3224; x_wconf 75' lang='lat' dir='ltr'>ibi,</span> <span class='ocrx_word' id='word_1_786' title='bbox 1709 3199 1756 3223; x_wconf 81' lang='lat' dir='ltr'>pro</span> <span class='ocrx_word' id='word_1_787' title='bbox 1788 3199 1840 3224; x_wconf 91' lang='lat' dir='ltr'>quo</span> <span class='ocrx_word' id='word_1_788' title='bbox 1865 3192 1934 3217; x_wconf 78' lang='lat' dir='ltr'>Alex.</span> <span class='ocrx_word' id='word_1_789' title='bbox 1956 3191 2022 3223; x_wconf 59' lang='lat' dir='ltr'>Hah,</span> <span class='ocrx_word' id='word_1_790' title='bbox 2043 3190 2072 3216; x_wconf 77' lang='lat' dir='ltr'>in</span> <span class='ocrx_word' id='word_1_791' title='bbox 2094 3190 2262 3224; x_wconf 72' lang='lat' dir='ltr'>purqatorio,</span> <span class='ocrx_word' id='word_1_792' title='bbox 2291 3189 2350 3215; x_wconf 89' lang='lat' dir='ltr'>edd.</span> <span class='ocrx_word' id='word_1_793' title='bbox 2373 3188 2437 3214; x_wconf 79' lang='lat' dir='ltr'>male</span> 
     </span>
     <span class='ocr_line' id='line_1_108' title="bbox 1490 3235 1616 3269; baseline -0.008 -8"><span class='ocrx_word' id='word_1_794' title='bbox 1490 3235 1616 3269; x_wconf 68' lang='lat' dir='ltr'>obliyata.</span> 
     </span>
    </p>

    <p class='ocr_par' dir='ltr' id='par_1_29' title="bbox 1560 3278 2212 3310">
     <span class='ocr_line' id='line_1_109' title="bbox 1560 3278 2212 3310; baseline -0.002 -6"><span class='ocrx_word' id='word_1_795' title='bbox 1560 3279 1571 3295; x_wconf 72' lang='lat'>2</span> <span class='ocrx_word' id='word_1_796' title='bbox 1590 3280 1635 3304; x_wconf 90' lang='lat' dir='ltr'>Hic</span> <span class='ocrx_word' id='word_1_797' title='bbox 1654 3286 1676 3304; x_wconf 88' lang='lat' dir='ltr'>c.</span> <span class='ocrx_word' id='word_1_798' title='bbox 1699 3280 1722 3304; x_wconf 85' lang='lat'>3.</span> <span class='ocrx_word' id='word_1_799' title='bbox 1742 3282 1767 3304; x_wconf 88' lang='lat' dir='ltr'>et</span> <span class='ocrx_word' id='word_1_800' title='bbox 1785 3280 1809 3304; x_wconf 91' lang='lat' dir='ltr'>in</span> <span class='ocrx_word' id='word_1_801' title='bbox 1830 3279 1944 3304; x_wconf 80' lang='lat' dir='ltr'>fundam.</span> <span class='ocrx_word' id='word_1_802' title='bbox 1966 3280 1989 3304; x_wconf 77' lang='lat'>2.</span> <span class='ocrx_word' id='word_1_803' title='bbox 2009 3280 2060 3303; x_wconf 81' lang='lat' dir='ltr'>iam</span> <span class='ocrx_word' id='word_1_804' title='bbox 2080 3278 2212 3310; x_wconf 77' lang='lat' dir='ltr'>allegatus.</span> 
     </span>
    </p>

    <p class='ocr_par' dir='ltr' id='par_1_30' title="bbox 1559 3322 1840 3355">
     <span class='ocr_line' id='line_1_110' title="bbox 1559 3322 1840 3355; baseline -0.004 -7"><span class='ocrx_word' id='word_1_805' title='bbox 1559 3322 1570 3339; x_wconf 81' lang='lat'>³</span> <span class='ocrx_word' id='word_1_806' title='bbox 1591 3323 1702 3355; x_wconf 78' lang='lat' dir='ltr'>Supple:</span> <span class='ocrx_word' id='word_1_807' title='bbox 1718 3323 1840 3354; x_wconf 77' lang='lat' dir='ltr'>patiendi.</span> 
     </span>
    </p>

    <p class='ocr_par' dir='ltr' id='par_1_31' title="bbox 1561 3365 2120 3398">
     <span class='ocr_line' id='line_1_111' title="bbox 1561 3365 2120 3398; baseline -0.004 -5"><span class='ocrx_word' id='word_1_808' title='bbox 1561 3366 1571 3383; x_wconf 79' lang='lat'>⁴¹</span> <span class='ocrx_word' id='word_1_809' title='bbox 1592 3367 1647 3393; x_wconf 83' lang='lat' dir='ltr'>Vat.</span> <span class='ocrx_word' id='word_1_810' title='bbox 1667 3368 1708 3392; x_wconf 86' lang='lat' dir='ltr'>hic</span> <span class='ocrx_word' id='word_1_811' title='bbox 1727 3371 1751 3392; x_wconf 86' lang='lat' dir='ltr'>et</span> <span class='ocrx_word' id='word_1_812' title='bbox 1770 3367 1847 3398; x_wconf 80' lang='lat' dir='ltr'>paulo</span> <span class='ocrx_word' id='word_1_813' title='bbox 1867 3367 1972 3392; x_wconf 80' lang='lat' dir='ltr'>inferius</span> <span class='ocrx_word' id='word_1_814' title='bbox 1991 3365 2120 3392; x_wconf 73' lang='lat' dir='ltr'>similiter.</span> 
     </span>
    </p>
   </div>
  </div>
 </body>
</html>
