2483 3882
21 855 55 876 Ad
69 853 152 881 opposi-

62 883 112 902 tum.

773 262 864 293 DIST.
890 261 909 292 1.
934 261 963 292 1).
989 261 1009 292 1.
1033 261 1114 292 ART.
1140 260 1268 293 UNICUS
1293 261 1444 302 QUAEST.
1470 261 1516 293 IV.
2087 263 2124 293 ’19

1019 442 1201 482 QUAESTIO
1226 442 1273 474 IV.

874 565 919 596 De
943 564 1238 596 sacramentorum
1262 563 1419 606 efficacia.

255 690 373 731 Quarto
396 689 579 730 quaeritur.
610 691 717 720 utrum
742 688 941 719 Sacramenta
965 686 1027 718 sint
1050 695 1117 727 gra-

168 742 228 773 tiae
252 742 403 773 effectiva.
430 742 463 772 Et
487 741 571 782 quod
596 740 657 779 sic,
682 740 824 772 videtur:

257 795 283 825 1.
310 793 388 834 Quia
413 793 471 825 ista
494 793 674 834 assignatur
706 791 882 824 differentia.
906 792 1118 823 sacramento-

166 855 238 877 rum
264 854 361 877 novae
387 845 463 886 legis
487 846 526 877 ad
551 845 751 877 Sacramenta
776 844 890 877 veteris
914 844 1008 885 legis,
1032 843 1117 885 quod

166 899 243 930 haec
267 898 423 936 efficiunt,
448 898 501 929 illa
525 898 627 930 solum
652 898 789 938 figurant
805 898 833 936 ¹3
851 898 903 929 sed
923 897 1005 938 quod
1024 896 1118 929 efficit

167 954 213 983 est
230 960 324 983 cansa
341 950 478 982 efficiens
492 962 498 981 :
523 959 597 991 ergo
619 950 819 982 Sacramenta.
835 958 934 981 novae
952 949 1028 990 legis
1045 952 1119 981 sunt

167 1004 285 1044 gratiae
309 1003 459 1035 effectiva.

255 1057 284 1087 2.
309 1056 401 1094 Item.
420 1056 527 1097 llngo²
545 1055 636 1095 dicit,
659 1068 673 1084 «
689 1055 773 1097 quod
797 1056 997 1088 Sacramenta
1020 1063 1119 1086 novae

166 1108 244 1149 legis
273 1108 374 1140 infusa
396 1108 453 1140 sibi
477 1109 614 1149 primum
640 1108 854 1140 benedictione
879 1107 1072 1140 sanctificant
1088 1119 1119 1145 »ς

166 1164 196 1193 et
220 1161 293 1192 alibi
319 1161 410 1198 dicit,
436 1161 519 1202 qnod
545 1164 618 1193 sunt
648 1174 662 1189 «
679 1170 719 1193 ex
744 1160 986 1193 sanctificatione
1011 1160 1120 1192 sancti-

166 1213 289 1245 ficantia
308 1226 338 1249 »ς
363 1214 417 1245 sed
442 1223 503 1245 non
529 1213 741 1245 sanctificatur
764 1213 868 1244 anima
893 1213 951 1244 nisi
976 1221 1032 1253 per
1053 1222 1121 1253 gra-

166 1266 262 1297 tiam:
287 1275 362 1306 ergo
386 1265 526 1297 efficiunt
551 1266 649 1307 ipsam
676 1266 806 1307 gratiam
832 1265 862 1297 in
887 1265 1001 1297 anima.

255 1318 284 1350 3.
310 1318 402 1357 ltem,
436 1319 580 1359 Magister
604 1318 634 1349 in
661 1318 840 1350 delinitione
865 1317 1055 1349 Sacn‘nuenti
1089 1318 1118 1349 in

167 1371 294 1403 littera3
318 1371 410 1409 dicit,
436 1371 519 1412 quod
551 1371 818 1403 «Sacramentum
837 1374 884 1402 est
907 1371 991 1411 quod
1016 1370 1121 1402 simili-

167 1424 308 1456 tudinem
344 1424 424 1464 gerit
448 1427 478 1455 et
502 1433 597 1455 causa
622 1423 729 1455 existit
744 1435 775 1461 ”3
800 1423 853 1455 sed
878 1432 939 1454 non
964 1423 1120 1465 formalis

166 1485 269 1517 neque
292 1475 405 1514 finalis
429 1485 531 1517 neque
555 1475 760 1513 virttem-imis,
788 1479 825 1507 ut
848 1485 945 1516 supra.
970 1479 1121 1507 monstra-

166 1532 233 1560 tum
260 1531 326 1560 est:
352 1537 427 1569 ergo
451 1538 472 1559 a
497 1528 656 1559 divisione
679 1530 726 1559 est
750 1536 845 1559 cansa
869 1527 1019 1569 efficiens.

254 1581 284 1612 [ι.
310 1581 403 1619 Item,
428 1581 511 1612 idem
537 1580 666 1611 ratione
682 1580 826 1618 videtur,
844 1580 917 1621 quia
934 1579 1059 1620 signum
1078 1580 1119 1611 in-

166 1634 310 1665 stitutum
338 1633 475 1664 bumana
500 1633 693 1665 institutione
718 1636 820 1674 potest
836 1632 867 1664 in
885 1632 974 1664 nobis
991 1641 1120 1674 aggene-

165 1695 236 1718 rare
261 1686 458 1727 spiritualem
490 1686 698 1726 cognitionem
731 1688 761 1716 et
791 1685 1005 1723 affectionem,
1039 1685 1120 1717 sicut

165 1739 304 1771 circulus
320 1742 391 1770 ante
408 1738 537 1770 domum
555 1741 723 1779 aggenerat
741 1738 947 1779 cognitionem
966 1738 997 1769 in
1014 1738 1119 1769 anima

164 1791 375 1829 transeuntis,
400 1791 482 1832 quod
508 1790 549 1821 ibi
575 1790 614 1822 sit
638 1790 769 1828 vinum3
794 1793 824 1821 et
840 1790 1018 1831 patibulum
1036 1794 1066 1822 et
1084 1791 1120 1823 si-

166 1852 225 1885 gna
250 1843 323 1875 belli
347 1847 538 1884 aggenerant
562 1843 728 1874 timorem:
754 1851 829 1884 ergo
854 1842 878 1874 si
904 1843 1011 1874 divina
1036 1843 1121 1875 insti-

168 1896 244 1928 tutio
269 1896 369 1927 multo
393 1896 548 1936 potentior
580 1899 628 1928 est
651 1905 745 1937 quam
772 1896 928 1934 bumana,
953 1900 983 1928 et
1015 1896 1120 1928 Sacra-

165 1952 269 1980 menta
294 1952 368 1980 sunt
392 1949 480 1990 signa
496 1949 671 1981 secundum
690 1948 829 1980 divinam
848 1948 1075 1980 institutionem
1090 1948 1119 1987 ⁴3

164 2004 296 2042 possunt
320 2001 351 2032 in
379 2001 468 2033 nobis
492 2010 683 2042 aggenerare
709 2001 808 2033 multo
832 2001 1018 2033 nobiliorem
1051 2002 1121 2034 esse-

165 2057 270 2086 ctum:
296 2063 371 2095 ergo
395 2057 527 2095 possunt
551 2054 675 2086 efficere
699 2054 843 2095 gratiam.

255 2108 283 2138 5.
303 2106 392 2145 item,
416 2118 431 2135 «
443 2106 585 2148 opposita
602 2111 675 2139 nata
691 2110 765 2139 sunt
782 2107 850 2139 fieri
869 2107 953 2140 circa
970 2107 1054 2139 idem
1066 2107 1077 2124 ⁵
1088 2119 1120 2146 »3

166 2159 250 2192 unde
274 2159 352 2191 nibil
377 2162 423 2191 est
447 2159 649 2201 susceptibile
674 2160 803 2201 culpae,
824 2160 883 2192 nIsi
908 2160 947 2192 sit
972 2161 1121 2202 suscepti-

164 2212 227 2244 bile
251 2212 387 2253 gratiae,
412 2215 442 2243 et
465 2221 482 2244 e
507 2221 678 2244 converso:
712 2221 784 2244 cum
816 2221 891 2254 ergo
916 2222 1007 2251 caro,
1039 2222 1119 2254 quae

167 2267 213 2296 est
237 2265 313 2306 quid
337 2265 518 2306 corporale,
542 2265 640 2306 possit
656 2265 735 2297 adeo
756 2265 877 2303 vitiari,
902 2268 937 2297 ut
961 2265 1074 2297 efficiat
1090 2269 1120 2297 et

168 2321 294 2359 generet
318 2318 443 2359 culpam
470 2318 499 2349 in
517 2318 638 2356 anima,
655 2326 736 2359 quae
753 2318 812 2350 sibi
829 2318 940 2349 unitur
953 2330 961 2356 3
978 2327 1053 2359 ergo
1070 2319 1120 2350 Sa-

166 2373 362 2402 cramentum
387 2370 549 2411 corporale
574 2370 687 2411 poterit
711 2370 898 2403 sanctificari
916 2371 1012 2409 adeo,
1034 2371 1119 2412 quod

166 2422 365 2454 transfundat
389 2423 543 2463 gratiam:
568 2422 647 2454 nihil
669 2431 744 2464 ergo
768 2423 931 2464 prohibet,
956 2423 1039 2464 quod
1057 2423 1120 2455 effi-

167 2474 227 2506 ciat
251 2473 280 2505 in
306 2474 410 2505 anima
434 2475 565 2515 gratiam
591 2474 797 2515 spiritualem.

1270 687 1299 717 6.
1324 686 1415 724 Item.
1440 686 1521 718 sicut
1545 686 1574 718 in
1600 687 1799 728 generatione
1831 688 1933 720 carnis
1966 693 2012 720 est
2043 698 2132 730 gene-

1180 748 1254 770 rans
1277 742 1307 770 et
1331 743 1498 779 generatus
1530 742 1560 771 et
1591 739 1725 771 ulterius
1754 749 1816 781 quo
1846 740 2002 773 mediante
2025 741 2060 772 fit
2084 750 2132 781 ge-

1180 791 1318 828 nerati03
1337 791 1377 822 ita
1394 791 1423 822 in
1442 791 1596 831 spirituali
1616 792 1849 833 regeneratione
1873 796 1919 824 est
1944 801 2132 834 regenerans

1181 844 1342 881 Christus,
1368 847 1571 884 regeneratus
1595 844 1706 882 bomo.
1732 849 1761 877 et
1786 845 1864 877 illud
1889 855 1951 886 quo
1976 846 2132 878 mediante

1182 896 1217 927 fit
1239 897 1452 937 regeneratio>
1477 896 1594 928 scilicet
1611 897 1868 929 Sacramentum:
1895 907 1968 938 ergo
1992 898 2073 929 sicut
2089 907 2133 930 se-

1184 958 1272 987 men,
1298 949 1381 991 quod
1406 953 1473 981 erat
1498 949 1636 981 medium
1655 950 1684 981 in
1703 950 1901 990 generatione
1925 951 2061 989 carnali,
2084 951 2133 983 de-

1183 1002 1243 1034 fert
1267 1002 1410 1043 culpam,
1432 1002 1542 1034 eadem
1560 1003 1679 1034 ratione
1697 1003 1933 1035 Sacramentum
1951 1004 2050 1036 defert
2067 1013 2133 1043 gra-

1185 1054 1275 1093 nani.
1300 1063 1380 1096 qnae
1404 1055 1476 1087 facit
1501 1055 1644 1093 filium'‘';
1669 1055 1723 1087 sed
1748 1064 1809 1087 non
1835 1056 1934 1087 defert
1958 1057 2135 1088 essentiali-

1184 1110 1252 1137 ter.-
1278 1115 1353 1147 ergo
1377 1107 1478 1138 defert
1502 1106 1691 1138 causaliter.
1717 1107 1754 1139 St
1769 1107 1881 1144 (licus,
1907 1108 1991 1149 qnod
2009 1117 2068 1139 non
2087 1112 2134 1139 est

1184 1158 1301 1197 simile,
1320 1159 1393 1200 qnia
1410 1156 1532 1191 facilius
1548 1162 1594 1191 est
1612 1160 1692 1191 male
1709 1159 1811 1191 facere
1828 1160 1893 1191 sive
1910 1160 2021 1192 vitiare
2038 1170 2131 1202 quam

1184 1210 1262 1242 bene
1286 1211 1404 1249 facere3
1422 1211 1479 1243 boc
1497 1211 1574 1243 nihil
1598 1215 1660 1243 est:
1680 1212 1753 1253 quia
1774 1221 1937 1254 nunquam
1964 1213 2058 1245 Adam
2077 1213 2135 1244 suit

1184 1264 1339 1304 potentior
1363 1264 1403 1295 ad
1429 1264 1547 1296 malum
1574 1264 1621 1296 vel
1646 1264 1713 1296 eius
1745 1265 1852 1306 culpa,
1886 1265 1960 1307 quin
1991 1265 2134 1297 Christus

1184 1316 1223 1347 sit
1247 1316 1403 1358 potentior
1427 1317 1466 1348 ad
1491 1317 1608 1349 bonum
1634 1321 1664 1349 et
1688 1317 1755 1350 eius
1780 1318 1883 1359 passio
1898 1318 1930 1356 7;
1959 1318 2013 1350 sed
2038 1318 2132 1349 Adam

1184 1378 1241 1401 sua
1265 1369 1359 1410 culpa
1382 1370 1483 1411 potuit
1507 1370 1619 1402 vitiare
1643 1379 1767 1403 omnem
1793 1380 1936 1402 caruem:
1959 1380 2033 1412 ergo
2051 1371 2136 1402 Chri-

1184 1426 1252 1454 stus
1269 1432 1326 1454 sua
1342 1423 1486 1464 passione
1503 1423 1604 1464 potuit
1621 1423 1699 1455 adeo
1713 1424 1907 1455 sanctificare
1924 1424 2134 1461 Sacramenta,

1184 1478 1219 1506 nt
1243 1475 1311 1515 ipsa
1336 1475 1526 1507 sanctificata
1550 1476 1670 1507 animas
1695 1476 1924 1508 sanctificarent
1948 1480 1978 1508 et
2002 1477 2134 1517 gratiam

1184 1527 1304 1558 darent.

1274 1582 1302 1611 7.
1327 1580 1420 1615 Item.
1446 1580 1520 1612 dicit
1539 1580 1701 1612 anselmus
1719 1581 1757 1612 de
1775 1581 1932 1622 Conceptu
1950 1581 2093 1623 virginali
2108 1582 2135 1619 ⁸,

1184 1632 1269 1673 quod
1293 1644 1306 1659 «
1325 1632 1349 1663 si
1368 1632 1462 1663 Adam
1481 1632 1634 1670 stetisset,
1652 1633 1887 1665 transfunderet
1912 1632 2060 1666 iustitiam
2079 1634 2138 1665 ori-

1184 1684 1317 1725 ginalem
1336 1697 1366 1722 >⁷3
1399 1684 1453 1716 sed
1488 1684 1545 1716 boc
1576 1693 1637 1715 non
1670 1688 1772 1725 potest
1803 1694 1871 1717 esse
1895 1686 1953 1717 nisi
1979 1686 2136 1718 mediante

1184 1745 1277 1769 carne
1302 1737 1478 1778 corporali:
1509 1746 1584 1778 ergo
1609 1738 1709 1769 multo
1733 1739 1832 1778 magis
1862 1738 2006 1771 Christus
2036 1742 2136 1780 potest

1185 1789 1341 1821 mediante
1376 1789 1530 1831 corporali
1567 1790 1767 1822 Sacramento
1800 1791 2020 1823 transfundere
2055 1791 2138 1823 iusti-

1184 1843 1259 1873 tiam
1284 1842 1464 1883 gratuitam.

1272 1895 1419 1927 CoNTnA:
1449 1896 1476 1926 1.
1501 1895 1609 1927 Omnis
1642 1905 1737 1928 causa
1768 1895 1908 1939 efficiens
1932 1900 1979 1929 est
2002 1897 2295 1929 nobiliorFussdamemss·

1185 1956 1242 1979 suo
1266 1947 1397 1986 effectu,
1421 1951 1451 1979 et
1475 1948 1600 1980 nullum
1625 1949 1787 1990 corporale
1812 1949 1948 1982 nobilius
1969 1953 2016 1982 est
2032 1950 2137 1992 aliquo

1185 2000 1361 2042 spirituali:
1395 2010 1466 2033 cum
1500 2001 1596 2042 igitur
1627 2002 1727 2043 gratia
1752 2002 1791 2033 sit
1815 2002 2005 2044 spiritualis,
2034 2003 2137 2035 Sacra-

1185 2056 1326 2085 mentum
1352 2053 1532 2094 corporale,
1557 2058 1592 2085 ut
1616 2054 1691 2086 dicit
1716 2054 1846 2096 llugo⁹;
1875 2055 2000 2087 nullum
2033 2056 2138 2087 Sacra-

1186 2109 1327 2137 mentum
1351 2110 1398 2138 est
1422 2115 1517 2139 causa
1541 2106 1678 2139 efficiens
1703 2107 1802 2149 ipsius
1827 2108 1954 2149 gratiae.

1273 2160 1302 2190 ⁹2.
1329 2159 1420 2197 Item,
1442 2159 1587 2200 Magister
1604 2160 1634 2191 in
1657 2160 1760 2192 littera
1774 2161 1794 2176 ¹⁰
1818 2161 1909 2199 dicit,
1928 2161 2012 2202 quod
2043 2171 2135 2193 «non

1184 2215 1231 2243 est
1263 2212 1363 2253 gratia
1394 2212 1435 2243 ab
1468 2212 1550 2250 z'llz's,
1587 2213 1641 2245 sed
1670 2223 1730 2255 per
1763 2213 1867 2245 illam
1893 2223 1968 2255 ergo
1993 2215 2137 2253 videtur,

1184 2264 1268 2306 quod
1293 2265 1354 2297 sint
1378 2265 1459 2297 sicut
1491 2265 1632 2303 canales,
1658 2275 1717 2297 non
1744 2266 1824 2298 sicut
1848 2266 1936 2298 sons:
1969 2276 2043 2308 ergo
2076 2277 2135 2299 non

1185 2320 1257 2348 sunt
1282 2326 1377 2349 causa
1398 2317 1536 2350 efficiens
1561 2318 1697 2359 gratiae,
1715 2318 1795 2350 sicut
1812 2328 1867 2350 nec
1885 2319 2009 2351 canales
2026 2328 2136 2361 aquae.

1273 2369 1301 2401 3.
1328 2369 1400 2401 [tem
1413 2396 1420 2408 ,
1438 2370 1524 2411 Hugo
1538 2370 1556 2386 ¹¹
1582 2370 1672 2408 dicit,
1690 2371 1774 2412 qnod
1806 2384 1820 2399 c<
1837 2371 1937 2413 gratia
1954 2381 2014 2403 non
2033 2376 2079 2404 est
2096 2382 2134 2403 er.

1184 2422 1265 2463 ipsis
1290 2423 1514 2461 Sacramentis,
1538 2423 1591 2455 sed
1617 2424 1651 2454 t'n
1676 2423 1757 2465 ipsis
1774 2436 1804 2462 >³3
1823 2424 1877 2456 sed
1898 2429 2033 2463 constat,
2051 2425 2135 2466 quod

1184 2485 1223 2506 eoe
1247 2475 1322 2507 dicit
1345 2484 1471 2507 causam
1490 2475 1690 2513 efficientem,
1708 2477 1788 2508 sicut
1804 2480 1889 2518 patet
1906 2477 1967 2508 ibi:
1986 2486 2060 2518 ergo
2079 2481 2136 2509 etc.

238 2681 246 2697 ¹
266 2680 316 2706 Csr.
337 2682 378 2706 liic
397 2681 431 2706 lit.
453 2682 579 2713 Magistri,
600 2688 621 2706 c.
643 2682 667 2706 6.

237 2724 247 2740 ²
266 2724 335 2749 Libr.
356 2725 371 2749 l.
392 2725 424 2749 de
443 2725 557 2749 Sacram.
577 2732 602 2756 p.
623 2725 665 2749 Xl.
686 2732 707 2750 c.
728 2725 756 2757 5;
777 2725 838 2750 vide
857 2726 933 2751 etiam
954 2733 1033 2757 supra
1053 2734 1077 2758 q.
1096 2728 1119 2751 2.

166 2769 199 2794 ad
214 2770 237 2794 5.
251 2783 286 2787 —
299 2769 358 2800 Seq.
371 2769 426 2793 eius
445 2769 583 2799 sententia,
598 2769 622 2793 in
637 2776 688 2801 qna
702 2776 750 2800 pro
763 2775 798 2794 ezr
810 2768 1018 2803 sanctificatione
1031 2770 1088 2795 cod.
1102 2770 1120 2794 Z

166 2820 201 2839 θα*
226 2812 413 2844 benedictione,
436 2812 545 2837 liabetur
565 2812 627 2837 ibid.
647 2819 669 2838 c.
691 2814 713 2838 2.
734 2812 783 2838 Ct'r.
804 2820 829 2844 p.
850 2813 891 2838 lX.
912 2820 933 2838 c.
955 2814 977 2838 2.

237 2857 248 2873 ³
267 2857 312 2882 Hic
331 2857 364 2881 lit.
393 2857 519 2888 Magistri,
546 2863 567 2881 c.
588 2856 611 2881 4..
630 2871 665 2875 —
685 2857 720 2882 De
739 2857 840 2883 minori
858 2858 918 2883 V1'de
944 2865 1022 2889 snpra
1049 2865 1074 2890 q.
1095 2859 1118 2883 3.

167 2915 201 2918 —
214 2901 239 2925 ln
260 2900 425 2925 conclusione
440 2907 486 2931 pro
500 2907 516 2925 a
530 2899 656 2926 divisione
670 2900 736 2933 (Vat.
752 2901 823 2927 addit
835 2901 990 2935 sufficienti)
1005 2902 1081 2927 codd.
1097 2903 1119 2927 M

167 2944 187 2969 O
207 2944 309 2976 planius
327 2950 375 2976 per
394 2943 482 2970 Iocum
501 2950 518 2969 a
543 2943 683 2976 divisione,
705 2952 783 2977 quem
809 2945 932 2971 describit
956 2947 1067 2976 Aristot.,
1094 2947 1118 2971 ll.

167 2988 272 3013 Rhetor.
292 2994 313 3013 c.
334 2988 375 3012 30.
396 2987 431 3019 (c.
450 2987 517 3020 23.):
537 2988 608 3012 Alius
627 2988 699 3013 locus
719 2995 736 3014 a
755 2988 901 3015 divisione:
921 2991 963 3021 ut,
982 2990 1002 3014 si
1028 2997 1119 3015 omnes

167 3033 211 3064 qui
231 3032 351 3056 inturiam
371 3031 478 3062 faciunt,
499 3033 575 3056 trium
594 3039 682 3057 rerum
696 3033 780 3065 aliqua
801 3033 976 3065 impelluntur,
996 3034 1037 3059 vel
1057 3035 1118 3064 hac,

166 3076 209 3101 vel
228 3076 288 3107 ista,
309 3075 349 3100 vel
370 3075 423 3107 illa;
445 3078 470 3100 et
488 3075 590 3101 duabus
615 3075 694 3101 rebus
713 3077 808 3108 impelli
828 3077 897 3102 nullo
916 3078 996 3103 modo
1022 3079 1118 3110 potuit,

168 3120 200 3145 de
212 3120 284 3144 tertia
308 3126 371 3144 vero
396 3126 480 3151 neque
499 3120 547 3150 ipsi
567 3119 709 3145 adversarii
729 3121 885 3146 insimulant.
904 3120 954 3147 Ct‘r.
976 3122 1071 3153 Boeth.‚
1092 3123 1118 3147 ll.

168 3163 201 3188 de
220 3163 349 3187 Different.
369 3164 446 3194 topic.

238 3205 247 3222 ⁴
267 3206 303 3231 De
322 3213 375 3238 quo
394 3206 455 3231 vide
483 3214 562 3238 supra
591 3214 615 3239 q.
636 3208 659 3232 2.
680 3221 714 3225 -—
741 3208 847 3233 Interius
876 3211 935 3240 post
953 3215 1118 3242 ctqqenerare

168 3249 225 3274 cod.
245 3249 263 3273 Z
283 3250 449 3281 prosequitur
467 3249 521 3275 sive
540 3249 641 3283 efficere
660 3250 776 3284 aliquem
795 3250 953 3277 nobiliorem
972 3255 1020 3277 etc.

238 3292 249 3309 ⁵
267 3293 377 3325 Aristot.,
398 3293 430 3318 de
450 3293 606 3319 praedicam.
627 3301 648 3319 c.
668 3293 700 3320 de
714 3294 859 3328 Oppositas,
875 3298 900 3321 et
913 3296 938 3321 ΙΙ.
952 3296 1042 3327 Topic.
1057 3303 1078 3322 c.
1094 3297 1117 3322 3.

168 3336 201 3368 (c.
215 3336 260 3369 7.).
273 3350 309 3355 —
322 3337 397 3368 Quod
410 3338 495 3362 anima
510 3338 591 3369 possit
610 3337 676 3363 infici
690 3345 802 3371 acarne,
817 3341 948 3364 ostensum
962 3342 1000 3364 est
1013 3339 1038 3364 11.
1049 3340 1117 3365 Scnt.

168 3380 193 3405 d.
214 3381 255 3406 31.
275 3388 297 3406 a.
317 3382 340 3406 2.
361 3388 386 3413 q.
408 3382 430 3406 1.
449 3389 530 3414 seqq„
545 3381 589 3406 ubi
603 3382 679 3407 etiam
700 3382 732 3407 de
751 3389 805 3415 seq.
824 3390 880 3415 arg.
894 3396 928 3401 —-
947 3383 972 3408 ln
992 3383 1043 3409 fine
1062 3390 1117 3415 arg.

1184 2690 1231 2714 pro
1251 2683 1323 2716 quod
1341 2682 1436 2716 efficiat
1455 2683 1585 2714 (permulti
1606 2683 1681 2708 codd.
1702 2686 1726 2708 et
1748 2683 1808 2709 edd.
1829 2685 1971 2716 incongrue
2000 2685 2136 2719 efficiant)⁷

1185 2725 1261 2751 codd.
1283 2726 1299 2750 F
1313 2726 1332 2750 ll
1347 2733 1376 2751 aa
1397 2725 1462 2759 quin
1481 2725 1586 2759 efficiat.

1255 2768 1264 2782 ⁶
1284 2769 1344 2795 Cod.
1370 2770 1388 2794 1<
1411 2770 1514 2801 supplet
1533 2770 1601 2802 Deo,
1625 2771 1680 2796 Vat.
1700 2770 1868 2804 spiritualem
1888 2773 1912 2797 el
1930 2772 2088 2805 adoptionis.

1253 2814 1265 2830 ⁷
1283 2814 1428 2845 Respicitur
1446 2814 1521 2838 Rom.
1542 2814 1565 2845 5,
1586 2814 1609 2838 6.
1629 2821 1701 2846 seqq.
1717 2816 1877 2847 ffl-Aristot..
1899 2817 1949 2841 vu.
1969 2816 2059 2848 Topic.
2075 2823 2096 2841 c.
2112 2818 2135 2842 3.

1184 2857 1215 2889 (c.
1238 2857 1286 2889 4.):
1306 2857 1535 2889 Quemadmodum
1556 2859 1579 2882 in
1600 2857 1655 2882 aliis
1674 2865 1842 2890 corrumpere
1871 2867 1950 2891 quam
1970 2860 2054 2885 facere
2078 2861 2136 2885 saci·

1184 2901 1246 2933 lius,
1266 2902 1302 2926 sic
1321 2904 1346 2926 et
1365 2902 1389 2926 in
1410 2903 1448 2926 liis
1472 2901 1604 2927 destruere
1630 2910 1709 2935 quam
1738 2906 1895 2928 construere.
1925 2903 1974 2928 Csr.
2005 2904 2029 2928 11.
2057 2904 2135 2929 Etnic.

1184 2952 1205 2970 c.
1225 2946 1253 2977 6,
1273 2948 1297 2970 et
1317 2946 1428 2977 Dionys„
1444 2946 1476 2971 de
1496 2946 1552 2970 Div.
1573 2947 1645 2972 Nom.
1672 2954 1693 2972 c.
1715 2947 1738 2972 4.
1758 2947 1773 2979 S
1793 2948 1834 2972 31.
1856 2962 1889 2965 —
1909 2948 1957 2973 Pro
1976 2947 2043 2981 quin
2063 2948 2136 2974 Chri-

1183 2990 1241 3015 stus
1254 2989 1330 3014 codd.
1341 2990 1384 3014 ΑΕ
1396 2990 1414 3019 (l
1427 2997 1441 3014 a
1455 2990 1567 3015 secunda
1583 2992 1672 3022 manu)
1688 2991 1708 3016 R
1717 2991 1766 3015 LV
1780 2998 1809 3016 aa
1824 2991 1859 3016 bb
1871 2998 1899 3016 cc
1910 2998 1991 3024 quum
2003 2991 2133 3018 Christus.

1253 3032 1264 3049 8
1283 3032 1344 3064 Cap.
1357 3034 1396 3058 10.
1408 3036 1432 3058 et
1443 3033 1483 3058 24.
1496 3033 1556 3064 (Cfr.
1569 3038 1629 3059 tom.
1641 3034 1667 3059 11.
1679 3041 1738 3065 pag.
1750 3034 1809 3065 784,
1822 3038 1880 3059 nota
1895 3035 1938 3066 3.).
1950 3035 2015 3060 Vide
2029 3036 2135 3061 etiami.

1183 3076 1234 3102 Cur
1255 3077 1322 3102 Deus
1342 3078 1434 3108 homo,
1454 3084 1474 3102 c.
1498 3078 1537 3102 18.
1556 3091 1591 3096 -
1610 3078 1658 3103 Pro
1677 3077 1788 3103 stetisset
1806 3078 1863 3103 cod.
1883 3079 1901 3102 Z
1921 3084 1975 3103 'non
1991 3080 2134 3111 peccasset.

1183 3121 1290 3145 lnferius
1301 3128 1348 3152 pro
1358 3121 1445 3153 polest
1453 3119 1642 3153 transfundere
1655 3121 1731 3146 codd.
1745 3122 1765 3146 A
1777 3122 1797 3146 R
1810 3121 1828 3145 N
1841 3123 1873 3146 W
1885 3122 1905 3146 Y
1919 3128 1948 3146 aa
1960 3121 2133 3154 transfundit.

1253 3163 1263 3180 ⁹
1281 3164 1350 3189 Libr.
1371 3165 1386 3189 Ι.
1413 3165 1445 3189 de
1473 3165 1586 3190 Sacram.
1612 3172 1636 3196 p.
1663 3165 1704 3190 lX.
1726 3172 1747 3190 c.
1769 3167 1792 3190 2.
1819 3165 1885 3190 Vide
1904 3173 1982 3197 supra
2002 3173 2062 3197 pag.
2091 3167 2133 3197 13,

1183 3210 1242 3233 nota
1256 3209 1279 3233 2.
1291 3223 1324 3226 —
1335 3209 1370 3233 De
1382 3208 1482 3234 ἠιαίονὶ
1494 3209 1538 3234 cfr.
1552 3211 1669 3241 August„
1684 3209 1725 3234 Vl.
1740 3209 1772 3234 de
1787 3210 1890 3240 Musica,
1905 3216 1926 3234 c.
1941 3209 1964 3234 5.
1979 3216 2003 3234 n.
2025 3210 2048 3241 8,
2062 3213 2086 3234 et
2101 3210 2133 3234 83

1183 3252 1231 3284 Qq.
1242 3260 1267 3284 q.
1282 3253 1310 3283 2;
1326 3253 1582 3284 Avicenna‚ltletapb.
1597 3255 1627 3277 tr.
1641 3253 1665 3278 6.
1679 3259 1701 3277 c.
1715 3253 1745 3277 3:
1759 3252 1841 3278 Causa
1856 3253 1959 3284 dignior
1971 3256 2009 3278 est
2021 3256 2133 3278 causato.

1254 3295 1275 3312 ¹⁰
1294 3296 1339 3321 Hic
1359 3303 1380 3321 c.
1401 3296 1425 3321 5.

1253 3340 1272 3356 ¹¹
1293 3340 1361 3365 Libr.
1383 3340 1398 3365 l.
1419 3340 1451 3365 de
1471 3340 1584 3365 Sacram.
1605 3347 1630 3371 p.
1659 3340 1702 3365 lX.
1728 3347 1749 3366 e.
1771 3340 1793 3366 4.
1815 3341 1880 3366 Vide
1899 3348 1979 3373 supra
2005 3348 2064 3372 pag.
2089 3340 2132 3370 17,

1183 3386 1240 3409 nota
1262 3384 1284 3409 4.
1305 3398 1338 3402 —-
1360 3384 1466 3410 inferius
1485 3384 1544 3409 edd.
1564 3385 1684 3409 omittunt
1702 3383 1744 3410 ibi.
