2483 3882
697 263 790 295 DlST.
815 263 911 296 XLVI.
936 263 1018 296 ART.
1043 263 1074 295 ll.
1100 264 1251 305 QUAEST.
1277 264 1323 296 IV.

33 352 174 389 diciunu
198 351 325 383 Glossa:
356 351 419 382 «ln
444 351 547 392 primo
578 351 717 383 adventu
745 350 979 390 misericordia,

8 420 15 427 ==
33 407 62 439 in
86 403 222 437 secundo
247 403 365 436 iustitia
380 414 416 442 »ς
440 403 494 436 sed
525 404 650 445 primus
681 404 836 436 adventus
860 407 907 436 est
938 404 978 436 ad

31 456 283 491 justificandum:
309 465 384 497 ergo
407 465 469 488 non
497 456 657 489 concurrit
689 456 730 488 ibi
762 456 820 489 nisi
852 456 978 489 miseri-

31 509 156 544 cordia.

117 563 147 594 2.
170 561 263 600 Item,
287 570 344 594 nos
360 561 511 602 petimus,
535 561 618 603 quod
638 562 721 594 Deus
737 571 798 594 non
824 562 979 595 retribuat

30 614 117 649 nobis
139 613 357 656 peccatoribus
381 614 555 646 secundum
581 614 748 646 merita—
764 615 806 646 ita
835 618 903 646 orat
929 614 980 647 Ec-

30 667 191 701 clesia¹—
205 666 259 699 sed
278 666 395 699 iustitia
411 666 558 698 retribuit
570 666 745 699 secundum
764 667 888 699 merita:
903 676 978 708 ergo

29 720 60 752 in
84 718 300 752 iustificatione
332 718 420 760 impii
443 728 504 750 non
529 722 576 751 est
600 718 748 756 iustitia,
773 719 930 761 alioquin,
953 719 977 752 si

29 771 69 804 ibi
93 771 245 803 iustitiam
268 770 422 813 petimus,
446 779 521 812 ergo
544 780 606 803 non
624 771 795 803 iustificari.

115 823 145 856 3.
169 823 263 862 Item,
288 823 464 856 iustificatio
481 826 529 856 est
553 823 612 855 viri
629 824 818 865 peccatoris,
841 824 894 865 qui
918 833 977 856 non

29 879 74 910 est
96 876 211 917 dignus
226 876 345 917 pane²t
370 885 446 918 ergo
469 877 495 908 si
512 876 589 908 nibil
614 876 698 918 apud
719 876 818 909 Deum
846 877 978 915 meruit,

28 932 58 962 et
81 928 214 967 iustitia,
239 928 278 961 de
302 938 364 971 qua
396 929 566 971 loquimur,
591 929 703 961 merita
735 929 879 971 respicit;
903 938 978 970 ergo

28 990 87 1014 non
111 984 158 1013 est
181 981 221 1013 ibi
248 981 374 1013 iustitia.

113 1035 143 1066 [ι.
168 1034 261 1073 Item,
286 1034 463 1067 iustificatio
488 1034 522 1066 fit
545 1044 602 1077 per
618 1035 766 1076 gratiam3
790 1035 844 1068 sed
869 1035 892 1067 si
912 1044 977 1077 gra-

27 1088 68 1121 tia
91 1096 131 1119 ex
157 1087 292 1126 meritis,
310 1087 378 1119 ‘iam
395 1097 460 1119 non
484 1092 529 1119 est
551 1088 668 1130 qratia
682 1088 710 1119 ³:
735 1097 810 1129 ergo
838 1092 893 1120 aut
916 1096 976 1119 non

27 1143 72 1173 est
95 1139 135 1171 ibi
162 1137 298 1177 iustitia,
323 1144 377 1171 aut
402 1149 462 1171 non
486 1143 533 1172 est
557 1140 599 1172 ibi
625 1140 734 1181 gratia.
757 1140 815 1172 Sed
841 1143 888 1172 est
911 1149 978 1181 gra-

27 1192 84 1225 tia:
109 1201 170 1224 non
194 1201 269 1233 ergo
293 1192 421 1224 iustitia.

114 1244 258 1277 CONTRA:
286 1246 312 1276 ¹l.
344 1244 521 1277 Universae
544 1245 618 1276 viae
637 1244 770 1277 Domini
792 1244 977 1276 misericor-

2 1298 83 1331 a.dia
106 1302 135 1329 et
156 1297 321 1329 veritas⁴:
346 1306 420 1339 ergo
445 1297 468 1329 si
495 1297 673 1330 iustificatio
691 1302 737 1330 est
762 1298 811 1330 via
835 1297 975 1336 Domini,

25 1360 98 1392 ergo
122 1354 169 1383 est
193 1350 233 1382 ibi
260 1351 476 1383 misericordia
499 1355 529 1383 et
553 1351 679 1383 iustitia.

112 1404 141 1435 ἓ.
166 1403 255 1441 ltem,
274 1403 303 1434 in
329 1403 486 1435 Psalm0⁵:
505 1403 617 1435 Iustus
637 1403 796 1435 Dominus
820 1403 855 1434 in
876 1403 974 1434 omni-

26 1455 84 1488 bus
99 1455 162 1487 viis
178 1455 249 1487 sais
266 1459 294 1487 et
309 1459 445 1487 sanetus
459 1455 494 1487 in
507 1455 658 1487 omnibus
675 1459 748 1493 etc.;
765 1459 795 1487 et
812 1455 902 1487 alibi:
920 1455 976 1486 Mi-

24 1508 203 1540 seratio'nes
235 1508 305 1540 cias
328 1518 428 1549 super
453 1508 566 1540 omnia
590 1518 691 1549 opera
715 1508 803 1540 etus.-
835 1517 909 1549 ergo
945 1509 974 1540 in

25 1561 104 1594 omni
127 1570 222 1603 opere
246 1565 439 1594 concurrunt
465 1561 680 1593 misericordia
704 1565 734 1593 et
759 1561 885 1594 iustitia.

112 1614 140 1646 3.
165 1615 259 1653 ltem,
283 1614 512 1656 Augustinus⁶2
538 1614 626 1655 «Qui
652 1614 769 1646 creavit
797 1619 827 1646 te
855 1615 920 1647 sine
946 1619 974 1646 te

23 1677 81 1700 non
114 1667 294 1699 justificabit
327 1671 356 1699 te
389 1667 455 1699 sine
483 1671 513 1699 te
529 1679 563 1698 »τ
581 1676 657 1709 ergo
680 1676 742 1699 non
774 1667 901 1699 omnino
929 1663 998 1699 est>

23 1720 199 1753 iustificatio
223 1729 241 1751 a
267 1720 349 1757 Deo,
374 1720 427 1752 sed
454 1720 573 1761 aliquid
595 1721 753 1753 concernit
777 1729 795 1752 a
812 1723 901 1761 parte
924 1729 975 1751 no-

23 1776 103 1810 stra3
128 1772 180 1804 sed
207 1772 424 1805 misericordia
448 1781 508 1804 nou
534 1772 693 1805 concernit
716 1773 775 1805 nisi
800 1772 973 1805 miseriam:

22 1833 95 1867 ergo
119 1825 204 1867 quod
228 1825 366 1867 amplius
390 1825 431 1857 ibi
456 1825 628 1864 concernit,
653 1825 713 1858 hoc
736 1829 783 1858 est
806 1825 951 1857 iustitiae.

110 1878 139 1909 [1.
176 1878 274 1917 Item,
306 1877 436 1910 ratione
467 1877 615 1910 videtur:
648 1878 722 1919 quia
757 1877 975 1910 misericordia

23 1931 161 1963 consistit
185 1931 215 1963 in
249 1931 433 1963 remissione
457 1930 568 1972 culpae
600 1934 630 1963 et
655 1939 790 1972 poenae;
814 1930 869 1963 sed
893 1929 972 1962 nulli

24 1984 148 2017 omnino
164 1977 295 2016 remittit
312 1983 438 2025 culpam
455 1988 485 2016 et
502 1992 650 2025 poenam3
675 1984 759 2025 quod
778 1986 878 2025 patet,
900 1983 974 2024 quia

23 2037 87 2069 sine
110 2036 352 2078 poenalitatibus
376 2045 437 2068 non
462 2045 632 2078 possumus
654 2036 798 2069 vivere⁷z
824 2045 898 2078 ergo
915 2040 972 2069 etc.

1928 267 1993 299 965

1398 361 1637 385 CONCLUSIO.

1044 431 1083 462 In
1100 440 1193 473 opere
1214 430 1460 473 iustificationis
1485 435 1530 463 est
1546 431 1778 464 misericordia
1801 436 1829 464 et
1845 432 1993 472 iustitia,

1263 493 1328 516 11011
1350 488 1457 516 tamen
1474 484 1654 516 secandum
1677 484 1771 516 idem.

1133 563 1330 596 Respouono:
1357 563 1548 602 Dicendum,
1573 563 1654 605 quod
1682 563 1711 595 in
1729 572 1824 605 opere
1848 563 2129 597 iustifica-cmuusio.

1045 615 1136 648 tionis
1159 619 1206 648 est
1229 616 1444 648 misericordia
1469 619 1498 648 et
1522 616 1656 655 veritas,
1680 625 1742 647 non
1760 619 1863 649 tamen
1888 625 1995 649 secun-

1043 668 1120 700 dum
1134 667 1227 700 idem.
1245 687 1287 691 -—
1301 669 1335 700 Et
1353 669 1411 701 boc
1424 672 1508 710 patet
1523 668 1580 700 sic:
1595 668 1669 710 quia
1682 668 1798 709 impius
1813 677 1853 700 ex
1867 673 1994 710 peccato
2008 680 2138 708 Expueaiur.

1044 720 1172 753 offendit
1192 721 1292 753 Deum
1310 725 1340 753 et
1357 721 1471 762 dignus
1495 724 1541 753 est
1566 729 1665 762 poena
1681 725 1825 760 aeterna,
1843 724 1874 753 et
1890 721 1932 753 ita
1947 725 1995 754 est

1044 772 1085 804 ibi
1111 771 1234 815 offensa
1257 777 1287 805 et
1311 778 1425 805 reatus
1447 774 1494 806 ad
1518 783 1684 815 poeizam;
1708 777 1738 806 et
1761 774 1994 806 misericordia

1043 829 1090 857 est
1115 825 1143 856 in
1170 826 1357 858 remittendo
1382 825 1539 868 offensam
1571 830 1601 858 et
1628 830 1758 858 reatum
1787 826 1833 858 ad
1854 829 1993 868 poenam

1042 881 1229 915 aeternam,
1247 878 1300 910 sed
1320 878 1450 910 iustitia
1466 882 1513 911 est
1530 879 1559 911 in
1578 878 1745 920 obligando
1769 879 1809 911 ad
1834 884 1993 921 tempora-

1044 929 1102 961 lem
1118 939 1259 971 poenam
1277 931 1447 968 1011110118,-
1464 931 1520 963 etsi
1539 931 1714 973 baptismus
1732 931 1842 964 liberet
1858 941 1876 963 a
1892 940 1994 974 poena

1043 986 1179 1015 aeterna
1195 987 1224 1014 et
1239 982 1483 1025 satisfactoria,
1500 992 1562 1015 non
1584 987 1687 1016 tamen
1705 984 1744 1016 ab
1761 984 1852 1016 omni
1874 993 1991 1026 poena,

1044 1035 1139 1067 immo
1163 1036 1366 1076 poenalitates
1390 1039 1553 1068 remanent
1576 1036 1606 1068 in
1632 1045 1763 1078 corpore
1787 1040 1817 1069 et
1841 1037 1954 1069 anima.

1134 1089 1160 1119 1.
1185 1089 1226 1120 Ad
1253 1088 1331 1121 illud
1356 1089 1440 1130 quod
1465 1089 1625 1127 obiicitur,
1650 1089 1733 1131 quod
1758 1089 1788 1120 in
1813 1089 1915 1131 primo
1942 1089 1994 1121 ad·
2021 1100 2102 1131 Salutio
2116 1107 2152 1127 ορ.

1043 1144 1138 1173 ventu
1155 1144 1201 1173 est
1226 1141 1454 1179 misericordia,
1473 1141 1656 1180 dicendum,
1680 1142 1765 1183 quod
1787 1142 1845 1174 boc
1869 1151 1929 1174 non
1947 1145 1994 1174 est
2008 1129 2134 1154 ‘mmmm‘

1042 1193 1160 1226 dictum
1182 1194 1348 1235 praecise,
1366 1194 1421 1226 sed
1445 1194 1701 1235 appropriate-⁰:
1727 1195 1814 1236 quia,
1832 1195 1888 1227 etsi
1910 1200 1995 1227 utro-

1041 1246 1136 1288 bique
1161 1247 1199 1278 sit
1225 1246 1440 1278 misericordia
1471 1251 1501 1279 et
1525 1247 1659 1286 iustitia,
1685 1247 1733 1280 bic
1766 1251 1869 1280 tamen
1894 1248 1993 1289 magis

1042 1298 1161 1331 relucet
1186 1299 1417 1338 misericordia,
1443 1299 1484 1331 ibi
1510 1300 1608 1340 magis
1632 1300 1758 1332 iustitia.

1130 1352 1158 1383 Ξ).
1184 1351 1227 1383 Ad
1252 1351 1330 1383 illud
1348 1352 1432 1393 quod
1449 1352 1605 1390 obiicitur,
1623 1352 1704 1394 quod
1733 1352 1884 1394 petimus,
1908 1353 1993 1394 quod
2009 1358 2138 1380 Notandum·

1042 1414 1101 1437 non
1128 1404 1281 1437 retribuat
1305 1405 1479 1437 secundum
1506 1405 1637 1443 merita3
1662 1406 1849 1445 dicendum,
1874 1406 1957 1448 quod
1973 1407 1993 1423 ¹⁰

1041 1467 1102 1490 non
1127 1458 1280 1499 petimus,
1305 1457 1389 1499 quod
1425 1457 1514 1489 nullo
1552 1458 1644 1490 modo
1679 1458 1852 1491 secundum
1880 1459 1991 1491 merita

1041 1510 1212 1549 retribuat,
1237 1510 1310 1551 quia
1327 1510 1480 1543 debemus
1506 1511 1584 1543 velle
1602 1511 1723 1552 puniri;
1748 1511 1802 1543 sed
1828 1512 1912 1553 quod
1929 1520 1991 1544 non

1040 1562 1172 1594 omnino
1197 1563 1371 1595 secundum
1398 1563 1508 1595 merita
1535 1563 1659 1595 tribuat.

1130 1614 1158 1646 3.
1183 1615 1213 1647 [1.
1237 1615 1280 1647 Ad
1306 1615 1384 1647 illud
1402 1615 1485 1656 quod
1507 1616 1662 1654 obiicitur,
1687 1616 1770 1657 quod
1795 1616 1879 1649 Deus
1895 1617 1992 1658 gratis

1040 1667 1188 1699 iustificat
1197 1680 1205 1706 3
1230 1667 1417 1706 dicendum,
1442 1668 1525 1709 quod
1544 1672 1697 1710 quantum
1723 1669 1762 1701 ud
1784 1669 1917 1711 gratiae
1933 1669 1992 1701 col·
2007 1675 2138 1697 Notandum-

1040 1720 1194 1752 tationem
1218 1723 1265 1752 est
1289 1723 1410 1752 tantum
1438 1721 1670 1759 misericordia,
1695 1730 1755 1753 non
1773 1722 1908 1761 iustitia,
1933 1721 1989 1754 nisi

1040 1773 1164 1805 dicatur
1178 1772 1294 1804 iustitia
1307 1773 1515 1805 condecentia
1528 1773 1682 1805 bonitatis
1694 1774 1710 1790 ¹¹
1722 1786 1732 1811 ;
1745 1777 1898 1815 quantum
1916 1783 1990 1806 vero

1039 1825 1077 1857 ad
1090 1834 1213 1866 poenae
1230 1825 1442 1863 exactionem,
1457 1826 1535 1864 dico,
1549 1827 1632 1867 quod
1651 1829 1696 1858 est
1712 1827 1847 1868 proprie
1863 1827 1990 1859 iustitia.

1127 1878 1170 1910 Ad
1207 1878 1285 1910 illud
1310 1878 1395 1920 quod
1430 1879 1575 1911 obiicitur
1600 1880 1638 1912 ad
1663 1880 1859 1922 oppositum,
1891 1880 1992 1912 dicen·
2005 1886 2040 1908 Ad
2056 1887 2150 1909 tundam.

1039 1931 1131 1969 dum,
1155 1931 1239 1972 quod
1265 1934 1320 1963 aut
1338 1931 1522 1973 intelligitur
1546 1932 1585 1964 de
1602 1932 1736 1971 iustitia,
1762 1936 1797 1965 ut
1812 1936 1858 1965 est
1883 1932 1993 1965 conde-

1039 1983 1139 2016 centia
1163 1983 1324 2021 bonitatis,
1349 1987 1403 2015 aut
1428 1983 1451 2016 si
1470 1985 1615 2026 proprie,
1640 1984 1824 2026 intelligitur
1845 1985 1884 2018 de
1908 1985 1993 2018 iusti-

1038 2036 1081 2068 tia
1105 2036 1224 2068 ratione
1249 2036 1419 2077 punitionis
1444 2037 1627 2069 coniunctae
1651 2037 1904 2070 iustificationi¹².

881 2174 1064 2216 Quansrio
1088 2175 1136 2208 iv.

206 2273 320 2305 Utrum
348 2273 434 2304 Deus
453 2272 560 2314 possit
582 2272 726 2316 aliquem
746 2283 834 2314 parc
857 2282 1075 2305 renumerare
1099 2282 1137 2304 ezr
1162 2272 1304 2311 iustitia,
1329 2272 1377 2304 vel
1396 2282 1482 2314 pure
1505 2283 1544 2305 eac
1568 2273 1808 2305 misericordia.

108 2383 226 2424 Quarto
250 2384 424 2426 (piaeritur,
456 2388 564 2416 utrum
597 2384 695 2426 possit
719 2384 803 2416 Deus
836 2383 972 2425 aliquem

22 2445 100 2478 pure
124 2446 341 2468 remunerare
372 2445 411 2469 ex
437 2437 572 2476 iustitia,
605 2437 653 2470 vel
678 2446 759 2479 pure
790 2446 831 2469 ex
857 2437 975 2469 miseri-

23 2488 143 2527 cordia,
167 2489 210 2521 ita
234 2489 317 2530 quod
343 2489 402 2521 ista
427 2489 490 2521 duo
515 2493 711 2531 separentur.
737 2490 772 2522 Et
796 2490 879 2531 quod
912 2490 973 2528 sic,

23 2540 165 2574 videtur:
837 2583 838 2587 Ἰ

111 2595 137 2625 1.
163 2594 241 2635 Quia
267 2594 353 2636 Ilugo
370 2594 409 2626 de
426 2597 532 2627 sancto
554 2594 677 2628 Victore
687 2595 707 2612 ¹³
729 2595 820 2634 dicit,
846 2595 929 2636 quod
948 2595 972 2627 si

1039 2384 1122 2416 Deus
1147 2387 1242 2416 totam
1268 2392 1399 2425 poenam
1426 2384 1601 2423 relaxaret,
1626 2394 1687 2416 non
1712 2387 1840 2426 propter
1864 2384 1923 2416 boc
1947 2390 1990 2417 e's-
2005 2391 2137 2439 Adffinposi-

1038 2440 1085 2468 set
1109 2437 1260 2469 iniustus:
1287 2446 1362 2478 ergo
1386 2437 1409 2469 si
1429 2437 1644 2469 misericordia
1661 2437 1735 2469 velit
1753 2437 1897 2469 relaxare
1921 2446 1990 2479 poe·
2091 2434 2096 2439 ’

1038 2498 1128 2528 nam,
1153 2493 1182 2520 et
1207 2489 1325 2521 iustitia
1352 2498 1411 2521 non
1437 2493 1608 2530 repugnit3
1633 2492 1717 2530 patet
1742 2493 1799 2521 etc.

1127 2544 1156 2573 ⁹2.
1181 2542 1274 2580 Item,
1295 2542 1424 2573 ratione
1441 2543 1579 2574 videtur:
1605 2542 1678 2584 quia
1702 2542 1786 2574 Deus
1804 2546 1850 2574 est
1866 2551 1990 2574 summe

1038 2594 1141 2627 iustus
1165 2598 1194 2626 et
1219 2603 1342 2626 summe
1367 2595 1562 2633 misericors3
1588 2595 1641 2626 sed
1673 2595 1806 2627 «albius
1834 2599 1880 2627 est
1905 2595 1988 2637 quod

23 2774 96 2800 nobis
115 2775 244 2809 exliibet]‚
265 2777 289 2800 in
317 2776 431 2801 secundo
457 2777 600 2801 veritatem.
624 2791 659 2795 —
679 2778 738 2802 Post
760 2776 797 2803 ibi
820 2785 850 2802 ex
877 2777 934 2802 cod.
956 2778 971 2801 F

24 2819 201 2850 supplevimus
219 2819 287 2851 ozz'si,·
308 2820 366 2845 cod.
388 2820 404 2844 B
424 2822 516 2846 omittit
534 2828 589 2847 ‘non
609 2825 667 2846 ante
687 2820 830 2847 concurrit.

92 2861 100 2877 ¹
120 2862 170 2887 Csr.
190 2862 299 2888 Collecla
320 2870 368 2895 pro
389 2864 449 2889 seria
471 2864 501 2889 V.
521 2868 580 2896 post
599 2864 720 2890 Cineres:
735 2865 817 2896 Deus,
832 2865 875 2896 qui
896 2865 971 2896 culpa

24 2905 183 2931 offenderis...
197 2909 221 2931 et
236 2907 333 2938 ungena
355 2911 413 2933 tuae
432 2908 596 2940 iracundiae,
611 2916 679 2941 quae
692 2916 740 2940 pro
755 2910 866 2939 peccatis
880 2909 972 2933 nostris

23 2955 165 2983 meremur,
186 2954 281 2976 averte.
302 2951 354 2977 Cir.
377 2952 493 2977 ultimam
513 2954 654 2978 orationem
669 2953 694 2977 in
709 2953 781 2977 Missa
798 2960 845 2983 pro
869 2952 928 2977 seria
943 2952 970 2976 ll.

25 2997 81 3024 post
91 2994 216 3020 Dominio.
229 2996 244 3020 l.
262 2996 423 3027 Quadrnges.
439 3001 464 3022 et
476 2997 536 3022 vide
551 2998 575 3021 in
595 2997 699 3022 Litaniis
713 2998 829 3022 omnium
842 2998 970 3022 Sanctor.:

24 3036 145 3070 Domine,
168 3046 217 3065 non
243 3040 388 3065 secundum
413 3044 515 3071 peccata
543 3045 628 3066 nostra
655 3042 734 3066 facias
760 3040 834 3066 nobis
856 3044 902 3065 otc.
928 3042 972 3069 (cx

25 3080 62 3106 rs.
82 3082 146 3114 402,
168 3083 229 3116 ·to.).
250 3097 282 3100 —
303 3084 365 3108 Voci
386 3083 423 3109 ita
443 3084 500 3109 cod.
521 3092 549 3109 aa
579 3085 717 3115 praemittit
737 3085 768 3109 ct.
789 3084 905 3109 Subinde
925 3091 972 3115 pro

24 3123 149 3152 iustitiam
166 3126 278 3159 petimus
301 3128 356 3152 Vnt.
377 3129 416 3153 est
433 3127 544 3158 iustitia,
569 3127 690 3160 petimus.

91 3169 102 3185 ²
122 3170 171 3195 Csr.
192 3178 269 3202 supra
290 3178 349 3202 pag.
372 3171 434 3203 356,
455 3176 513 3197 nota
534 3172 557 3196 9.

92 3214 103 3231 ³
120 3216 195 3241 Rom.
216 3218 263 3250 ll,
285 3219 316 3243 6:
337 3218 361 3242 Si
389 3221 475 3242 autern
505 3218 600 3248 gratia,
622 3218 672 3242 iam
702 3224 751 3242 non
780 3224 809 3241 ex
835 3217 971 3248 operibus3

24 3258 133 3291 alioquin
154 3262 234 3291 gratia
255 3263 305 3286 iam
326 3268 375 3286 non
397 3264 434 3285 est
453 3262 544 3292 gratia
719 3259 728 3276 ⁴
750 3261 840 3285 Psalm.
862 3260 908 3291 24,
931 3261 971 3285 10.

93 3302 103 3319 ⁵
123 3304 212 3329 psalm.
235 3304 297 3337 filit,
319 3305 359 3329 117.
380 3304 442 3329 ibid.
463 3312 488 3328 V.
509 3305 532 3328 9.
553 3304 662 3329 liabetur
682 3311 736 3335 seq.
757 3304 837 3329 locus.

30 3376 32 3378 v
92 3346 103 3362 ⁶
124 3348 188 3373 Vide
207 3355 283 3379 supra
306 3356 365 3380 pag.
387 3348 450 3379 327,
472 3350 529 3372 notu
551 3349 574 3372 2.
591 3361 622 3365 —
643 3347 724 3373 Codd.
742 3348 758 3372 E
771 3347 815 3371 FL
830 3354 888 3372 cuni
904 3350 971 3372 textu

25 3389 138 3421 originali
158 3391 290 3426 iustificat.

1107 2777 1117 2793 ⁷
1137 2777 1186 2802 Cfr.
1207 2784 1285 2808 supra
1307 2777 1333 2802 d.
1356 2776 1378 2802 41.
1399 2784 1423 2808 p.
1445 2778 1460 2801 l.
1481 2784 1502 2801 n.
1529 2778 1547 2801 1.
1568 2785 1592 2809 q.
1614 2777 1636 2801 2.
1657 2777 1680 2801 in
1702 2783 1783 2807 corp.⁷
1806 2777 1838 2801 nd
1858 2784 1937 2809 quem
1957 2777 1990 2802 lo-

1037 2828 1096 2845 cuni
1117 2822 1193 2845 ctiam
1215 2821 1278 2845 inl'ra
1299 2822 1322 2845 in
1344 2821 1393 2845 fine
1413 2827 1484 2851 corp.
1505 2824 1604 2853 quaesi.
1627 2821 1769 2851 respicitur.

1107 2864 1117 2881 S
1139 2866 1168 2889 [lt
1186 2865 1283 2890 (lictum
1304 2869 1342 2890 est
1360 2872 1439 2896 supra
1454 2865 1479 2890 d.
1505 2865 1540 2889 15.
1556 2872 1580 2896 p.
1597 2865 1611 2889 l.
1632 2872 1656 2897 (1.
1683 2865 1701 2889 l.
1716 2865 1740 2889 111
1755 2872 1826 2896 corp.
1848 2865 1897 2890 Csr.
1912 2867 1989 2891 ctiam

1037 2910 1062 2934 d.
1089 2909 1125 2934 17.
1147 2917 1170 2940 p.
1193 2909 1208 2933 l.
1229 2916 1250 2933 a.
1274 2910 1295 2933 1.
1316 2913 1340 2934 et
1360 2910 1382 2933 ἱ).
1404 2923 1437 2926 ——
1456 2910 1581 2940 Superius
1613 2912 1670 2940 post
1697 2910 1788 2934 reatus
1814 2908 1849 2934 ud
1876 2915 1989 2942 poenam

1038 2953 1094 2977 cod.
1115 2953 1133 2977 L
1153 2953 1255 2983 supplet
1274 2954 1418 2978 aeternum.

1108 2997 1118 3012 ⁹
1138 2997 1183 3022 lid.
1211 2998 1215 3021 1
1240 2996 1285 3022 sed
1304 2996 1451 3022 seeundum
1470 2995 1542 3029 quid.

1109 3040 1130 3056 ¹0
1151 3040 1212 3064 Edd.
1228 3041 1268 3064 liic
1282 3040 1392 3065 addunt:
1412 3039 1461 3065 hoc
1480 3039 1638 3073 iutelliffl'tur
1657 3040 1801 3066 secuudum
1822 3040 1937 3066 iustitiae
1957 3041 1989 3066 ri-

1037 3091 1136 3117 aorem.
1156 3083 1201 3110 1ἐῖ
1215 3083 1355 3110 dicendum
1374 3083 1453 3117 quod,
1470 3088 1494 3108 et
1508 3085 1531 3108 111
1552 3084 1601 3109 fine
1615 3084 1689 3110 solut.
1702 3085 1820 3110 omittunt
1834 3084 1879 3110 sed
1891 3084 1988 3117 qaod...

1038 3127 1146 3153 tribunt.

1110 3172 1127 3187 ¹¹
1149 3171 1198 3196 Cir.
1220 3179 1297 3203 supra
1320 3178 1379 3202 pag.
1401 3172 1466 3203 aet,
1489 3176 1546 3196 nota
1568 3172 1591 3196 3.

1109 3215 1130 3231 ¹2
1150 3216 1214 3240 Vide
1236 3216 1350 3240 scholion
1372 3216 1404 3240 nd
1429 3216 1447 3239 l.
1469 3216 1544 3240 liuius
1564 3216 1660 3240 articuli
1681 3220 1778 3248 qimcsl.

1109 3259 1130 3275 1³
1150 3259 1217 3284 Libr.
1240 3260 1255 3284 l.
1275 3260 1308 3284 de
1327 3260 1440 3284 Sacram.
1462 3267 1487 3290 p.
1509 3260 1566 3284 Vlll.
1588 3266 1609 3284 c.
1631 3260 1653 3284 8.
1674 3263 1697 3284 et
1717 3261 1746 3291 9,
1768 3260 1810 3285 ubi
1831 3261 1883 3291 agit
1903 3260 1933 3284 de
1954 3261 1988 3285 iu-

1037 3304 1101 3328 stitia
1124 3304 1255 3334 potcstatis
1275 3307 1299 3328 ot
1318 3304 1464 3335 aequitatis,
1486 3303 1517 3328 cle
1542 3304 1633 3329 iustitia
1655 3305 1764 3335 potiente
1785 3307 1808 3329 ct
1829 3307 1944 3336 cogente7
1960 3312 1989 3329 uc

1038 3349 1102 3372 inter
1121 3348 1168 3371 ulia
1189 3347 1262 3372 dicit:
1288 3357 1298 3369 (ι
1310 3347 1374 3372 Cum
1395 3355 1457 3378 ergo
1479 3347 1546 3372 Deus
1560 3348 1633 3378 punit
1647 3351 1822 3379 peccatorem,
1838 3349 1902 3373 iuste
1917 3349 1988 3380 [θείῃ

1038 3392 1097 3424 quia
1123 3392 1178 3415 eius
1204 3392 1322 3422 potestati
1349 3391 1470 3423 debetur,
1492 3394 1517 3416 111
1544 3392 1593 3416 lioc
1619 3393 1712 3423 possit,
1737 3393 1756 3417 si
1780 3392 1851 3423 velli,
1874 3396 1898 3418 et
1923 3393 1988 3418 iuste
