2483 3882
21 497 23 502 ,
59 480 134 502 Aliter.

2 1919 3 1923 Ἰ
13 1927 27 1950 d
39 1928 123 1954 opposi-

2 1965 3 1984 3
33 1955 84 1976 tum.

793 229 886 261 DIST.
911 229 957 261 XI.
982 230 1012 261 P.
1036 229 1068 261 11.
1093 229 1174 261 ΛΒΤ.
1200 230 1220 261 Ι.
1245 230 1397 272 QUAEST.
1424 231 1469 265 IV.

151 315 245 357 gruit.
270 333 311 339 —-
335 315 482 348 Similiter
506 316 591 357 quod
615 316 748 356 dicitur,
773 317 858 358 quod
875 316 969 349 fluxit
986 316 1096 355 simul;

150 367 337 407 dicendum,
361 368 446 409 quod
478 377 534 410 per
566 377 679 410 aquam
710 369 796 401 illam
820 378 881 401 non
905 369 1099 410 significatur

150 429 232 462 aqua
255 420 330 459 ista,
355 429 411 452 nec
435 429 452 452 e
475 429 627 453 converso
641 433 649 460 ;
665 421 721 453 sed
745 431 827 463 aqua
843 421 897 454 illa
912 430 1027 463 aquam
1050 422 1099 454 ha-

149 473 326 515 ptismalem
359 473 512 515 significat
526 474 547 505 ¹.
572 493 615 497 —
638 475 693 507 Vel
722 478 823 516 potest
847 475 925 513 dici,
950 475 1034 516 quod
1058 484 1099 507 ex

150 526 209 558 hoc
225 526 377 565 innuitur,
394 526 657 559 commiscendam
675 536 788 569 aquam
808 527 901 566 vino;
918 527 1003 559 unde
1019 526 1099 559 illud

139 570 206 610 ¹fuit
229 578 331 620 figura
356 578 468 617 huius,
493 588 554 610 non
580 579 638 611 hoc
663 580 900 612 Sacramentum
925 579 1027 618 illius;
1049 579 1099 612 hie

147 630 230 662 enim
255 631 399 672 sanguis,
430 640 492 663 non
521 631 573 663 ille
598 635 737 671 tantum,
762 632 817 665 sed
841 635 942 671 totus,
966 632 1020 673 qui
1044 631 1100 664 flu-

146 684 194 715 xit
218 683 256 715 de
281 692 429 725 corpore,
454 683 647 724 significatur
672 688 703 716 et
727 685 904 717 continetur
919 685 940 717 ².

235 736 279 768 Ad
303 736 381 768 illud
407 736 492 777 quod
517 737 681 778 quaeritur
699 737 738 769 de
762 738 974 778 congruitate,
999 737 1100 769 dicen-

77 788 242 827 ἔτ’-(111111,
267 789 349 830 quod
375 793 423 821 est
446 789 485 821 de
509 790 714 831 congruitate.

236 842 263 873 6.
289 842 378 882 Quod
403 841 477 874 dicit
502 842 540 874 de
565 842 787 884 insipiditate,
810 843 996 881 dicendum,
1014 843 1098 884 quod

136 894 301 935 ‘significat
332 894 503 936 populum,
528 895 581 936 qui
607 899 654 928 est
677 896 832 937 insipidus
857 900 887 928 et
911 895 1040 937 sapidus
1064 896 1098 927 fit

143 955 201 988 per
238 947 487 979 coniunctionem
522 956 594 980 cum
631 949 804 990 Sapientia,
829 949 992 988 Christo³⁷
1017 949 1098 981 sicut

145 1010 244 1042 aqua,
269 1009 340 1033 eum
364 1001 547 1041 adiungitur
572 1002 654 1033 vino.

234 1054 261 1084 7.
286 1053 328 1085 Ad
355 1053 433 1085 illud
459 1054 542 1094 quod
568 1053 732 1093 obiicitur,
764 1054 849 1096 quod
881 1063 942 1086 non
971 1054 1097 1086 commi-

144 1108 248 1137 scetur
271 1105 390 1147 aliquid
414 1106 505 1147 pani,
530 1106 715 1145 dicendum,
733 1107 817 1148 qnod
834 1115 895 1138 non
913 1110 959 1139 est
976 1107 1093 1139 simile:

142 1157 216 1199 quia
232 1167 292 1190 non
310 1161 412 1199 potest
428 1158 455 1190 ei
472 1158 516 1190 sic
537 1158 657 1200 aliquid
675 1159 889 1198 commisceri,
907 1163 942 1191 ut
958 1163 1096 1192 transeat

142 1210 173 1242 in
190 1210 293 1252 ipsum
305 1236 312 1250 ,
330 1211 403 1252 quia
420 1211 534 1243 durius
548 1223 555 1249 ;
572 1207 739 1253 propterea
756 1221 817 1244 non
836 1212 929 1244 hahet
945 1211 1094 1244 virtutem
1120 1223 1123 1225 ·

142 1263 358 1295 conversivam
370 1289 377 1302 ,
394 1267 429 1295 ut
445 1264 565 1295 vinum.
586 1264 768 1295 Praeterea
780 1263 809 1302 ⁴,
827 1264 1032 1305 principalius
1049 1274 1094 1297 re-

141 1316 242 1349 fertur
265 1316 306 1348 ad
329 1316 566 1358 significandam
591 1320 730 1348 nostram
755 1317 1012 1358 redemptionem.

2052 236 2114 267 259

1163 317 1225 349 suit
1239 330 1247 356 ;
1271 322 1301 350 et
1325 319 1453 361 quidam
1488 320 1546 352 hoe
1570 319 1739 352 coniiciunt
1764 324 1890 362 propter
1914 322 2036 354 Domini
2069 332 2113 355 so-
2129 329 2278 376 ΓΙυὶῐζιᾶῑᾶοωειιιο-

1164 370 1344 410 brietatem,
1369 372 1454 413 quod
1478 380 1540 404 non
1564 372 1679 405 biberit
1696 373 1803 405 vinum
1822 383 1957 415 purum,
1976 375 2113 408 maxime
2220 372 2224 377 ⁴

1163 423 1258 461 sorte,
1283 423 1343 456 tale
1367 425 1459 465 quale
1484 428 1531 457 est
1555 425 1585 457 iu
1610 429 1694 457 terra
1718 427 1943 466 promissionis.
1961 428 2018 460 Sed
2039 428 2114 461 haec

1163 475 1342 507 coniectura
1366 476 1477 508 debilis
1494 481 1549 509 est.
1566 496 1611 500 -—
1626 478 1685 509 Sed
1703 478 1837 517 scimuS,
1855 480 1939 520 quod
1963 480 2112 521 Apostoli,
2129 485 2275 522 Ratioffflcw-

1163 528 1217 569 qui
1244 528 1364 561 Coenae
1388 529 1510 562 Domini
1544 530 1770 569 interfuerunt,
1796 531 1837 562 ita
1862 532 2014 564 Ecclesiae
2047 533 2114 565 reli·
2178 519 2215 534 m

1163 581 1332 620 querunt5.
1357 581 1417 613 Nec
1440 581 1571 613 obiectio
1589 582 1671 614 valet
1692 582 1731 614 de
1750 583 1932 624 Evangelio:
1958 584 2031 625 quia
2053 594 2113 617 uon
2130 590 2258 612 Notandum-

1164 632 1268 664 omnia
1292 633 1407 674 scripta
1432 637 1521 672 sunt3
1546 638 1575 666 et
1599 635 1696 673 ratio,
1721 644 1819 676 quare
1837 636 1875 667 de
1892 645 1974 678 aqua
1991 646 2052 669 non
2069 642 2116 670 est

1164 685 1315 726 scriptum
1327 711 1334 724 ,
1351 689 1414 725 est,
1431 695 1470 718 ne
1492 690 1621 728 putetur
1637 687 1675 719 (Ze
1690 687 1877 721 seth-stantia
1901 690 2090 722 Sacrameuti
2107 703 2114 729 ;

1163 746 1202 769 ne
1226 741 1331 770 autem
1355 742 1485 780 putetur
1504 744 1638 781 practer
1655 742 1892 780 necessarium,
1911 742 1969 774 fuit
1994 743 2023 775 iu
2048 753 2115 785 pas-

1163 791 1249 822 sione
1282 791 1403 823 Domini
1436 792 1647 832 insinuatum,
1680 803 1751 825 cum
1784 794 1885 825 exivit
1914 796 2054 837 sctuquis
2087 801 2114 828 et

1163 843 1287 885 aquctG.
1696 847 1699 849 ’

1252 897 1286 928 Et
1310 896 1380 928 ideo
1404 900 1511 938 peccat
1539 898 1591 939 qui
1621 898 1751 938 omittit,
1775 903 1805 931 et
1829 901 1881 941 qui
1907 910 1948 933 ex
1973 902 2113 938 haeresi}
2129 907 2175 938 ,Αᾴ
2189 910 2272 934 quaest·

1162 948 1212 980 vel
1243 952 1424 990 contemptu
1455 950 1629 989 omitteret,
1661 955 1805 992 peccaret
1838 954 2021 986 mortaliter.
2055 955 2113 995 Qui
2129 934 2274 955 mmdemom'

1161 1001 1244 1033 enim
1274 1001 1402 1043 negligit
1425 1010 1466 1034 ex
1491 1002 1566 1041 hoc,
1591 1003 1675 1044 quod
1707 1004 1827 1036 nnllam
1860 1006 1954 1038 hahet
1986 1007 2115 1048 diligen-

1161 1053 1254 1092 tiam,
1279 1058 1386 1095 peccat
1411 1055 1605 1093 mortaliter;
1629 1056 1682 1097 qui
1707 1057 1835 1098 negligit
1863 1066 1903 1090 ex
1928 1059 2003 1097 hoc,
2028 1061 2113 1101 <guod

1161 1106 1256 1139 hahet
1279 1107 1470 1148 diligentiam
1496 1108 1719 1150 semiplenam,
1746 1114 1851 1150 peccat
1868 1111 2039 1151 venialiter,
2058 1114 2113 1146 sed

1160 1163 1264 1192 tamen
1289 1161 1426 1201 graviter
1450 1164 1573 1202 peccat,
1599 1161 1672 1203 quia
1698 1162 1755 1194 hoc
1780 1163 2014 1196 Sacramentum
2040 1174 2111 1197 cum

1160 1213 1242 1244 omni
1269 1212 1429 1254 diligentia
1453 1217 1499 1246 est
1523 1215 1781 1247 consecrandum.
1801 1216 1834 1247 Et
1851 1221 2004 1257 quantum
2027 1218 2110 1251 istud

1159 1274 1239 1306 opus
1270 1269 1300 1298 et
1331 1266 1390 1298 hoc
1425 1267 1661 1299 Sacramentum
1702 1269 1862 1309 praecellit
1899 1269 1959 1301 alia
1999 1280 2111 1312 opera,

1160 1321 1281 1350 tantum
1313 1319 1500 1360 negligentia
1524 1319 1554 1351 in
1581 1320 1639 1352 hoc
1664 1321 1893 1362 praeponderat
1916 1322 1986 1355 aliis
2019 1324 2112 1365 negli-

231 1370 260 1401 8.
285 1369 330 1401 Ad
354 1369 458 1408 aliud,
483 1369 671 1408 dicendum,
704 1369 789 1411 quod
821 1369 973 1402 Dominus
1004 1379 1096 1412 appo·
1126 1399 1128 1412 ,
1160 1370 1303 1412 gentiis⁷.

999 1495 1072 1535 QUA
1078 1495 1183 1527 ESTIO
1212 1495 1259 1527 lV.

455 1591 572 1623 Utrum
599 1591 856 1624 Sacramentum
880 1591 1103 1624 eucharistiae
1122 1593 1227 1634 possit
1250 1592 1368 1634 confici
1390 1594 1425 1625 iu
1449 1594 1540 1626 omni
1561 1604 1646 1636 pauc
1670 1599 1698 1627 ct
1721 1595 1806 1627 uiuo.

228 1711 345 1752 Quarto
370 1710 551 1753 quaeritur,
569 1714 678 1743 utrum
696 1712 754 1744 hoc
771 1712 1007 1744 Sacramentum
1026 1720 1093 1753 pos-

139 1763 179 1795 sit
206 1763 315 1796 confici
339 1763 369 1795 in
395 1764 486 1795 omni
509 1773 597 1806 parte
621 1768 649 1796 et
672 1764 757 1796 vino.
784 1764 817 1796 Et
841 1764 926 1805 quod
958 1764 1018 1803 sic,
1051 1764 1093 1796 vi-

139 1816 252 1849 detur:

229 1871 256 1901 1.
282 1869 360 1911 Quia
383 1872 429 1902 est
453 1869 542 1902 cibus
574 1869 770 1901 communis:
803 1878 878 1911 ergo
907 1869 999 1901 dehet
1022 1861 1095 1901 fieri

136 1922 168 1954 in
192 1922 324 1955 materia
340 1915 518 1966 communi,
535 1922 616 1954 sieut
640 1922 833 1964 baptismus,
850 1925 981 1964 propter
998 1931 1092 1955 excu-

137 1975 287 2007 sationem
313 1983 491 2017 pauperum
504 1974 533 2006 8ε
559 1983 634 2016 ergo
659 1975 689 2006 in
706 1974 789 2006 omni
808 1983 888 2016 pane
905 1978 936 2007 et
957 1975 987 2006 in
1005 1975 1091 2007 omni

136 2027 226 2066 vino,
250 2036 331 2069 quae
356 2027 473 2059 hahent
497 2027 649 2059 rationem
675 2026 836 2060 reficiendi
861 2030 891 2059 et
914 2027 1052 2069 potandi.

225 2081 254 2112 Ξ).
279 2081 353 2112 Item
379 2080 572 2119 ostenditur,
597 2080 680 2122 quod
705 2080 804 2122 possit
825 2080 933 2113 confici
957 2080 987 2112 in
1009 2089 1090 2122 pane

136 2136 167 2165 et
194 2133 267 2166 vino
296 2137 471 2175 corrupto,
504 2134 578 2175 quia
610 2133 685 2166 dicit
716 2133 956 2166 Innocentius⁰z
988 2146 1003 2163 «
1028 2134 1089 2166 Etsi

136 2186 276 2228 diligenti
300 2186 405 2219 studio
429 2186 537 2219 vinum
555 2186 711 2228 optimum
736 2186 775 2219 sit
799 2187 1031 2228 quaerendum,
1048 2187 1090 2219 vi-

134 2239 213 2272 tium
231 2238 335 2272 tam'en
349 2240 411 2272 vini
425 2249 487 2271 non
502 2240 637 2272 maculat
650 2240 837 2272 munditiam
853 2241 1044 2273 Sacramenti
1059 2253 1089 2279 ng

135 2293 244 2325 eadem
262 2293 381 2325 ratione
398 2302 455 2325 nec
471 2293 578 2335 panis:
595 2302 670 2334 ergo
687 2296 744 2326 etc.

224 2345 252 2377 3.
278 2346 353 2378 item
370 2346 555 2385 ostenditur,
573 2346 657 2388 quod
676 2346 705 2378 in
722 2355 802 2388 pane
824 2350 854 2379 et
874 2347 947 2378 vino
968 2347 1088 2379 mixto.-

135 2398 224 2440 quia,
250 2398 330 2431 sicut
359 2399 431 2430 vino
460 2399 682 2431 commiscetur
705 2408 804 2440 aqua,
829 2399 872 2431 ita
899 2400 1004 2441 granis
1027 2400 1090 2432 sru-

133 2451 229 2483 menti
259 2451 455 2484 commisceri
482 2455 615 2493 possunt
643 2452 704 2484 alia
730 2461 848 2493 grana3
873 2453 928 2485 sed
958 2453 988 2484 in
1017 2453 1089 2485 vino

133 2504 234 2536 mixto
261 2514 343 2546 aqua
370 2504 405 2536 fit
429 2508 459 2536 et
483 2504 576 2537 debet
604 2504 671 2537 lieri
697 2505 935 2537 Sacramentum
950 2506 987 2537 ¹⁰:
1013 2515 1088 2547 ergo

134 2556 277 2589 similiter
302 2556 331 2588 in
356 2557 515 2589 frumento
540 2559 652 2598 potest.

223 2610 252 2642 [ι.
277 2610 367 2649 Item,
397 2609 482 2651 quod
513 2609 544 2641 in
577 2609 667 2641 ouini
697 2619 807 2652 aqua,
832 2610 979 2642 videtur:
1014 2611 1087 2652 quia

1158 1712 1259 1744 omnis
1282 1722 1364 1754 aqua
1389 1716 1489 1754 potest
1513 1715 1650 1746 converti
1676 1715 1707 1746 in
1731 1715 1858 1754 vinum,
1876 1717 1937 1748 et1¹
1961 1726 2111 1749 conversa

1158 1768 1259 1807 potest
1282 1767 1421 1798 converti
1447 1767 1476 1798 in
1502 1767 1706 1809 sanguinem:
1732 1777 1807 1810 ergo
1831 1773 1888 1801 etc.

1247 1818 1390 1851 CONTRA:
1419 1821 1445 1851 1.
1471 1821 1558 1861 Quod
1585 1830 1650 1852 uon
1674 1821 1708 1853 iu
1733 1822 1824 1853 omui
1846 1832 1944 1863 pane,
1968 1823 2271 1856 videturzrnndamenta.

1157 1871 1246 1913 quia,
1271 1872 1352 1904 sicut
1375 1872 1527 1905 Dominus
1552 1874 1739 1915 baptizando
1763 1887 1777 1904 c<
1794 1875 1880 1907 dedit
1897 1876 1960 1907 vim
1986 1885 2112 1918 regene-

1158 1924 1290 1956 rativam
1315 1925 1405 1966 aquis
1419 1925 1438 1942 ¹²
1454 1938 1484 1963 n,
1502 1926 1544 1958 ita
1568 1927 1781 1960 consecrando
1798 1928 1932 1960 instituit
1949 1929 2045 1961 huius
2062 1930 2111 1961 Sa-

1157 1978 1308 2009 cramenti
1334 1978 1518 2018 materiam3
1543 1980 1598 2012 sed
1623 1981 1816 2013 consecravit
1841 1981 1870 2012 in
1889 1990 1969 2023 pane
1986 1982 2024 2014 de
2050 1982 2111 2015 fru-

1157 2034 1279 2067 mento,
1311 2031 1385 2072 quia
1417 2031 1469 2064 ille
1498 2035 1545 2065 est
1569 2032 1671 2064 solum
1697 2033 1786 2066 cibus
1810 2034 1985 2075 paschalis,
2018 2039 2048 2067 et
2080 2036 2110 2067 in

1156 2083 1228 2115 vino
1254 2083 1343 2115 vitis:
1369 2093 1444 2125 ergo
1469 2089 1526 2117 etc.

1245 2137 1273 2167 Ξ).
1299 2136 1373 2169 Item
1385 2163 1392 2175 ,
1410 2137 1493 2178 quod
1512 2146 1568 2170 nec
1587 2138 1615 2170 in
1633 2138 1705 2171 vino
1722 2148 1778 2171 nec
1796 2140 1825 2171 in
1843 2149 1923 2181 pane
1941 2145 2109 2182 corrupto,

1155 2188 1301 2221 videtur:
1327 2190 1401 2231 quia
1425 2190 1534 2222 vinum
1560 2195 1746 2233 corruptum
1764 2202 1826 2225 non
1851 2196 1898 2225 est
1919 2188 2048 2233 vinum,
2074 2195 2110 2226 si-

1155 2244 1208 2273 cut
1231 2241 1326 2273 homo
1351 2246 1497 2275 mortuus
1520 2252 1582 2275 non
1608 2248 1654 2276 est
1670 2245 1916 2277 homo—unde
1940 2250 2108 2285 «acetum,

1157 2297 1190 2326 nt
1211 2294 1285 2326 dicit
1306 2294 1514 2337 Philosophus
1535 2296 1565 2328 in
1582 2300 1692 2329 octavo
1709 2297 1976 2339 ttetaphysicaeffi,
1991 2307 2047 2331 nec
2063 2303 2109 2331 est

1155 2348 1262 2380 vinum
1277 2357 1334 2381 nec
1347 2354 1448 2390 potest
1461 2359 1529 2382 esse
1546 2363 1560 2379 »
1576 2369 1618 2373 —
1631 2351 1775 2383 similiter
1792 2351 1830 2383 de
1847 2360 1928 2393 pane
1942 2363 1948 2383 z
1963 2361 2037 2393 ergo
2050 2356 2107 2384 etc.

1244 2400 1272 2432 3.
1298 2400 1391 2440 item,
1424 2402 1507 2443 quod
1540 2411 1597 2434 nec
1629 2403 1668 2435 de
1700 2403 1822 2441 mixto,
1855 2403 2001 2435 videtur:
2035 2405 2108 2446 quia

1160 2453 1303 2484 «mixtio
1327 2457 1374 2485 est
1397 2454 1599 2486 miscihilium
1624 2455 1829 2487 alteratorum
1855 2456 1958 2487 uni0¹⁴
1975 2469 2005 2494 »,
2023 2457 2107 2489 unde

1153 2505 1184 2537 in
1209 2506 1362 2538 mixtione
1388 2510 1639 2540 transmutantur
1663 2508 1781 2540 formae
1807 2508 1998 2547 mixtorum,
2016 2512 2045 2541 et
2062 2518 2107 2541 re-

1153 2558 1250 2589 sultat
1274 2558 1422 2590 tertium:
1449 2568 1523 2601 ergo
1548 2561 1656 2592 vinum
1683 2561 1818 2592 mixtum
1844 2570 1905 2592 non
1923 2565 1969 2593 est
1987 2562 2105 2600 vinum,

1152 2614 1183 2643 et
1207 2611 1350 2643 similiter
1374 2612 1484 2653 panis:
1509 2621 1584 2653 ergo
1608 2616 1664 2645 etc.

205 2752 212 2768 ¹
233 2753 303 2777 Hanc
322 2753 449 2777 rationem
471 2753 551 2783 tangit
572 2753 699 2777 lnnocent.
720 2753 760 2785 111,
783 2753 823 2777 lV.
844 2752 877 2778 dc
897 2754 975 2778 Sacro
995 2753 1087 2778 Altaris

132 2797 269 2828 mysterio,
289 2803 310 2822 c.
331 2797 372 2821 29.
386 2810 420 2814 —
433 2797 558 2828 Superius
577 2798 636 2828 post
654 2795 736 2829 [letacii
754 2795 837 2822 simul
856 2797 932 2822 codd.
953 2797 972 2821 O
985 2797 1007 2822 X
1027 2804 1086 2829 sup-

134 2841 204 2872 plent
222 2848 301 2874 aqua.

203 2884 214 2901 ²
233 2885 299 2910 Vide
317 2892 397 2917 supra
420 2885 443 2910 d.
465 2886 488 2910 8.
509 2893 534 2917 p.
555 2885 570 2909 1.
591 2893 613 2910 ετ,
634 2886 657 2910 ll.
678 2893 702 2918 q.
724 2886 747 2910 2.
767 2887 791 2910 in
812 2886 862 2911 sine
882 2893 954 2917 corp.
974 2888 998 2911 et
1012 2886 1044 2910 nd
1058 2885 1083 2911 5.

202 2929 213 2946 3
231 2929 280 2955 Csr.
302 2930 317 2954 1.
337 2929 395 2954 Cor.
417 2930 439 2960 i,
461 2930 502 2954 20.
523 2936 605 2962 seqq„
628 2932 653 2954 et
671 2929 748 2955 Hebr.
770 2930 802 2961 2,
824 2929 864 2954 114.

202 2974 212 2990 ⁴
230 2973 311 2999 Codd.
332 2975 349 2998 L
361 2974 382 2999 Y
400 2974 449 3000 Est
473 2973 553 3000 etiam
578 2973 634 2999 alia
659 2973 744 3006 ratio,
766 2973 830 3008 quia
856 2974 948 3001 vinum
969 2975 1085 3007 [conver-

131 3025 189 3043 sum
214 3019 239 3043 in
264 3018 355 3043 Christi
381 3019 549 3049 sanguinem,
576 3019 650 3043 cuius
676 3018 801 3043 effusione
826 3018 953 3050 redempti
979 3026 1084 3050 sumus3

132 3062 176 3087 cir.
197 3062 260 3093 Eph.
282 3062 290 3085 1
306 3082 312 3092 ,
332 3061 363 3093 7,
383 3065 408 3087 et
426 3062 442 3086 I.
464 3062 528 3086 Petr.
551 3062 579 3093 11,
605 3061 663 3093 19.].
678 3075 712 3078 —
724 3062 772 3087 Pro
791 3061 888 3088 durius
906 3062 966 3087 edd.
980 3062 1083 3088 durior.

202 3106 213 3122 ⁵
231 3106 281 3131 Csr.
296 3106 424 3138 Liturgiae
441 3109 495 3132 tum
510 3105 594 3131 lacobi
612 3106 667 3131 sive
680 3106 924 3138 Ivlicrosolymitanu,
939 3110 993 3132 tum
1007 3107 1084 3132 Marci

131 3151 187 3176 sive
205 3150 382 3175 Alexandrina.
403 3150 469 3176 Vide
489 3151 567 3175 etiam
587 3157 666 3182 supra
687 3157 746 3182 pag.
773 3150 832 3182 194,
853 3154 910 3176 nota
933 3152 955 3176 ·1.
970 3165 1004 3169 —
1022 3152 1084 3176 inse-

130 3195 184 3220 rius
202 3196 338 3226 respicitur
357 3195 424 3220 ioan.
445 3195 492 3227 ΞΟ,
513 3195 554 3219 30.
574 3198 599 3220 et
619 3195 666 3226 21,
689 3194 730 3219 25.
744 3208 779 3212 —
793 3195 870 3220 Paulo
890 3196 1010 3227 superins
1036 3202 1083 3227 pro

132 3237 223 3265 biberit
241 3246 291 3264 non
311 3240 387 3270 pauci
407 3239 483 3264 codd.
505 3237 610 3264 biberet.

201 3282 212 3299 6
232 3283 298 3308 ioan.
320 3283 363 3314 Ἰ19,
385 3282 426 3307 34.

202 3325 213 3342 ⁷
233 3326 298 3351 Vide
316 3327 380 3351 infra
401 3326 462 3351 dul).
484 3327 507 3350 6.
530 3340 563 3343 -
583 3326 618 3351 De
642 3327 696 3357 ipsa
721 3327 870 3359 quaestione
890 3327 949 3352 vide
968 3327 1082 3353 scholion

131 3369 164 3395 ad
185 3370 209 3395 vl.
231 3371 307 3395 huius
327 3370 425 3395 articuli
446 3372 545 3402 quaest.

1222 2753 1233 2769 8
1252 2753 1302 2779 Csr.
1315 2761 1394 2785 supra
1413 2754 1436 2779 d.
1452 2754 1477 2779 3.
1493 2761 1518 2785 p.
1532 2754 1558 2779 11.
1573 2762 1596 2779 a.
1617 2755 1635 2779 1.
1651 2762 1676 2786 q.
1697 2755 1716 2779 1.
1732 2756 1755 2779 in
1775 2755 1825 2780 line
1846 2762 1917 2787 corp.
1935 2759 1959 2780 et
1981 2757 2020 2781 hic
2036 2763 2061 2788 q.
2086 2757 2104 2780 l.

1222 2797 1232 2814 ⁰
1251 2797 1319 2823 Lihr.
1340 2799 1380 2823 lV.
1401 2798 1432 2823 de
1451 2798 1530 2823 Sacro
1550 2798 1640 2823 Altaris
1660 2800 1796 2832 mysterio,
1817 2806 1839 2824 c.
1860 2800 1900 2824 29.

1224 2841 1245 2857 ¹⁰
1265 2842 1295 2868 Ut
1314 2845 1445 2867 ostensum
1472 2845 1509 2867 est
1535 2846 1633 2874 quaest.
1654 2843 1773 2874 praeced.
1793 2858 1825 2861 —
1845 2844 1951 2869 Inferius
1970 2847 2027 2876 post
2049 2844 2104 2877 frib

1149 2886 1236 2911 mento
1256 2886 1315 2911 edd.
1336 2893 1395 2911 cum
1416 2886 1535 2918 pluribus
1554 2886 1630 2911 codd.
1651 2887 1750 2912 addunt
1768 2886 1862 2913 vitatio.

1222 2929 1242 2945 Η
1262 2929 1324 2955 Cod.
1345 2930 1362 2954 F
1382 2931 1407 2955 rt
1424 2930 1451 2955 in
1471 2929 1572 2956 vinum..
1734 2939 1738 2943 ·

1220 2974 1241 2990 ¹2
1261 2974 1409 3000 Secundum
1430 2975 1538 3006 Bedam,
1558 2982 1636 3006 supra
1657 2975 1691 3000 lit.
1712 2975 1836 3006 Magistri,
1852 2975 1877 3000 d.
1899 2976 1933 3000 111.
1956 2982 1976 3000 c.
1997 2976 2028 3004 5,
2047 2976 2102 3001 allo-

1150 3022 1247 3050 gatum.
1259 3034 1293 3037 —
1307 3020 1432 3051 Superius
1452 3022 1509 3050 post
1527 3018 1556 3044 in
1575 3018 1649 3044 mutui
1665 3026 1734 3052 pune
1754 3020 1810 3044 Vat.
1831 3020 1902 3045 addit
1922 3021 1945 3045 et
1964 3019 2032 3045 rino.

1222 3063 1242 3079 ¹3
1263 3064 1333 3089 Text.
1359 3063 1395 3088 11.
1416 3063 1481 3094 (Vll.
1503 3071 1524 3087 c.
1547 3062 1597 3095 5.),
1620 3063 1663 3088 uhi
1684 3063 1771 3094 docet,
1793 3065 1883 3088 vinum
1902 3067 1927 3089 et
1946 3067 2047 3089 acetum
2073 3072 2099 3089 se

1149 3106 1246 3132 habere
1265 3108 1331 3132 sieut
1351 3106 1466 3132 habitum
1486 3111 1511 3132 et
1530 3107 1717 3139 privationem,
1739 3108 1794 3132 sive
1813 3110 1914 3132 acetum
1935 3115 1991 3133 esse
2012 3115 2100 3133 eorru-

1149 3151 1263 3182 ptionem
1289 3151 1358 3182 vini,
1381 3150 1604 3182 quemadmodum
1624 3154 1648 3175 ct
1668 3154 1798 3175 mortuum
1825 3152 1856 3176 sit
1882 3152 2012 3182 corruptio
2033 3152 2098 3182 vivi3

1149 3198 1249 3220 acetum
1270 3201 1320 3219 non
1341 3194 1394 3219 fieri
1414 3201 1448 3220 eoe
1466 3195 1542 3226 vino,
1564 3194 1610 3219 sed
1629 3195 1688 3227 posi
1705 3195 1809 3226 vinum,
1825 3202 1855 3220 eo
1876 3195 1968 3227 modo,
1992 3202 2044 3228 quo
2064 3195 2102 3220 di-

1148 3240 1245 3269 cimus,
1265 3245 1295 3263 ex
1321 3238 1362 3263 die
1382 3238 1436 3263 [ieri
1461 3241 1576 3270 noctem,
1597 3246 1681 3271 neque
1700 3239 1786 3264 denuo
1813 3239 1868 3264 fieri
1897 3246 1974 3271 posse
1993 3240 2098 3272 vinum,

1148 3283 1194 3307 nisi
1221 3284 1270 3307 tota
1297 3283 1376 3307 series
1402 3282 1557 3307 naturalium
1582 3284 1825 3308 transmutatiouum
1850 3283 2014 3316 absolvatur,
2042 3285 2096 3310 scil.

1148 3330 1175 3352 ut
1195 3330 1295 3352 acetum
1316 3328 1499 3351 transmutetur
1515 3328 1540 3351 iu
1560 3334 1670 3359 aquam,
1693 3334 1758 3360 aqua
1780 3335 1827 3359 per
1845 3329 1924 3353 vitem
1939 3329 1962 3353 in
1982 3329 2082 3353 vinum.

1220 3370 1240 3386 Η
1260 3371 1370 3402 Ariston,
1392 3370 1408 3395 1.
1429 3370 1460 3395 de
1481 3371 1597 3396 Generat.
1617 3375 1641 3397 et
1660 3375 1773 3404 corrupt.
1794 3374 1851 3398 text.
1873 3373 1914 3397 90.
1936 3372 1967 3404 (c.
1992 3373 2052 3405 tO.).
