2483 3882
752 248 844 281 DIST.
870 249 963 281 XLIII.
987 249 1069 282 ART.
1094 249 1114 281 I.
1140 250 1291 291 QUAEST.
1316 250 1349 282 tt.

1968 255 2031 286 885

931 417 1113 459 QUAesrto
1138 417 1170 449 n.

756 518 873 550 Utrum
897 519 1096 551 resurrectio
1120 519 1163 552 sit
1186 519 1342 551 omnium.

152 626 294 660 Secundo
304 627 478 669 quaeritur,
488 631 595 659 utrum
607 628 797 665 resurrectio
810 628 849 660 sit
861 629 1012 661 omnium.

66 680 99 712 Et
123 680 207 721 quod
232 680 292 719 sic,
317 678 452 712 videtur.

156 734 182 764 1.
208 733 329 765 loannis
353 733 461 775 quinto
475 732 504 764 l:
528 733 634 765 Veniet
650 732 753 771 liora,
771 733 805 765 in
821 744 888 777 qua
905 744 1014 766 omnes

0 784 123 828 numqui
138 784 173 817 in
197 785 414 817 monumentis
437 789 530 824 sunt,
548 785 684 818 audient
706 795 815 818 vocem
831 787 913 818 Filii
935 787 996 819 Dei
1002 799 1014 826 ,-

0 2061 44 2083 ›osi-

65 837 119 870 sed
136 845 196 869 non
214 841 345 879 possunt
361 845 469 869 omnes
485 837 614 876 audire,
632 837 690 870 nisi
707 846 816 870 omnes
831 842 1012 880 resurgant:

62 899 136 932 ergo
160 893 217 922 etc.

149 943 178 974 2.
203 942 297 981 Item,
320 941 442 983 primae
465 943 505 975 ad
529 942 705 975 Corinthios
725 943 847 976 decimo
863 945 972 986 quinto
986 945 1011 976 ²:

66 994 182 1026 Omnes
206 988 337 1037 Quidem
360 1004 585 1037 resuryemus,
601 996 659 1028 sed
682 1006 748 1028 non
771 1006 881 1028 omnes
897 996 1013 1028 immu-

64 1046 220 1079 tabimur.

150 1100 179 1132 3.
198 1100 288 1140 Item,
313 1101 442 1133 ratione
465 1101 608 1133 videtur:
630 1101 704 1143 quia
729 1102 881 1134 sententia
904 1102 1013 1135 mortis

61 1153 133 1185 data
156 1157 203 1185 est
228 1158 357 1195 propter
381 1155 506 1196 culpam
531 1154 732 1196 originalem,
750 1155 805 1188 sed
830 1165 938 1188 omnes
962 1156 1013 1188 ha-

61 1206 135 1238 bent
160 1206 239 1238 hanc
264 1206 403 1248 culpam:
429 1216 504 1249 ergo
528 1216 637 1240 omnes
665 1208 855 1240 moriuntur.
881 1208 940 1240 Sed
968 1217 1014 1241 re-

62 1258 233 1297 surrectio,
258 1262 293 1291 ut
325 1259 492 1300 probatum
518 1264 566 1292 est
598 1260 687 1301 prius
699 1260 719 1298 ³,
744 1260 837 1292 debet
868 1269 953 1299 esse,
978 1264 1013 1292 ut

60 1313 162 1344 anima
198 1312 321 1354 corpori
360 1312 525 1354 iungatur:
562 1321 637 1354 ergo
673 1321 782 1345 omnes
817 1313 932 1345 debent
967 1322 1013 1346 re-

60 1373 198 1406 surgere.

147 1418 177 1449 lt.
207 1417 300 1456 ltem,
333 1426 441 1449 omnes
477 1418 620 1450 homines
651 1422 724 1450 sunt
760 1418 925 1456 mortales3
957 1418 1011 1450 sed

59 1470 190 1502 mortale
214 1474 244 1502 et
268 1470 473 1512 corruptibile
498 1470 537 1502 de
561 1471 745 1503 necessitate
778 1470 1009 1512 corrumpitur:

59 1531 133 1564 ergo
156 1532 283 1555 necesse
314 1527 374 1560 est,
399 1532 508 1555 omnes
539 1524 711 1565 corrumpi.
736 1524 886 1561 Rursus,
912 1532 1011 1565 poena

58 1579 88 1608 et
111 1576 287 1617 praemium
313 1581 386 1608 sunt
403 1579 547 1613 aeterna;
564 1580 594 1608 et
611 1576 687 1609 haec
704 1576 860 1609 debentur
876 1576 1009 1608 homini:

58 1637 132 1671 ergo
156 1638 284 1662 necesse
307 1633 371 1665 est,
398 1629 556 1661 bominem
583 1629 700 1671 privari
726 1630 784 1661 hac
808 1629 888 1668 vita,
905 1633 935 1661 et
960 1629 1011 1661 ite-

59 1690 129 1713 rum
155 1681 223 1713 dari
249 1681 307 1713 sibi
332 1681 426 1713 aliam
451 1681 566 1720 vitam,
590 1690 665 1723 ergo
690 1690 866 1723 resurgere.

147 1734 175 1765 5.
200 1734 293 1772 Item,
319 1734 376 1765 hoc
400 1734 503 1775 ipsum
522 1733 698 1766 ostenditur
711 1743 773 1775 per
789 1733 1009 1776 hypothesim:

58 1787 131 1828 quia
155 1786 234 1819 bene
258 1786 419 1828 sequitur,
444 1786 556 1828 quodsi
580 1787 684 1818 anima
721 1787 855 1819 Socratis
879 1790 926 1819 est
955 1787 1009 1818 im-

58 1839 216 1878 mortalis,
242 1840 326 1881 quod
351 1840 452 1871 omnis
476 1839 597 1871 anima:
623 1848 698 1881 ergo
723 1839 789 1881 pari
822 1839 942 1871 ratione
966 1848 1010 1871 se-

58 1892 182 1934 quitur,
200 1892 225 1924 si
242 1902 342 1925 unum
360 1902 476 1935 corpus
492 1896 650 1934 resurget,
668 1896 698 1925 et
714 1901 820 1930 omne,
837 1892 891 1925 sed
909 1901 1009 1924 unum

57 1953 171 1986 corpus
195 1945 389 1983 resurrexit,
414 1945 531 1978 scilicet
554 1945 686 1978 Christi:
711 1954 786 1987 ergo
809 1947 840 1977 et
863 1953 955 1977 omne
968 1945 986 1976 ⁴.

145 1997 291 2030 CONTRA:
320 1999 347 2029 1.
372 1997 508 2030 Danielis
532 1998 757 2030 duodecim0⁵:
782 1997 879 2030 Multi
900 1998 937 2030 de
959 1996 1010 2030 liis

57 2051 114 2094 qui
136 2050 309 2082 dormiunt
332 2050 367 2082 in
387 2050 522 2092 pulvere
547 2056 672 2089 terrae,
690 2050 909 2093 evigilabunt:
935 2060 1010 2093 ergo

0 2098 8 2109 ’“
57 2113 128 2136 cun]
152 2104 211 2136 hoc
235 2112 348 2136 nomen
374 2104 472 2136 multi
494 2104 533 2136 sit
556 2104 760 2146 partitivum;
784 2104 808 2136 si
834 2104 925 2136 multi
950 2104 1011 2136 evi-

57 2157 167 2198 gilent,
192 2167 253 2189 non
277 2166 352 2199 ergo
377 2166 503 2196 omnes;
527 2166 602 2199 ergo
626 2167 688 2189 non
720 2158 861 2190 omnium
893 2161 940 2190 est
964 2167 1010 2190 re-

57 2210 218 2242 surrectio.

144 2264 173 2294 2.
198 2263 288 2301 Item,
313 2263 435 2294 Ioannis
460 2263 589 2295 sexto⁶:
616 2262 716 2294 Nemo
751 2263 837 2295 venit
872 2263 918 2295 acl
940 2273 1007 2302 me,

56 2315 124 2347 nisi
139 2316 257 2354 Pater,
276 2315 334 2358 qui
350 2316 440 2347 misit
457 2325 517 2354 me,
537 2316 680 2348 cramerit
695 2326 787 2354 eum‚·
803 2320 830 2348 et
847 2326 903 2358 eqo
920 2326 1009 2348 resu-

56 2367 179 2400 scitabo
203 2377 277 2399 eum
302 2368 337 2399 in
359 2368 537 2400 novissimo
562 2368 631 2400 die:
656 2378 729 2401 cum
754 2377 828 2410 ergo
853 2369 912 2401 hoc
941 2377 1009 2410 pro-

56 2420 156 2453 mittat
180 2421 217 2453 ad
244 2430 277 2453 se
301 2421 516 2460 venientibus,
541 2420 658 2453 scilicet
682 2421 961 2459 resurrectionem
978 2425 1008 2453 et

57 2481 115 2505 non
140 2482 249 2506 omnes
273 2473 415 2506 veniant:
441 2482 500 2505 non
526 2482 601 2515 ergo
625 2483 733 2506 omnes
757 2477 933 2515 resurgent.

144 2525 172 2558 3.
197 2526 290 2565 item,
316 2526 398 2558 idem
424 2526 550 2558 videtur
574 2525 722 2558 ratione.-
746 2526 820 2567 quia
851 2535 909 2567 pro
942 2535 1008 2567 pec-

57 2582 140 2615 cato,
164 2579 248 2620 quod
273 2582 402 2620 operata
426 2582 473 2611 est
496 2579 601 2610 anima
625 2579 655 2610 in
681 2588 830 2620 corpore,
855 2579 1008 2611 sufficien-

57 2633 103 2662 ter
128 2631 257 2672 punitur
282 2631 321 2663 in·
344 2631 526 2672 purgatorio
558 2631 624 2663 sine
649 2640 797 2673 corpore:
823 2640 898 2673 ergo
922 2635 952 2663 et
976 2631 1005 2663 in

1079 629 1200 662 inferno
1225 629 1415 663 sufficienter
1432 631 1563 673 punitur
1580 642 1637 674 pro
1654 636 1790 675 utroque
1806 634 1874 677 pari
1893 635 2029 676 ratione,

1079 681 1145 714 sic⁷
1168 685 1226 715 etc.

1166 735 1196 767 [ι.
1222 735 1312 775 Item,
1336 736 1450 769 Christi
1480 738 1669 771 resurrectio
1700 743 1746 772 est
1777 749 1872 773 causa
1906 745 2029 775 nostrae

1079 788 1318 821 resurrectionis
1351 789 1381 820 in
1413 790 1517 822 anima
1549 794 1579 823 et
1610 791 1641 823 in
1672 793 1845 834 corpore⁸;
1877 795 1932 827 sed
1968 804 2028 828 non

1077 848 1186 872 omnes
1210 844 1377 882 resurgent
1400 841 1430 874 in
1456 842 1576 875 anima:
1602 853 1676 886 ergo
1700 854 1757 878 nec
1792 855 1901 879 omnes
1926 856 2030 880 resur-

1078 895 1150 933 gent
1175 892 1205 924 in
1230 902 1370 935 corpore.

1167 947 1196 977 5.
1220 946 1315 987 Item,
1339 948 1529 981 resurrectio
1553 949 1592 981 ad
1628 949 1686 982 hoc
1710 954 1774 989 est,
1798 954 1833 983 ut
1856 952 1961 984 anima
1985 961 2031 985 re-

1077 1002 1264 1031 muneretur
1281 1000 1311 1031 in
1329 1009 1474 1042 corpore,
1491 1001 1573 1034 sicut
1586 1001 1616 1033 in
1634 1001 1687 1033 illo
1704 1003 1837 1042 meruit;
1854 1004 1908 1037 sed
1925 1005 2029 1037 anima

1078 1051 1202 1092 parvuli
1227 1053 1304 1084 nihil
1329 1057 1375 1085 est
1400 1053 1429 1085 in
1454 1063 1586 1096 corpore
1610 1058 1754 1096 operata:
1772 1065 1847 1098 ergo
1870 1058 1909 1090 ad
1927 1067 2030 1091 remu-

1079 1104 1272 1136 nerationem
1297 1104 1365 1137 eius
1390 1115 1451 1137 non
1475 1110 1598 1147 oportet
1622 1116 1736 1149 corpus
1761 1117 1938 1151 resurgere.

1431 1203 1448 1225 c
1459 1202 1477 1225 o
1485 1203 1508 1226 N
1518 1203 1535 1226 c
1544 1204 1562 1226 L
1571 1204 1591 1226 n
1601 1204 1616 1227 s
1625 1204 1635 1226 1
1644 1204 1671 1227 o.

1314 1281 1523 1313 Resurrectio
1547 1282 1609 1315 erit
1633 1283 1790 1315 omnium.

1166 1367 1364 1401 Responnno:
1389 1369 1577 1409 Dicendum,
1598 1371 1683 1412 quod
1707 1372 1847 1404 omnium
1864 1377 1911 1406 est
1931 1383 2025 1413 mors,
2041 1382 2159 1404 conclusio.

1076 1422 1107 1451 et
1130 1420 1270 1452 omnium
1295 1421 1355 1453 erit
1372 1422 1570 1454 resurrectio.
1596 1423 1717 1465 Corpus
1733 1425 1815 1457 enim
1833 1426 1942 1458 unitur
1957 1428 2027 1459 ani-

1075 1481 1149 1504 mae
1165 1473 1349 1506 immortali
1364 1483 1419 1516 per
1436 1480 1581 1508 naturam
1604 1480 1634 1509 et
1650 1481 1802 1510 mortuae
1822 1488 1878 1520 per
1899 1480 2024 1522 culpam

1076 1525 1107 1557 in
1125 1525 1191 1567 ipsa
1208 1527 1339 1564 unione;
1357 1531 1387 1559 et
1404 1528 1473 1560 ideo
1489 1528 1711 1561 necessitatem.
1728 1531 1883 1563 contrahit
1906 1533 1946 1564 ad
1963 1542 2026 1565 mo-

1075 1577 1229 1610 rienilum
1261 1582 1291 1611 et
1318 1579 1568 1621 possibilitatem
1604 1581 1642 1613 ad
1676 1591 1802 1623 semper
1830 1583 2025 1623 vivendum,

1075 1640 1156 1673 quae
1166 1632 1339 1664 secundum
1350 1632 1492 1665 ordinem
1507 1633 1631 1666 divinae
1644 1635 1859 1676 providentiae
1871 1637 1911 1669 ad
1921 1641 2025 1670 actum

1075 1693 1199 1726 semper
1224 1684 1317 1717 debet
1340 1686 1485 1727 prodire,
1509 1687 1654 1728 exigente
1671 1688 1730 1720 hoc
1745 1688 1950 1722 nihilominus
1966 1700 2026 1723 me-

1074 1737 1152 1776 rito,
1177 1737 1226 1770 vel
1250 1738 1420 1777 demerito,
1446 1742 1475 1771 et
1499 1739 1593 1771 etiam
1618 1740 1723 1772 divino
1749 1741 1895 1773 iudic109.

1167 1791 1194 1821 1.
1220 1791 1261 1822 Ad
1296 1790 1375 1823 illud
1404 1800 1481 1833 ergo
1513 1792 1597 1834 quod
1630 1793 1794 1833 obiicitur,
1818 1795 1904 1836 quod
1936 1795 2025 1827 multi
2042 1794 2187 1847 pfigffi‘rigg-P·

1074 1842 1287 1884 evigilabunt3
1313 1844 1481 1885 respondet
1496 1845 1704 1886 Augustinus,
1721 1847 1872 1888 vigesimo
1889 1848 1928 1880 de
1952 1848 2029 1881 Civi-
2044 1854 2172 1877 Notandum-

1075 1899 1137 1928 tate
1162 1896 1214 1928 Dei
1230 1896 1260 1935 ¹⁰,
1277 1896 1361 1938 quod
1383 1897 1490 1935 multi,
1508 1897 1540 1930 id
1564 1902 1611 1930 est
1635 1908 1753 1931 omnes.
1772 1900 1807 1931 Et
1823 1900 1894 1932 talis
1915 1901 2028 1934 modus

1075 1948 1223 1991 loquendi
1256 1949 1438 1991 frequenter
1470 1950 1630 1983 invenitur
1653 1951 1682 1983 in
1709 1952 1881 1994 Scriptura.
1905 1973 1949 1977 —
1972 1954 2028 1987 Vel
2043 1961 2118 1982 Aliter-

1075 2001 1216 2034 facienda
1240 2005 1287 2034 est
1310 2002 1358 2035 vis
1383 2003 1413 2034 in
1438 2003 1552 2035 verbo:
1578 2004 1651 2046 quia
1676 2004 1833 2047 eviyilare
1856 2005 1929 2047 plus
1954 2006 2028 2039 dicit

1075 2062 1169 2095 quam
1194 2064 1380 2096 resuryere,
1399 2055 1472 2097 quia
1497 2056 1602 2097 vigilia
1625 2060 1671 2089 est
1688 2066 1767 2090 usus
1790 2066 1942 2090 sensuum
1958 2059 1975 2075 ¹¹
1998 2063 2028 2090 et

1075 2105 1149 2138 dicit
1182 2107 1426 2145 discretionem,
1458 2117 1539 2150 quae
1576 2118 1636 2141 non
1670 2110 1785 2151 vigebit
1818 2110 1847 2142 in
1886 2111 2027 2152 parvulis

1076 2159 1249 2198 damnatis,
1274 2161 1347 2202 quia
1372 2170 1432 2192 non
1457 2161 1517 2193 erit
1540 2161 1570 2193 in
1595 2162 1640 2194 eis
1665 2163 1800 2195 tristitia.

1164 2213 1193 2244 2.
1211 2213 1252 2244 Ad
1272 2213 1349 2245 illud
1366 2213 1450 2255 quod
1468 2213 1623 2253 obiicitur,
1638 2215 1720 2256 quod
1740 2224 1832 2247 nemo
1850 2216 1935 2248 venit
1953 2219 2024 2255 etc.;

1074 2264 1258 2304 dicendum,
1290 2266 1373 2307 quod
1406 2266 1474 2298 vitav
1507 2266 1660 2308 accipitur
1690 2267 1876 2309 dupliciter,
1909 2268 2026 2301 scilicet
2041 2277 2122 2305 Duplex
2142 2279 2184 2300 vita

1074 2316 1166 2359 larye
1189 2321 1219 2349 et
1239 2319 1395 2360 proprie.-
1414 2319 1506 2361 larye
1527 2320 1695 2353 vivificatio
1719 2321 1874 2362 corporis,
1888 2321 2025 2363 proprie
2053 2307 2184 2352 {agosone-

1072 2369 1240 2402 vivificatio
1264 2372 1405 2413 corporis
1430 2381 1501 2404 cum
1535 2373 1645 2405 salute.
1682 2373 1730 2405 Sic
1755 2377 1785 2406 et
1808 2374 2025 2412 resur-restim

1070 2426 1102 2454 et
1127 2423 1264 2454 secundo
1289 2424 1382 2456 modo
1407 2425 1559 2465 promittit
1583 2425 1735 2457 Dominus
1759 2426 2023 2459 resurrectionem

1073 2473 1162 2506 bonis
1186 2475 1225 2506 ad
1251 2483 1283 2507 se
1315 2476 1529 2515 venientibus;
1554 2477 1608 2509 sed
1633 2481 1787 2519 quantum
1812 2479 1851 2510 ad
1884 2479 2022 2520 primum

1073 2527 1202 2558 modum
1226 2527 1373 2560 omnibus
1397 2529 1559 2570 praedicit.

1161 2579 1189 2611 3.
1215 2580 1257 2612 Ad
1283 2580 1361 2613 illud
1386 2581 1470 2622 quod
1488 2582 1634 2614 obiicitur
1658 2582 1697 2614 de
1714 2592 1813 2623 poena
1830 2584 2022 2625 purgatoria,

1072 2632 1259 2671 dicendum,
1277 2633 1359 2674 quod
1380 2643 1438 2665 non
1464 2638 1511 2666 est
1535 2635 1653 2673 simile,
1670 2635 1744 2677 quia
1760 2636 1979 2677 purgatorium
1995 2637 2021 2655 ¹2
2039 2647 2167 2669 Notandum.

56 2814 138 2841 ctione
163 2817 251 2848 plures
277 2816 352 2842 codd.
378 2816 601 2849 satisfactionem,
624 2817 683 2843 edd.
704 2817 882 2843 inclinatione.
903 2818 1008 2843 Inferius

56 2865 102 2889 pro
129 2859 255 2885 iteratam
274 2860 330 2886 cod.
351 2860 369 2885 L
389 2860 547 2886 iterandam.

125 2902 133 2918 ¹
155 2904 227 2929 Vers.
249 2905 290 2928 28.

124 2947 134 2963 ²
155 2948 226 2973 Vers.
247 2948 289 2973 51.

126 2990 137 3007 ³
155 2991 258 3023 Quaest.
279 2992 399 3023 praeced.

124 3034 135 3050 ⁴
154 3035 204 3060 Csr.
225 3036 241 3060 Ι.
261 3035 318 3061 Cor.
341 3036 385 3067 15,
407 3037 448 3061 42.
469 3044 544 3069 seqq.
557 3051 592 3055 —
606 3037 644 3063 De
657 3037 809 3069 probatione
821 3045 870 3071 per
884 3037 1008 3071 hypothe-

55 3076 105 3103 sim
123 3078 184 3104 vide
204 3082 266 3104 tom.
288 3080 314 3104 Il.
341 3087 401 3111 pag.
429 3080 493 3112 461,
514 3083 573 3106 nota
598 3081 622 3105 6.
649 3081 729 3106 verba
755 3082 856 3107 Aristot.
882 3096 915 3100 —
940 3082 1005 3107 Edd.

56 3122 174 3153 supplent
194 3125 323 3157 resurget.

124 3166 135 3183 ⁵
154 3167 226 3192 Vers.
248 3169 271 3192 2.

126 3209 136 3226 ⁶
157 3211 232 3236 Vers.
255 3211 302 3236 44:
323 3212 402 3237 Nemo
428 3215 511 3244 potest
535 3214 624 3238 venire
643 3213 676 3238 ad
702 3220 743 3237 me
769 3216 816 3238 etc.
841 3226 877 3231 —-
902 3213 1007 3238 Inferius

60 3259 107 3284 pro
126 3255 348 3281 resurrectionem
368 3256 425 3281 cod.
445 3263 474 3281 aa
494 3256 731 3282 resuscitationem.

125 3297 136 3314 ⁷
156 3298 237 3324 Codd.
260 3301 431 3325 communiter
450 3300 487 3326 sic
507 3302 531 3326 et
550 3300 634 3332 illud,
657 3301 697 3325 cui
719 3300 777 3325 cod.
799 3301 820 3326 Κ
836 3300 879 3331 (la
893 3300 1006 3325 secunda

56 3342 144 3372 manu)
164 3342 247 3367 addit:
268 3342 367 3369 scilicet
384 3343 456 3377 quod
477 3350 529 3377 pro
550 3343 631 3375 bono,
653 3343 726 3376 quod
749 3343 801 3377 egit
825 3343 853 3369 in
878 3350 1003 3376 corpore,

56 3383 214 3417 sufficienter
233 3388 425 3413 remuneratur
444 3387 472 3413 in
489 3387 637 3421 paracliso,·
656 3387 752 3421 quodsi
769 3387 834 3414 hoc:
854 3395 917 3421 erqo
937 3389 983 3414 etc.

1143 2818 1153 2834 ⁸
1173 2819 1238 2844 Vide
1258 2820 1321 2844 infra
1341 2827 1365 2852 q.
1386 2821 1410 2844 6.

1142 2863 1153 2878 ⁹
1173 2863 1222 2888 cfr.
1243 2864 1369 2895 Anselnm,
1391 2864 1416 2889 ll.
1437 2864 1488 2890 Cur
1508 2865 1576 2890 Deus
1596 2866 1687 2897 homo,
1708 2872 1730 2891 c.
1753 2867 1778 2891 2.
1799 2874 1854 2899 seq.

1144 2906 1164 2923 ¹⁰
1185 2907 1245 2938 Cap.
1268 2908 1308 2932 23.
1329 2915 1352 2932 n.
1368 2909 1397 2932 2:
1416 2908 1470 2933 Non
1491 2912 1577 2933 antem
1597 2909 1730 2934 diversum
1751 2913 1862 2942 putetur,
1877 2910 1947 2943 quod
1963 2917 2021 2936 cum

1071 2950 1107 2975 ibi
1128 2952 1239 2982 positum
1260 2952 1305 2976 sit:
1327 2951 1424 2977 Omnes
1443 2951 1489 2985 qui
1505 2954 1571 2978 sunt
1592 2952 1620 2978 in
1639 2953 1833 2986 monumentis,
1856 2955 1897 2979 hic
1916 2962 1966 2980 non
1988 2956 2020 2980 ait

1074 2995 1197 3026 Propheta
1220 2994 1329 3027 Omnes,
1348 2995 1394 3020 sed
1413 2995 1493 3022 Multi
1511 2995 1700 3022 dormientium
1714 2997 1843 3023 interrae
1856 3005 1961 3031 ayqere.
1980 3000 2022 3023 Ρο-

1071 3039 1108 3063 nit
1126 3039 1194 3064 enim
1215 3039 1354 3071 aliquando
1380 3040 1511 3071 Scriptura
1536 3047 1584 3071 pro
1609 3041 1731 3066 omnibus
1756 3042 1858 3067 multos.
1886 3043 2021 3074 Propterea

1071 3086 1096 3108 et
1117 3083 1237 3108 Abrahae
1257 3084 1353 3108 dictum
1373 3088 1411 3109 est
1430 3083 1506 3117 [Gen.
1531 3084 1573 3116 17,
1594 3084 1646 3118 5.]:
1666 3086 1774 3111 Patrem
1793 3086 1943 3112 multorum
1963 3094 2022 3120 qen-

1072 3125 1139 3151 tium
1156 3126 1237 3159 posui
1254 3128 1291 3159 te,
1314 3128 1353 3152 cui
1375 3130 1459 3152 tamen
1479 3127 1528 3152 alio
1547 3128 1604 3153 loco
1623 3127 1698 3161 [Gen.
1714 3129 1755 3161 2⁴2,
1774 3128 1843 3162 =18.]:
1862 3130 1894 3155 In
1906 3130 2018 3162 semine,

1072 3171 1167 3202 inquit,
1187 3171 1232 3195 tuo
1253 3169 1437 3196 benedicentur
1455 3177 1546 3197 omnes
1564 3173 1661 3205 pentes.

1143 3213 1161 3229 ¹¹
1182 3213 1232 3238 Ctr.
1253 3215 1362 3245 Ariston,
1378 3215 1404 3239 ll.
1426 3215 1459 3240 de
1477 3215 1582 3246 Anima,
1597 3218 1653 3240 text.
1671 3216 1709 3240 lo.
1725 3216 1757 3247 (c.
1781 3217 1827 3249 l.)‚
1843 3220 1867 3242 et
1881 3217 1913 3242 de
1925 3217 2021 3243 Somno

1071 3260 1096 3282 et
1114 3257 1215 3288 vigilia,
1238 3264 1258 3281 c.
1281 3258 1303 3282 sl.
1325 3271 1358 3274 —-
1377 3257 1413 3282 De
1433 3259 1548 3289 parvulis
1568 3259 1695 3285 damnatis
1714 3259 1774 3285 vide
1796 3260 1822 3285 ΙΙ.
1843 3261 1911 3285 Sent.
1931 3261 1956 3286 d.
1977 3262 2019 3286 33.

1071 3306 1093 3325 a.
1114 3300 1139 3325 3.
1161 3307 1185 3332 q.
1210 3302 1229 3325 t.
1249 3307 1318 3333 seq,
1339 3301 1382 3326 ubi
1403 3303 1479 3326 etium
1499 3302 1531 3327 de
1550 3303 1624 3328 solut.
1644 3303 1677 3328 ad
1697 3303 1720 3328 5.

1143 3344 1163 3360 ¹2
1182 3344 1245 3369 Edd.
1264 3345 1434 3378 piirqatorii,·
1453 3346 1559 3371 inferius
1578 3349 1636 3378 post
1655 3347 1776 3373 merendi
1795 3348 1851 3373 cod.
1867 3348 1884 3373 F
1898 3348 1969 3373 addit
1982 3348 2023 3374 vel

1070 3387 1228 3414 demerendi.
