2483 3882
715 243 809 274 DlST.
834 243 934 275 XXVI.
958 243 1039 274 ΛΒΤ.
1065 243 1084 274 Ι.
1111 243 1263 284 QUAEST.
1288 243 1307 274 Ι.

1932 245 1991 276 661

345 403 835 458 COMMENTARIUS
875 404 944 457 IN
979 404 1472 458 DISTINOTIONEM
1508 405 1685 458 XXVI.

534 558 537 560 v
563 534 613 570 De
642 533 856 570 matrimonio
886 533 1074 571 secundum
1103 546 1243 571 causam
1271 534 1459 571 formalem.

420 639 500 671 Cum
525 639 596 671 atta
620 639 841 672 Sacramenta
861 643 935 681 post
954 644 1127 681 peeccttzmz
1151 644 1180 672 et
1201 645 1335 682 propter
1355 644 1528 682 peccatum
1553 643 1610 673 etc.

858 762 996 796 DlVlSlO
1019 763 1174 796 TEXTUS.

123 862 200 894 Haec
224 865 270 894 est
294 860 405 893 ultima
428 869 502 902 pars
519 860 622 893 totalis
646 861 762 902 partis,
786 861 817 892 in
842 869 903 902 qua
920 861 983 901 agit

39 915 178 957 Magister
202 914 241 946 de
265 913 482 946 sacramentis.
507 914 540 944 ln
565 914 623 946 hac
647 914 730 945 enim
754 917 843 955 parte
871 913 982 946 ultimo

37 969 138 1010 agitur
162 967 200 999 de
224 967 424 999 Sacramento
448 967 657 1005 matrimonii;
681 970 711 999 et
734 967 881 1008 quoniam
909 970 982 998 tunc

39 1028 242 1062 unaquaeque
259 1028 310 1051 res
326 1019 461 1061 perfecte
486 1019 702 1060 cognoscitur,
727 1019 852 1060 quando
874 1028 983 1059 cogno-

39 1074 132 1107 scitur
160 1072 334 1105 secundum
368 1071 568 1113 quadruplex
594 1080 692 1113 genus
717 1080 830 1104 causae
848 1072 879 1102 1:
912 1071 982 1103 ideo

38 1135 108 1169 pars
123 1125 181 1157 ista
205 1124 299 1156 habet
315 1128 451 1165 quatuor
476 1128 589 1165 partes.
607 1125 639 1156 In
656 1124 759 1166 prima
775 1124 838 1166 agit
862 1124 901 1156 de
921 1133 984 1156 ma-

40 1178 179 1211 trimonio
200 1177 374 1209 secundum
392 1186 519 1209 causam
543 1177 716 1210 formalem.
735 1177 767 1209 In
784 1177 922 1210 secunda
939 1186 984 1209 se-

39 1230 172 1264 cundum
197 1238 324 1262 causam
350 1229 553 1269 efficientem,
582 1230 662 1262 infra
687 1230 884 1262 distinctione
916 1239 984 1271 pro-

39 1284 137 1316 xima:
164 1283 242 1314 Post
266 1281 324 1314 ltoc
348 1283 585 1314 advertendum
609 1287 673 1321 est,
706 1283 786 1325 quid
808 1283 853 1314 sit
875 1283 983 1314 coniu-

36 1335 136 1378 9ium.
167 1335 199 1366 In
232 1335 323 1366 tertia
355 1335 529 1368 secundum
563 1344 690 1367 causam
723 1335 866 1374 finalem,
903 1335 983 1366 infra

38 1387 230 1420 distinctione
249 1386 407 1428 trigesima
424 1387 539 1428 prima:
558 1387 639 1419 Post
655 1386 733 1419 liaeo
750 1387 788 1419 de
805 1387 896 1419 bouis
914 1396 984 1418 con-

38 1439 128 1482 iugii.
144 1440 176 1471 ln
201 1443 313 1480 quarta
330 1440 505 1471 secundum
523 1448 649 1471 causam
675 1439 885 1478 materialem,
902 1448 982 1481 quae

37 1496 81 1525 est
103 1501 309 1534 personarum
327 1492 520 1533 legitimitas;
545 1492 622 1524 haec
646 1492 728 1524 enim
750 1496 797 1524 est
821 1492 983 1533 dispositio

37 1555 54 1577 a
76 1549 162 1586 parte
186 1545 403 1586 suscipientis;
429 1548 459 1576 et
482 1553 539 1586 per
564 1545 741 1586 oppositum
767 1545 830 1586 agit
858 1545 896 1577 de
920 1545 984 1577 ille-

36 1597 210 1640 gitimitate,
241 1601 271 1629 et
303 1597 360 1629 hoc
395 1597 458 1638 agit
486 1597 567 1629 infra
599 1598 796 1630 distinctione
822 1598 982 1639 trigesima

37 1653 157 1692 quarta:
177 1649 272 1681 Nune
288 1654 435 1691 superest
452 1650 632 1688 attendere,
650 1660 734 1693 quae
745 1660 907 1692 per-sertae
924 1655 981 1684 etc.

121 1702 223 1734 Prima
247 1711 335 1743 pars,
360 1703 389 1734 in
415 1712 477 1744 qua
502 1703 690 1735 determinat
718 1703 756 1735 de
781 1704 981 1736 matrimonio

37 1755 206 1788 secundum
231 1764 357 1787 causam
375 1755 558 1795 formalem,
583 1756 676 1788 habet
694 1756 789 1788 duas:
808 1757 881 1797 quia
898 1757 981 1788 enim

38 1808 232 1840 matrimonio
255 1808 430 1840 formaliter
454 1809 598 1841 convenit
622 1809 858 1841 Sacramentum
884 1813 914 1841 et
945 1810 983 1841 si-

38 1870 147 1902 gnum;
171 1864 201 1893 et
224 1861 348 1902 signum
374 1861 599 1893 sacramentale
623 1861 686 1893 (1110
711 1861 742 1893 10
774 1870 806 1893 se
830 1862 980 1899 continet,

0 1949 5 1956 ¹
37 1913 204 1945 secundum
223 1913 305 1955 quod
325 1913 385 1945 tale
402 1913 526 1955 signum
552 1913 705 1955 significat
722 1914 871 1946 divinam
892 1914 982 1946 insti-

39 1965 188 1998 tutionem
216 1969 247 1998 et
278 1965 468 1998 nectentem
500 1966 832 2007 repraesentationem
847 1966 877 1998 ²:
911 1967 980 1999 ideo

1047 869 1121 901 pars
1138 860 1195 892 ista
1212 861 1307 893 habet
1323 861 1412 893 duas.
1430 862 1462 893 ln
1485 862 1587 903 prima
1611 863 1674 904 agit
1691 863 1729 895 de
1747 863 1936 895 matrimonii
1954 863 1996 894 in-

1047 913 1216 945 stitutione.
1242 914 1274 945 10
1299 914 1437 946 secunda
1461 915 1500 946 de
1524 916 1809 956 repraesentatione
1833 915 1898 948 sive
1914 919 1997 957 apta-

1048 965 1128 997 tione
1153 965 1232 1006 signi
1257 966 1295 998 ad
1332 966 1507 1007 signatum,
1537 970 1568 998 et
1596 967 1655 999 hoc
1686 967 1745 999 ibi:
1781 968 1862 999 Cum
1893 968 1997 1009 ἐρέτην

1047 1018 1239 1059 coniugium
1263 1018 1516 1050 Scwrcwnentztm
1540 1019 1591 1051 sz't.

1135 1071 1239 1102 Prima
1263 1080 1336 1112 pars
1360 1071 1455 1104 hahet
1478 1074 1542 1104 tres
1574 1076 1689 1113 partes.
1714 1072 1744 1104 In
1769 1073 1872 1114 prima
1900 1073 1999 1105 deter-

1049 1125 1146 1156 minat
1170 1124 1373 1157 institutionis
1398 1128 1532 1166 tempus.
1557 1124 1588 1156 ln
1614 1125 1752 1157 secunda
1774 1126 1920 1164 modum,
1938 1126 1997 1158 ibi:

1048 1177 1169 1209 Prima
1193 1176 1356 1209 restitutio
1381 1176 1497 1209 habuit
1516 1182 1738 1219 praeceptum.
1770 1178 1803 1209 ln
1836 1179 1926 1210 tertia
1954 1187 1999 1211 re-

1048 1233 1153 1261 movet
1181 1230 1341 1272 quoddam
1370 1230 1518 1269 (11111111111,
1544 1231 1628 1272 quod
1653 1231 1747 1263 habet
1770 1240 1809 1263 ex
1831 1231 1999 1272 praedictis

1048 1285 1171 1320 ortum,
1196 1282 1254 1314 ibi:
1281 1284 1431 1314 Fuerunt
1455 1287 1565 1314 autem
1590 1283 1741 1315 nonnulli
1763 1282 1926 1316 haeretici.

1140 1335 1222 1367 Cum
1240 1336 1344 1377 {qitzar
1361 1336 1553 1378 contztgyz'um
1570 1333 1825 1369 Sacrcmizentztnz
1850 1338 1901 1369 sit.
1920 1338 1998 1371 Haec

1049 1391 1095 1420 est
1119 1389 1257 1420 secunda
1282 1397 1373 1429 pars,
1399 1389 1427 1420 in
1454 1398 1516 1430 qua
1537 1392 1605 1430 post
1628 1389 1854 1422 institutionem
1879 1390 1943 1431 agit
1959 1390 1998 1422 de

1048 1441 1287 1482 significatione,
1313 1446 1343 1473 et
1367 1442 1461 1474 habet
1482 1442 1558 1474 haec
1582 1451 1656 1484 pars
1673 1446 1737 1475 tres
1761 1443 1941 1484 particulas.
1966 1443 1998 1474 In

1048 1494 1151 1535 prima
1175 1494 1379 1533 determinat,
1412 1494 1488 1536 quid
1513 1494 1553 1526 sit
1581 1495 1611 1526 in
1637 1494 1695 1527 hoc
1727 1495 1927 1527 Sacramento
1958 1495 1999 1527 si-

1045 1556 1169 1588 91111111,
1194 1551 1224 1579 et
1248 1547 1324 1588 quid
1356 1547 1526 1589 signatum
1553 1552 1703 1585 tcmtum,
1728 1552 1758 1579 et
1790 1548 1865 1589 quid
1890 1548 2000 1590 sayna-

1049 1603 1117 1631 tum
1142 1603 1170 1641 et
1200 1599 1334 1641 sz'gyfnum
1353 1599 1384 1636 ³,·
1417 1608 1456 1631 ex
1489 1600 1605 1641 quillus
1638 1600 1836 1641 intelligitur„
1869 1601 1998 1632 unicum

1047 1651 1115 1684 fieri
1140 1652 1377 1684 Sacramentum
1396 1652 1460 1684 sive
1485 1652 1644 1693 integrari.
1663 1652 1694 1683 ln
1720 1653 1858 1684 secunda
1875 1662 1914 1685 ex
1933 1662 2000 1686 ver-

1047 1704 1094 1736 bis
1112 1705 1178 1736 suis
1203 1704 1373 1736 introducit
1390 1704 1541 1743 dubium„
1560 1704 1619 1736 ibi:
1646 1705 1724 1736 Inde
1741 1710 1804 1743 est,
1830 1705 1917 1748 quod
1932 1706 2000 1748 qui-

1047 1757 1126 1788 dam
1157 1757 1338 1788 doctorum.
1370 1757 1402 1788 ln
1427 1757 1520 1789 tertia
1544 1766 1619 1789 vero
1649 1757 1806 1796 dissolvit,
1839 1758 1897 1790 ibi:
1931 1758 1999 1790 Hoc

1045 1809 1077 1840 si
1098 1809 1280 1841 secundum
1304 1809 1521 1851 superficiem.
1543 1829 1587 1832 —
1610 1810 1644 1841 Et
1668 1811 1710 1841 ita
1743 1811 1771 1842 in
1797 1811 1922 1843 duobus
1954 1816 2000 1843 est

1046 1862 1236 1894 continentia
1261 1862 1357 1894 huius
1383 1863 1605 1901 distinctionis,
1631 1863 1748 1895 scilicet
1778 1863 1807 1895 in
1832 1863 1928 1896 huius
1951 1864 2000 1896 Sa-

1046 1915 1197 1947 cramenti
1222 1915 1425 1947 insecutione
1446 1919 1476 1948 et
1501 1915 1531 1947 in
1556 1916 1747 1948 Sacramenti
1772 1917 2000 1949 constitutione

1045 1969 1111 2000 sive
1136 1968 1351 2009 integratione.

760 2078 968 2110 TRACTATIO
993 2078 1266 2120 QUAESTIONUM.

120 2187 162 2220 Ad
201 2188 437 2230 intelligentiam
477 2188 651 2230 praesentis
691 2189 898 2221 distinctionis
939 2198 982 2222 se-

39 2240 172 2273 cundum
201 2241 281 2279 duo,
306 2249 386 2282 quae
418 2241 606 2273 determinat
632 2241 775 2283 Magister
808 2242 846 2274 de
878 2242 982 2274 Sacra-

39 2296 137 2324 mento
161 2293 368 2331 matrimonii,
394 2293 458 2325 duo
482 2293 696 2335 principaliter
720 2298 928 2336 quaeruntur.

121 2345 223 2377 Primo
247 2346 411 2387 quaeritur
435 2346 474 2378 de
498 2346 566 2378 eius
590 2346 793 2379 institutione.

122 2398 279 2437 Secunde,
305 2398 343 2430 de
365 2398 433 2430 eius
457 2399 644 2440 integritate.

1135 2190 1223 2223 Circa
1248 2191 1386 2232 primum
1413 2192 1471 2223 tria
1497 2195 1705 2234 quaeruntur.

1135 2243 1238 2275 Primo
1262 2244 1436 2285 quaeritur,
1461 2244 1587 2286 quando
1611 2244 1706 2276 fuerit
1730 2245 1919 2277 institutum.

1136 2296 1293 2335 Secundo,
1318 2306 1336 2328 a
1360 2306 1432 2338 quo.

1136 2350 1239 2381 Tertio
1263 2350 1437 2391 quaeritur,
1463 2350 1598 2392 qualiter
1622 2350 1717 2383 fuerit
1742 2351 1929 2384 institutum.

853 2510 1117 2548 ARTJCULUS
1147 2512 1172 2548 1.

642 2604 689 2647 De
714 2615 916 2648 institutione
940 2616 1152 2648 Saeramewtz'
1173 2617 1390 2649 mcttrz'mom'i.

902 2726 1084 2767 QUAESTIO
1108 2727 1128 2758 1.

634 2823 773 2863 Quando
798 2823 1049 2855 matrimonium
1073 2822 1179 2865 fuerit
1202 2824 1399 2856 institutum.

125 2931 210 2964 Circa
241 2933 381 2974 primum
412 2933 597 2972 ostenditur,
630 2934 714 2975 quod
747 2934 982 2966 matrimonium

41 2982 132 3016 fuerit
154 2985 330 3017 institutum
353 2990 428 3018 ante
453 2986 602 3028 lapsum.-

128 3038 154 3068 1.
168 3037 223 3069 Per
239 3038 316 3071 illud
333 3039 418 3080 quod
436 3039 551 3072 dicitur
567 3039 712 3071 Matthaei
730 3039 851 3071 decimo
868 3039 981 3071 n0n0⁴2

0 3087 112 3119 tua-Non
146 3089 285 3131 leyistis,
314 3091 401 3133 quod
440 3091 481 3123 ab
516 3091 610 3123 initio
649 3091 707 3134 qui
736 3090 813 3132 fecit
838 3090 983 3123 hommes

1049 2934 1235 2966 masculum
1254 2939 1282 2966 et
1297 2934 1458 2977 feminam
1474 2934 1553 2977 feeit
1573 2935 1667 2967 illos?
1685 2937 1724 2968 Et
1741 2936 1841 2969 clioez't:
1855 2937 1996 2979 Propter

1048 2985 1105 3018 stoc
1129 2991 1186 3019 etc.

1137 3041 1166 3071 Ξ.
1190 3040 1283 3078 Item,
1308 3040 1452 3081 Magister
1489 3040 1517 3071 in
1555 3040 1656 3072 littera
1672 3040 1699 3072 ⁵:
1731 3041 1835 3073 «Cum
1864 3041 1925 3073 alia
1949 3042 1999 3074 Sa-

1048 3096 1209 3124 cramenta
1232 3097 1302 3133 post
1332 3096 1497 3134 peccatum
1530 3093 1697 3125 exordium
1723 3094 1911 3133 sumserint,
1937 3103 1998 3127 ma-

110 3215 116 3231 ¹
137 3217 284 3243 seeundum
302 3220 412 3250 Arsstot„
433 3219 449 3244 1.
469 3220 580 3250 Metaph.
602 3226 623 3244 c.
638 3219 662 3244 4.
676 3219 708 3251 (c.
723 3220 769 3251 3.).
783 3219 832 3245 Cir.
848 3220 865 3244 l.
885 3220 981 3245 Foster.

43 3264 63 3282 c.
82 3259 110 3290 23
130 3260 155 3284 ll.
174 3267 195 3285 c.
217 3262 238 3285 vi.
259 3269 311 3294 seq.
332 3266 357 3287 et
375 3263 391 3287 1.
412 3263 487 3293 Phys.
508 3266 565 3288 text.
591 3263 610 3287 1.

109 3302 118 3318 ²
138 3303 202 3328 Vide
221 3311 298 3336 supra
319 3306 343 3330 d.
361 3307 387 3333 ,·1.
408 3313 433 3337 p.
454 3306 471 3331 Ι.
493 3313 518 3338 q.
539 3307 561 3330 2.
582 3306 614 3331 ad
635 3306 658 3331 5.

110 3344 121 3361 ³
138 3346 199 3372 Edd.
220 3349 338 3374 omittunt
357 3350 475 3382 tantum,
498 3351 521 3375 et
540 3349 604 3383 quid
621 3349 757 3383 signatum
777 3351 800 3375 et
819 3349 935 3383 signum.

1118 3219 1128 3236 ⁴
1148 3221 1219 3245 Vers.
1241 3220 1264 3245 4.
1284 3226 1352 3252 seq:
1373 3220 1427 3245 Non
1447 3221 1556 3252 legistis,
1578 3222 1636 3253 quia
1662 3222 1706 3253 qui
1733 3221 1789 3246 fecit
1809 3222 1940 3247 hominem
1963 3222 1997 3248 ab

1047 3264 1117 3288 initio
1143 3264 1286 3288 masculum
1307 3267 1331 3288 et
1359 3264 1481 3289 seminam
1509 3265 1568 3289 fecit
1586 3271 1631 3290 eos
1651 3264 1724 3296 [Gen.
1748 3266 1769 3297 t7
1792 3265 1863 3297 27.]ϊ7
1893 3270 1917 3292 et
1936 3266 1998 3291 dixit

1048 3306 1123 3341 [Gen.
1144 3309 1167 3338 2,
1189 3306 1258 3340 24.]:
1278 3309 1385 3339 Propter
1405 3308 1453 3333 hoc
1473 3308 1580 3334 diinittet
1600 3309 1678 3334 1101110
1699 3312 1799 3341 patrem
1819 3314 1866 3336 etc.

1117 3351 1128 3367 5
1146 3351 1192 3376 Hic
1212 3358 1232 3376 c.
1255 3352 1277 3376 11.
