2483 3882
314 1685 348 1706 Ad
363 1685 447 1712 opposi-

355 1714 408 1733 tum.

304 2584 455 2606 Fundamenta.

461 242 523 272 770

460 328 640 365 accidentia,
654 335 733 368 quae
747 326 863 357 directe
878 324 1049 364 respiciunt
1066 321 1300 353 matrimonium
1315 329 1410 362 quan-

461 385 526 412 tum
551 380 590 412 ad
616 378 742 419 aliquod
769 377 902 414 boumn:
927 379 957 407 et
981 376 1023 406 ita
1047 379 1120 406 sunt
1145 374 1174 405 in
1200 382 1332 405 numero
1361 373 1411 404 de-

460 433 635 464 terminato.

550 484 577 516 3.
603 484 643 515 Ad
672 483 760 520 illud,
785 482 869 523 quod
894 485 967 513 sunt.
992 480 1074 513 eirea
1095 479 1285 520 singularia;
1310 478 1412 509 dieen-

460 539 554 574 dum,
588 536 669 578 quod
697 537 776 567 sieut
808 534 1005 576 operationes
1037 534 1191 564 virtutum
1223 535 1295 563 sunt
1328 531 1407 563 eirea

460 590 647 631 singularia,
674 592 775 620 tamen
802 596 906 619 sermo
923 590 953 618 et
970 586 1104 627 cognitio
1121 588 1167 617 est
1184 585 1222 616 de
1240 584 1298 622 eis,
1317 587 1410 625 prout

1219 233 1503 265 SENTENTIARUM
1527 232 1595 264 LIB.
1620 232 1667 263 tv.

1475 320 1673 352 reducuntur
1704 319 1743 351 ad
1776 319 1902 361 aliquod
1935 319 2114 351 universale
2138 339 2183 343 —-
2205 320 2308 361 primo
2332 321 2423 353 modo

1476 382 1536 404 non
1561 372 1655 404 habet
1679 372 1917 410 certitudinem,
1942 372 2080 404 seeundo
2112 372 2205 404 modo
2241 373 2357 404 habetl
2384 393 2423 396 —

1475 426 1519 457 sie
1544 426 1572 457 in
1600 425 1759 467 proposito
1777 434 1867 457 casus
1885 429 2079 466 emergentes
2096 429 2169 457 sunt
2186 425 2276 457 multi
2293 429 2323 457 et
2340 426 2425 458 innu-

1475 477 1642 510 merabiles
1667 478 1749 509 circ-a
1766 477 1916 518 speciales
1933 486 2099 518 personas,
2122 482 2224 509 tamen
2243 487 2350 510 omnes
2367 478 2425 511 sub

1475 530 1533 561 hae
1558 529 1759 571 generalitate
1785 529 2081 571 impedimentorum
2105 529 2424 571 comprehenduntur.

1475 583 1509 614 Et
1533 583 1577 614 sie
1600 586 1685 624 patet
1709 586 1808 614 totum
1824 582 1844 613 ².

1275 717 1540 755 ARTICULUS
1570 717 1612 755 Il.

1098 821 1142 853 De
1167 820 1394 862 impedimento
1419 819 1627 860 impotentiae
1651 818 1797 850 coeundi.

548 949 780 990 Consequeuter
804 950 957 988 quantum
983 947 1021 978 ad
1047 946 1222 978 seeundum
1241 944 1410 976 articulum

459 1002 623 1044 quaeritur
647 1002 685 1033 de
710 1001 892 1042 impotentia
917 999 1059 1032 coeundi.
1087 999 1121 1030 Et
1149 999 1232 1030 cirea
1265 998 1322 1029 hoe
1348 998 1412 1029 duo

459 1058 668 1096 quaeruntur.

549 1108 651 1139 Primo
686 1107 867 1148 quaeritur,
904 1109 1012 1137 utrum
1046 1104 1228 1145 impotentia
1261 1102 1413 1134 naturalis

1478 943 1610 975 coeundi
1636 943 1675 975 sit
1700 943 1959 984 impedimentum
1986 942 2185 974 matrimonii.

1566 995 1709 1028 Secundo
1734 995 1898 1037 quaeritur
1923 996 1961 1027 de
1987 995 2168 1037 impotentia
2197 995 2329 1028 coeundi
2355 996 2430 1028 acei-

1478 1048 1611 1087 dentali,
1636 1057 1718 1090 quae
1741 1052 1788 1080 est
1813 1056 1868 1089 per
1893 1048 2093 1080 maleficium.

1333 1226 1516 1268 QUAsss'rio
1541 1226 1560 1257 ιί

805 1329 921 1361 Utrum
947 1326 1138 1369 impotentia
1162 1325 1332 1358 ηαιιιναίῖε
1357 1325 1496 1357 coeundi
1517 1324 1561 1356 sit
1584 1324 1851 1365 impedimentum
1876 1324 2092 1356 matrimonii.

549 1459 706 1498 Quantum
733 1464 807 1496 ergo
832 1454 872 1486 ad
898 1454 1036 1495 primum
1054 1452 1240 1489 ostenditur,
1263 1451 1345 1492 quod
1365 1459 1415 1482 na-

461 1511 572 1543 turalis
597 1508 779 1551 impotentia
815 1506 946 1540 coeundi
984 1515 1044 1537 non
1082 1504 1232 1546 impediat
1258 1503 1416 1535 matrimo-

460 1565 565 1596 nium:

553 1618 579 1647 l.
604 1615 682 1656 Quia
707 1622 817 1645 verum
844 1611 1081 1644 matrimonium
1107 1614 1153 1642 est
1178 1608 1414 1641 matrimonium

463 1671 528 1703 siue
553 1668 668 1701 carnali
696 1667 779 1698 roitu
794 1666 822 1702 Βς
852 1665 906 1697 sed
930 1664 1197 1706 quandocumque
1221 1662 1341 1704 aliquid
1366 1662 1417 1693 lia-

461 1723 515 1754 bet
535 1720 717 1763 perfeetum
743 1728 809 1750 esse
833 1718 899 1750 sine
924 1717 1047 1758 aliquo,
1076 1725 1138 1747 non
1165 1715 1335 1756 impeditur
1360 1722 1416 1755 per

463 1775 618 1807 defectum
645 1773 745 1805 illius:
771 1780 846 1812 ergo
870 1774 926 1802 etc.

552 1828 580 1859 Ξ).
606 1826 699 1863 Item,
724 1824 869 1856 voluntas
895 1822 1071 1855 continendi
1097 1822 1128 1853 iu
1153 1825 1288 1863 utroque
1314 1821 1417 1853 coniu-

464 1889 537 1922 gum
562 1888 623 1911 non
650 1878 741 1910 solvit
767 1876 1020 1913 matrimonium,
1053 1884 1128 1916 ergo
1159 1883 1216 1906 nee
1248 1874 1417 1906 necessitas

463 1932 641 1966 continendi
667 1930 734 1972 pari
761 1930 898 1966 ratione;
923 1928 976 1960 sed
995 1927 1048 1960 ubi
1067 1931 1113 1960 est
1134 1927 1315 1968 impotentia
1330 1926 1339 1940 ⁴
1359 1929 1415 1958 etc.

553 1985 582 2017 3
607 1985 700 2021 Item,
727 1981 962 2014 matrimonium
987 1985 1034 2013 est
1051 1980 1213 2012 vinculum
1232 1979 1416 2017 insolubile,

464 2040 518 2072 sed
537 2037 684 2080 possibile
701 2040 764 2074 est,
782 2034 997 2076 impotentiam
1015 2033 1147 2065 coeundi
1166 2032 1389 2064 accidentalem
1406 2032 1415 2046 ⁵

463 2091 621 2125 contrahi:
647 2099 722 2130 ergo
747 2089 770 2121 si
797 2092 984 2129 perpetuum
1011 2095 1071 2118 non
1090 2085 1261 2127 impeditur
1278 2085 1417 2117 acciden-

463 2145 532 2184 tali,
551 2153 607 2176 neo
626 2142 860 2175 matrimonium
880 2140 1051 2182 impeditur
1074 2139 1255 2180 impotentia
1273 2137 1415 2170 coeundi.

551 2197 580 2228 li.
606 2196 699 2233 item,
731 2193 884 2226 naturalis
917 2192 1099 2233 impotentia
1124 2191 1208 2223 venit
1236 2199 1275 2222 ex
1301 2190 1417 2232 frigidi—

462 2254 524 2282 tate
548 2250 579 2281 in
603 2248 689 2287 viro;
715 2247 769 2280 sed
794 2246 948 2288 frigiditas
972 2249 1018 2277 est
1042 2245 1202 2277 accidens:
1221 2253 1296 2285 ergo
1316 2247 1418 2285 potest

462 2303 577 2345 expelli
603 2311 660 2343 per
684 2301 891 2333 caliditatem:
917 2307 992 2340 ergo
1008 2302 1038 2330 et
1056 2297 1126 2330 talis
1147 2297 1339 2338 impotentia.
1357 2297 1414 2329 Sed

462 2356 606 2389 accidens
631 2355 691 2387 cito
716 2354 871 2385 transiens
896 2362 955 2384 non
989 2351 1081 2384 solvit
1114 2350 1275 2382 vinculum
1310 2358 1417 2391 perpe-

461 2414 570 2442 tuum:
596 2418 671 2450 ergo
696 2411 753 2439 etc.
778 2406 926 2438 Similiter
951 2405 1097 2437 obiicitur
1121 2404 1159 2436 de
1184 2403 1355 2435 arctatione
1375 2412 1415 2435 ex

462 2466 550 2505 parte
577 2461 728 2494 mulieris.

551 2515 695 2547 CONTRA:
733 2515 758 2544 1.
785 2513 896 2549 Extra,
923 2511 1004 2543 libro
1036 2510 1192 2552 quarto‘⁵,
1224 2510 1262 2542 de
1288 2509 1417 2551 Frigidis

463 2572 492 2601 et
516 2567 727 2600 maleiieiatis:
759 2565 871 2597 «Siout
896 2573 985 2605 puer,
1010 2563 1062 2604 qui
1082 2572 1141 2594 non
1165 2566 1266 2603 potest
1284 2562 1418 2594 reddere

464 2622 625 2658 debitum,
650 2629 709 2651 non
735 2624 781 2651 est
805 2622 897 2660 aptus
915 2617 1076 2657 coniugio;
1099 2616 1142 2648 sie
1159 2616 1211 2657 qui
1232 2615 1417 2657 impotentes

464 2678 537 2707 sunt
568 2673 696 2705 minime
729 2672 791 2713 apti
825 2671 864 2703 ad
897 2669 1110 2703 contrahenda
1143 2668 1342 2701 matrimonia
1374 2677 1419 2700 re-

464 2730 658 2769 putantur».

1569 1451 1598 1481 Q,
1623 1450 1715 1488 ltem,
1740 1450 1770 1481 in
1797 1449 1995 1481 matrimonio
2019 1449 2176 1490 obligatur
2197 1449 2292 1481 homo
2308 1450 2348 1482 ad
2366 1450 2431 1482 red-

1480 1503 1619 1535 dendum
1653 1502 1813 1541 debitumg
1838 1503 1892 1534 sed
1918 1502 2025 1534 nullus
2050 1506 2150 1544 potest
2174 1511 2205 1535 se
2229 1502 2369 1544 obligare
2392 1504 2430 1544 ad

1481 1555 1673 1597 impossibile
1688 1555 1718 1593 ⁷3
1735 1555 1787 1587 sed
1815 1555 1969 1596 impotens
1986 1556 2069 1587 coire
2087 1565 2147 1587 non
2170 1558 2270 1596 potest
2291 1556 2428 1588 debitum

1482 1608 1634 1641 reddere:
1660 1617 1735 1649 ergo
1759 1617 1819 1640 non
1845 1612 1946 1649 polest
1971 1608 2204 1640 matrimonium
2223 1609 2416 1641 contrahere.

1571 1661 1600 1694 3.
1625 1661 1716 1700 Item,
1743 1662 1772 1693 in
1796 1661 1995 1693 matrimonio
2012 1662 2124 1693 transit
2141 1665 2276 1703 potestas
2293 1663 2431 1703 eorporis

1483 1713 1539 1745 viri
1565 1714 1595 1746 in
1621 1714 1805 1752 mulierem,
1829 1718 1859 1746 et
1882 1723 1899 1746 e
1923 1723 2096 1752 converso3
2124 1714 2179 1747 sed
2204 1715 2331 1756 quando
2354 1715 2431 1747 alter

1481 1770 1528 1799 est
1552 1767 1723 1807 impotens,
1749 1776 1809 1798 non
1836 1767 1945 1799 transit
1970 1771 2124 1808 potestas,
2145 1767 2218 1809 quia
2242 1776 2364 1800 «nemo
2380 1767 2431 1800 dat

1482 1820 1565 1862 quod
1591 1829 1650 1852 non
1677 1819 1796 1852 liabet⁸
1813 1831 1842 1851 >u
1868 1829 1943 1861 ergo
1966 1824 2023 1852 ete.

1570 1874 1600 1905 li.
1627 1873 1719 1911 item,
1751 1873 1775 1905 si
1810 1873 2046 1905 matrimonium
2079 1876 2125 1905 est
2155 1873 2183 1904 in
2209 1873 2429 1906 remedium⁹z

1481 1934 1556 1967 ergo
1581 1925 1662 1957 inter
1686 1934 1855 1967 personas,
1878 1925 1959 1957 inter
1984 1934 2062 1967 quas
2084 1934 2140 1958 neo
2161 1924 2298 1958 officium
2316 1934 2372 1958 nec.
2389 1934 2432 1958 re-

1483 1977 1622 2010 medium
1649 1981 1749 2019 potest
1774 1987 1858 2015 esse,
1883 1987 1943 2009 non
1962 1981 2063 2019 potest
2087 1986 2155 2010 esse
2179 1977 2431 2017 matrimonium3

1483 2031 1537 2063 sed
1562 2031 1620 2063 hoc
1646 2035 1692 2063 est
1716 2039 1772 2072 per
1797 2031 2031 2072 impotentiam:
2058 2039 2132 2071 ergo
2156 2034 2212 2063 etc.

1573 2085 1600 2115 ὃ.
1627 2084 1719 2122 item,
1743 2084 1783 2115 ad
1809 2083 1867 2115 hoo
1889 2087 1935 2116 est
1953 2083 2122 2115 auctoritas
2147 2083 2242 2122 iuris,
2267 2083 2367 2116 Causa
2384 2084 2433 2115 tri-

1482 2137 1600 2178 gesima
1633 2137 1740 2175 tertia,
1765 2137 1947 2178 quaestione
1979 2136 2081 2178 prima
2095 2136 2124 2175 ¹⁰,
2149 2145 2230 2178 quae
2262 2136 2315 2169 dat
2345 2137 2433 2169 lieen-

1483 2190 1555 2221 tiam
1590 2189 1794 2221 contrahendi
1827 2189 1915 2221 alteri
1946 2198 2155 2230 personarum
2187 2191 2218 2221 in
2251 2198 2326 2221 casu
2355 2189 2430 2222 isto:

1482 2251 1557 2284 ergo
1581 2251 1641 2274 non
1666 2246 1713 2274 est
1737 2242 1984 2274 matrimonium.

1838 2357 2077 2380 CONCLuslo.

1482 2455 1677 2498 Impotemz'ct
1710 2455 1848 2486 coeundi
1874 2454 2044 2486 maliuolis
2068 2459 2097 2486 ec
2116 2459 2277 2496 perpetua
2302 2453 2434 2496 impedit

1570 2508 1823 2540 matrimonium
1856 2507 2116 2540 contrahendum
2147 2512 2177 2540 ec
2206 2507 2335 2540 dirimit
2365 2516 2432 2539 oon·
2482 2522 2483 2525 ¹

1572 2565 1726 2593 tractum.

1572 2667 1771 2699 RESPONDEO:
1791 2667 1983 2705 Dicendum,
2000 2667 2083 2708 quod
2102 2666 2284 2708 impotentia
2301 2665 2430 2698 coeundi

1485 2720 1637 2752 naturalis
1662 2724 1716 2751 aut
1740 2723 1786 2752 est
1811 2719 2019 2761 temporalis,
2045 2722 2100 2751 aut
2120 2723 2290 2761 perpetua.
2314 2718 2342 2750 Si
2362 2722 2482 2750 tem-Dis*

536 2894 543 2910 ¹
567 2893 631 2919 Vide
650 2900 728 2924 supra
749 2892 773 2917 d.
796 2893 836 2917 ⁵20.
858 2899 882 2923 p.
899 2892 923 2916 ll.
938 2891 1000 2917 dub.
1022 2892 1044 2916 3.
1060 2906 1093 2909 -
1109 2892 1134 2915 Si
1155 2891 1212 2915 cod,
1233 2893 1251 2915 A
1273 2891 1361 2915 ultimo
1376 2897 1419 2921 po-

466 2942 536 2963 neret
555 2945 607 2963 mm
628 2937 719 2968 habet,
743 2938 816 2961 lectio
836 2937 891 2961 eius
911 2943 960 2960 non
976 2940 1043 2961 esset
1057 2932 1234 2966 reprobanda3
1256 2935 1316 2966 legit
1335 2935 1418 2959 enim:

462 2982 552 3015 primo
572 2981 650 3007 modo
671 2980 747 3007 habet
766 2979 995 3011 incer-titudmem,
1019 2979 1134 3005 secundo
1153 2978 1231 3004 modo
1251 2977 1345 3009 habel,-
1367 2979 1419 3010 plu-

466 3034 507 3052 res
528 3027 603 3051 codd.
624 3025 711 3059 primo
731 3025 808 3050 modo
837 3031 890 3050 uon
919 3023 996 3049 habet
1019 3022 1231 3049 z'neerlz'tnclz‘nenz
1251 3027 1308 3053 ete,
1331 3029 1420 3053 perpe-

466 3077 530 3096 ram.
553 3071 576 3095 ln
598 3071 724 3101 prin‹·ipio
744 3070 818 3094 solut.
841 3072 897 3100 post
917 3068 958 3094 Ad
976 3067 1044 3093 illuct
1062 3069 1086 3092 in
1108 3067 1183 3092 codd.
1205 3067 1251 3091 EG
1265 3067 1281 3090 L
1301 3073 1330 3091 aa
1351 3065 1420 3091 addi-

467 3119 508 3138 tur
527 3113 598 3147 qnod
617 3113 747 3139 obiicitur.
769 3114 823 3138 Mox
845 3116 902 3143 post
921 3112 958 3138 sz'e¹
978 3112 1006 3137 iit
1034 3111 1170 3145 proposito
1190 3111 1247 3136 cod.
1267 3111 1290 3135 K
1310 3110 1329 3142 (Ι
1350 3117 1364 3135 a
1384 3117 1420 3135 se-

467 3158 549 3182 cunda
572 3159 661 3189 manu)
681 3158 751 3182 addit
771 3158 809 3182 est
828 3156 1042 3190 intellz'fflmdnm;
1063 3162 1135 3181 num„

537 3202 547 3217 2
569 3202 632 3226 Vide
653 3203 766 3226 scholion
788 3202 820 3226 ad
842 3201 1039 3232 praecedentem
1061 3204 1158 3232 quaest.

538 3245 548 3261 3
568 3246 616 3270 Cir.
638 3253 715 3276 supr-1
732 3246 755 3271 d.
772 3247 811 3270 26.
827 3254 849 3270 a.
870 3246 893 3269 2.
915 3252 939 3277 q.
961 3245 983 3269 3.
998 3259 1032 3263 —
1047 3244 1143 3269 Deinde
1162 3251 1191 3269 ex
1212 3243 1289 3268 codd.
1310 3243 1348 3267 lU
1363 3242 1422 3267 sub-

468 3289 597 3313 stituimus
617 3289 720 3322 aliquid
739 3296 786 3320 pro
806 3288 911 3322 aliquis.

540 3331 549 3347 ⁴
571 3333 594 3355 tn
614 3333 661 3356 eod
693 3333 727 3357 bl)
752 3334 865 3357 siu-undu
896 3339 988 3357 manus
1017 3332 1136 3363 supplet:
1167 3331 1204 3357 z'bz'
1222 3332 1261 3357 est
1279 3329 1422 3357 necessitas

469 3375 619 3400 continendi
626 3384 633 3401 :
653 3383 723 3408 erqo.

1460 3059 1464 3064 '
1484 3072 1560 3091 nemo
1580 3066 1685 3096 plurimi
1705 3065 1780 3091 codd.
1801 3069 1825 3090 et
1844 3065 1885 3090 ed.
1911 3066 1916 3088 1
1941 3064 2016 3090 nihil.

1554 2890 1564 2905 ⁵
1583 2889 1644 2914 Cod.
1664 2889 1710 2913 EL
1722 2889 1742 2913 Y
1762 2887 1968 2915 occideziluliter.

1554 2934 1565 2950 ⁶
1584 2934 1632 2959 Tit.
1658 2934 1694 2958 15.
1715 2932 1741 2958 C.
1764 2932 1841 2964 Quod
1857 2932 1946 2958 sedem
1965 2932 2021 2964 (2.).

1553 2977 1564 2993 7
1584 2976 1634 3002 Cfr.
1655 2984 1732 3008 supro
1753 2984 1812 3008 pag.
1834 2976 1898 3008 234,
1920 2980 1978 3001 nota
1999 2977 2022 3001 6.

1554 3020 1565 3037 8
1583 3021 1731 3046 Secundum
1761 3021 1872 3051 Aristot.‚
1903 3021 1926 3045 ΙΙ.
1954 3021 2054 3045 menen.
2084 3027 2107 3045 c.
2138 3021 2161 3045 3.
2183 3019 2217 3052 (c.
2247 3020 2309 3051 22).
2334 3032 2368 3037 —
2387 3018 2429 3042 Pro

1554 3109 1565 3126 9
1584 3110 1703 3135 Secunda
1724 3116 1816 3134 manus
1836 3110 1858 3134 in
1881 3109 1937 3134 cod.
1959 3109 1976 3133 E
1996 3108 2061 3134 bene
2082 3109 2168 3140 posuit
2186 3109 2225 3133 est
2242 3106 2270 3133 in
2283 3105 2397 3141 officium
2409 3105 2431 3130 et

1484 3153 1512 3179 in
1525 3153 1672 3180 rmnedium
1686 3154 1757 3185 (vide
1771 3160 1848 3184 supra
1864 3154 1985 3184 August,
2001 3153 2044 3185 qui
2058 3153 2082 3177 in
2104 3153 2137 3178 lit.
2152 3153 2277 3184 Magistri,
2299 3151 2322 3176 d.
2342 3149 2429 3176 XXVl.

1485 3205 1506 3223 c.
1527 3199 1551 3222 2.
1571 3198 1714 3229 allegatur).
1736 3197 1841 3222 Interius
1861 3204 1909 3228 pro
1927 3203 1975 3228 pm·
1988 3195 2169 3229 impotentiam
2183 3195 2240 3221 eod.
2260 3195 2280 3220 U
2299 3194 2367 3220 inter
2375 3199 2429 3226 per-

1484 3249 1565 3268 sonas
1585 3241 1658 3267 tales.
2477 3257 2479 3262 ,

1557 3285 1577 3301 ¹0
1596 3285 1656 3310 Can.
1679 3284 1756 3316 Quod
1777 3286 1866 3310 autem
1886 3283 2059 3317 interroyaslz'
2079 3284 2134 3317 (1.).
2155 3282 2204 3308 Csr.
2225 3284 2266 3308 lile
2295 3283 2328 3307 lit.
2356 3279 2430 3311 Magi-
2477 3277 2479 3288 ³

1485 3330 1543 3360 stri,
1564 3336 1585 3354 c.
1607 3331 1629 3354 2.
