2483 3882
309 2531 343 2552 Ad
357 2531 440 2558 opposi-

349 2560 401 2578 tum.

461 290 523 321 962

460 380 530 408 tuor
547 376 573 408 ei
592 375 645 417 qui
663 374 778 407 meruit
794 374 971 411 duodecim,
988 382 1045 405 nec
1063 371 1161 413 magis
1179 371 1309 403 remittit
1325 380 1407 403 com-

455 427 612 468 parando
635 427 674 458 ad
699 425 848 458 meritum
873 425 939 457 sive
962 424 1002 457 ad
1027 424 1215 465 quantitates
1247 423 1406 461 diversas,

459 480 530 511 licet
553 478 698 510 absolate
727 477 833 519 magis.
858 496 901 499 —
925 476 1015 517 Quod
1039 485 1114 517 ergo
1138 475 1228 514 dicit,
1253 475 1338 517 quod
1363 484 1408 507 re-

459 534 561 572 portat
577 530 797 566 commodum3
815 529 983 561 dicendum
995 554 1002 567 ,
1020 528 1103 570 quod
1122 527 1236 560 salsum
1252 531 1317 566 est,
1334 527 1408 569 quia

314 597 441 619 Notandum.
457 591 582 624 semper
614 582 711 623 duplo
742 582 883 623 punitur.
915 581 1127 614 Misericordia
1157 580 1257 619 enim,
1282 580 1408 622 quando

458 635 558 667 currit
581 643 652 666 cum
678 634 813 671 iustitia,
837 634 947 676 mayis
976 633 1112 665 remittit
1143 632 1325 676 quantitate
1356 632 1410 664 ab-

457 688 584 725 solata,
610 687 664 719 ubi
689 692 735 720 est
760 687 859 719 maior
888 687 1032 724 miseria;
1057 686 1112 718 sed
1138 690 1241 718 tamen
1266 685 1410 728 aequali-

1438 580 1442 722 1

1215 285 1499 317 SENTENTIARUM
1525 284 1592 316 LlB.
1616 285 1663 316 lV.

1472 375 1531 409 ter,
1556 370 1714 413 loquendo
1738 371 2021 413 proportionaliter,
2046 373 2137 414 quia,
2162 373 2242 405 sicut
2269 372 2355 411 uni¹,
2380 373 2421 405 ita

1471 427 1501 455 et
1524 423 1624 456 alteri.

1561 475 1704 508 Rationes
1736 484 1812 508 vero
1840 476 1880 508 ad
1903 480 2025 518 partem
2049 477 2223 518 oppositam
2248 477 2424 519 procedunt
2466 472 2483 512 i

1472 527 1511 560 de
1535 528 1670 565 iustitia,
1696 529 1873 561 seeundum
1898 529 1982 571 quod
2007 529 2082 562 dicit
2107 529 2254 561 ordinem
2267 541 2279 567 ;
2302 533 2333 562 et
2364 521 2483 569 similit

1472 580 1743 621 quemadmodum
1768 581 1921 623 sapientia
1937 581 2055 623 optime
2078 581 2224 623 producit
2248 582 2423 615 secundum

1473 632 1616 665 ordinem
1641 633 1875 673 conditionum,
1899 634 1942 666 ita
1972 634 2091 666 iustitia
2121 634 2291 667 iustissime
2322 644 2425 668 remu-

1472 689 1562 717 nerat
1585 686 1761 718 secundum
1786 686 1929 718 ordinem
1954 686 2198 719 retributionum
2210 687 2229 718 ².

1271 836 1535 874 ARTICULUS
1564 836 1607 875 ΙΙ.

817 939 984 979 inomodo
1008 937 1242 970 misericordia
1265 942 1294 969 ei
1316 938 1440 970 veritas
1464 938 1600 970 eandem
1624 938 1805 980 respiciant
1829 938 2058 980 operationem.

544 1065 777 1106 Consequenter
799 1066 951 1105 quantum
977 1063 1016 1095 ad
1042 1062 1216 1094 secundum
1240 1061 1410 1094 articulum

458 1117 632 1160 quaeritur,
644 1116 803 1158 quomodo
817 1115 1033 1148 misericordia
1047 1118 1077 1147 et
1091 1115 1207 1147 veritas
1219 1114 1351 1147 eandem
1366 1123 1412 1146 re-

458 1171 589 1212 spiciant
601 1169 826 1211 operationem.
838 1169 872 1201 Et
885 1168 967 1201 circa
980 1168 1039 1200 hoc
1052 1170 1251 1209 quaeruntur
1264 1171 1409 1209 quatuor.

546 1223 649 1255 Primo
666 1222 846 1264 quaeritur,
871 1225 979 1253 utrum
999 1221 1028 1252 in
1046 1220 1152 1262 aliquo
1176 1228 1271 1261 opere
1288 1219 1411 1251 Domini

457 1278 496 1308 sit
521 1275 736 1308 misericordia
760 1278 790 1306 et
814 1274 939 1306 veritas.

545 1328 701 1366 Secundo,
726 1331 835 1359 utrum
862 1327 890 1358 in
916 1326 1027 1359 eodem
1048 1334 1143 1368 opere
1161 1326 1283 1357 Domini
1301 1326 1340 1358 sit
1358 1325 1412 1357 mi-

457 1381 628 1414 sericordia
651 1384 682 1412 et
706 1380 831 1412 veritas.

1565 1062 1600 1094 Et
1616 1062 1704 1101 dato,
1720 1062 1805 1104 quod
1822 1062 1853 1094 in
1877 1062 2004 1101 eodem,
2030 1063 2204 1095 secundum
2228 1064 2313 1106 quod
2338 1065 2426 1098 mise-

1476 1114 1612 1146 ricordia
1636 1118 1667 1147 et
1691 1114 1807 1147 veritas
1831 1115 1981 1147 dicuntur
2003 1114 2202 1157 largissime,
2220 1117 2311 1148 tertio
2335 1125 2426 1158 quae-

1476 1166 1568 1206 ritur,
1592 1170 1700 1199 utrum
1734 1167 1909 1200 secundum
1941 1167 2025 1209 quod
2051 1168 2188 1209 proprie
2218 1169 2425 1211 accipiuntur,

1475 1223 1666 1252 concurrant
1690 1220 1720 1251 in
1744 1220 1865 1252 eodem.

1564 1273 1701 1313 Quarto,
1732 1277 1840 1305 utrum
1868 1272 2083 1305 misericordia
2106 1277 2137 1305 et
2160 1273 2276 1306 veritas
2306 1275 2425 1316 possint

1475 1326 1515 1358 ab
1538 1326 1671 1358 invicem
1697 1325 1728 1357 in
1751 1325 1858 1367 aliquo
1881 1334 1976 1367 opere
2000 1325 2149 1367 separari.

1329 1506 1512 1548 Quilsss‘no
1537 1506 1557 1538 1.

880 1606 997 1638 Utrum
1022 1605 1057 1637 in
1080 1605 1193 1647 aliquo
1217 1614 1311 1646 opere
1337 1604 1470 1636 Domini
1491 1604 1536 1636 sit
1558 1603 1792 1635 misericordia
1816 1608 1844 1635 et
1867 1604 2000 1635 veritas.

544 1718 703 1758 Quantum
728 1717 767 1749 ad
793 1717 930 1758 primum
964 1716 1148 1758 proceditur
1171 1715 1233 1753 sic,
1257 1719 1288 1747 et
1311 1719 1411 1747 osten-

456 1770 552 1809 ditur,
576 1771 659 1812 quod
685 1770 715 1802 in
741 1769 852 1812 aliquo
876 1778 970 1811 opere
994 1768 1116 1800 Domini
1141 1768 1181 1800 sit

547 1825 575 1855 1.
596 1823 839 1860 Misericordia,
851 1823 950 1854 Lucae
964 1822 1090 1854 sexto³t
1104 1822 1211 1853 Estote
1222 1821 1410 1853 misericor-

298 1876 627 1914 fundam0012,cles,.sieut
649 1881 677 1908 ei
701 1877 804 1908 Pater
828 1880 931 1907 vester
956 1874 1146 1906 misericors
1170 1878 1234 1906 est.-
1252 1882 1327 1915 ergo
1351 1877 1409 1906 etc.

545 1930 573 1960 Ξ.
597 1929 689 1967 Item,
714 1928 745 1960 in
771 1928 933 1960 Psalmo⁴:
960 1927 1083 1959 Reddes
1109 1926 1289 1969 unicuiqae
1312 1926 1410 1958 ἱππεία

456 1991 557 2023 opera
580 1991 669 2019 stia,·
693 1982 748 2014 sed
773 1981 831 2013 hoc
855 1984 902 2013 est
925 1980 1094 2012 iustitiae.-
1119 1989 1194 2021 ergo
1217 1982 1274 2012 etc.

545 2034 575 2066 3.
600 2034 693 2072 Item,
715 2034 780 2065 ista
802 2034 867 2065 dito
884 2033 1033 2066 decorant
1050 2036 1203 2065 rectorem
1215 2058 1222 2071 ‚
1239 2032 1324 2064 unde
1342 2031 1410 2063 Pro-

456 2087 638 2120 verbiorum
657 2086 809 2128 vigesimo
821 2087 845 2117 ⁵:
863 2085 1096 2118 Misericordia
1112 2089 1141 2117 et
1155 2084 1280 2117 veritas
1307 2088 1409 2116 custo-

457 2140 553 2172 diunt
574 2149 702 2181 regem,
719 2143 748 2171 et
768 2138 937 2170 clemencia
953 2141 1030 2176 etc.;
1051 2138 1107 2170 sed
1132 2138 1216 2170 Deus
1243 2140 1290 2169 est
1307 2140 1409 2169 rector

456 2193 597 2225 omnium
623 2201 751 2224 rerum:
777 2201 852 2233 ergo
875 2194 933 2223 etc.

543 2245 573 2277 li.
600 2245 693 2283 ltem,
716 2244 846 2276 ratione
872 2243 1017 2276 videtur:
1043 2242 1118 2284 quia
1142 2241 1218 2274 istae
1236 2245 1311 2274 sunt
1327 2241 1409 2273 duae

456 2299 588 2330 virtutes
613 2298 642 2329 in
669 2297 773 2329 nobis:
793 2306 868 2338 ergo
889 2296 1007 2328 hahent
1031 2295 1226 2337 exemplaria
1249 2294 1281 2326 in
1305 2294 1409 2332 Deo⁶3

456 2354 486 2383 et
510 2351 534 2383 si
560 2351 635 2383 hoc:
661 2359 736 2392 ergo
760 2359 831 2382 cnm
858 2358 913 2382 nos
937 2358 1108 2391 operemur
1131 2348 1213 2380 iuste
1237 2351 1267 2380 et
1292 2347 1411 2380 miseri-

456 2403 603 2440 corditer,
627 2412 702 2444 ergo
726 2406 756 2435 et
781 2402 864 2434 Deus
889 2401 1042 2434 similiter.

545 2457 693 2489 CONTRA:
726 2457 752 2487 1.
777 2454 1033 2486 Damascenus⁷z
1069 2452 1332 2485 «Misericordia
1363 2454 1410 2484 est

457 2509 632 2551 compassio
656 2509 695 2541 de
720 2508 830 2540 alienis
856 2507 946 2539 malis
962 2519 993 2544 »ς
1017 2506 1071 2539 sed
1097 2506 1181 2538 Deus
1205 2505 1282 2537 nihil
1303 2513 1410 2546 opera-

456 2566 508 2594 tur
532 2571 573 2594 ex
603 2560 835 2602 compassione,
859 2560 933 2601 quia
957 2568 1018 2591 non
1044 2559 1253 2600 compatitur:
1278 2567 1353 2599 ergo
1378 2558 1407 2589 in

455 2614 542 2646 nullo
566 2623 660 2655 opere
684 2614 752 2645 eius
776 2613 935 2645 concurrit
961 2611 1184 2644 misericordia.

545 2668 573 2698 Ζ).
600 2667 672 2698 ltom
684 2692 691 2703 ,
718 2665 846 2697 iustitia
863 2669 926 2703 est,
943 2673 1013 2696 cum
1033 2664 1067 2695 fit
1083 2664 1165 2705 quod
1193 2662 1280 2695 debet
1296 2663 1363 2695 fieri
1376 2662 1407 2701 ⁸3

456 2720 510 2752 sed
544 2720 626 2752 Deus
658 2719 734 2751 nihil
765 2723 915 2759 operatur
939 2727 979 2750 ex
1004 2717 1123 2755 debito,
1154 2717 1227 2758 quia
1250 2715 1327 2747 nulli
1361 2719 1408 2748 est

456 2772 632 2804 obnoxius:
659 2781 734 2813 ergo
758 2771 836 2802 nihil
861 2770 959 2808 iuste,
984 2774 1014 2802 et
1038 2770 1082 2801 sic
1105 2773 1162 2802 etc.

546 2824 574 2856 3.
600 2824 692 2861 Item,
710 2823 735 2855 si
752 2822 985 2854 misericordia
1008 2825 1037 2854 et
1053 2821 1176 2853 veritas
1201 2825 1248 2853 ost
1272 2820 1407 2853 conditio

1474 1714 1529 1746 Dei
1553 1715 1713 1756 operantis
1726 1727 1733 1752 ;
1758 1723 1830 1746 cum
1855 1723 1930 1755 ergo
1948 1714 2083 1746 conditio
2106 1715 2264 1756 operantis
2288 1715 2426 1748 reluceat

1474 1766 1505 1798 in
1529 1775 1641 1808 opere,
1673 1771 1709 1798 ut
1741 1770 1825 1808 patet
1849 1785 1892 1790 ——
1916 1767 1990 1808 quia
2020 1767 2104 1799 enim
2136 1767 2237 1800 bonus
2260 1771 2325 1807 est,
2357 1767 2426 1801 ideo

1474 1819 1556 1851 hona
1580 1823 1653 1852 sunt
1676 1819 1778 1852 facta⁹
1803 1838 1844 1843 —
1869 1828 1944 1861 ergo
1973 1820 2041 1861 pari
2066 1820 2203 1859 ratione,
2227 1820 2301 1862 quia
2324 1820 2426 1853 iustus

1474 1877 1538 1912 est,
1562 1873 1668 1905 onmia
1691 1872 1772 1905 facta
1795 1877 1870 1904 sunt
1893 1872 1992 1905 iusta:
2018 1882 2093 1914 ergo
2117 1877 2147 1905 et
2171 1873 2251 1915 lapis
2267 1873 2379 1913 iustus,
2396 1876 2426 1906 et

1475 1925 1554 1967 lapis
1580 1925 1759 1957 misericors
1783 1929 1839 1957 est.
1865 1925 1954 1966 Quod
1981 1925 2005 1957 si
2030 1934 2091 1957 non
2117 1926 2319 1958 conceditur:
2352 1935 2425 1968 ergo

1474 1987 1530 2010 nec
1556 1978 1639 2010 Deus
1663 1982 1814 2019 operatur
1831 1978 2006 2010 secundum
2025 1978 2272 2010 misericordiam
2284 2004 2291 2017 ‚
2308 1982 2362 2011 aut
2379 1987 2426 2012 ve-

1474 2031 1608 2063 ritatem.

1562 2084 1592 2115 [ι.
1617 2084 1709 2122 Item,
1735 2083 1812 2115 nihil
1837 2084 2017 2125 ponendum
2040 2089 2087 2116 est
2110 2084 2141 2116 in
2165 2084 2246 2123 Deo,
2263 2084 2347 2126 quod
2364 2093 2423 2116 non

1474 2136 1587 2169 debeat
1610 2136 1682 2178 poni
1708 2137 1739 2168 in
1765 2145 1912 2175 summo;
1937 2136 1990 2168 sed
2016 2137 2134 2168 iustitia
2158 2146 2219 2168 non
2245 2136 2337 2169 debet
2354 2137 2423 2178 poni

1473 2189 1504 2220 in
1539 2188 1645 2230 aliquo
1678 2188 1708 2219 in
1738 2197 1880 2227 summo,
1906 2188 1990 2221 unde
2016 2189 2207 2221 Ecclesiastis
2239 2189 2371 2231 septimo
2384 2188 2422 2220 ¹⁰:

1474 2240 1552 2273 Noli
1573 2250 1640 2272 esse
1664 2240 1805 2272 multum
1829 2241 1946 2272 iustus.

1830 2355 1847 2378 c
1857 2355 1874 2379 o
1883 2356 1905 2378 N
1915 2355 1931 2378 c
1941 2356 1959 2378 L
1968 2356 1989 2378 U
1999 2356 2014 2378 s
2023 2356 2033 2378 1
2042 2355 2070 2379 o.

1530 2452 1570 2483 In
1594 2450 1747 2493 operibus
1774 2452 1833 2484 Dei
1855 2455 1902 2483 esc
1924 2451 2157 2483 misericordia
2181 2456 2209 2483 et
2231 2451 2363 2484 veritas.

1563 2557 1760 2590 RESPONnEo:
1786 2557 1978 2595 Dicendum,
1995 2556 2079 2598 quod
2098 2556 2313 2588 misericordia
2330 2560 2359 2588 et
2375 2565 2422 2588 ve-
2482 2595 2483 2599 Ἰ

1475 2609 1550 2641 ritas
1574 2614 1620 2642 est
1634 2610 1651 2626 ¹¹
1670 2610 1699 2641 in
1725 2618 1820 2650 opere
1844 2613 2008 2641 creaturae
2026 2608 2206 2646 rationali53
2223 2612 2253 2640 et
2276 2608 2335 2641 hoc
2358 2608 2483 2651 qui-eone

1473 2662 1543 2694 dem
1570 2662 1740 2694 nobilitatis
1771 2666 1837 2693 est:
1870 2670 1944 2703 ergo
1977 2661 2075 2693 multo
2100 2661 2211 2693 fortius
2235 2665 2265 2693 et
2288 2661 2420 2693 nobilius

1473 2714 1503 2745 in
1527 2715 1677 2756 operibus
1701 2715 1766 2746 Dei.

1564 2769 1590 2798 l.
1616 2768 1645 2798 ἓ.
1670 2767 1710 2798 Ad
1730 2767 1808 2798 illud
1833 2775 1907 2808 ergo
1930 2767 2014 2807 quod
2043 2767 2145 2807 primo
2169 2766 2314 2799 obiicitur
2338 2765 2419 2807 qnod
2444 2779 2483 2810 503,

1472 2820 1501 2851 in
1526 2820 1590 2852 Deo
1608 2829 1668 2851 non
1694 2820 1776 2851 cadit
1793 2820 1966 2861 compassio
1989 2828 2043 2852 nec
2062 2819 2218 2857 debitnni3
2235 2819 2417 2856 dicendum,
2431 2807 2482 2853 ⁹⁰⁹¹}

529 3014 534 3028 ¹
557 3014 573 3038 Α
596 3013 672 3038 codd.
693 3014 713 3038 lx*
726 3013 746 3037 Y
767 3013 870 3037 additur
886 3013 1000 3045 perlem.

528 3057 538 3072 ἵ
558 3057 623 3082 v§fide
643 3057 756 3081 scholion
777 3056 809 3080 ad
834 3057 852 3080 1.
874 3057 950 3081 huius
970 3056 1067 3080 articuli
1088 3058 1187 3087 quaest.

528 3100 538 3116 3
559 3101 630 3125 Vers.
652 3101 701 3124 36:
722 3101 805 3125 Estote
824 3107 887 3131 ergo
907 3099 1087 3125 misericordes
1106 3103 1152 3124 etc.

529 3144 539 3160 ⁴
560 3145 649 3169 Dsalm.
671 3145 717 3175 fil,
740 3144 779 3168 13,
802 3158 834 3161 -
855 3144 917 3168 Edd.
938 3144 1016 3175 Item,
1037 3142 1107 3176 quod
1125 3142 1154 3167 iit
1172 3142 1245 3168 omni
1264 3149 1340 3175 opere
1362 3142 1407 3168 Do-

459 3187 525 3214 mini
544 3187 577 3213 sit
596 3187 696 3213 iustitia
716 3194 763 3213 scit
784 3187 894 3218 rerilas,
917 3186 1021 3212 videtur
1037 3193 1087 3219 per
1106 3185 1175 3211 illud
1193 3185 1300 3211 Psalmi.

528 3231 539 3248 ⁵
559 3232 633 3257 Vers
656 3232 705 3256 28:
726 3231 924 3256 Misericordia„
945 3238 1048 3262 regem,
1069 3234 1094 3256 ot
1113 3230 1250 3255 roboratur
1274 3230 1407 3255 clementia

460 3276 565 3300 thronus
584 3276 647 3300 cius.

528 3319 538 3335 6
558 3319 609 3344 Cir.
632 3320 646 3343 l.
667 3320 734 3344 Seni.
756 3320 780 3343 d.
802 3320 842 3344 36,
863 3326 886 3343 a.
908 3320 931 3343 3.
952 3326 976 3350 (Ι.
1002 3319 1020 3342 1.
1041 3319 1065 3342 in
1086 3325 1157 3349 corp.

530 3362 540 3377 ⁷
560 3362 626 3387 Libr.
647 3363 671 3386 ll.
694 3363 724 3387 de
744 3363 803 3387 Fido
824 3362 925 3387 orthod.
955 3369 975 3387 c.
1008 3361 1046 3386 14.
1076 3361 1126 3386 Cl'r.
1158 3369 1236 3393 supra
1256 3369 1315 3393 pag.
1343 3362 1407 3391 960,

460 3409 518 3429 nola
538 3405 560 3429 5.

1543 3009 1554 3026 3
1575 3010 1683 3035 iustitiae
1702 3010 1770 3034 enim
1792 3012 1829 3034 est
1848 3009 1957 3034 reddere
1978 3010 2117 3041 unicuique
2136 3009 2206 3041 quod
2221 3016 2297 3034 suum
2310 3012 2354 3034 est.
2369 3007 2416 3033 cfr.

1472 3058 1533 3079 tom.
1554 3055 1589 3078 lll.
1611 3061 1670 3085 pag.
1690 3053 1755 3084 728,
1777 3057 1833 3078 nota
1860 3054 1878 3077 l.
1899 3067 1931 3070 —
1953 3054 2017 3078 lnl'ra
2041 3060 2088 3084 pro
2109 3052 2176 3078 iuste
2202 3053 2257 3077 rod.
2279 3054 2296 3077 Ι)
2321 3059 2354 3078 ea:
2381 3050 2418 3076 iu-

1471 3097 1549 3123 stitia.

1542 3141 1553 3156 ⁰
1572 3142 1633 3166 Gen.
1656 3142 1684 3172 i,
1706 3142 1732 3165 ,Ἡ
1749 3148 1755 3165 :
1776 3141 1805 3165 Et
1823 3144 1896 3166 erant
1915 3140 1995 3173 [quac
2016 3141 2110 3165 iecerat
2138 3140 2217 3172 Deus]
2247 3139 2321 3165 valde
2344 3139 2416 3164 bona.

1471 3200 1507 3204 —
1525 3187 1648 3217 August.y
1672 3186 1686 3209 l.
1708 3185 1739 3210 de
1761 3185 1844 3210 Doctr.
1865 3186 1994 3210 christian.
2024 3192 2045 3209 c.
2076 3185 2116 3209 32.
2142 3192 2164 3209 n.
2195 3185 2245 3209 35.-
2266 3184 2328 3215 Qnin
2352 3183 2417 3208 enim

1472 3229 1565 3263 [Deus]
1586 3230 1670 3255 bonus
1689 3234 1740 3261 est,
1762 3236 1867 3260 sumus;
1887 3232 1911 3253 et
1929 3230 1953 3253 in
1974 3231 2099 3261 quantum
2120 3235 2225 3260 sumus,
2247 3228 2308 3253 boni
2321 3233 2415 3252 sumus.

1474 3288 1506 3291 —
1526 3275 1651 3305 Superius
1670 3281 1717 3305 pro
1737 3275 1774 3299 est
1794 3272 1906 3299 conditio
1927 3273 1983 3297 cod.
2005 3273 2021 3297 E
2041 3274 2105 3298 sunt
2122 3271 2290 3298 conditiones.

1546 3317 1566 3333 10
1586 3318 1658 3342 Vers.
1684 3317 1720 3341 17.

1545 3360 1562 3376 ¹¹
1585 3361 1646 3386 Cod.
1668 3361 1685 3385 E
1704 3362 1773 3386 siml.
1795 3361 1849 3385 Mox
1870 3367 1917 3392 pro
1937 3361 2077 3386 creaturae
2097 3360 2153 3385 cod.
2173 3359 2209 3384 bb
2229 3360 2350 3384 naturae.
