2483 3882
0 667 16 683 ¹0
28 662 87 688 parte

0 687 86 721 pgativa.

0 1659 83 1682 itinctio.

0 2622 23 2643 Εέ
27 2631 32 2637 -
46 2622 84 2648 1)Γο

0 2648 14 2664 ’,θ
30 2644 86 2664 aflir·

766 243 860 275 DlST.
884 244 914 275 L.
941 243 971 275 Ρ.
995 243 1015 274 Ι.
1041 243 1122 275 ΑΡιΤ.
1147 243 1178 274 11.
1204 243 1358 284 ΩΠΑΕΞΤ.
1381 243 1414 274 ll.

102 331 171 364 aliis
194 330 314 362 malum
339 330 521 372 exemplum
546 331 719 370 dederunt,
744 331 825 363 sicut
849 330 952 363 Arius:
978 339 1053 373 ergo

102 383 244 416 similiter
268 383 383 415 debent
406 392 460 415 eos
483 383 594 416 videre
608 384 626 416 ¹.

191 435 220 467 3.
245 435 338 474 item,
363 435 420 467 lux
445 435 631 468 naturaliter
655 436 798 477 sequitur
823 436 944 477 ignem,
977 444 1052 477 ergo

101 488 155 520 ubi
179 491 226 520 est
249 487 429 528 aggregatio
453 487 546 529 ignis,
571 492 601 520 et
626 488 770 527 luminis;
788 488 842 520 sed
861 489 937 521 haec
958 492 1005 521 est
1022 489 1051 520 in

101 540 256 572 infern02:
278 548 353 581 ergo
376 543 433 572 etc.

189 592 337 625 CONTRA:
366 594 392 624 1.
418 593 563 625 Matthaei
587 593 738 634 vigesimo
759 594 934 637 secundo³z
960 594 1054 636 Liqu-

102 646 143 678 tis
164 645 302 687 pedibus
326 649 355 677 ei
377 645 548 684 munibus,
570 645 723 687 proiicite
747 656 821 678 eum
845 646 880 678 iu
905 646 1053 678 tenebras

100 698 297 735 emim-iorem
321 707 417 740 super
440 707 503 740 quo
528 698 713 740 Gregorius:
745 700 801 731 «Si
825 700 876 732 ille
902 700 980 741 ignis
1008 700 1054 732 lu—

101 760 168 785 cem
193 751 340 789 haberet,
365 751 417 793 qui
444 751 641 792 repelluntur
666 752 695 783 in
714 752 859 784 tenebras
876 752 1052 785 exteriores

100 804 179 836 mitti
204 813 404 845 nequaquam
429 804 653 836 dicerentur».

190 856 219 888 2.
244 856 334 894 Item,
351 856 481 887 racione
504 856 645 888 videtur:
667 857 755 898 quia,
773 857 854 889 sicut
878 857 948 889 boni
966 866 1053 898 prae-

100 909 239 941 miantur
262 917 319 950 per
337 909 458 946 visum,
476 909 518 940 ita
535 909 606 941 niali
632 909 776 941 similiter
793 910 908 942 debent
931 910 1052 951 puniri;

101 961 155 994 sed
181 961 327 993 tenebrae
352 961 424 1002 plus
448 965 580 1002 gravant
604 961 747 994 homines
773 961 924 994 habentes
944 962 1052 994 oeulos

100 1013 140 1046 ad
165 1013 353 1046 videndum:
379 1022 454 1055 ergo
478 1018 535 1046 ete.

190 1065 218 1097 3.
243 1066 333 1104 Item,
358 1066 450 1098 dulce
474 1070 521 1099 est
544 1067 651 1100 lumen
676 1070 706 1100 et
730 1067 951 1100 delectabile⁴z
978 1076 1052 1109 ergo

100 1118 125 1150 si
151 1117 306 1150 damnatis
330 1121 377 1150 est
400 1118 501 1151 omnis
525 1118 689 1151 delectatio
713 1119 898 1158 auferenda,
923 1129 998 1161 ergo
1022 1124 1052 1152 et

100 1171 202 1203 omnis
227 1171 413 1203 illuminatio
437 1172 618 1213 corporalis.

457 1285 697 1310 CONCLUSIO.

101 1380 142 1412 In
165 1379 297 1422 inferno
324 1385 371 1413 est
398 1386 526 1413 tautum
555 1382 642 1424 ionis
673 1381 827 1424 fumosus
858 1386 886 1414 et
915 1383 1052 1414 tenebro-

188 1444 258 1472 sus,
283 1444 348 1466 nou
377 1434 572 1467 illuminans
602 1435 670 1467 uisi
700 1436 745 1467 uel
775 1436 916 1468 videnda
942 1436 1052 1468 tristia.

189 1491 218 1519 et
240 1486 426 1519 horribilia.

189 1593 383 1626 RESPONnaoz
402 1594 445 1626 Ad
464 1594 521 1626 hoc
536 1594 704 1635 respondet
720 1594 877 1627 Isidorus⁵
890 1594 1050 1636 inquiens:

105 1645 232 1686 «Ignem
250 1646 410 1687 gehennae
427 1646 543 1679 habere
560 1646 663 1679 lucem
677 1647 715 1678 ad
733 1646 866 1688 aliquid,
880 1647 919 1678 ad
934 1646 1052 1688 aliquid

1986 245 2064 277 1041

1117 339 1178 362 non
1193 330 1323 369 habere,
1342 339 1452 363 verum
1467 335 1528 369 est;
1546 331 1662 363 lucebit
1678 331 1760 363 enim
1778 332 1815 364 ad
1831 332 2068 372 desolationem,

1117 387 1152 415 ut
1168 383 1304 415 habeant
1327 383 1411 415 unde
1436 383 1577 423 doleant,
1602 393 1661 415 non
1683 384 1722 415 ad
1745 384 2005 424 consolationem,
2029 393 2068 417 ne

1118 436 1253 468 habeant
1276 437 1360 468 unde
1385 436 1589 477 gaudeant».

1207 488 1249 519 Ad
1274 488 1357 530 quod
1395 489 1630 530 intelligendum
1663 489 1852 525 notandum,
1877 490 1960 530 quod
1991 490 2190 531 igliisignistri-

1118 544 1164 572 est
1188 540 1217 572 in
1245 540 1356 582 triplici
1382 539 1566 573 differentia.
1594 541 1643 573 Est
1675 542 1757 573 enim
1784 541 1861 582 ignis
1888 551 2008 582 purus,
2032 545 2068 573 ut
2110 527 2166 553 ΡΜ

1118 597 1165 625 est
1190 593 1218 624 in
1244 593 1371 634 propria
1404 593 1551 632 materia3
1575 597 1605 626 et
1633 597 1680 626 est
1704 594 1783 635 ignis
1814 594 2067 635 incorporatus,

1119 649 1153 677 ut
1177 650 1224 677 est
1249 646 1276 676 in
1303 646 1434 677 materia
1458 646 1575 684 aliena,
1601 650 1635 678 ut
1660 647 1688 678 in
1708 651 1810 678 terrea
1834 647 1883 679 vel
1911 648 2020 686 aerea3
2038 652 2068 679 et

1118 702 1165 730 est
1190 698 1268 739 ignis
1293 707 1353 729 non
1380 701 1499 730 tantum
1525 699 1776 740 incorporatus,
1803 699 1857 731 sed
1883 700 1975 731 etiam
1997 709 2068 741 per-

1117 751 1262 788 mixtus,
1279 755 1314 783 ut
1340 751 1418 792 ignis
1435 751 1629 793 sulphureus
1653 756 1683 783 et
1704 752 1856 784 fumosus.
1884 752 2004 784 Primus
2021 756 2067 784 est

1119 803 1176 835 luae
1193 808 1223 836 et
1240 813 1319 845 pure
1344 805 1426 836 lucet
1442 808 1472 835 et
1488 804 1695 836 abundanter.
1714 805 1877 836 Secundus
1898 809 1945 837 est
1969 805 2066 846 ionis-

1118 856 1218 888 eurbo
1249 860 1279 888 et
1305 856 1486 898 flamma&-
1519 857 1568 888 hie
1600 861 1704 889 autem
1739 857 1820 889 lucet
1848 861 1877 889 et
1907 857 2066 889 tenebram

1117 910 1257 951 expellit.
1275 910 1398 942 Tertius
1423 914 1469 942 est
1490 909 1577 951 iqui?
1593 909 1765 951 fumosus,
1783 914 1812 942 et
1835 911 1904 943 talis
1920 914 1967 942 est
1989 914 2069 942 tene·
2083 920 2194 941 Conclusio
2208 920 2227 941 ι.

1118 962 1245 999 brosus,
1270 966 1300 994 et
1325 962 1381 994 iste
1405 962 1464 994 erit
1489 963 1516 993 in
1542 962 1672 994 inferno.

1205 1015 1327 1047 Rursus
1368 1015 1540 1047 notandum
1560 1041 1567 1053 ,
1602 1015 1685 1056 quod
1718 1015 1774 1047 lux
1809 1016 1964 1047 illuminat
2000 1025 2070 1048 ocu-

1118 1068 1182 1099 luin
1215 1068 1253 1099 ad
1286 1067 1480 1105 videnduni3
1509 1071 1609 1109 potest
1641 1076 1715 1109 ergo
1749 1068 1927 1100 illuminare
1955 1069 1995 1101 ad
2026 1069 2204 1100 Vi-Distinctio.

1117 1120 1256 1152 dendum
1286 1120 1506 1158 delectabilia,
1532 1120 1580 1152 vel
1612 1120 1649 1152 ad
1685 1121 1855 1152 videndum
1885 1119 2067 1163 indifferen-

1118 1172 1183 1210 tia,
1213 1172 1261 1204 vel
1288 1173 1328 1204 ad
1354 1173 1524 1204 videndum
1558 1173 1669 1205 tristia
1693 1177 1723 1205 et
1759 1173 1931 1205 horribilia.
1966 1173 2068 1205 Primo

1117 1229 1147 1257 et
1176 1225 1314 1258 secundo
1346 1226 1438 1257 niodo
1470 1235 1529 1257 non
1562 1227 1621 1258 erit
1655 1226 1858 1265 illuminatio,
1891 1227 1944 1258 sed
1978 1227 2068 1258 tertio
2084 1236 2195 1257 Conclusio
2207 1236 2228 1256 a.

1119 1278 1210 1310 modo
1235 1282 1365 1310 tantuin.

1205 1331 1382 1363 Secundum
1411 1332 1468 1363 hoo
1500 1331 1595 1372 igitur
1620 1335 1725 1373 patent
1756 1331 1885 1363 obiecta.
1917 1332 1993 1363 Nam
2023 1341 2070 1363 ra·
2082 1341 2115 1362 Ad
2131 1346 2188 1367 avgg.

1117 1383 1216 1415 tiones
1251 1383 1436 1424 probantes,
1461 1385 1544 1425 quod
1575 1393 1634 1415 non
1671 1385 1710 1416 sit
1749 1384 1789 1415 ibi
1827 1384 1905 1425 ignis
1942 1385 2068 1423 lucens,

1118 1436 1293 1477 procedunt
1317 1437 1491 1468 seeundum
1517 1436 1594 1468 lueis
1625 1437 1791 1478 puritatem
1826 1437 2066 1468 illuminantem

1117 1489 1163 1520 ciel
1186 1488 1420 1520 delecta-nilion.
1447 1489 1590 1521 Rationes
1615 1498 1689 1521 vero
1714 1490 1899 1530 probantes,
1924 1490 2009 1531 quod
2030 1490 2069 1522 sit

1118 1541 1159 1573 ibi
1193 1541 1270 1582 ignis
1303 1541 1427 1577 lucens,
1461 1542 1635 1582 procedunt
1666 1542 1705 1573 de
1738 1542 1806 1574 lure
1838 1543 2065 1580 communiter,

1118 1594 1291 1626 seeundum
1317 1594 1401 1635 quod
1428 1594 1564 1626 tenebris
1587 1594 1796 1626 fun‘iositatis⁷
1820 1595 1961 1627 admixta
1982 1599 2012 1627 et
2036 1595 2068 1626 il-

1119 1647 1276 1679 luminans
1302 1648 1339 1679 ad
1366 1647 1589 1679 desolationem
1615 1651 1644 1679 et
1669 1648 1843 1679 horrorem.

940 1776 1235 1816 SOHOLION.

172 1891 187 1915 l.
208 1891 388 1921 Quaestionem
421 1892 440 1916 1.
464 1891 557 1916 eodem
583 1898 660 1916 sensu
686 1892 807 1916 solvunt:
830 1891 854 1916 S.
876 1891 984 1921 Thom.,
1012 1891 1053 1916 hic

100 1941 125 1967 q.
146 1935 170 1959 2.
190 1942 212 1959 a.
234 1934 257 1959 3.
278 1935 436 1966 quaestione.
459 1934 491 1966 43
511 1935 600 1966 Suppl.
628 1942 654 1967 q.

101 1979 142 2003 hic
161 1985 183 2003 a.
205 1977 228 2003 4..
248 1992 282 1996 -
301 1978 366 2003 Petr.
387 1985 399 2002 a
421 1978 495 2010 Tan,
516 1979 556 2003 hic
577 1986 601 2011 q.
622 1978 647 2003 4.
671 1985 693 2003 a.
715 1979 738 2003 ⁴2.
759 1992 792 1996 -—
813 1978 932 2003 Richard.
948 1985 960 2003 a
976 1979 1055 2011 Med,

100 2023 142 2047 hic
160 2029 183 2047 a.
204 2022 227 2047 5.
248 2029 274 2054 q.
295 2023 313 2046 l.
327 2036 361 2039 —
375 2022 411 2047 De
425 2024 477 2047 toto
491 2025 537 2047 art.
551 2022 681 2054 Durand.⁷
697 2023 738 2047 hic
752 2029 776 2054 q.
796 2023 801 2046 1
814 2030 819 2053 ;
835 2022 937 2053 Dionys.
952 2021 1036 2047 Carth.
1047 2043 1053 2054 ,

101 2067 142 2091 hic
162 2074 186 2099 q.
208 2068 230 2091 2.
252 2067 275 2092 3.
297 2066 404 2098 (passim
425 2066 555 2099 tangens).

685 1934 726 1959 97.
752 1942 776 1959 a.
802 1934 824 1959 4.
845 1948 878 1952 ——-
898 1935 924 1959 B.
945 1934 1055 1966 Albert.,

1195 1891 1218 1915 ll.
1240 1890 1275 1915 De
1294 1891 1440 1921 cognitione
1460 1890 1641 1916 damnatorum
1663 1891 1735 1922 plura
1751 1894 1910 1923 quaeruntur
1927 1892 1989 1916 infra
2006 1898 2030 1922 p.
2045 1891 2070 1916 ll.

1120 1942 1142 1960 a.
1162 1935 1180 1966 l;
1196 1934 1239 1959 ubi
1260 1935 1334 1959 otiam
1356 1934 1388 1959 ab
1409 1935 1463 1959 aliis
1482 1934 1620 1959 Lombardi
1647 1935 1893 1960 commentatoribus
1913 1935 1978 1961 duae
1998 1943 2070 1967 seqq.

1123 1980 1301 2011 quaestiones,
1323 1979 1355 2003 de
1376 1979 1472 2010 quibus
1498 1979 1641 2010 specialiter
1668 1986 1716 2004 non
1745 1983 1863 2010 tinniant,
1884 1980 2005 2011 implicito
2026 1980 2071 2004 sol-

1123 2026 1228 2049 vuntur.

968 2181 1150 2222 QUAESTto
1174 2182 1207 2213 ll.

389 2280 506 2311 Utrum
531 2279 566 2310 iu
590 2279 759 2311 damnatis
782 2283 880 2310 erimt
903 2278 1051 2310 ienebrcte
1073 2278 1265 2320 spirituales
1289 2279 1400 2321 quoad
1422 2282 1534 2310 (telum
1559 2279 1780 2321 eogyiioseemli.

191 2390 333 2423 Secundo
365 2390 547 2432 quaeritur,
571 2393 678 2421 utrum
712 2393 805 2422 erunt
836 2389 877 2421 ibi
906 2389 1053 2421 tenebrae

101 2443 281 2486 spirituales
305 2447 458 2485 quantum
483 2443 521 2475 ad
546 2446 649 2475 actum
676 2442 891 2484 cognoscendi.
910 2442 944 2474 Et
968 2442 1049 2484 quod

101 2497 162 2536 sic,
186 2496 329 2529 videtur:

191 2551 217 2581 l.
250 2550 330 2590 Quia
360 2557 468 2587 caeco,
501 2549 694 2590 ubicumque
726 2552 789 2587 est,
821 2552 867 2580 est
898 2545 1053 2585 'tenebra3

100 2603 153 2635 sed
180 2602 252 2634 mali
285 2605 315 2634 et
347 2602 483 2634 damnati
515 2605 587 2634 sunt
611 2601 767 2633 excaecati
798 2610 853 2642 por
882 2600 1053 2639 malitiam,

1117 2389 1290 2430 Sapientiae
1326 2389 1506 2421 secundoss:
1542 2390 1737 2421 Effeci-eertum
1773 2400 1825 2421 eos
1860 2390 1991 2422 malitia
2023 2400 2068 2422 eo-

1116 2451 1212 2473 rum:
1238 2450 1312 2481 ergo
1337 2442 1359 2473 si
1387 2441 1426 2473 ibi
1451 2442 1562 2474 crescit
1587 2442 1721 2478 malitia.
1746 2451 1820 2483 ergo
1846 2447 1875 2474 et
1900 2444 2041 2476 caecitas.

1206 2496 1234 2526 Ξ).
1259 2494 1350 2529 ltem.
1378 2495 1569 2535 Augustinus
1593 2495 1667 2526 dicit
1691 2504 1786 2536 super
1813 2496 1969 2528 l'saltnum
2000 2505 2068 2529 sex-

1118 2547 1221 2578 tum⁹:
1253 2547 1325 2578 «lbi
1361 2547 1506 2579 tenebrae
1538 2547 1711 2579 exteriores
1739 2551 1848 2581 erunt.
1882 2549 1955 2589 quia
1985 2549 2068 2589 peni-

1119 2604 1168 2631 tus
1193 2603 1284 2631 extra
1310 2600 1407 2631 Deum
1434 2604 1536 2632 erunt.
1562 2600 1640 2641 Quid
1666 2601 1747 2632 enirn
1773 2603 1820 2632 ost
1843 2606 1934 2632 extra
1967 2601 2066 2633 Deum

169 2758 177 2774 ¹
198 2758 320 2790 Gregor.⁷
341 2758 383 2783 lx.
404 2757 490 2783 Morai.
511 2764 533 2782 c.
553 2757 594 2782 66.
615 2764 638 2782 n.
664 2758 724 2782 101:
746 2757 871 2788 Quamvis
885 2758 934 2781 illie
948 2758 1014 2788 ignis
1027 2760 1051 2781 ct

98 2802 131 2827 ad
151 2802 351 2827 consolationem
373 2808 423 2827 non
444 2802 524 2833 lucet,
543 2804 568 2827 et
591 2804 690 2833 tamen,
712 2805 738 2826 ut
757 2802 841 2833 magis
861 2804 995 2833 torqueat,
1018 2801 1051 2825 ad

98 2846 194 2878 aliquid
214 2846 288 2871 lucet.
309 2846 372 2871 Nam
391 2852 516 2878 sequaces
530 2853 668 2878 quousque
688 2852 749 2871 suos
769 2852 857 2870 seeum
872 2846 896 2869 in
924 2848 1050 2870 tormento

98 2889 202 2921 reprobi
223 2890 326 2915 [lamnia
347 2891 485 2915 illustrante
505 2891 586 2914 visuri
606 2894 663 2914 sunl
685 2893 732 2914 etc.

171 2933 181 2949 2
200 2933 230 2958 Ut
249 2937 379 2959 ostensum
400 2936 438 2958 est
457 2940 535 2964 supra
556 2933 581 2958 d.
603 2932 643 2958 44,
664 2940 688 2964 p.
710 2933 736 2958 ΙΙ.
758 2940 780 2958 a.
802 2933 827 2958 2.

100 2977 135 3004 ibi
153 2978 177 3003 et
196 2976 313 3003 luminis.

170 3021 181 3038 3
200 3021 273 3046 Vers.
292 3021 335 3046 13:
350 3021 443 3052 Ligatis
456 3020 577 3046 manibus
590 3023 614 3046 et
629 3020 740 3052 pedibus
753 3021 921 3052 eius‚1nittite
932 3027 991 3045 euni
1003 3023 1050 3045 etc.

101 3080 135 3084 —
153 3066 275 3097 Gregor.‚
296 3066 340 3090 lX.
362 3065 447 3090 morat.
468 3072 489 3090 c.
510 3065 552 3090 65.
573 3072 596 3090 n.
616 3065 664 3096 97,
687 3065 818 3096 praedicto
842 3064 924 3089 verbo
951 3065 1050 3089 Domini

100 3108 247 3140 subiungit:
258 3109 283 3133 Si
295 3109 381 3141 itaque
394 3109 469 3140 ignis,
479 3108 523 3140 qui
537 3107 664 3139 reprobos
678 3108 782 3139 cruciat,
798 3108 883 3132 lumen
899 3107 994 3132 habero
1009 3114 1051 3138 po-

100 3153 202 3184 tuisset,
217 3153 238 3177 is
252 3153 296 3185 qui
309 3152 448 3184 repellitur,
463 3158 628 3184 nequaquam
650 3152 713 3176 mitti
733 3152 756 3175 in
778 3151 897 3176 tenebras
914 3151 1050 3176 (liceretur.

171 3194 182 3211 ⁴
201 3195 350 3227 Euripides:
374 3205 385 3218 α
396 3196 487 3227 Quivis
507 3196 584 3220 homo
598 3195 752 3225 delectatur,
767 3194 829 3219 dum
845 3195 930 3219 lumen
945 3194 1015 3219 videt
1026 3203 1049 3218 ι).

100 3239 223 3271 August,
244 3240 327 3265 Serni.
349 3240 390 3264 28.
411 3239 483 3271 (alias
502 3239 526 3264 7.
552 3239 643 3264 editor.
669 3246 699 3264 ex
725 3238 841 3264 Carthus.
868 3239 940 3269 mss.)
968 3245 990 3262 n.
1022 3238 1050 3262 3:

100 3283 154 3308 Lux
174 3284 219 3308 ista
240 3283 313 3308 cibus
332 3287 370 3309 est
389 3284 538 3314 oculorum;
559 3284 608 3308 hac
627 3283 723 3307 lumina
744 3284 827 3307 nostra
853 3285 1007 3313 pascuntur,
1028 3284 1052 3306 et

101 3328 122 3352 si
136 3328 194 3359 quis
207 3327 303 3353 diutius
316 3329 340 3352 in
355 3327 467 3353 tenebris
481 3328 567 3359 fuerit,
581 3329 704 3358 tanquam
718 3326 855 3351 ieiunando
870 3325 991 3351 deliciunt
1004 3328 1051 3351 etc.

101 3370 152 3396 Ct'r.
174 3372 199 3395 in
219 3371 285 3396 loan.
305 3371 402 3403 Evang.
423 3374 453 3396 tr.
474 3371 514 3395 13.
535 3378 558 3395 n.
580 3370 603 3395 5.
623 3384 658 3388 —
671 3369 752 3395 Codd.
766 3369 817 3394 LY
831 3369 930 3394 addunt
943 3370 981 3395 esi
993 3375 1052 3395 oeu-

242 3423 270 3450 S.
290 3424 389 3450 Bonav.
409 3438 444 3442 --
464 3424 538 3449 Tom.
559 3423 600 3448 lV.

855 2940 879 2965 q.
905 2934 924 2958 1.
939 2947 973 2950 -
986 2932 1049 2957 aaa.

1116 2755 1155 2781 lis.
1176 2756 1201 2780 ln
1223 2755 1271 2780 fine
1291 2762 1345 2786 arg.
1366 2763 1395 2779 nx
1410 2755 1485 2779 codd.
1500 2755 1516 2778 t.
1529 2755 1546 2779 l’.
1560 2755 1581 2779 Y
1595 2755 1775 2779 substituinuis
1794 2755 1955 2781 illumimtlio
1975 2762 2068 2789 corpo-

1114 2799 1182 2825 ralis
1206 2806 1253 2830 pro
1271 2799 1407 2825 delectatio
1427 2799 1589 2831 corporalis,
1613 2800 1668 2825 ‹·od.
1691 2799 1708 2823 F
1729 2799 1778 2825 luat
1797 2799 1954 2833 corporalis.

1186 2844 1196 2859 ⁵
1216 2844 1282 2868 Libr.
1305 2844 1320 2867 l.
1341 2845 1407 2868 svnt.
1428 2851 1449 2867 ‹·.
1471 2844 1512 2868 28.
1536 2850 1558 2867 n.
1585 2843 1614 2867 2:
1642 2843 1727 2874 lgneni
1755 2844 1887 2874 gehennae
1913 2844 1945 2868 ad
1970 2844 2067 2876 aliquid

1115 2888 1200 2912 lumen
1222 2887 1331 2917 habero,
1351 2887 1381 2911 :id
1403 2887 1499 2919 aliquid
1521 2894 1569 2911 uon
1591 2887 1699 2915 habore:
1721 2888 1768 2912 hoo
1787 2891 1838 2918 est,
1860 2887 1954 2912 babere
1981 2888 2066 2912 lunion

1114 2932 1147 2957 ad
1166 2932 1371 2962 damnationem,
1392 2934 1419 2956 ut
1439 2931 1542 2956 rideant
1562 2932 1632 2962 impii
1653 2931 1721 2955 undo
1741 2932 1855 2961 dol-“ant;
1870 2936 1893 2957 ot
1909 2939 1956 2956 nou
1973 2932 2068 2957 habero

1115 2976 1147 3001 ad
1167 2976 1381 3007 consolationem,
1404 2983 1433 2999 no
1453 2975 1557 3000 videant
1576 2975 1645 2999 unde
1665 2975 1802 3006 gaudeant.

1185 3019 1195 3035 ⁸
1215 3019 1363 3043 Secundum
1384 3020 1500 3049 Ariston,
1523 3019 1551 3043 V.
1572 3019 1660 3050 Topic.
1681 3026 1702 3043 c.
1725 3020 1748 3043 53.
1770 3019 1802 3044 (‹·.
1823 3019 1858 3051 5.)
1874 3022 1923 3043 tro<
1937 3024 1996 3044 sunt
2010 3027 2067 3050 spe-

1115 3063 1166 3086 cies
1186 3063 1263 3093 ignis,
1286 3062 1338 3086 scil.
1359 3061 1452 3092 curbo,
1475 3062 1576 3085 [lamnia
1597 3066 1620 3087 et
1651 3063 1699 3086 lux‘.
1729 3061 1780 3086 Cir.
1811 3069 1888 3093 <upra
1919 3069 1977 3093 pag.
1999 3063 2064 3094 926,

1116 3109 1173 3130 nota
1189 3106 1212 3130 8.
1225 3119 1261 3124 —
1273 3106 1398 3136 Superius
1418 3113 1464 3136 pro
1486 3106 1513 3130 ul
1532 3105 1559 3130 in
1579 3107 1666 3131 terren
1681 3105 1720 3132 vel
1742 3105 1820 3130 aerea
1839 3106 1933 3138 aliquot
1953 3106 2028 3131 codd.
2043 3109 2067 3132 ot

1116 3149 1176 3175 edd.
1194 3150 1224 3174 ul
1243 3148 1270 3174 iit
1290 3151 1362 3174 tert-u
1377 3149 1418 3175 rel
1435 3149 1505 3174 aifre.
1522 3150 1575 3173 Mox
1597 3157 1643 3180 pro
1664 3149 1798 3175 tenum-ani
1812 3151 1869 3175 cod.
1885 3151 1901 3174 L
1920 3149 2048 3175 lambras.

1186 3193 1196 3209 ⁷
1217 3194 1303 3218 Plures
1322 3193 1397 3218 codd.
1418 3197 1442 3218 et
1455 3193 1513 3218 edd.
1529 3194 1650 3224 supplent
1662 3195 1706 3218 est.
1723 3194 1770 3218 Pro
1783 3192 1944 3225 sieiilositulis
1958 3193 2032 3218 codd.
2049 3193 2066 3217 Β

1116 3237 1162 3263 CL
1174 3238 1192 3261 Ρ.
1206 3237 1225 3261 U
1237 3237 1257 3261 Y
1275 3237 1475 3269 simio-silatum,
1498 3237 1556 3262 edd.
1577 3236 1725 3269 [uitiositas.

1187 3280 1197 3297 ⁸
1217 3281 1288 3305 Vors.
1310 3282 1355 3305 ⁵21:
1377 3281 1525 3305 lixcaeearit
1544 3282 1612 3305 enini
1633 3281 1688 3305 illos
1708 3281 1799 3305 mulitia
1820 3287 1920 3305 eorum.

1186 3325 1197 3341 ⁹
1217 3325 1288 3350 Veis.
1309 3326 1332 3349 8.
1354 3332 1376 3350 n.
1398 3326 1420 3349 8.
1441 3325 1505 3349 Vidi·
1527 3325 1566 3349 mi·
1587 3325 1619 3349 iit.
1642 3325 1767 3355 Magistri,
1789 3332 1810 3349 (κ
1832 3326 1859 3356 2,
1876 3324 1918 3349 ubi
1934 3329 1991 3356 post
2004 3324 2065 3358 qula

1116 3368 1219 3394 additur
1238 3369 1301 3394 limo
1319 3370 1476 3401 peccatorem

1878 3422 1917 3445 131
