2483 3882
0 1987 49 2015 pinio
63 1987 82 2008 [ι.

744 261 836 293 DIST.
862 260 935 293 XIV.
960 261 990 292 P.
1015 261 1034 292 Ι.
1059 260 1141 292 ART.
1166 260 1197 292 ΙΙ.
1223 261 1375 302 QUAEST.
1400 261 1419 292 Ι.

99 349 194 386 ratio,
215 351 250 380 ut
273 352 320 380 est
344 347 462 386 itidem,
486 347 620 389 imperat
645 348 697 379 toti
723 348 862 387 animae3
887 348 959 381 hinc
983 352 1047 387 est,

98 401 182 444 quod
205 401 323 433 iustitia
347 400 515 433 cardinalis
539 400 661 440 dicitur
685 409 794 433 omnes
819 401 901 433 vires
925 401 1048 433 animae

98 450 232 488 circuire
245 454 263 485 ¹.
289 454 323 486 Et
347 454 419 486 hinc
451 457 514 492 est,
540 453 624 495 quod
656 453 784 485 habitus
808 454 961 492 continet,
994 454 1047 496 qui

98 507 243 539 videntur
267 507 307 538 ad
331 504 531 548 affectionem
550 503 722 546 pertinere,
741 505 822 537 sicut
838 505 1045 538 obedientiam

97 564 126 592 et
142 559 381 601 poenitentiam3
398 562 428 591 et
445 558 516 590 binc
533 562 595 596 θεῖ,
613 558 696 600 quod
715 558 903 599 poenitentia
926 558 955 590 in
977 568 1047 590 ‘imici

96 612 130 643 vi
144 616 207 650 cst,
225 615 329 644 tamen
345 611 468 643 mullas
491 611 636 643 circuire
652 610 795 648 videtur;
813 614 844 643 et
860 610 929 643 ideo
947 610 977 641 in
994 619 1047 642 rct-

98 664 214 697 lionali
235 668 299 704 θεῖ,
318 669 351 696 ut
367 669 414 697 est
434 664 575 706 reyiliva
596 663 761 696 irascibilis
778 658 808 695 et
825 663 1047 705 concupiscibi-

98 717 172 756 lis²‚
198 721 233 748 ut
257 720 380 749 moveat
405 716 678 758 concupiscibilem
709 716 748 748 ad
774 715 963 757 gemendum
988 724 1046 756 pro

97 769 202 811 culpa,
227 773 257 801 et
282 769 468 801 irascibilem
494 769 533 801 ad
559 768 754 809 puniendum
774 769 872 809 ipsam
897 767 1045 799 animani.

183 822 241 854 Sed
267 831 323 854 nec
340 822 417 854 illud
435 825 482 854 est
499 822 634 853 inultum
653 821 837 853 rationabile
855 821 1045 862 inspicienti,

74 875 179 918 -quod
204 875 408 917 poenitentia⁷
426 884 506 916 quae
531 875 560 906 in
586 873 704 917 [effectu
730 875 867 906 maxime
893 877 998 912 sonat,
1016 876 1046 906 et

94 928 272 965 humilitas,
304 936 384 969 quae
409 931 455 960 est
484 927 603 969 species
636 927 788 965 iustitiae,
822 927 860 959 sit
892 927 922 958 in
947 926 1047 957 ralio-

95 980 174 1012 nali.
191 999 233 1003 -
253 980 286 1012 Et
309 980 459 1019 ulterius,
482 980 609 1011 habitus
632 979 759 1011 virtutis
780 988 841 1011 non
864 979 956 1011 debet
973 978 1045 1020 poni

96 1033 178 1065 circa
211 1033 359 1065 virtutem
394 1032 628 1074 imperantem,
665 1032 718 1064 sed
752 1032 937 1064 elicientem.
969 1031 1046 1063 Nam

96 1086 126 1117 in
149 1085 301 1118 eliciendo
326 1088 372 1117 est
396 1084 594 1128 difficultas,
626 1087 656 1117 et
689 1088 832 1126 respectu
866 1084 952 1116 illius
981 1084 1046 1116 sive

95 1139 214 1170 ratione
238 1138 323 1170 illius
352 1142 399 1170 est
430 1137 635 1175 lia-bilit‘ctlio;
666 1138 751 1170 unde
784 1141 887 1169 motus
922 1137 1046 1169 virtutis

97 1200 157 1222 non
181 1190 296 1223 dicitur
321 1199 388 1223 esse
420 1191 517 1222 liuius
546 1190 673 1232 proprie
705 1190 754 1222 vel
788 1190 871 1222 illius
903 1190 960 1221 nisi
988 1189 1048 1221 vir-

96 1244 171 1276 tutis
195 1243 369 1275 clicicnlis:
395 1243 475 1275 sicut
499 1243 522 1276 si
549 1243 677 1275 caritas
702 1243 835 1285 imperet
864 1242 1046 1280 continere,

96 1297 144 1328 vel
161 1290 299 1328 “iustitia
319 1306 494 1338 puynoroe
526 1300 630 1328 tamen
662 1296 826 1328 continere
850 1304 975 1336 semper
1000 1298 1047 1326 est

96 1350 319 1388 continentiae,
344 1353 373 1382 et
397 1354 481 1381 rcclc
504 1359 656 1391 pugnare
673 1354 720 1382 est
741 1349 943 1381 fortitudinis.
963 1349 1048 1380 Sicut

94 1411 168 1444 ergo
190 1402 352 1443 poenitere
376 1412 436 1434 uon
461 1406 507 1434 est
532 1402 588 1434 uisi
615 1402 836 1444 poenitentiae,
854 1402 897 1434 sic
915 1400 1047 1433 babitus

96 1464 155 1487 non
180 1459 226 1487 est
256 1455 283 1486 in
319 1455 434 1487 virtute
467 1455 658 1496 imperante,
690 1456 744 1487 sed
778 1455 938 1490 cliclcntc,·
971 1454 1047 1485 haec

96 1513 199 1540 autem
227 1518 285 1540 non
312 1512 357 1540 est
383 1508 428 1539 vis
460 1508 659 1546 rationalis,
693 1508 747 1540 sed
781 1508 827 1540 vis
859 1507 1047 1549 ctffcclioac,

95 1564 124 1593 et
141 1561 279 1592 maxime
296 1560 494 1598 irascibilis,
513 1560 593 1593 sicut
609 1564 693 1602 patet
710 1569 751 1592 ex
770 1560 943 1592 rationibus
957 1559 1047 1600 prius

97 1613 201 1646 visis3.
227 1614 301 1645 Nam
328 1614 516 1655 poenitentia
541 1622 600 1645 non
628 1617 750 1645 tantum
769 1613 896 1654 respicit
912 1612 1047 1648 vilium,

95 1667 176 1708 quod
204 1667 421 1702 abominatur.
446 1671 598 1708 quantum
625 1662 961 1708 subiectumpeccati‚
979 1675 1048 1697 cou-

95 1722 143 1751 tra
168 1720 250 1761 quod
278 1720 411 1760 insurgit
434 1724 464 1752 et
489 1719 572 1761 quod
599 1719 790 1761 insurgendo
815 1720 922 1761 punit3
940 1723 969 1751 et
986 1728 1047 1750 non

97 1776 156 1804 tam
193 1773 318 1814 respicit
350 1772 481 1814 culpam
518 1773 583 1805 sive
617 1773 785 1811 offensam,
822 1782 916 1814 quani
953 1773 1045 1805 etiam

95 1826 284 1863 cinciiclctni,⁸
301 1830 331 1858 et
348 1827 407 1858 ista
430 1826 563 1858 emenda
587 1830 633 1858 θεῖ
658 1826 687 1857 in
713 1835 830 1868 poenae
848 1826 1047 1864 sufferentia,

95 1882 125 1910 et
148 1879 218 1911 ideo
243 1883 325 1911 recte
350 1880 465 1911 dicitur
491 1879 645 1911 vindicta.

185 1932 218 1963 Et
243 1932 312 1963 ideo
336 1935 382 1963 est
411 1931 471 1963 alia
503 1932 624 1973 opinio,
656 1931 739 1973 quod
775 1932 980 1973 poenitentia,
1013 1936 1044 1963 ui

97 1988 143 2017 θεῖ
166 1984 318 2026 specialis·
343 1985 462 2023 virtus,
487 1985 587 2016 est-in
615 1984 788 2016 irascibili.
819 1985 901 2016 Hanc
925 1985 1044 2026 positio·

95 2047 166 2070 nem
192 2037 286 2069 credo
312 2037 565 2079 probabiliorem.
583 2037 647 2069 Non
665 2038 747 2069 enim
766 2037 872 2079 capio,
890 2037 1047 2079 quomodo

59 2092 64 2096 ’
96 2090 285 2132 poenitentia
311 2091 338 2122 in
365 2090 516 2122 omnibns
543 2090 669 2121 nii-ibus
693 2099 761 2122 esse
786 2091 901 2132 possit,
919 2099 990 2122 cum
1009 2091 1048 2123 sit

0 2621 54 2643 :lusio
66 2621 84 2643 1.

0 2884 55 2906 ilusio
65 2885 83 2906 2.

97 2142 227 2175 babitus
250 2143 411 2184 specialis.
436 2162 479 2166 --
504 2143 551 2175 Sic
576 2152 633 2176 nec
658 2143 831 2175 secundum
851 2143 957 2185 capio,
975 2153 1047 2185 quo·

96 2196 188 2228 inodo
212 2196 318 2227 omnis
344 2196 443 2228 virtus
469 2197 507 2228 sit
531 2196 560 2227 in
593 2205 655 2228 una
686 2197 734 2234 vi,
768 2197 930 2238 supposito
963 2197 1047 2238 quod

97 2249 250 2290 potentiae
275 2249 442 2281 rationales
467 2250 527 2281 sint
552 2249 678 2290 plnres,
711 2258 791 2291 quae
824 2252 897 2282 sunt
920 2250 1048 2291 proprie

99 2302 196 2343 ipsius
221 2302 359 2340 animae,
384 2306 419 2333 ut
443 2301 603 2333 rationalis
627 2306 691 2341 est,
717 2302 781 2334 sive
807 2302 867 2335 sint
891 2303 1000 2344 plures
1018 2303 1046 2334 in

101 2358 253 2396 quantum
271 2355 280 2371 ⁴
308 2355 489 2395 polentiae,
519 2355 601 2393 sive,
626 2359 661 2387 ut
697 2355 805 2388 dicunt
838 2356 908 2392 alii.
942 2356 1048 2397 plures

98 2408 193 2439 vires.
218 2427 261 2430 —
284 2407 343 2439 Nec
370 2408 514 2446 tertium,
539 2408 697 2449 quomodo
726 2409 915 2450 poenitentia
940 2413 970 2441 θῖ
994 2409 1050 2440 liu-

99 2461 213 2492 militas
238 2461 298 2492 sint
322 2461 351 2492 in
376 2461 526 2498 ratione,
550 2470 620 2493 cum
648 2462 769 2499 dicant⁷
795 2462 879 2503 quod
905 2466 952 2494 θεῖ
975 2461 1049 2504 offc-

97 2513 231 2551 cilonis,
258 2517 291 2545 ut
316 2513 408 2545 eiiam
434 2514 500 2554 ipsa
526 2522 596 2554 spes
622 2514 670 2545 >vel
695 2515 818 2546 caritas.
852 2534 895 2537 ——
922 2515 955 2546 Et
980 2515 1049 2546 ideo

98 2566 282 2603 dicendum.
309 2566 390 2607 quod
418 2575 489 2598 cuni
517 2567 706 2607 poenitentia
731 2567 769 2598 de
794 2576 826 2598 se
859 2567 942 2599 dicat
966 2566 1050 2598 liabi-

100 2622 164 2650 tum
190 2618 383 2661 affectioni&
401 2619 485 2660 quod
510 2623 556 2650 est
580 2619 608 2650 in
630 2619 768 2659 potentia
792 2618 952 2661 ctisfcclioct.
971 2619 1048 2650 Cum

99 2676 203 2704 autem
229 2672 311 2704 dicat
336 2672 529 2703 affectionem
563 2671 632 2703 odii
660 2672 708 2703 vel
742 2671 865 2703 doloris
894 2676 929 2703 ut
954 2672 1051 2703 vindi·

100 2729 165 2757 ctae
189 2729 219 2757 et
245 2728 278 2757 ut
303 2725 478 2766 punientis.
511 2725 591 2756 sicut
624 2728 707 2765 patet
736 2734 775 2756 ex
808 2725 973 2766 multiplici
998 2734 1050 2756 an-

100 2777 239 2810 ctoritate
264 2781 294 2809 et
318 2778 438 2809 ratione
464 2778 491 2809 iu
518 2777 743 2819 opponendo&
769 2781 798 2809 et
823 2777 901 2809 illud
926 2777 1049 2815 odium,

99 2830 180 2871 quod
206 2835 252 2863 est
276 2840 346 2863 cum
374 2831 620 2868 insurrectione,
647 2830 685 2862 sit
709 2830 739 2861 in
765 2830 930 2862 irascibili
947 2834 1050 2871 poten-

99 2882 156 2914 tia:
182 2883 265 2924 quod
291 2884 357 2924 ipsa
383 2883 570 2924 poenitentia
595 2887 641 2915 est
666 2883 695 2914 in
721 2882 893 2914 irascibili.

1999 263 2061 295 325

1200 349 1228 381 Si
1254 348 1437 388 obiiciatur,
1469 349 1627 390 quomodo
1656 349 1713 381 hoc
1743 349 1840 390 possit
1871 358 1956 388 esse,
1989 359 2060 383 cum

1113 401 1152 434 sit
1176 401 1295 442 species
1319 401 1481 440 iustiliae,
1500 401 1649 433 iustitiam
1667 405 1772 433 autem
1795 410 1921 434 necesse
1938 402 1977 434 sit
1993 411 2061 435 θεεθ

1113 453 1142 484 in
1167 463 1231 485 una
1255 454 1391 495 potentia
1415 458 1565 496 tanquam
1591 454 1734 486 habitum
1759 463 1878 492 unuin:
1910 454 1987 487 haec
2011 464 2063 487 au-

1112 509 1173 537 tem
1200 515 1260 538 non
1284 510 1386 548 potest
1409 515 1477 539 esse
1502 506 1702 544 irascibilis,
1731 507 1805 548 quia
1829 507 1929 548 magis
1952 511 1999 540 θεῖ
2016 508 2063 540 vis

1110 558 1254 590 rationis
1286 559 1336 591 ius
1368 559 1502 592 reddere
1538 568 1632 601 quam
1670 559 1826 601 potentiae
1862 560 2063 598 irascibilis;

1111 610 1298 649 dicendum,
1323 612 1405 653 quod
1432 612 1500 653 ipsa
1524 612 1641 644 iustitia
1664 617 1711 645 est
1735 613 1764 644 in
1795 613 1897 645 tribus
1924 613 2061 651 viribus,

1110 663 1284 695 secundum
1310 665 1394 705 quod
1425 664 1498 696 dicit
1530 665 1637 697 Glossa
1670 674 1765 706 snper
1798 666 1924 698 Genesis
1956 675 2062 699 secun-

1109 715 1219 753 dum0,
1244 716 1327 757 quod
1356 720 1558 758 comparatur
1584 717 1701 750 iustitia
1734 719 1894 759 Euphrati.
1911 738 1955 741 ——
1972 719 2006 750 Et
2032 719 2064 750 si

1111 767 1268 799 obiicias.-
1293 769 1452 809 quomodo
1478 774 1577 810 potest
1602 779 1669 802 esse
1694 771 1820 803 babitus
1844 771 1956 803 linus?
1974 772 2061 810 dico,

1109 820 1193 861 quod
1212 820 1330 853 iustitia
1346 822 1516 854 cardinalis
1533 831 1600 855 esse
1617 823 1743 855 habitus
1760 832 1843 855 unus
1860 824 1985 861 dicitur,
2000 833 2061 856 non

1109 872 1190 905 sicut
1214 873 1379 905 conclusio
1400 875 1624 915 particularis
1656 875 1771 907 dicitnr
1804 876 1931 909 habitus
1960 886 2060 915 unus,

1109 925 1163 957 sed
1190 925 1270 957 sicut
1296 935 1358 957 una
1384 926 1492 958 localis
1516 927 1654 959 scientio.
1679 928 1794 960 dicitnr
1817 938 1899 961 unus
1917 929 2060 967 habitus;

1109 982 1144 1010 ut
1168 979 1390 1020 grammatica,
1415 989 1495 1021 quae
1521 981 1637 1013 multos
1662 982 1797 1013 eontinet
1823 982 1948 1014 habitus
1970 983 2063 1024 parti-

1109 1031 1249 1070 culares,
1284 1036 1314 1064 et
1346 1033 1534 1073 gemnetria3
1558 1033 1601 1065 sic
1632 1037 1661 1065 et
1686 1034 1804 1066 iustitia
1834 1034 2061 1073 obedientiam,

1109 1085 1338 1124 humilitatem,
1357 1086 1578 1127 poenitentiam
1596 1090 1626 1118 et
1644 1087 1817 1128 largitatem
1836 1092 1866 1120 et
1883 1089 2061 1131 veritatenn

1109 1142 1140 1169 et
1165 1138 1338 1170 secundun]
1366 1139 1440 1171 istos
1465 1139 1591 1171 habitus
1623 1140 1830 1180 particulares
1863 1145 1964 1182 potest
1995 1147 2063 1173 esse

1110 1191 1140 1222 in
1167 1191 1302 1223 diversis
1326 1192 1481 1232 potentiis.
1506 1192 1581 1223 Nam
1608 1192 1723 1225 veritas
1755 1197 1802 1225 est
1826 1193 1856 1224 in
1882 1194 2060 1232 rationali,

1113 1243 1240 1285 largitas
1265 1244 1293 1276 in
1320 1245 1586 1287 concupiscibili,
1619 1246 1808 1287 poenitentia
1840 1251 1870 1278 et
1902 1247 2063 1279 humilitas

1112 1297 1140 1328 in
1167 1297 1333 1329 irascibili
1341 1310 1351 1335 ;
1384 1298 1538 1330 uniuntur
1565 1302 1667 1331 tamen
1693 1308 1801 1331 omnes
1836 1300 1863 1331 in
1898 1309 1991 1331 unam
2019 1310 2064 1331 ra-

1111 1349 1243 1384 tionem.
1268 1359 1349 1391 quae
1373 1354 1420 1382 est
1443 1351 1578 1383 reddere
1602 1352 1781 1394 unicnique
1805 1352 1856 1384 z'ttS
1873 1362 1971 1384 sitiam
1986 1354 2016 1390 ⁷;
2033 1358 2063 1385 et

1111 1402 1180 1434 ideo
1205 1403 1342 1435 subeunt
1366 1404 1518 1436 rationem
1544 1405 1639 1437 unius
1672 1405 1796 1437 virtutis
1830 1406 2007 1439 cardinatis.
2033 1407 2062 1438 Si

1110 1464 1184 1496 ergo
1210 1456 1326 1487 iustitia
1351 1457 1519 1489 cardinalis
1543 1461 1624 1489 esset
1657 1467 1739 1489 'nnus
1772 1458 1898 1490 habitus
1930 1459 2063 1500 particu-

1111 1507 1185 1540 laris
1210 1513 1239 1540 et
1264 1509 1398 1550 simplex
1423 1510 1550 1541 omnino
1574 1514 1604 1542 et
1628 1510 1801 1548 indivisus;
1834 1515 1908 1543 tunc
1935 1512 2063 1544 liaberet

1111 1561 1213 1593 locuni
1239 1562 1387 1601 obiecti0;
1412 1563 1497 1604 quod
1522 1572 1593 1595 cum
1620 1573 1679 1595 non
1706 1564 1761 1601 sit,
1789 1568 1871 1605 patet
1896 1565 1984 1597 illud.

1206 1616 1228 1646 l.
1255 1615 1297 1646 Ad
1323 1615 1400 1647 illud
1435 1625 1509 1656 ergo
1542 1617 1624 1657 quod
1658 1616 1821 1655 obiicitur,
1854 1617 1935 1658 quod
1971 1618 2064 1650 sitin

1110 1668 1289 1707 synderesi;
1315 1668 1501 1705 dicendum.
1526 1670 1609 1710 quod
1635 1674 1857 1710 argumentum
1889 1670 1967 1702 illud
1993 1671 2065 1703 defi-

1111 1721 1167 1757 cit.
1193 1721 1266 1762 quia
1288 1730 1416 1762 gycnzerc
1440 1730 1500 1753 non
1519 1726 1564 1753 est
1583 1723 1761 1763 synderesis
1783 1727 1817 1754 ut
1835 1723 1990 1755 clicicnlis
2008 1733 2063 1756 nec

1110 1777 1145 1804 ut
1167 1772 1306 1815 perfecte
1331 1774 1546 1815 imperantis,
1577 1775 1650 1816 quia
1675 1776 1719 1807 sic
1744 1776 1821 1807 nibil
1846 1780 1947 1817 potest
1972 1776 2065 1818 impe—

1111 1834 1181 1857 rare
1207 1825 1306 1857 libero
1330 1826 1478 1865 arbitrio;
1503 1827 1557 1859 sed
1577 1828 1680 1868 potius
1697 1833 1744 1860 est
1762 1833 1796 1860 ut
1812 1838 2067 1861 reinztrinnrctn-

1112 1878 1152 1910 lis
1176 1879 1264 1911 malo
1289 1883 1318 1911 et
1342 1879 1499 1911 dictantis
1532 1880 1670 1918 bonnm,
1704 1881 1776 1922 qnia
1810 1882 1997 1913 naturaliter
2022 1891 2068 1914 re-

1112 1935 1291 1964 murmurat
1318 1932 1413 1970 malo;
1442 1938 1471 1965 et
1496 1933 1525 1964 in
1554 1934 1611 1965 boc
1640 1942 1748 1965 errare
1781 1944 1840 1966 non
1876 1935 2006 1976 potesis.
2033 1935 2068 1966 Et

1111 1985 1258 2026 quoniam
1286 1985 1386 2017 virtus
1411 1990 1457 2017 θεῖ
1482 1986 1510 2017 in
1538 1987 1692 2027 potentia,
1718 1996 1813 2028 penes
1838 1997 1931 2029 quani
1952 1988 2066 2020 residet

1110 2038 1243 2070 facultas
1267 2042 1297 2070 et
1321 2038 1490 2079 imperium
1516 2039 1658 2071 eliciendi
1684 2044 1807 2077 actumg
1843 2040 1911 2072 ideo
1936 2050 1996 2072 non
2022 2044 2067 2072 est

1112 2091 1140 2122 in
1167 2091 1346 2131 syrideresi,
1372 2092 1426 2123 sed
1453 2092 1482 2123 in
1508 2092 1607 2124 libero
1632 2093 1773 2125 arbitrio.
1801 2093 1939 2125 Libertas
1961 2097 2066 2125 autem

1111 2145 1233 2176 arbitrii
1259 2154 1318 2176 non
1345 2145 1447 2177 solum
1473 2150 1520 2178 est
1545 2146 1575 2177 in
1601 2147 1748 2184 ratione,
1782 2147 1837 2179 sed
1862 2147 1892 2178 in
1919 2147 2068 2188 concupi-

1111 2197 1219 2229 scibili
1243 2201 1273 2229 et
1298 2197 1481 2236 iro-scibili,
1507 2199 1581 2240 quia
1606 2199 1826 2241 complectitur
1859 2201 2012 2231 rationem
2037 2204 2067 2231 et

1111 2250 1323 2288 voluntatem3
1349 2255 1379 2282 et
1403 2251 1549 2283 voluntas
1573 2252 1709 2284 continet
1741 2253 1909 2293 potentiam
1941 2253 2066 2284 amandi

1111 2306 1141 2335 et
1166 2303 1358 2342 detestandi,
1384 2303 1500 2335 scilicet
1525 2305 1801 2345 concupiscibilem
1820 2309 1849 2337 et
1867 2305 2065 2337 irascibilem.

1201 2358 1230 2387 ἰ).
1257 2357 1299 2388 Δεῖ
1325 2356 1405 2388 illud
1430 2357 1513 2398 quod
1539 2358 1703 2395 obiicitur,
1737 2358 1821 2399 quod
1846 2358 1885 2390 sit
1910 2358 1939 2389 iu
1966 2358 2066 2389 ralio-

1112 2408 1206 2446 nali;
1231 2409 1418 2445 dicendum,
1450 2410 1534 2451 quod
1560 2410 1649 2441 racio
1682 2411 1797 2442 dicitur
1832 2410 2064 2451 multipliciter:

1112 2465 1215 2493 tamen
1257 2466 1409 2502 quantum
1452 2463 1585 2503 pertinet
1620 2463 1659 2494 ad
1695 2463 1913 2504 propositum,
1950 2463 2066 2495 dicitur

1113 2515 1329 2545 communiter
1359 2518 1388 2546 et
1409 2515 1546 2555 proprie
1558 2516 1577 2545 ²³.
1610 2515 1832 2547 Continziniler
1864 2516 2066 2557 comprehen-

1113 2566 1158 2597 dit
1183 2570 1282 2597 coccini
1307 2567 1479 2607 portionem
1506 2567 1628 2598 animae
1653 2567 1785 2599 divisam
1811 2572 1918 2599 contra
1935 2577 2067 2599 sensiat—

1114 2618 1255 2656 litctlcin,
1282 2619 1310 2650 in
1336 2628 1398 2660 qua
1423 2624 1583 2660 ponuntur
1610 2624 1672 2651 tres
1697 2621 1869 2660 potentiae3
1899 2626 1927 2652 et
1953 2621 1996 2653 sic
2020 2630 2067 2653 ac-

1113 2672 1228 2712 cipitur
1254 2672 1282 2702 in
1309 2672 1416 2704 Glossa
1451 2673 1617 2713 praedicta.
1650 2673 1793 2714 Proprie
1823 2674 1975 2715 accipitur
2010 2684 2066 2715 pro

1113 2725 1251 2765 potentia
1274 2725 1374 2757 divisa
1399 2730 1506 2757 contra
1539 2726 1822 2767 concupiscibilem
1855 2732 1884 2759 cl
1916 2727 2068 2759 irascibi-

1114 2776 1192 2814 lcni,·
1216 2781 1246 2809 et
1270 2778 1313 2809 sic
1337 2777 1500 2816 obiicitur„
1526 2782 1556 2810 et
1581 2779 1624 2810 sic
1649 2788 1708 2810 non
1736 2780 1817 2811 valet
1841 2780 1982 2812 obiectio.

1204 2830 1232 2862 3.
1258 2830 1300 2862 Ad
1325 2830 1402 2862 illud
1429 2831 1512 2872 qnod
1538 2831 1701 2870 obiicitur,
1726 2832 1810 2873 quod
1837 2833 1875 2864 sit
1899 2833 1928 2864 in
1954 2843 2069 2865 concu-

1111 2882 1258 2924 piscibili
1280 2887 1409 2924 propter
1435 2884 1509 2922 lioc,
1542 2884 1626 2925 quod
1657 2884 1765 2916 odium
1795 2890 1841 2917 est
1875 2886 1905 2917 in
1938 2886 2067 2920 eadem:

171 3051 178 3067 ¹
200 3052 263 3076 Vide
284 3060 362 3083 supra
384 3060 443 3084 pag.
465 3053 522 3083 323,
545 3056 602 3077 nota
627 3053 664 3077 10.

172 3096 181 3111 ‘2
201 3096 250 3121 Csr.
271 3100 332 3121 toni.
357 3097 390 3121 lll.
412 3104 471 3128 pag.
492 3097 556 3128 720,
579 3101 635 3122 nota
658 3098 680 3121 1l.
703 3097 781 3122 rerba
804 3098 904 3121 Aristot.
933 3112 965 3114 —
989 3098 1052 3121 lnse-

101 3140 154 3165 rius
179 3147 225 3171 pro
244 3140 271 3166 in
291 3141 388 3174 affectio
406 3141 524 3167 mazeline
549 3142 626 3166 sonat
646 3140 704 3174 [cfr.
726 3142 812 3172 opinio
838 3141 867 3173 l.]
888 3141 947 3166 cdd.
967 3143 1004 3167 est
1024 3141 1048 3166 in

101 3183 194 3217 affectu
214 3185 332 3210 macrinio
352 3185 419 3217 (cod.
440 3185 458 3209 N
479 3185 533 3210 ium
553 3185 678 3218 affec-lum
698 3184 817 3210 inaoeiine
836 3186 935 3216 sonat).

170 3227 181 3244 ³
200 3229 246 3253 Hic
265 3230 289 3253 in
320 3229 435 3254 fundam.
465 3228 514 3253 Ct'r.
541 3236 563 3253 a.
593 3230 612 3252 l.
642 3235 666 3260 (Ι.
688 3229 711 3252 3.
731 3242 765 3246 —
789 3229 926 3260 Aliquanto
946 3229 1051 3266 interius

103 3277 149 3302 pro
169 3273 192 3297 cl
210 3278 262 3297 non
283 3273 337 3298 loni
358 3273 433 3298 codd.
454 3273 473 3297 M
487 3272 506 3297 Ο
527 3279 556 3297 eo
576 3271 647 3305 quod
664 3278 718 3297 non
738 3273 806 3303 lam,
828 3272 869 3297 ed.
894 3273 899 3296 l
925 3279 983 3297 cuin
999 3273 1052 3304 plu-

102 3315 173 3340 ribus
192 3317 267 3341 codd.
288 3318 310 3342 el
330 3317 400 3350 quocl
418 3323 472 3342 non
492 3318 555 3341 toni.

171 3359 181 3375 ⁴
201 3360 248 3384 l‘ro
268 3360 294 3385 in
314 3362 460 3394 quantuni,
484 3360 554 3392 quod
574 3360 635 3385 cdd.
657 3361 788 3391 omittunt,
810 3360 867 3385 cod.
889 3361 911 3385 X
932 3359 1050 3393 inquam.

171 3403 182 3419 5
201 3404 301 3429 Scilicet
320 3406 344 3429 in
366 3405 479 3429 lundam.

1187 3053 1197 3069 6
1216 3053 1290 3078 Vcrs.
1319 3053 1354 3077 14.
1374 3068 1407 3071 —
1428 3053 1528 3083 Glossa,
1549 3060 1616 3085 quae
1636 3056 1671 3078 est
1693 3053 1832 3079 ordinm-ia
1854 3054 1949 3085 (sumta
1969 3062 1999 3079 ex
2021 3056 2069 3079 Au·

1116 3101 1193 3128 gust.,
1216 3097 1289 3121 cuius
1308 3096 1387 3121 verba
1409 3097 1468 3121 vide
1489 3102 1549 3121 tom.
1571 3097 1605 3121 111,
1627 3104 1685 3128 pag.
1707 3097 1772 3128 '720vv
1796 3101 1853 3122 nota
1880 3099 1937 3129 lh),
1961 3099 2008 3123 boc
2028 3100 2069 3123 eli-

1116 3141 1148 3165 cit
1168 3147 1197 3165 ex
1217 3147 1260 3171 eo,
1281 3140 1352 3172 quod
1372 3141 1403 3165 de
1424 3141 1552 3171 Euphrate
1572 3147 1620 3165 non
1640 3140 1741 3172 dicitur,
1756 3142 1840 3172 ipsum
1862 3142 1969 3167 circuire
1990 3142 2069 3167 deler-

1116 3183 1246 3209 minatam
1267 3188 1368 3208 tei-rain.
1521 3184 1531 3199 7
1550 3183 1612 3209 Cod.
1633 3184 1652 3208 G
1672 3184 1816 3218 unicuique
1834 3185 1906 3218 quod
1923 3192 2004 3211 suum
2023 3188 2067 3211 cst.

1185 3227 1196 3243 ⁸
1216 3228 1265 3253 Ct'r.
1287 3229 1312 3252 ΙΙ.
1334 3229 1401 3253 Seni.
1422 3228 1446 3252 d.
1468 3229 1508 3252 39.
1528 3235 1552 3253 a.
1575 3229 1598 3253 2.
1618 3236 1642 3260 (1.
1668 3230 1687 3253 l.
1707 3236 1780 3261 seqq.
1800 3243 1834 3246 —
1854 3230 1990 3262 Aliquanto
2009 3231 2069 3256 inse-

1117 3274 1170 3297 rius
1190 3276 1247 3303 post
1266 3272 1410 3297 secundum
1430 3272 1475 3297 sed
1494 3272 1553 3297 edd.
1574 3273 1694 3304 supplent
1713 3273 1802 3299 eliam.

1186 3317 1196 3332 9
1218 3317 1281 3341 Vide
1303 3317 1327 3341 ΙΙ.
1348 3317 1415 3341 Seni.
1437 3316 1462 3341 d.
1484 3318 1524 3341 39.
1544 3324 1567 3342 a.
1589 3319 1612 3342 2.
1633 3325 1657 3350 q.
1683 3319 1701 3342 l.
1723 3318 1754 3343 ad
1776 3319 1798 3343 2.
1819 3317 1869 3344 Csr.
1896 3320 1971 3344 ctiam
1998 3320 2065 3345 Alex.

1116 3361 1179 3391 Hal„
1200 3361 1223 3385 S.
1246 3361 1269 3384 Ρ.
1292 3361 1330 3384 tv.
1350 3368 1374 3392 q.
1400 3361 1436 3385 12.
1457 3367 1490 3385 m.
1512 3362 1535 3386 2.
1556 3368 1578 3386 a.
1599 3362 1622 3386 3.
1643 3362 1657 3394 k}
1678 3363 1706 3394 2,
1727 3362 1771 3387 ubi
1791 3363 1807 3388 7
1828 3363 1898 3388 modi
1918 3364 2067 3395 asseruntur,

1116 3405 1212 3436 quibus
1232 3403 1301 3430 ratio
1322 3405 1388 3429 suini
1410 3408 1500 3435 potest.

2116 358 2208 379 Solvitur

2077 383 2168 405 obiectio
2187 385 2207 405 1.

2078 726 2128 747 ltern
2142 725 2200 746 obie-

2090 752 2132 773 ctio
2147 753 2167 772 ΞΔ

2093 1625 2173 1647 Salutio
2187 1632 2224 1652 op—

2080 1652 2204 1679 positorum.

2081 1731 2209 1752 Notandum.

2081 2523 2202 2544 DIStinctio.
