2483 3882
316 2564 464 2590 Hieronymus.

482 237 544 268 778

480 324 539 356 Sed
564 324 633 365 quis
658 325 757 364 potest
774 322 832 353 hoc
849 320 1004 362 experiri,
1029 319 1077 351 vel
1095 320 1171 351 dare
1188 319 1343 351 licentiam
1361 329 1430 361 pro-

480 376 597 407 bandi?
626 375 741 406 Tamen
769 373 847 405 haec
870 376 899 404 et
924 371 1023 403 multo
1049 371 1167 403 maiora
1199 370 1338 412 quotidie
1362 380 1429 404 eve-

480 427 570 458 niunt
594 430 623 458 et
647 425 830 466 contingunt
844 424 864 454 ¹.

877 556 951 587 Due.
978 555 1037 587 VII.

565 690 639 721 Item
657 689 821 730 quaeritur
839 688 878 720 de
902 688 961 720 linc
978 687 1060 729 quod
1087 689 1161 720 dicit
1177 688 1346 720 Fabianus:
1373 687 1431 719 Ne-

477 752 537 785 qae
560 740 714 783 furiosas
737 751 838 783 neque
861 740 996 783 furiosa
1025 741 1278 773 iizatriiiioniam
1302 745 1430 772 contra-

478 795 552 827 liere
571 798 727 836 possuit&
750 794 806 826 sea
828 794 860 825 si
882 798 1088 826 contractum
1113 792 1232 835 fuerit,
1250 803 1316 825 nori
1339 803 1429 835 sepa-

476 851 602 879 rentur.
628 846 759 879 Videtur
787 846 870 878 enim
895 846 977 878 male
1002 846 1124 885 dicere,
1149 847 1232 887 quia,
1257 846 1281 878 si
1307 855 1367 878 non
1386 854 1429 878 se-

476 904 643 941 parantur,
679 899 890 937 contrahuut3
925 902 955 930 et
989 898 1014 931 si
1051 899 1262 937 contrahunt,
1298 903 1429 941 possunt

477 953 673 985 contrahere.
1222 975 1226 978 Δ

565 1006 763 1037 Ruspounuo:
789 1004 980 1043 Dicendum,
1010 1005 1094 1045 quod
1127 1004 1266 1036 furiosus
1294 1004 1328 1035 iit
1352 1007 1430 1036 actu

476 1068 538 1091 non
573 1063 674 1100 potest
698 1058 894 1096 contrahere,
919 1066 974 1090 nec
999 1057 1037 1089 de
1061 1057 1134 1088 iare
1168 1066 1225 1089 uec
1261 1057 1298 1088 de
1328 1056 1428 1099 facto.

477 1112 625 1144 Furiosus
650 1120 724 1143 vero
749 1111 778 1143 in
805 1110 920 1142 habitu
944 1119 1004 1142 non
1030 1113 1131 1151 potest
1155 1110 1192 1141 de
1213 1110 1287 1141 iure
1311 1114 1430 1142 contra-

476 1165 570 1203 here,
596 1165 669 1206 quia
693 1164 813 1205 prolem
839 1163 936 1195 nescit
960 1163 1114 1200 educare3
1139 1162 1193 1194 sed
1213 1161 1331 1201 tamen,
1348 1162 1371 1194 si
1391 1162 1430 1195 sit

477 1226 570 1249 sanae
596 1217 707 1248 mentis
736 1217 765 1247 in
797 1219 891 1253 cteta,
916 1218 1017 1256 potest
1049 1215 1087 1246 de
1110 1213 1199 1257 facco
1224 1215 1428 1253 contrahere3

476 1274 506 1302 et
531 1270 554 1302 si
581 1270 761 1307 contrahat,
783 1272 978 1300 contractum
996 1272 1052 1300 est.
1077 1268 1163 1300 Unde
1188 1268 1311 1310 negatio
1327 1269 1429 1309 prima

476 1333 537 1355 non
574 1323 677 1364 privat
713 1321 881 1364 potentiam
917 1321 1122 1362 simpliciter,
1159 1321 1214 1353 sed
1251 1321 1353 1353 solum
1391 1321 1429 1353 de

476 1377 569 1413 iare;
594 1376 642 1408 vel
675 1376 699 1407 si
724 1375 828 1417 privat
861 1374 1028 1415 potentiam
1053 1374 1256 1415 simpliciter,
1289 1377 1362 1406 tunc
1387 1374 1430 1406 in-

476 1429 628 1470 telligitur
653 1429 692 1460 de
724 1428 806 1460 suria
834 1427 869 1459 iii
893 1432 980 1459 acta.
1014 1428 1048 1459 Et
1081 1428 1124 1459 sic
1152 1427 1338 1468 intelligitur
1362 1436 1430 1459 ver-

478 1482 552 1513 bum
578 1481 732 1522 Magistri,
757 1484 788 1513 et
812 1480 945 1512 verbum
971 1489 1106 1522 sequens
1121 1479 1131 1494 ²
1156 1479 1354 1512 adversative
1386 1479 1430 1511 in-

476 1534 627 1576 telligitur
645 1534 684 1566 de
700 1533 827 1565 furiosis
845 1533 874 1564 in
893 1532 1026 1570 habitu,
1044 1541 1137 1565 sanae
1155 1532 1268 1564 mentis
1285 1532 1315 1564 in
1333 1536 1430 1570 aeia,

476 1587 529 1629 qui
554 1591 685 1629 possunt
709 1586 896 1619 contrahere
921 1586 1030 1617 saltem
1056 1586 1094 1617 de
1116 1584 1215 1626 facco.

864 1692 940 1723 Due.
967 1691 1037 1723 VIII.

565 1799 640 1831 Item
658 1798 822 1840 quaeritur
839 1797 877 1829 de
901 1797 960 1829 hoc
977 1797 1060 1838 quod
1083 1796 1170 1829 dicit:
1192 1796 1255 1828 Nee
1270 1797 1429 1838 propriae

477 1851 580 1883 iiaeori
617 1851 682 1882 sibi
720 1850 816 1882 liceat
854 1849 996 1881 debitum
1040 1849 1175 1881 reddere
1206 1854 1263 1882 etc.
1297 1850 1428 1882 Videtur

1238 233 1522 266 SENTENTIARUM
1546 234 1613 265 LlB.
1639 234 1686 266 iv.

1494 320 1575 353 enim
1608 321 1688 353 male
1716 322 1838 361 dicere,
1863 323 1936 364 quia
1968 332 2028 355 non
2062 328 2162 365 potest
2193 334 2261 357 eam
2294 325 2362 358 iure
2384 336 2440 360 suo

1494 382 1628 414 privare.

1583 425 1781 459 Ruspounuo:
1807 427 1892 459 Istud
1917 437 1978 460 non
2003 431 2126 461 tenetur
2151 439 2248 469 nunc,
2274 430 2328 462 sed
2353 431 2444 465 debet

1494 478 1623 520 intelligi
1650 479 1748 511 illud:
1774 480 1847 521 quia
1872 489 1932 512 non
1958 480 2029 513 licet
2052 481 2079 513 ei
2101 486 2207 522 petere
2231 490 2286 514 nec
2310 483 2444 516 reddere

1494 531 1605 570 etiam,
1630 535 1665 563 ut
1688 531 1881 574 satisfaciat
1903 542 1985 564 suae
2008 534 2305 575 eoncupiscentia&
2323 535 2378 567 sed
2403 539 2444 568 ta-

1495 592 1565 616 men
1591 587 1714 616 teuetur
1739 585 1879 617 debitum
1905 586 2039 617 reddere
2063 587 2185 624 uxori,
2218 595 2259 619 ex
2291 597 2354 629 quo
2377 597 2444 629 pec-

1493 641 1596 668 catum
1623 638 1805 677 supervenit
1831 642 1899 678 post
1917 638 2151 670 matrimonium
2170 639 2306 680 legitime
2327 644 2445 673 contra-

1494 693 1588 721 ctum.
1626 689 1711 721 Unde
1746 690 1891 730 quamvis
1928 691 2162 723 matrimonium
2194 700 2255 723 non
2291 692 2443 726 claudicet

1494 745 1647 783 quantum
1672 742 1711 774 ad
1729 741 1915 780 vinculum,
1941 747 2042 775 tamen
2068 748 2219 785 quantum
2238 745 2277 776 ad
2303 745 2443 778 debitum

1493 794 1696 826 reddendam
1719 795 1898 827 claudicare
1922 799 2037 837 potest3
2062 797 2143 828 sicut
2166 801 2250 837 patet
2274 797 2312 829 de
2337 806 2373 829 eo
2390 799 2444 839 qui

1495 848 1589 879 intrat
1613 848 1794 889 religionem
1820 848 1886 880 sine
1910 848 2033 881 licentia
2065 850 2176 882 uxoris
2201 854 2230 882 et
2259 850 2371 882 emittit
2395 861 2444 883 vo-

1495 905 1559 932 tum
1586 900 1767 937 solemne³;
1792 901 1836 933 sic
1860 901 1890 932 in
1916 901 2075 942 proposito
2099 902 2247 944 intellige.
2272 903 2358 935 Unde
2387 903 2444 936 ista

1494 952 1636 991 decreta,
1661 962 1740 994 quae
1766 953 1816 985 bic
1840 953 2026 994 allegantur,
2051 953 2200 995 abrogata
2224 959 2306 987 sunt.

1898 1058 1974 1090 Due.
2000 1059 2045 1090 IX.

1584 1163 1656 1196 Item
1682 1163 1846 1205 quaeritur
1882 1164 1920 1196 de
1948 1164 2007 1196 hoc
2036 1164 2118 1206 quod
2153 1165 2241 1203 dicit,
2274 1165 2361 1208 qaod
2381 1175 2442 1207 pro

1493 1216 1609 1258 aliqua
1633 1215 1827 1257 infirmitate
1844 1216 2014 1257 corporali
2031 1226 2097 1248 riori
2114 1216 2185 1248 lieet
2208 1217 2280 1249 viro
2305 1227 2442 1250 uxorem

1494 1269 1663 1301 dimittere.
1683 1269 1814 1301 Videtur
1837 1269 1919 1301 enim
1940 1269 2019 1302 male
2045 1269 2163 1302 dicere:
2182 1271 2255 1312 quia
2279 1271 2379 1312 magis
2396 1274 2444 1312 po-

1494 1325 1553 1354 test
1577 1322 1723 1353 sustineri
1751 1325 1785 1353 ut
1809 1321 1985 1363 plurimum
2013 1321 2249 1364 fornicationis
2272 1323 2389 1364 culpa,
2413 1324 2443 1356 in

1493 1383 1556 1416 qua
1573 1378 1674 1416 potest
1697 1383 1765 1407 esse
1783 1384 1860 1407 usus
1877 1375 2031 1415 coniugii,
2055 1384 2150 1416 quam
2169 1375 2227 1407 illa
2251 1375 2442 1417 infirmitas,

1494 1428 1523 1458 in
1549 1437 1611 1469 qua
1636 1436 1695 1458 non
1715 1430 1814 1468 potest
1831 1436 1899 1459 esse
1917 1437 2010 1459 usus:
2029 1436 2103 1468 ergo
2123 1427 2146 1460 si
2166 1432 2294 1469 propter
2317 1429 2444 1461 fornica-

1493 1481 1608 1513 tionem
1634 1480 1802 1513 dimittitur
1817 1480 1838 1518 ⁴,
1864 1480 1999 1519 videtur,
2032 1481 2116 1522 quod
2141 1485 2171 1513 et
2199 1485 2327 1523 propter
2353 1482 2444 1514 talem

1494 1533 1706 1565 infirmitatem
1733 1533 1830 1574 possit
1854 1533 1978 1565 dimitti.

1583 1586 1780 1617 Rizspoxnsso:
1805 1585 1997 1623 Dicendum,
2023 1586 2106 1627 quod
2140 1595 2200 1617 non
2234 1585 2268 1617 fit
2291 1587 2444 1627 separatio

1494 1642 1562 1680 post
1587 1638 1721 1679 coniugii
1747 1638 2063 1675 consummationem,
2088 1638 2146 1669 nisi
2173 1638 2226 1670 fiat
2259 1638 2288 1670 in
2313 1648 2443 1680 poenam

1493 1691 1641 1729 alterius;
1665 1696 1695 1723 et
1719 1691 1867 1732 quoniam
1893 1700 1985 1723 nemo
2010 1692 2141 1733 punitur
2170 1692 2227 1724 nisi
2254 1701 2310 1733 pro
2335 1693 2442 1734 culpa,

1493 1749 1523 1776 et
1547 1744 1661 1776 afflicto
1675 1743 1685 1758 ὅ
1711 1744 1836 1776 afflictio
1853 1744 1999 1776 addenda
2024 1753 2083 1775 non
2102 1747 2166 1782 est;
2190 1745 2262 1777 hinc
2279 1749 2343 1783 est,
2361 1745 2443 1787 quod

1493 1806 1550 1838 pro
1567 1796 1791 1838 qualicumque
1816 1805 1930 1838 poena,
1947 1796 1996 1828 vel
2022 1796 2203 1829 infirmitate
2220 1806 2280 1829 non
2298 1801 2345 1829 est
2361 1806 2442 1829 uxor

1494 1849 1670 1882 reiicienda.

1195 2065 1519 2106 DISTINCTIO
1550 2065 1732 2105 XXXV.

895 2268 964 2298 CAP.
986 2269 1003 2297 I.

736 2367 779 2396 De
800 2365 866 2396 iure
887 2364 953 2395 viri
972 2370 998 2394 ec
1018 2364 1168 2395 mulieris.

556 2465 619 2493 Hoc
643 2464 731 2493 etiam
756 2463 919 2493 notandum
944 2467 1004 2498 est,
1021 2462 1102 2501 quod
1118 2471 1187 2492 cum
1204 2463 1348 2492 Dominus
1363 2471 1431 2492 con-

477 2512 564 2542 cedat
587 2520 711 2542 uxorem
735 2511 843 2540 dimitti
867 2519 959 2541 causa
982 2510 1188 2540 fornicationis
1218 2510 1299 2546 viro,
1323 2510 1428 2540 eadem

476 2561 595 2590 licentia
613 2568 669 2589 non
687 2560 800 2589 tollitur
816 2559 941 2589 seminis.
960 2559 1045 2588 Unde
1061 2559 1263 2597 Hieronymus
1275 2558 1298 2587 ¹:
1321 2571 1332 2583 a
1345 2559 1430 2588 Prae-

476 2609 556 2647 cepit
577 2609 737 2644 Dominus,
759 2615 884 2637 uxorem
902 2616 959 2636 non
975 2607 1100 2642 dimitti,
1124 2611 1250 2645 excepta
1267 2615 1358 2636 causa
1376 2607 1430 2636 ior-

476 2657 650 2691 nicationis,
667 2660 694 2685 et
717 2656 739 2685 si
757 2655 878 2685 (limiSsa
897 2655 1000 2691 suerit,
1017 2662 1138 2684 manere
1154 2655 1318 2692 innuptam.
1338 2654 1430 2689 Quid-

477 2706 549 2745 quid
572 2705 645 2734 viris
666 2705 870 2743 praecipitur,
894 2704 952 2733 hoc
974 2706 1195 2741 consequenter
1220 2702 1369 2732 redundat
1391 2702 1427 2732 ad

477 2754 611 2783 seminas.
634 2753 698 2782 Non
732 2752 810 2782 enim
840 2752 975 2782 adultera
1009 2760 1086 2781 uxor
1108 2751 1285 2780 dimittenda
1318 2754 1377 2787 est,
1401 2754 1430 2780 et

478 2803 523 2832 vir
545 2802 691 2832 moechus
714 2801 897 2831 tenendus».
923 2801 1012 2830 Item:
1041 2799 1154 2838 «Apud
1181 2808 1234 2829 nos
1267 2799 1347 2838 quod
1372 2807 1429 2829 non

1495 2267 1565 2297 licet
1588 2267 1704 2297 seminis
1728 2275 1824 2306 aeque
1846 2276 1904 2297 non
1928 2267 1998 2297 licet
2020 2268 2105 2303 viris,
2129 2271 2157 2297 et
2183 2267 2287 2297 eadem
2316 2268 2441 2298 servitus

1495 2316 1558 2354 pari
1583 2315 1754 2345 conditione
1777 2320 1955 2345 censetur».
1971 2333 2011 2337 —
2025 2316 2070 2345 Ex
2091 2316 2138 2345 bis
2165 2316 2340 2351 ostenditur,
2362 2316 2439 2355 quod

1495 2364 1602 2393 mulier
1624 2367 1723 2402 potest
1751 2373 1843 2402 super
1872 2364 2069 2394 fornicatione
2093 2364 2189 2394 virum
2212 2365 2389 2400 convenire,
2410 2368 2441 2394 ut

1494 2413 1539 2442 vir
1561 2412 1727 2442 mulierem.
1760 2412 1845 2442 Unde
1877 2413 2068 2442 Innocentius
2097 2412 2217 2451 Papa²:
2253 2412 2439 2443 «Christiana
2452 2418 2483 2441 im]

1493 2460 1598 2497 religio
1621 2460 1802 2490 adulterium
1826 2462 1854 2490 in
1884 2465 2013 2499 utroque
2044 2470 2117 2491 sexu
2152 2462 2217 2499 pari
2241 2462 2356 2491 ratione
2377 2470 2441 2491 con·
2482 2453 2483 2498 J

1493 2509 1630 2544 demnat3
1653 2509 1705 2538 sed
1730 2509 1809 2538 viros
1831 2518 1902 2539 suos
1926 2509 2067 2539 mulieres
2089 2518 2147 2538 non
2172 2509 2257 2539 facile
2280 2509 2317 2539 de
2332 2509 2441 2539 adulte·
2480 2540 2482 2556 1

1494 2557 1538 2586 rio
1562 2561 1721 2593 accusant,
1745 2558 1801 2587 viri
1825 2561 1924 2587 autem
1947 2557 2073 2587 liberius
2097 2566 2207 2587 uxores
2238 2566 2307 2587 suas
2330 2557 2440 2587 adulte·
2480 2563 2482 2567 ’

1493 2614 1542 2635 ras
1578 2606 1658 2644 apud
1691 2606 1865 2636 sacerdotes
1897 2606 2014 2635 deferre
2046 2610 2275 2635 consueverunt.
2309 2606 2345 2636 Et
2375 2606 2438 2635 ideo

1493 2653 1687 2689 mulleribus,
1710 2655 1830 2692 prodito
1860 2663 1963 2684 earum
1997 2654 2135 2690 crimine,
2160 2654 2332 2684 communio
2358 2661 2440 2690 nega-

1495 2707 1557 2738 tur;
1582 2703 1713 2732 virorum
1737 2707 1836 2732 autem
1860 2703 1969 2732 latente
1990 2703 2167 2738 commisso,
2185 2711 2241 2732 non
2265 2703 2350 2732 facile
2366 2702 2440 2741 quis-
2479 2692 2481 2706 ³

1494 2759 1583 2789 quam
1606 2759 1642 2781 ex
1665 2751 1891 2790 suspicionibus
1913 2755 2047 2787 arcetur,
2070 2751 2121 2789 qui
2151 2751 2393 2786 submovebitur,
2414 2750 2438 2780 si

1494 2799 1558 2829 eius
1581 2798 1726 2836 flagitium
1750 2799 1945 2836 detegatur».

549 2970 556 2985 ¹
578 2970 640 2995 Edd.
660 2968 806 3002 probandi,
829 2975 890 2994 cani
911 2968 999 2994 haee...
1029 2968 1150 2993 eveniant
1169 2968 1193 2993 et
1211 2967 1374 3000 contineant.
1394 2982 1427 2984 —

477 3014 528 3039 Cir.
550 3021 629 3044 supra
649 3020 670 3037 a.
694 3014 715 3037 2.
737 3020 761 3044 q.
783 3014 811 3043 2,
836 3012 878 3037 ubi
893 3013 968 3037 eiiam
990 3013 1013 3036 in
1028 3012 1125 3036 scholio
1139 3011 1282 3042 allegentur
1301 3013 1427 3041 auctores,

478 3059 521 3089 qui
542 3058 573 3082 de
594 3058 640 3082 hac
661 3064 688 3081 re
709 3060 828 3087 tractant,
850 3059 952 3086 practer
972 3063 1038 3087 quos
1057 3055 1117 3080 vide
1147 3055 1211 3080 Petr.
1231 3062 1245 3079 a
1266 3055 1324 3079 Tar.
1345 3059 1369 3079 et
1389 3055 1428 3078 Ri-

477 3101 564 3126 cliard.
586 3108 599 3125 a
620 3101 693 3129 Med„
715 3101 755 3124 liic
775 3102 841 3125 circa
862 3100 895 3124 lit.

546 3145 557 3161 ²
576 3146 622 3170 Hic
642 3146 665 3169 in
687 3146 721 3170 lit.
744 3146 871 3176 Magistri,
894 3151 915 3169 c.
940 3144 961 3169 4.
983 3158 1016 3161 —
1035 3143 1085 3169 Cir.
1115 3150 1193 3174 supra
1214 3150 1235 3167 a.
1263 3143 1287 3167 3.
1307 3150 1331 3174 q.
1354 3143 1382 3173 11;
1402 3143 1426 3166 in

478 3189 574 3213 scholio
594 3195 692 3213 annoxo
712 3189 821 3212 citantur
840 3188 880 3212 alii
900 3190 1017 3212 auctores
1038 3187 1086 3211 hoc
1105 3186 1215 3211 dubium
1235 3186 1372 3211 solventes.

548 3231 559 3247 3
578 3231 643 3256 Vide
663 3239 740 3262 supra
761 3231 786 3256 d.
808 3231 848 3255 27.
868 3231 930 3256 dub.
953 3231 975 3255 4.
995 3245 1030 3249 -
1050 3231 1085 3255 De
1104 3232 1160 3262 ipso
1181 3230 1260 3255 dubio
1281 3230 1326 3254 cfr.
1348 3237 1425 3260 supra

478 3281 500 3298 a.
522 3275 544 3299 3.
560 3282 583 3306 q.
599 3276 621 3300 2.
643 3278 667 3299 et
681 3279 781 3305 practer
801 3279 919 3300 auctores
934 3274 996 3299 ibid.
1017 3276 1041 3299 in
1062 3275 1160 3299 scholio
1180 3276 1279 3299 notatos
1294 3275 1318 3299 S.
1334 3274 1426 3298 Thom.

478 3319 502 3340 ot
522 3317 586 3341 Pctr.
607 3325 620 3341 a
642 3318 709 3347 Tar„
731 3319 771 3343 hic
791 3319 856 3343 circa
878 3319 910 3342 lit.

550 3360 560 3375 ⁴
579 3360 627 3385 Cir.
649 3362 711 3385 inira
733 3362 756 3385 cl.
778 3362 818 3386 35.
840 3370 863 3393 q.
890 3363 909 3386 1.
930 3369 1002 3394 seqq,
1023 3376 1056 3379 —-
1078 3363 1124 3387 Pro
1144 3361 1287 3395 sipropler
1301 3361 1372 3393 quod
1387 3362 1427 3385 ba-

1493 2967 1553 2992 bent
1573 2967 1648 2992 codd.
1669 2967 1732 2997 GL,
1754 2967 1795 2991 alii
1815 2970 1839 2992 et
1858 2967 1918 2992 edd.
1938 2966 1962 2992 si
1983 2974 2038 3000 per.
2068 2968 2193 2998 Superius
2217 2974 2265 2999 pro
2289 2966 2435 3000 plurimum

1493 3011 1568 3036 codd.
1590 3012 1630 3036 1Ιὶ
1650 3010 1678 3035 in.
1696 3010 1835 3043 plurimis,
1859 3011 1972 3035 nonnulli
1993 3011 2067 3036 codd.
2087 3010 2220 3044 plurimis.

1562 3055 1572 3071 ⁵
1593 3056 1641 3079 Pro
1660 3054 1770 3087 afflicto,
1794 3055 1864 3087 quod
1894 3055 1950 3079 Vat.
1980 3056 2083 3086 omittit,
2110 3055 2185 3080 codd.
2206 3055 2223 3079 L
2236 3055 2256 3079 Y
2275 3053 2384 3088 afflictis.
2403 3066 2435 3071 —

1493 3098 1561 3123 idem
1582 3098 1644 3123 dub.
1666 3098 1769 3123 solvunt
1789 3099 1814 3123 B.
1836 3098 1938 3129 Alhert.⁷
1959 3099 2000 3123 hic
2020 3106 2041 3123 a.
2070 3098 2114 3129 Ἰ14;
2134 3098 2253 3123 Richard.
2274 3105 2287 3122 a
2307 3097 2378 3128 Med,
2398 3097 2435 3121 hic
2475 3097 2476 3104 ¹

1492 3142 1558 3166 circa
1578 3141 1612 3166 lit.

1686 3184 1792 3210 NOTAE:
1811 3184 1852 3210 AD
1872 3184 1956 3210 LIBR.
1978 3184 2248 3210 SENTENTIARUM.

1563 3229 1570 3245 ¹
1591 3230 1668 3261 Epist.
1688 3229 1728 3254 77.
1745 3230 1816 3258 (alias
1831 3230 1883 3261 30.)
1896 3230 1929 3254 ad
1943 3229 2072 3255 Oceanum
2087 3229 2119 3254 de
2133 3233 2215 3254 morte
2228 3229 2358 3259 Fabiolae,
2372 3234 2394 3252 n.
2408 3226 2433 3258 3;

1492 3272 1519 3298 C.
1549 3272 1686 3306 Praecepit
1713 3273 1843 3299 Dominus
1873 3274 1950 3305 (iti),
1983 3273 2011 3299 C.
2042 3274 2083 3298 3-2.
2113 3281 2137 3305 q.
2168 3273 2200 3304 5,
2230 3272 2274 3297 ubi
2306 3271 2434 3303 respicitur

1493 3318 1575 3342 Manli.
1601 3318 1643 3348 19,
1664 3318 1687 3342 9.
1708 3318 1766 3349 Seq.
1786 3317 1858 3342 locus
1877 3317 1939 3342 ibid.
1959 3320 1983 3341 et
2002 3317 2027 3342 C.
2049 3316 2127 3350 Apud
2144 3323 2192 3342 nos
2212 3316 2289 3349 (⁶20),
2309 3315 2369 3340 ibid.

1546 3355 1572 3377 ³2
1591 3361 1650 3386 Can.
1673 3360 1825 3386 Christiana
1844 3360 1942 3394 Reliqio
1962 3361 2042 3392 (23.)‚
2063 3360 2126 3386 ibid.
