2483 3882
739 245 832 277 DlST.
857 244 966 278 XLVII.
991 245 1072 277 ART.
1098 245 1117 277 Ι.
1142 245 1293 286 QUAEST.
1319 245 1338 276 l.

1953 247 2012 278 971

878 427 1142 465 ARTICULUS
1168 428 1193 464 I.

751 527 797 558 Dc
820 527 1046 560 iudicantibus
1070 531 1097 559 ct
1121 527 1321 560 iudicandis.

922 638 1105 679 QUAESTIO
1129 638 1149 670 1.

800 734 917 766 Utrum
942 734 1090 776 Apostoli
1114 735 1265 767 iudicent.

141 847 299 888 Quantum
331 854 406 887 ergo
436 845 477 877 ad
508 845 648 887 primum
680 844 861 886 proceditur
886 845 948 883 sic,
972 848 1003 877 et

52 900 238 938 ostenditur,
262 899 347 940 quod
370 898 505 940 Apostoli
531 898 678 930 iudicent.

143 954 170 984 1.
194 952 339 984 Matthaei
365 951 486 984 decimo
510 960 591 983 nono
605 951 632 982 ¹:
659 950 814 983 Sedebitz's
838 960 937 992 super
958 960 1003 982 se-

0 1006 107 1038 ‚mdes
131 1005 301 1037 duodecim
325 1008 382 1037 etc.
408 1003 446 1036 Si
468 1003 581 1041 dicas,
607 1003 692 1045 quod
720 1003 822 1035 solum
854 1003 1002 1035 assistent

0 2227 32 2250 ›si-

50 1058 146 1091 iudici
173 1063 203 1090 et
234 1067 295 1090 non
327 1048 536 1093 iudicabunt}
556 1060 688 1088 contra:
714 1056 858 1088 Matthaei
884 1055 1001 1088 duode-

49 1111 129 1144 cimo
152 1111 321 1149 Dominus,
350 1110 481 1151 loquens
506 1109 545 1141 de
570 1108 732 1150 Apostolis,
758 1108 879 1141 Iudaeis
903 1108 998 1141 dicit:

47 1163 119 1206 Ipsi
149 1163 274 1195 iudices
305 1162 407 1194 vestri
437 1166 558 1199 eruum
590 1161 698 1193 Glossa
730 1161 772 1193 ibi
798 1161 890 1199 dicit,
914 1161 998 1203 quod

47 1216 209 1249 habebunt
232 1215 449 1248 auctoritatem
476 1214 644 1246 iudicandi.

137 1271 166 1301 Ξ.
192 1269 281 1307 item,
307 1269 364 1301 hoc
398 1269 502 1309 ipsum
534 1268 709 1299 ostenditur
733 1267 881 1299 ratione:
907 1267 998 1308 quia,

48 1322 73 1355 si
100 1322 202 1355 solum
236 1321 419 1353 iudicabunt
450 1321 700 1362 comparatione,
733 1320 792 1352 hoc
825 1328 885 1351 uon
918 1324 999 1352 esset

47 1375 285 1418 praerogativa,
318 1374 392 1406 mali
425 1375 507 1406 enim
538 1373 724 1406 iudicabunt
748 1373 999 1414 comparatione,

47 1428 220 1461 secundum
247 1427 331 1469 quod
356 1428 471 1460 dicitur
497 1426 639 1459 Matthaei
666 1426 896 1458 duodecimoff:
930 1426 1001 1458 Vt'rt'

47 1480 214 1513 Ninivitas
238 1485 266 1512 et
290 1480 407 1522 rcyz'ua
431 1479 544 1512 austri
566 1484 705 1521 surgent
728 1479 762 1510 tn
787 1478 911 1510 iudicio
928 1488 999 1510 con-

48 1537 101 1565 tra
122 1533 366 1575 qaam-attonem
391 1531 486 1564 hanc.

135 1586 163 1618 3.
189 1586 278 1625 item,
305 1586 362 1618 hoc
387 1585 531 1617 videtur:
557 1585 631 1626 quia
655 1584 807 1616 Dominus
825 1584 894 1616 ideo
912 1584 999 1616 dedit

45 1639 197 1672 iudicium
222 1639 314 1677 Filio,
339 1639 412 1681 quia
438 1639 522 1680 ipse,
545 1647 617 1670 cum
634 1641 716 1670 esset
740 1637 859 1676 iustus,
884 1637 999 1670 iudica-

45 1695 96 1724 tus
112 1695 159 1724 est
174 1695 323 1733 tanquam
343 1691 475 1732 impius,
494 1690 545 1722 lob
563 1690 723 1731 trigesimo
736 1693 826 1722 sexto
838 1689 864 1721 3:
885 1689 998 1721 Causa

46 1749 104 1777 tua
127 1744 227 1787 quast
246 1744 343 1786 impii
361 1744 515 1775 iudicata
530 1747 594 1781 est,
613 1742 777 1774 iudicium
795 1751 998 1784 causamque

45 1798 198 1839 recipie&
215 1797 269 1829 sed
288 1796 442 1838 Apostoli,
459 1805 531 1829 cum
548 1799 652 1828 essent
670 1795 760 1833 iusti,
778 1794 905 1826 iudicati
924 1798 997 1826 sunt

44 1853 194 1892 tanquam
219 1849 325 1891 impii:
353 1858 427 1891 ergo
451 1852 481 1881 et
505 1849 572 1890 pari
599 1848 692 1880 modo
717 1847 910 1879 iudicabunt.

132 1902 162 1934 li.
187 1902 280 1939 Item,
305 1901 449 1943 quamvis
480 1900 624 1932 Christus
648 1903 729 1932 esset
754 1899 935 1941 redemptor
967 1904 997 1932 et

43 1955 180 1988 salvator
204 1959 328 1993 noster,
354 1955 419 1996 ipse
438 1959 541 1986 tamen
558 1953 691 1986 salutem
709 1953 888 1985 animarum
905 1953 996 1986 nobis

43 2018 100 2050 per
117 2008 379 2050 praedicationem
399 2007 615 2049 Apostolorum
641 2006 851 2047 dispensavit:
877 2015 952 2047 ergo
970 2006 995 2038 si

44 2061 142 2103 gloria
159 2061 251 2093 debet
276 2060 393 2102 gratiae
419 2060 626 2101 respondere,
652 2059 788 2096 videtur,
805 2058 889 2100 quod
915 2059 996 2091 simi-

43 2115 114 2147 liter
130 2124 187 2156 per
210 2113 371 2156 Apostolos
396 2113 533 2154 proferat
558 2113 743 2145 sententiam
769 2113 994 2144 retributionis.

133 2167 259 2199 CONTRA
274 2178 280 2197 ε
302 2168 328 2198 1.
346 2167 478 2198 Actuum
500 2166 622 2198 decimo
636 2165 644 2181 ⁴
659 2177 665 2197 ε
683 2165 756 2207 Ipse
772 2169 834 2203 cst,
852 2165 911 2207 qut
925 2174 993 2197 con-

43 2220 178 2252 stitutus
201 2224 247 2251 est
270 2229 291 2250 a
316 2220 380 2251 Deo
405 2219 505 2250 iudex
528 2218 680 2249 vivorum
705 2222 733 2249 ct
761 2222 992 2250 mortuorum:

44 2281 118 2315 ergo
141 2273 200 2314 ipsi
226 2272 280 2304 soli
315 2272 438 2304 Christo
467 2271 600 2303 debetur
634 2270 803 2307 iudicium,
828 2279 888 2301 non
920 2279 996 2311 ergo

43 2325 204 2367 Apostolis.
729 2355 731 2357 ,

132 2380 161 2410 2.
188 2378 279 2416 item,
304 2377 401 2409 iudex
427 2376 519 2409 debet
544 2385 612 2408 esse
638 2376 787 2408 immunis
810 2385 828 2407 a
852 2379 995 2417 peccato,

44 2431 82 2463 de
106 2440 169 2473 quo
199 2431 334 2462 alterum
369 2430 540 2468 damnat⁵3
572 2429 627 2461 sed
653 2429 739 2461 solus
762 2428 906 2460 Christus
938 2428 996 2460 fuit

43 2483 162 2526 absque
186 2483 269 2515 omni
303 2482 485 2523 contagione
510 2482 646 2523 peccati:
674 2490 748 2522 ergo
773 2481 872 2522 ipsius
897 2480 994 2513 solius

43 2540 90 2569 est
113 2537 262 2569 iudicare.

132 2590 223 2628 item,
256 2589 440 2631 quaeritur:
473 2597 572 2630 quare
604 2588 703 2629 magis
734 2587 887 2628 Apostolis
911 2586 997 2618 attri-

0 2641 152 2693 ffiffbuitur
183 2646 320 2684 potestas
352 2641 516 2673 iudiciaria
540 2649 634 2682 quam
660 2640 729 2671 aliis
753 2639 889 2677 Sanctis,
922 2647 994 2670 cum

1067 845 1190 878 dicatur
1218 846 1393 888 Sapientiae
1424 847 1556 879 tertio⁰z
1582 847 1783 879 Iudicabunt
1814 848 1930 880 Sancti
1959 859 2015 882 na-

1068 897 1168 930 tiones
1192 903 1221 930 ct
1244 898 1529 931 dominabantur?

1155 951 1248 991 Item,
1279 952 1304 984 si
1336 960 1445 984 omnes
1475 952 1610 994 Apostoli
1643 952 1804 985 habebunt
1831 957 2015 995 potestatem

1067 1003 1280 1041 iudiciariam,
1312 1013 1410 1046 quare
1442 1004 1537 1036 dicit:
1569 1014 1669 1046 super
1699 1005 1789 1037 sedes
1817 1005 2015 1038 duodecim?

1066 1056 1139 1097 quia
1162 1057 1338 1088 secundum
1364 1057 1439 1095 hoc,
1463 1066 1536 1089 cum
1561 1056 1676 1089 Paulus
1693 1066 1753 1089 non
1771 1058 1865 1090 fuerit
1882 1058 1920 1090 de
1941 1058 2017 1091 duo-

1066 1108 1184 1147 decim,
1217 1109 1359 1148 videtur,
1390 1109 1473 1151 quod
1507 1109 1547 1141 ad
1573 1110 1675 1150 ipsum
1700 1119 1760 1141 non
1786 1111 1941 1151 pertineat
1972 1112 2017 1142 iu-

1065 1160 1169 1193 dicare
1181 1162 1201 1192 ⁷.

1153 1214 1245 1252 item,
1270 1223 1341 1246 curn
1367 1224 1426 1246 nou
1453 1215 1588 1247 habeant
1610 1219 1793 1256 potestatem
1819 1225 1915 1257 super
1939 1217 2016 1249 alias

1066 1267 1166 1299 trihus
1202 1276 1295 1308 quam
1329 1276 1426 1309 super
1456 1268 1562 1299 tribus
1586 1268 1710 1305 Israel,
1735 1269 1893 1310 quomodo
1925 1269 2014 1301 dicit:

1065 1319 1249 1351 iudicantes
1273 1320 1443 1352 duodecim
1469 1319 1576 1352 tribus
1600 1320 1749 1352 Israclss?

1420 1434 1659 1457 CONCLUSIO.

1065 1530 1160 1563 Solus
1194 1530 1345 1563 Christus
1373 1530 1456 1573 feret
1486 1531 1678 1563 senteutiam
1704 1531 1737 1562 tu.
1763 1532 1907 1570 z‘actz’ez’oe
1931 1534 2014 1574 Apo-

1152 1584 1228 1615 stotz'
1249 1588 1360 1616 autem
1383 1594 1560 1626 corumque
1581 1583 1721 1626 perfecti
1736 1584 1920 1617 imitatores
1936 1590 2016 1617 suut

1153 1636 1277 1668 iudices
1294 1640 1331 1668 ut
1346 1636 1532 1669 asststcntcs
1558 1636 1723 1668 tzalmam
1738 1642 1766 1668 et
1783 1637 2014 1679 approbantes.

1153 1742 1351 1773 RESPONDEO:
1376 1741 1568 1780 Dicendum,
1600 1742 1684 1783 quod
1718 1742 1813 1774 iudex
1846 1742 1876 1774 in
1908 1742 2014 1784 aliquo
2030 1755 2111 1785 Duplex
2130 1756 2161 1776 iu-

1063 1795 1179 1827 dicitur
1203 1794 1319 1836 duplici
1346 1795 1484 1826 ratione:
1503 1798 1558 1827 aut
1573 1795 1647 1836 quia
1665 1795 1763 1836 ipsius
1780 1798 1836 1827 est.
1843 1794 1933 1837 ferre
1949 1804 2016 1826 sen·
2044 1782 2130 1802 ‘mmm'

1063 1847 1216 1885 tentiam,
1241 1851 1295 1879 aut
1320 1848 1393 1889 quia
1417 1847 1544 1879 assistit
1566 1846 1704 1890 fcrenti,
1729 1847 1904 1880 secundum
1930 1848 2014 1889 quod

1061 1900 1158 1942 aliqui
1192 1900 1310 1933 iudices
1338 1900 1488 1933 assistunt
1512 1904 1542 1932 et
1567 1900 1704 1941 quodam
1731 1900 1823 1932 modo
1848 1899 2016 1932 consulunt

1061 1953 1155 1985 iudici
1183 1953 1356 1994 principali.
1390 1953 1447 1994 Qui
1473 1962 1548 1995 ergo
1580 1953 1640 1985 sert
1664 1953 1867 1992 sententiam,
1893 1953 1944 1985 ille
1969 1957 2015 1985 est

1063 2006 1159 2038 iudex
1184 2005 1387 2047 principali33
1417 2009 1447 2038 et
1472 2005 1542 2037 talis
1566 2010 1613 2038 est
1638 2006 1723 2038 solus
1747 2006 1909 2044 Christus,
1934 2006 2014 2038 sicut
2029 2018 2141 2039 Conclusio
2154 2019 2173 2040 1.

1062 2063 1145 2101 patet
1177 2058 1321 2090 Matthaei
1355 2058 1505 2099 vigesimo
1541 2059 1650 2100 quinto
1663 2058 1683 2097 ⁹,
1716 2058 1769 2090 ubi
1805 2058 2014 2100 exprimitur,

1061 2112 1219 2153 quomodo
1244 2111 1303 2143 fert
1327 2112 1522 2144 sententiani.
1548 2112 1606 2152 Qui
1630 2115 1736 2143 autem
1761 2112 1913 2144 assistunt
1938 2112 2015 2144 iudi-

1061 2165 1141 2197 canti
1168 2165 1259 2197 etiam
1286 2173 1398 2196 nomen
1423 2168 1453 2196 et
1477 2164 1659 2205 dignitatem
1682 2164 1864 2196 iudicantis
1881 2165 2013 2196 sortiun-

1062 2222 1133 2256 tur;
1159 2222 1189 2250 et
1213 2218 1289 2250 tales
1314 2221 1387 2249 sunt
1410 2217 1469 2248 viri
1496 2217 1642 2258 perfecti,
1667 2217 1719 2258 qui
1746 2217 1830 2249 ultra
1851 2226 1946 2259 opera
1965 2226 2014 2249 ne-

1061 2271 1214 2303 cessitatis
1237 2273 1477 2311 praeceptorum
1512 2273 1821 2310 superorogaverunt
1854 2270 2013 2310 perfectio-

1062 2333 1132 2355 nem
1158 2323 1381 2359 consiliorum3
1407 2322 1484 2354 tales
1508 2326 1613 2354 autem
1643 2327 1715 2354 sunt
1741 2318 1873 2363 Apostoli
1898 2322 2010 2364 princi·
2027 2335 2139 2356 Conclusio
2152 2335 2172 2356 Ξ.

1062 2375 1172 2417 paliter
1199 2379 1346 2417 tanquam
1364 2375 1464 2416 capita
1489 2378 1519 2407 et
1536 2383 1654 2406 eorum
1676 2374 1804 2415 perfecti
1830 2375 2010 2406 imitatores.

1060 2428 1241 2460 Assistentia
1265 2432 1370 2459 autem
1396 2427 1448 2459 illa
1466 2436 1525 2459 non
1543 2428 1602 2459 erit
1619 2427 1657 2458 ad
1676 2427 1921 2465 consulendum,
1938 2428 2012 2469 quia

1061 2481 1212 2512 Dominus
1237 2480 1365 2513 consilio
1389 2489 1448 2513 non
1476 2480 1613 2521 indiget;
1637 2480 1692 2512 sed
1717 2480 1777 2511 erit
1801 2484 1950 2521 tanquam
1972 2480 2011 2512 ad

1061 2533 1218 2574 quendam
1252 2533 1402 2564 honorem
1435 2536 1465 2564 et
1496 2531 1831 2573 appropinquationem
1863 2532 1903 2564 ad
1936 2531 2013 2564 iudi—

1061 2595 1146 2623 cem,
1170 2595 1264 2627 quam
1292 2594 1460 2626 possumus
1483 2584 1643 2626 appellare
1677 2585 1766 2616 iuxta
1799 2584 1930 2616 verbum
1958 2585 2012 2616 Do-

1062 2638 1135 2670 mini
1151 2638 1170 2654 ¹⁰
1195 2637 1419 2669 honorabilem
1443 2637 1688 2669 consessionem.

112 2847 120 2863 ¹
141 2848 216 2873 Vers.
235 2848 280 2872 28:
301 2846 428 2872 sedebitis
446 2849 471 2871 et
489 2853 537 2871 vos
563 2853 642 2877 super
662 2849 708 2870 etc.
732 2860 766 2862 —
785 2846 843 2877 ch.
865 2846 935 2870 locus
954 2849 993 2869 est

43 2891 105 2918 ibid.
128 2892 169 2922 ¹2,
190 2892 237 2923 27,
259 2898 338 2923 quem
357 2897 489 2922 exponens
508 2891 610 2915 Hieron.
631 2890 682 2915 ait:
706 2899 717 2912 «
732 2890 799 2921 Ergo
820 2888 871 2923 ipsc*
895 2888 993 2915 iudices

42 2935 122 2962 vestri
140 2937 233 2967 erunt,
256 2942 305 2961 non
326 2938 464 2967 potestate,
486 2934 532 2960 scd
552 2935 759 2966 comparationeg
780 2934 843 2959 dum
858 2934 891 2958 illi
904 2934 993 2965 expul-

43 2979 140 3004 sionem
160 2979 317 3004 daemonum
339 2979 391 3004 Deo
410 2979 553 3009 assignant,
574 2985 622 3003 vos
641 2976 785 3003 Beelzebub
806 2977 916 3008 principi
937 2977 993 3002 dne-

43 3024 198 3049 moniorum.
218 3023 261 3048 Sin
282 3026 367 3049 autem
387 3022 417 3048 de
436 3022 567 3055 Apostolis
586 3022 683 3047 dictum
703 3025 755 3051 est,
775 3021 846 3054 quod
866 3025 890 3046 ot
910 3022 993 3052 magis

43 3068 181 3099 intelligere
196 3067 337 3098 debemus,
352 3068 400 3099 ipsi
419 3071 493 3092 erunt
506 3066 605 3092 iudices
617 3073 708 3091 eorum
720 3086 726 3097 ‚
746 3066 806 3098 quia
826 3065 954 3090 sedebunt
968 3066 992 3089 in

44 3111 180 3138 duodecim
200 3112 283 3143 soliis,
302 3111 449 3138 iudicantes
468 3109 606 3136 duodecim
626 3108 711 3135 tribus
730 3108 816 3135 Israel
836 3109 935 3139 (Matth.
954 3110 992 3138 19,

44 3155 94 3188 28.)
108 3165 133 3180 n.
155 3155 223 3180 Haec
243 3155 329 3181 ultima
349 3154 430 3180 verba
451 3155 554 3185 respicit
573 3154 660 3178 Glossu
682 3151 823 3178 ordt'nurt‘a
836 3151 908 3183 apud
927 3152 994 3177 Stra—

42 3198 105 3224 bum
124 3202 149 3224 et
166 3199 297 3230 Lyranum
316 3203 399 3224 sumta
421 3206 451 3224 ex
472 3198 556 3228 Beda,
577 3199 601 3222 iu
623 3197 683 3221 Luc⁴
705 3197 814 3227 11,·19.

111 3243 121 3260 ²
140 3243 215 3268 Vers.
236 3243 276 3268 tt.
296 3250 367 3275 seq.:
389 3243 443 3268 Viri
456 3242 582 3267 Ninivitae
601 3244 708 3272 surgent
721 3241 746 3265 in
762 3240 857 3265 iudicio
877 3247 936 3265 cum
952 3247 993 3271 ge-

43 3287 172 3313 neratione
191 3288 263 3313 ista...
282 3287 381 3318 Regina
401 3287 479 3311 austri
498 3288 588 3316 surget
606 3289 653 3310 etc.

111 3330 122 3347 ³
141 3331 214 3356 Vers.
236 3331 276 3356 17.

112 3373 123 3390 ⁴
141 3375 215 3400 Vers.
236 3374 276 3399 42.

1127 2844 1138 2860 ⁵
1157 2843 1206 2869 Ctr.
1229 2844 1301 2869 Rom.
1323 2844 1352 2874 2,
1378 2844 1396 2868 Ι.
1421 2850 1493 2875 seqq.
1507 2856 1542 2861 —-
1556 2842 1618 2867 Eud.
1638 2849 1655 2867 α
1673 2843 1788 2874 peccalo,
1811 2841 1847 2868 ita
1867 2842 1939 2875 quod
1956 2842 2010 2875 ipsc

1057 2895 1110 2914 uon
1129 2887 1276 2914 committat
1295 2886 1366 2920 quod
1384 2886 1411 2912 in
1430 2886 1515 2911 allero
1534 2885 1653 2911 damnat.

1128 2932 1139 2947 ⁶
1158 2931 1229 2956 Vers.
1251 2932 1280 2956 8:
1301 2930 1452 2956 Iudicabunt
1472 2931 1586 2954 nationes
1605 2933 1654 2954 etc.

1127 2976 1137 2991 ⁷
1156 2975 1205 3001 Ctr.
1226 2976 1348 3006 Aiigust.,
1369 2975 1481 2999 Enarrat.
1498 2975 1521 2998 in
1544 2974 1580 2998 ΡΞ,
1602 2974 1644 2999 86.
1666 2980 1691 2999 n.
1713 2973 1731 2998 i.
1754 2973 1879 3005 (retertur
1898 2975 1922 2998 in
1953 2974 2008 2998 Bre-

1058 3021 1120 3045 viar.
1142 3020 1248 3044 Roman.
1269 3026 1317 3050 pro
1336 3018 1472 3043 Communi
1492 3018 1607 3049 Apostol.
1629 3018 1652 3042 ll.
1674 3017 1744 3043 Noct.
1764 3018 1787 3042 2,
1809 3018 1884 3049 loco).

1127 3064 1137 3079 ²³
1156 3064 1239 3088 Mutth.
1266 3063 1308 3094 19,
1329 3063 1370 3087 28.
1394 3076 1427 3080 -—
1443 3063 1489 3087 l‘ro
1506 3062 1660 3094 potestatem
1680 3061 1755 3086 codd.
1776 3062 1949 3087 communiter
1968 3068 2010 3092 po-

1057 3112 1120 3133 nunt
1136 3108 1286 3140 potestates.

1127 3151 1138 3167 ⁹
1160 3151 1230 3176 Vers.
1252 3151 1292 3175 31.
1313 3157 1385 3182 seqq.
1505 3182 1507 3184 q

1129 3195 1149 3211 ¹⁰
1168 3196 1251 3220 Matth.
1277 3196 1320 3226 19,
1341 3195 1391 3219 28:
1411 3196 1491 3219 Amen
1512 3194 1569 3219 dieo
1589 3193 1677 3223 vobis,
1700 3193 1770 3226 quod
1790 3200 1850 3224 VOS,
1870 3194 1915 3225 qui
1928 3194 2008 3218 secuti

1057 3241 1116 3265 estis
1137 3246 1203 3264 mc...
1223 3237 1341 3265 sedebitis
1360 3239 1383 3264 et
1402 3244 1448 3264 ¹cos
1473 3245 1551 3268 super
1571 3238 1646 3262 sedes
1664 3241 1711 3262 etc.
1732 3239 1810 3268 Apoe.
1838 3238 1867 3269 3,
1888 3238 1938 3262 21:
1958 3237 2007 3269 Qui

1056 3284 1163 3314 viverit,
1185 3283 1253 3308 dabo
1271 3284 1293 3308 ei
1314 3281 1402 3308 sedere
1420 3288 1525 3307 mecum
1544 3282 1568 3306 in
1589 3282 1680 3306 throno
1701 3288 1758 3306 meo
1779 3284 1827 3306 ete.
1843 3280 1893 3306 Ct'r.
1909 3281 1943 3306 lit.
1957 3282 2009 3306 Ma-

1057 3329 1143 3360 gistri,
1165 3327 1205 3352 nic
1224 3334 1247 3351 c.
1270 3327 1294 3351 3.
1310 3340 1344 3344 ——
1358 3327 1404 3351 Pro
1424 3324 1642 3352 cottsessiottetlls...
1665 3323 1839 3351 consessionis
1860 3331 1909 3349 non
1933 3326 2007 3356 pauci

1057 3371 1133 3397 codd.
1149 3377 1286 3402 perperam
1301 3369 1518 3403 consessionem...
1541 3368 1720 3402 confessionis.
1737 3368 1800 3394 Vide
1815 3375 1869 3401 seq.
1884 3369 2006 3394 scholion.
