2483 3882
220 2391 372 2413 Fundamenta.

364 289 406 321 64

364 374 660 409 considerationem
676 380 796 403 sacrae
820 367 1052 401 ordinationis·
1070 367 1102 398 10
1126 366 1260 408 septima
1275 366 1315 398 de

364 427 581 465 matrimonio,
605 425 685 457 infra
710 422 906 456 distinctione
924 420 1075 462 vigesima
1098 421 1205 451 sexta:
1233 418 1316 450 Cum

365 481 435 514 (ilict
460 480 679 512 Sacramenta
699 479 774 518 post
794 477 966 516 peccatum
990 476 1047 505 etc.

454 532 557 564 Prima
570 539 653 572 pars,
667 529 697 561 in
710 537 773 570 qua
785 526 973 559 determinat
990 525 1029 558 de
1045 524 1210 567 baptismo,
1223 523 1318 556 habet

366 587 446 619 duas
458 587 573 626 partes.
583 583 615 614 In
628 581 731 623 prima
744 579 932 613 determinat
944 578 983 611 de
996 577 1150 619 baptismo
1163 581 1317 619 quantum

366 638 405 671 ad
419 638 523 679 ipsum
537 636 785 668 Sacramentum.
799 632 831 664 In
844 631 983 664 secunda
995 633 1148 672 quantum
1162 630 1201 662 ad
1215 630 1320 662 Sacra-

366 690 529 728 mentalia3
551 692 581 721 et
602 687 708 729 incipit
732 694 805 728 pars
828 685 881 717 illa
897 684 978 716 infra
998 683 1195 717 distinctione
1220 686 1319 721 sexta,

369 744 451 776 circa
469 742 626 780 medium,
644 740 702 772 ibi:
721 740 831 772 Porro
848 737 960 771 ctmcti
981 737 1027 769 ad
1050 736 1249 778 baptismum
1273 745 1321 767 vc-

365 797 496 828 ·nicntcs.
512 795 546 827 Et
558 794 705 836 quoniam
720 794 956 825 Sacramentum
975 789 1121 832 baptismi
1137 792 1239 831 potest
1252 798 1322 821 con-

367 849 498 883 siderari
516 849 546 880 in
564 856 597 880 se
614 851 644 879 et
660 855 717 888 per
735 845 1000 887 comparationem
1017 843 1057 875 ad
1074 842 1184 875 dantes
1200 844 1230 873 et
1246 839 1322 872 reci-

367 903 487 945 pientes
497 914 505 940 3
518 901 588 934 ideo
605 909 679 942 pars
695 900 754 932 ista
771 898 865 931 habet
878 901 942 930 tres
958 900 1073 938 partes.
1089 896 1121 927 10
1139 895 1242 936 prima
1258 893 1321 935 agit

367 956 406 988 de
430 955 585 996 baptismo
608 961 666 995 per
691 960 734 985 se.
766 951 798 982 10
823 949 962 983 secunda
982 957 1038 990 per
1055 947 1321 989 comparationem

367 1008 407 1040 ad
432 1006 634 1048 recipientes,
658 1004 739 1036 infra
763 1002 960 1036 distinctione
984 1003 1110 1043 quarta:
1132 999 1195 1031 Hic
1219 998 1323 1030 dicen-

369 1060 447 1092 dum
464 1062 520 1096 est,
538 1057 667 1100 aliquos
683 1055 850 1097 suscipere
866 1058 923 1087 etc.
948 1054 979 1085 In
1005 1053 1097 1085 tertia
1120 1061 1177 1094 per
1201 1059 1323 1092 compa-

1123 277 1408 311 SENTENTIARUM
1432 276 1499 310 LIB.
1523 277 1571 309 lV.

1379 365 1532 397 rationem
1556 364 1596 396 ad
1620 364 1750 402 dantes,
1776 362 1857 395 infra
1881 361 2078 395 distinctione
2101 362 2225 404 quinta:
2251 363 2331 395 Post

1379 416 1458 450 hacc
1481 416 1651 449 sciendum
1674 419 1731 453 cst,
1756 415 2011 447 Sacramentum
2035 415 2200 456 baptismi.

1469 470 1573 502 Prima
1602 478 1676 511 pars
1707 469 1844 501 continet
1880 472 2076 511 praesentem
2100 468 2331 501 distinctionem

1381 526 1412 556 et
1435 523 1589 556 dividitur
1613 523 1644 554 in
1669 522 1749 554 duas
1771 524 1886 564 partes.
1911 521 1944 553 In
1968 521 2071 563 prima
2093 521 2157 563 agit
2180 522 2219 554 de
2235 521 2333 564 bapti-

1383 585 1450 609 smo
1474 579 1628 618 quantum
1653 575 1693 607 ad
1710 574 1778 607 eius
1801 574 2009 616 quidditatem
2029 574 2095 606 sive
2112 574 2331 616 integritatem.

1382 630 1415 661 ln
1433 628 1571 662 secunda
1587 631 1741 670 quantum
1757 627 1797 659 ad
1814 627 1882 659 eius
1899 626 2136 665 institutionem,
2152 627 2211 658 ibi:
2226 627 2272 658 De
2288 627 2334 659 in-

1382 681 1549 713 stitutione
1565 679 1735 721 baptismi,
1752 679 1885 721 quando
1909 679 2049 720 coeperit
2065 682 2122 711 etc.
2141 679 2244 711 Prima
2260 688 2333 720 pars

1384 734 1479 766 habet
1502 733 1591 765 duas.
1616 733 1649 764 ln
1672 732 1776 774 prima
1799 731 1953 770 ostendit,
1977 731 2062 773 quod
2085 731 2126 764 ad
2150 741 2216 763 esse
2237 731 2335 773 bapti-

1384 786 1444 818 smi
1478 785 1638 818 concurrit
1673 784 1807 817 verbum
1838 787 1869 816 et
1903 784 2103 816 elementum.
2139 784 2171 815 In
2197 783 2335 816 secunda

1384 847 1461 871 vero
1478 838 1683 876 determinat,
1699 837 1776 879 quid
1801 836 1840 869 sit
1856 836 1935 869 illud
1952 837 2101 875 verbum,
2127 836 2265 869 secundo
2289 845 2336 868 ca-

1386 891 1501 933 pitulo:
1528 891 1591 923 Sed
1614 890 1701 933 quod
1723 894 1770 922 cst
1788 889 1872 922 illud
1896 889 2040 921 verbum.
2059 890 2094 921 Et
2118 889 2170 921 illa
2195 898 2268 930 pars
2284 889 2336 920 ha-

1384 944 1436 977 bet
1453 944 1541 976 duas.
1567 943 1599 975 ln
1617 943 1719 984 prima
1743 942 1931 975 determinat
1947 942 2121 974 veritatem.
2139 942 2171 973 In
2198 941 2336 973 secunda

1386 1005 1461 1029 vero
1485 995 1578 1028 solvit
1609 995 1858 1033 dubitationem,
1890 994 1949 1026 ibi:
1974 994 2037 1026 Hic
2065 993 2260 1037 quaeritur,
2292 1002 2337 1025 an

1387 1049 1570 1091 baptismus
1593 1051 1673 1080 essct
1694 1057 1794 1079 verus
1808 1047 1828 1078 ¹.

1101 1175 1310 1209 TRACTATIO
1339 1174 1611 1216 QUAESTIONUM.

462 1309 505 1341 Ad
520 1307 755 1348 intelligentiam
765 1305 861 1337 huius
870 1304 969 1346 partis
979 1302 1143 1345 quaeritur
1153 1301 1192 1333 de
1201 1300 1324 1342 quiddi-

372 1365 433 1394 tate
442 1360 599 1403 baptismi.
612 1360 645 1391 Et
654 1359 737 1391 circa
746 1359 804 1390 boc
817 1357 881 1389 duo
891 1355 1105 1398 principaliter
1115 1356 1324 1396 quaeruntur.

458 1414 560 1446 Primo
585 1411 749 1455 quaeritur
779 1410 818 1443 de
850 1409 899 1442 his
923 1417 1004 1450 quae
1036 1406 1194 1449 pertinent
1217 1406 1257 1438 ad
1282 1405 1326 1437 in-

372 1467 549 1509 tegritatem
573 1464 776 1498 Sacramenti.

460 1519 603 1552 Secundo
620 1519 659 1551 de
675 1518 725 1550 his
742 1525 822 1559 quae
839 1515 997 1558 pertinent
1012 1514 1052 1547 ad
1074 1514 1209 1546 formam
1226 1512 1324 1544 verbi.

461 1572 550 1605 Circa
573 1571 712 1613 primum
737 1571 935 1611 quaeruntur
958 1566 1029 1599 tria.

1477 1297 1580 1330 Primo
1615 1297 1797 1339 quaeritur,
1825 1296 1902 1339 quid
1930 1297 1970 1329 sit
2000 1296 2176 1338 baptismus
2203 1305 2221 1328 a
2250 1298 2341 1338 parte

1388 1351 1545 1384 elementi.

1479 1404 1622 1437 Secundo
1639 1403 1814 1445 quaeritur,
1830 1406 1940 1435 utrum
1957 1402 1996 1435 de
2012 1402 2189 1444 integritate
2213 1402 2281 1435 eius
2303 1402 2342 1435 sit

1391 1457 1555 1499 expressio
1575 1456 1692 1489 vocalis
1712 1455 1811 1488 verbi.

1480 1509 1599 1548 Tertio,
1623 1512 1733 1541 utrum
1754 1508 1930 1541 necessaria
1947 1508 1986 1541 sit
2002 1508 2042 1540 ad
2066 1507 2277 1549 integritatem
2293 1507 2343 1539 ba-

1390 1563 1497 1605 ptismi
1521 1562 1600 1595 fides
1623 1562 1758 1594 alicuius
1782 1561 1917 1594 articuli.

1201 1689 1466 1728 ARTICULUS
1495 1689 1522 1725 I.

783 1802 827 1833 Dc
852 1800 902 1833 liis
926 1809 1010 1843 qttctc
1030 1798 1197 1841 pertinent
1219 1797 1265 1830 [th
1293 1796 1514 1839 intcffl·itcttcm
1539 1793 1751 1827 Sctcrctmcnti
1774 1793 1938 1835 baptismi.

1249 1921 1432 1964 Qutsssrio
1456 1921 1477 1953 1.

655 2040 742 2081 Quid
764 2039 807 2071 sit
834 2037 1018 2080 baptismus
1042 2046 1064 2069 ct
1084 2039 1183 2078 parte
1207 2033 1366 2071 clementi,
1396 2036 1511 2065 utrum
1536 2041 1642 2075 ctqitct,
1670 2031 1717 2063 oct
1740 2031 1888 2063 intinctio
1913 2030 1948 2062 tn
1972 2039 2073 2073 ctqztct.

466 2167 569 2199 Primo
594 2175 668 2208 ergo
693 2165 874 2208 quaeritur,
907 2163 984 2206 quid
1015 2162 1055 2195 sit
1079 2161 1255 2203 baptismus
1287 2168 1331 2192 se-

378 2221 519 2253 cundum
544 2228 634 2252 suam
666 2218 851 2256 essentiam,
875 2220 985 2249 utrum
1009 2224 1118 2258 aquei,
1143 2213 1193 2246 vel
1219 2212 1331 2245 tinctio

379 2274 414 2305 in
438 2282 538 2316 (iqua.
564 2273 598 2304 Et
622 2271 707 2313 quod
731 2280 822 2313 aqua
839 2270 894 2308 sit,
919 2269 1063 2301 videtur:

472 2328 497 2357 1.
522 2326 578 2357 Ρο1
602 2324 816 2357 definitionem
841 2322 978 2364 Hugonis
990 2320 1012 2353 2:
1043 2320 1258 2361 «Baptismus
1284 2321 1331 2351 est

380 2389 462 2421 aqua
493 2378 659 2411 abluendis
691 2376 877 2409 criminibus
909 2374 1100 2407 sanctificata
1116 2385 1147 2404 n.
1180 2371 1330 2404 Similiter

380 2442 436 2474 per
467 2431 681 2464 definitionem
714 2430 763 2462 sui
792 2428 946 2471 generis:
977 2427 1253 2459 «Sacramentum
1286 2428 1334 2457 est

381 2486 572 2518 elementum
589 2493 631 2517 ex
655 2482 861 2516 similitudine
877 2482 1147 2523 repraesentans»
1170 2481 1241 2511 etc:
1259 2486 1335 2519 ergo

380 2538 406 2571 si
430 2547 513 2579 aqua
536 2540 583 2569 est
606 2536 814 2573 elementum,
846 2535 1083 2566 Sacramentum
1115 2531 1261 2573 baptismi
1288 2533 1335 2562 est

382 2584 473 2633 aqua.
506 2590 544 2622 Si
567 2589 679 2627 (lictis,
712 2588 796 2630 quod
824 2590 994 2628 utramque
1027 2584 1240 2618 definitionem
1263 2583 1337 2616 assi-

384 2647 457 2685 gnat
480 2652 537 2685 per
561 2651 702 2674 causam
726 2639 952 2677 materialem,
977 2648 1037 2670 non
1062 2646 1119 2679 per
1144 2636 1336 2673 essentiam,-

384 2700 522 2728 contra:
547 2695 625 2727 haec
649 2697 695 2727 est
718 2702 775 2736 per
799 2692 983 2725 essentiam:
1009 2691 1185 2732 baptismus
1217 2692 1264 2722 est
1287 2689 1337 2720 Sa-

384 2751 599 2785 cramentum3
624 2751 654 2780 et
677 2747 771 2779 haec:
797 2746 1033 2778 Sacramentum
1065 2746 1112 2776 est
1140 2742 1283 2784 signum3
1307 2744 1338 2773 et

385 2803 478 2834 baec:
510 2801 670 2842 «Signum
694 2802 741 2832 est
765 2798 884 2840 species
908 2796 1080 2835 sensibilis,
1105 2795 1192 2828 aliud
1221 2794 1337 2827 faciens

388 2856 419 2887 in
443 2853 650 2895 cognitionem
667 2852 797 2885 venire3
811 2863 845 2883 »t
871 2860 946 2892 ergo
963 2850 1040 2882 baec
1063 2852 1110 2881 est
1130 2857 1206 2880 vera
1230 2856 1338 2880 secun-

387 2907 463 2939 dum
488 2905 711 2938 substantiam:
738 2904 913 2946 baptismus
942 2905 989 2935 est
1012 2901 1131 2943 species
1163 2900 1211 2932 vel
1236 2899 1337 2931 forma

389 2959 520 2992 visibilis
544 2959 589 2990 rei
614 2957 797 2996 invisibilis,
821 2957 874 2990 sed
910 2957 986 2988 haec
1009 2955 1111 2987 forma
1142 2953 1193 2986 vel
1217 2952 1337 2994 species

387 3021 450 3045 non
474 3015 521 3045 est
543 3011 603 3044 nisi
628 3020 725 3053 aqua:
751 3019 825 3052 ergo
849 3013 908 3042 etc.

477 3067 507 3097 2.
531 3065 624 3104 ltem,
649 3063 768 3105 species
791 3062 882 3105 panis
905 3065 952 3095 est
976 3061 1213 3093 Sacramentum
1237 3058 1268 3089 in
1288 3065 1340 3089 eu-

1396 2157 1562 2197 charistia,
1587 2166 1649 2189 non
1685 2157 1754 2199 ipsa
1782 2156 1872 2198 panis
1908 2155 2126 2193 manducatiO,
2162 2154 2218 2187 sed
2250 2154 2349 2196 magis

1396 2220 1492 2250 usus;
1517 2214 1548 2243 et
1565 2204 1637 2249 boc,
1655 2210 1729 2251 quia
1753 2208 1992 2242 similitudinem
2018 2207 2111 2239 babet
2134 2207 2174 2239 ad
2200 2206 2350 2248 significa-

1397 2267 1465 2296 tum
1500 2263 1540 2295 ibi
1577 2261 1797 2295 contentuin⁴:
1829 2270 1904 2302 ergo
1932 2261 1957 2293 si
1994 2260 2022 2292 in
2061 2259 2216 2301 baptismo
2251 2259 2350 2300 gratia

1397 2317 1529 2349 abluens
1546 2315 1741 2357 significatur
1757 2323 1813 2356 per
1830 2322 1946 2355 aquam
1963 2313 2159 2352 abluentem,
2177 2321 2252 2354 ergo
2268 2321 2350 2354 aqua

1397 2369 1530 2401 abluens
1554 2372 1601 2401 est
1624 2368 1880 2406 Sacramentum3
1905 2366 1959 2399 sed
1985 2375 2046 2398 non
2070 2365 2154 2398 aliud
2182 2373 2277 2407 quam
2302 2365 2351 2397 ba-

1400 2422 1546 2464 ptismus:
1573 2430 1647 2463 ergo
1672 2424 1729 2453 etc.

1488 2474 1579 2515 Quod
1603 2477 1709 2506 autem
1733 2482 1816 2515 aqua
1840 2481 1901 2504 non
1930 2472 1969 2504 sit
1992 2472 2186 2514 baptismus,
2216 2470 2271 2503 sed
2297 2470 2353 2502 tin-

1401 2527 1482 2565 ctio,
1508 2527 1654 2559 videtur:

1492 2581 1519 2611 1.
1545 2579 1601 2611 Per
1625 2579 1704 2611 illud
1722 2578 1806 2620 quod
1831 2577 1906 2610 dicit
1923 2577 2067 2619 Magister
2089 2576 2120 2608 in
2144 2576 2247 2608 littera
2259 2576 2279 2614 ⁵,
2305 2575 2354 2607 de-

1401 2633 1513 2665 finiens
1529 2632 1742 2678 baptismum:
1774 2631 1980 2672 «Baptismus
2001 2633 2048 2662 est
2071 2629 2191 2661 ablutio
2215 2627 2354 2669 corporis

1401 2687 1541 2719 exterior
1565 2686 1645 2718 facta
1661 2685 1721 2717 sub
1738 2684 1839 2717 forma
1855 2683 2027 2716 verborum
2055 2681 2251 2724 praescripta
2266 2693 2281 2710 »
2293 2693 2301 2720 ;
2326 2683 2356 2713 01

1402 2739 1525 2772 subdit:
1556 2751 1571 2768 «
1587 2738 1757 2771 Accedente
1780 2736 1879 2769 verbo
1895 2736 1935 2768 ad
1960 2735 2169 2773 elementum,
2193 2734 2229 2766 fit
2252 2733 2356 2766 Sacra-

1402 2795 1563 2830 mentumg
1586 2800 1648 2823 non
1681 2790 1785 2832 ipsum
1815 2789 2006 2821 elementum
2037 2787 2073 2819 fit
2104 2787 2355 2825 Sacramentum,

1402 2846 1456 2878 sed
1481 2844 1601 2877 ablutio
1624 2843 1705 2875 facta
1729 2843 1759 2874 in
1788 2842 1942 2875 elemento
1958 2853 1992 2872 »ς
2025 2849 2100 2882 ergo
2134 2843 2235 2882 patet,
2272 2840 2355 2882 quod

1402 2898 1579 2940 baptismus
1603 2905 1665 2928 non
1688 2899 1735 2928 est
1758 2904 1858 2937 aqua,
1882 2894 1937 2927 sed
1961 2894 2080 2926 ablutio
2105 2894 2135 2925 in
2160 2902 2251 2935 aqua.

1491 2951 1521 2982 2.
1546 2950 1638 2988 Item,
1663 2949 1723 2981 hoc
1747 2948 1851 2990 ipsum
1876 2950 1961 2989 patet
1984 2946 2132 2985 ratione,
2158 2946 2245 2988 quia,
2264 2945 2289 2978 si
2305 2945 2356 2977 ba-

1402 3002 1537 3044 ptismus
1561 3004 1643 3033 esset
1674 3009 1771 3042 aqua,
1807 3009 1880 3032 cum
1915 3008 1998 3041 aqua
2026 2999 2065 3031 sit
2101 3006 2226 3040 semper
2260 3006 2354 3039 aqua,

1403 3063 1528 3097 semper
1552 3057 1634 3087 esset
1656 3054 1850 3096 baptismus3
1875 3052 1959 3095 quod
1976 3052 2091 3084 falsum
2116 3055 2180 3090 est,
2205 3050 2278 3092 quia
2294 3058 2355 3082 non

462 3247 469 3263 1
490 3247 554 3272 Edd.
580 3247 679 3272 addunt
704 3245 854 3272 Subclicisio
883 3244 963 3270 111ιί113
987 3242 1073 3277 partis
1096 3242 1168 3274 patet
1192 3240 1220 3266 in
1244 3240 1339 3266 litlera.

392 3292 517 3323 Superius
537 3290 618 3316 verbo
637 3289 714 3316 solvil
733 3290 809 3315 codd.
829 3290 877 3314 FH
896 3289 1063 3321 praemittunt
1081 3284 1239 3312 determinat
1257 3285 1288 3310 ct.

461 3335 472 3351 ’Ξ
492 3334 559 3359 Libr.
580 3334 605 3358 11.
626 3334 657 3359 de
677 3334 790 3359 Sacram.
810 3340 835 3365 p.
856 3333 896 3358 vl.
917 3340 937 3358 c.
959 3334 981 3357 2.
996 3346 1030 3349 —
1043 3331 1102 3362 Seq.
1123 3329 1236 3354 definitio
1252 3330 1341 3353 Sacra-

393 3378 471 3403 menti
491 3380 529 3402 est
547 3378 627 3408 ipsius
646 3377 775 3407 lingonis,
796 3376 812 3401 1.
833 3375 865 3401 de
885 3376 999 3401 Sacram.
1019 3382 1045 3406 p.
1059 3374 1100 3398 lx.
1122 3380 1142 3398 c.
1159 3373 1187 3405 23
1201 3373 1246 3397 cfr.
1261 3378 1341 3403 supra

393 3421 418 3446 d.
444 3422 462 3446 1.
483 3428 507 3453 p.
528 3421 544 3445 l.
563 3428 588 3453 (Ι,
610 3421 632 3445 2.
652 3420 767 3445 fundam.
788 3421 810 3445 2.

1475 3238 1486 3255 3
1505 3238 1654 3264 Secundum
1667 3238 1785 3269 August„
1799 3237 1825 3262 ll.
1841 3237 1873 3262 de
1887 3237 1970 3262 Doctr.
1991 3236 2077 3261 christ.
2092 3241 2113 3260 c.
2139 3235 2157 3259 1.
2173 3240 2196 3258 n.
2213 3234 2235 3258 ’1.
2249 3232 2298 3258 Ctr.
2313 3239 2355 3257 su-

1405 3290 1450 3315 pra
1471 3283 1504 3308 lit.
1525 3283 1651 3313 Magistri,
1673 3281 1697 3306 d.
1713 3282 1727 3306 l.
1742 3288 1763 3306 c.
1784 3282 1807 3306 3.
1822 3280 1884 3306 lbid.
1900 3287 1921 3306 c.
1943 3281 1966 3305 2.
1980 3283 2004 3305 et
2025 3279 2047 3304 4.
2061 3279 2204 3304 insinuatur
2219 3281 2271 3303 tam
2284 3282 2354 3308 prae-

1405 3327 1500 3352 cedens
1520 3326 1663 3358 propositio
1683 3332 1762 3358 quam
1782 3331 1902 3357 sequens.

1476 3369 1486 3386 ⁴
1505 3369 1554 3395 Csr.
1575 3370 1639 3394 intra
1660 3369 1684 3394 d.
1705 3369 1728 3394 8.
1748 3376 1773 3400 p.
1793 3369 1819 3393 11.
1839 3375 1861 3393 a.
1882 3369 1904 3392 2.
1925 3375 1950 3400 q.
1975 3368 1994 3392 l.

1478 3413 1489 3430 5
1506 3413 1551 3439 Hic
1572 3420 1593 3438 c.
1619 3413 1638 3437 1.

2367 2568 2399 2590 Ad
2412 2553 2481 2594 opposi¹
