2483 3882
337 1287 455 1309 Conclusio.

384 1441 454 1462 Ratio.

326 2232 406 2262 Solutio
420 2239 457 2259 op-

314 2262 437 2286 posnorum.

335 2286 455 2306 Distinctio.

473 245 536 276 518

470 331 613 363 mortalis
649 331 751 363 statim
785 329 939 370 demergit
964 329 993 360 in
1018 329 1184 369 abyssum:
1210 337 1285 369 ergo
1310 327 1423 359 caritas

472 385 574 417 statim
600 384 701 416 elevat
727 383 754 414 in
782 382 917 414 caelum:
944 390 1018 422 ergo
1054 390 1115 413 non
1141 384 1187 413 est
1211 389 1328 422 ponere
1352 384 1422 422 post

472 440 603 468 mortem
629 435 756 476 aliquod
779 434 979 475 supplicium.

561 489 589 519 6.
615 488 707 525 Item,
733 490 832 518 status
857 489 926 527 post
950 489 1082 518 mortem
1115 486 1285 526 respondet
1309 485 1422 524 statui,

471 542 523 582 qui
549 546 594 573 est
620 541 650 572 in
676 540 742 577 via3
767 539 821 571 sed
848 539 878 570 in
904 539 952 570 via
977 548 1037 570 nou
1062 542 1108 571 est
1133 539 1190 570 nisi
1217 538 1336 580 duplex
1365 542 1424 570 sta-

471 598 538 631 tus,
563 593 680 625 scilicet
712 592 867 624 bonorum
893 595 922 624 et
947 591 1120 623 malorum:
1146 600 1220 632 ergo
1248 595 1318 632 post
1344 600 1422 623 mor-

470 650 533 678 tem
558 655 618 677 non
644 650 690 677 est
714 645 771 677 nisi
797 644 934 686 duplex:
961 653 1035 685 ergo
1071 644 1174 676 statim
1208 644 1312 675 anima
1336 643 1424 676 dece-

471 699 595 730 dentis1
623 698 671 730 vel
696 702 742 729 est
772 697 802 729 in
839 697 984 738 paradiso
1017 705 1090 729 cum
1119 696 1225 735 bonis,
1251 696 1300 728 vel
1324 696 1355 727 in
1381 697 1424 728 in-

470 752 558 783 ferno
583 760 655 783 cum
679 750 779 782 malis.

824 864 1063 888 CONCLUSIO.

536 962 648 993 Poena
668 961 874 1003 purgatoria
895 965 968 1002 post
992 959 1078 992 lianc
1102 960 1205 992 vitam
1230 960 1351 1003 absque

770 1014 868 1045 (lubio
891 1014 1042 1055 ponenda
1067 1017 1120 1045 cst.

560 1120 758 1152 RusPONnno:
784 1120 972 1157 Dicendum.
991 1119 1075 1160 quod
1094 1138 1132 1141 »-
1151 1119 1232 1151 sicut
1257 1118 1331 1151 dicit
1347 1119 1425 1151 Scri-

470 1176 581 1214 ptura,
614 1176 644 1205 et
674 1172 876 1204 auctoritates
908 1173 1093 1203 Sanctorum
1119 1175 1148 1203 et
1173 1171 1281 1213 plures
1306 1172 1425 1203 revela-

470 1226 568 1257 tiones
593 1230 623 1257 et
648 1225 784 1257 rationes
809 1225 1015 1262 concordant,
1033 1228 1063 1256 et
1081 1224 1216 1256 Ecclesia
1233 1224 1423 1256 universalis

471 1278 652 1316 confirmat,
678 1287 758 1319 quae
783 1287 839 1319 pro
864 1277 925 1309 illis
949 1281 1077 1308 orat-
1093 1277 1213 1318 absque
1239 1277 1335 1309 dubio
1353 1281 1424 1318 post

470 1331 550 1363 hanc
575 1331 670 1362 vitam
696 1334 742 1362 est
766 1339 882 1372 ponere
906 1339 1039 1371 poenam
1064 1330 1290 1371 purgatoriam.

559 1383 645 1414 Ratio
661 1387 766 1414 autem
785 1383 881 1414 huius
905 1386 951 1414 θεῖ
968 1382 1035 1414 ista.
1055 1382 1133 1422 Quia
1150 1382 1327 1414 universae
1351 1382 1425 1414 viae

470 1436 606 1467 Domini
629 1434 862 1466 misericordia
887 1439 915 1466 ec
939 1434 1108 1472 vci‘i'tcts⁹;
1133 1436 1177 1467 sic
1201 1438 1305 1467 autem
1333 1435 1425 1467 misc-

470 1489 621 1520 ricordid
646 1488 746 1529 parcit
770 1488 939 1526 Dominus.
971 1491 1005 1519 ut
1037 1488 1161 1519 veritati
1186 1488 1251 1520 sive
1276 1488 1424 1520 iustitiae

469 1551 529 1573 non
556 1541 610 1573 fiat
633 1541 879 1583 praeiudicium:
906 1540 975 1572 ideo
1001 1540 1128 1572 dimittit
1152 1541 1277 1582 culpam
1300 1545 1331 1573 et
1356 1549 1425 1582 poe-

469 1604 541 1627 nam
567 1599 756 1632 aeternam,
782 1595 824 1626 ita
849 1598 950 1626 tamen
988 1598 1023 1625 ut
1054 1594 1226 1634 obligatum
1254 1598 1356 1626 teneat
1384 1595 1424 1626 ad

470 1656 601 1689 poenam
628 1646 846 1688 temporctleiii.
873 1646 915 1678 Ab
941 1646 998 1677 hac
1034 1650 1138 1678 autem
1165 1655 1265 1688 poena
1290 1656 1349 1678 non
1375 1647 1424 1678 ab-

439 1714 442 1716 *
470 1700 602 1732 solvitur
629 1701 658 1731 in
682 1704 799 1731 morte:
826 1700 973 1741 quoniam
1000 1703 1100 1732 status
1117 1703 1186 1741 post
1210 1703 1343 1731 mortem
1362 1709 1423 1731 non

470 1757 625 1795 repugnat
649 1753 802 1794 punitioni
827 1752 966 1791 animae,
991 1753 1137 1794 quamvis
1173 1762 1234 1784 non
1267 1756 1424 1794 competat

470 1807 582 1838 merito
606 1807 745 1838 eiusdem
772 1825 815 1829 —-
839 1806 1015 1847 puniuntur
1040 1805 1122 1837 enim
1148 1806 1270 1837 animae
1295 1810 1324 1838 et
1338 1815 1425 1847 prae-

470 1860 609 1891 miantur
633 1878 676 1882 —
701 1863 730 1891 et
755 1859 840 1897 ideo,
865 1868 937 1890 cum
963 1868 1022 1890 non
1049 1859 1110 1890 sint
1134 1858 1237 1890 taliter
1260 1858 1353 1891 alicui
1378 1868 1424 1891 re-

470 1913 566 1944 missa
589 1916 731 1953 peccata.
757 1912 831 1953 quin
857 1911 1012 1952 obligetur
1038 1911 1077 1943 ad
1110 1911 1249 1952 aliquam
1275 1920 1423 1952 poenam,

470 1966 527 1997 nisi
560 1965 614 1997 fiat
646 1973 702 2006 per
734 1964 951 2005 baptismalem
985 1964 1117 2005 gratiam
1136 1964 1146 1980 ³
1170 1983 1215 1986 —
1238 1968 1268 1996 et
1299 1964 1338 1995 ab
1370 1964 1423 1996 illa

471 2018 658 2059 obligatione
682 2026 743 2049 non
768 2017 942 2049 absolvitur
959 2035 1002 2039 ——
1019 2020 1050 2048 et
1073 2017 1196 2048 debitor
1221 2026 1338 2058 poenae
1363 2026 1423 2048 non

471 2070 569 2112 possit
593 2079 664 2102 cum
691 2070 796 2102 debito
818 2069 940 2111 ingredi
966 2070 1104 2101 caelum:
1124 2070 1336 2102 necessarium
1362 2074 1423 2109 est,

472 2132 539 2155 esse
564 2123 794 2164 purgatorium.

564 2177 588 2206 1.
614 2176 657 2207 Ad
682 2175 757 2206 illud
785 2184 859 2215 ergo
885 2175 968 2216 quod
993 2175 1139 2207 obiicitur
1164 2175 1203 2207 de
1228 2176 1423 2217 Apocalypsi,

472 2228 556 2270 quod
583 2228 783 2269 requiescunt
806 2237 824 2259 a
848 2227 1029 2263 lat·0rious;
1054 2228 1240 2266 dicendum„
1266 2229 1349 2270 quod
1375 2233 1422 2261 est

472 2282 560 2314 labor
586 2282 615 2313 in
640 2281 806 2322 operando
830 2284 859 2313 et
884 2285 930 2313 est
955 2281 1042 2312 labor
1064 2281 1093 2312 in
1116 2281 1294 2322 patiendo;
1310 2286 1340 2313 et
1360 2291 1424 2314 ver-

472 2334 547 2366 bnm
574 2334 649 2366 illud
677 2333 861 2375 intelligitur
886 2334 925 2366 de
949 2334 1056 2365 labore
1082 2333 1111 2364 in
1138 2334 1324 2374 ορθναηῑῖο,
1350 2335 1423 2376 quia

470 2388 530 2419 iam
556 2396 617 2418 non
643 2390 688 2419 est
713 2387 796 2423 dies,
814 2387 843 2417 in
861 2395 923 2427 qua
939 2387 1064 2427 operari
1086 2386 1210 2418 valeant
1232 2387 1383 2419 merendo
1397 2387 1423 2425 ⁴3

468 2450 530 2472 non
554 2444 660 2472 autem
685 2439 870 2480 intelligitur
894 2439 933 2471 de
951 2439 1057 2471 labore
1076 2439 1105 2470 in
1122 2439 1285 2480 patiendo.
1315 2440 1347 2471 Et
1364 2440 1422 2473 hoc

468 2497 553 2535 patet
577 2502 617 2525 ex
642 2493 710 2534 ipso
734 2496 824 2524 textu
850 2492 1010 2533 sequenti:
1039 2491 1147 2533 Opera
1171 2492 1257 2524 emm
1288 2492 1422 2524 illorum

467 2550 651 2589 sequuntur
676 2545 755 2576 illos.

558 2600 586 2630 2.
612 2598 654 2630 Ad
680 2598 757 2630 iliud
776 2598 858 2639 qnod
877 2598 1040 2636 obiicitur,
1066 2598 1149 2639 quod
1179 2602 1225 2630 est
1249 2599 1422 2631 misericor-

469 2651 635 2689 dissimus;
661 2651 847 2687 dicendum,
872 2650 956 2692 quod
994 2660 1105 2682 verum
1138 2655 1201 2689 est,
1226 2651 1280 2683 sed
1318 2655 1421 2683 tamen

469 2705 576 2735 iustus
601 2708 663 2741 θεῖς
689 2704 758 2735 ideo
795 2704 915 2735 veniam
950 2707 1104 2744 praestat,
1130 2713 1223 2745 quam
1258 2704 1347 2736 decet
1376 2704 1423 2735 izi.-

468 2761 555 2788 stctm
589 2757 856 2788 <miscricordimn
893 2760 1063 2797 praestare.
1100 2757 1179 2797 Quia
1211 2757 1292 2788 enim
1320 2757 1421 2789 iustus

469 2813 531 2847 est,
557 2809 674 2840 homini
700 2809 815 2841 iniusto
841 2809 1033 2841 reconciliari
1058 2818 1118 2840 non
1145 2809 1250 2848 decet,
1277 2813 1421 2841 manente

2481 140 2483 157 1

1231 240 1514 272 SENTENTIARUM
1538 240 1605 272 LlB.
1631 241 1678 272 lV.
2481 204 2483 287 1

1487 327 1639 359 iniustitia
1663 330 1693 359 et
1717 327 1857 366 offensa3
1882 330 1911 359 et
1935 327 2005 359 ideo
2034 337 2117 360 nunc
2146 328 2296 360 iustitiam
2328 330 2430 371 decet,
2482 336 2483 378 1

1488 384 1539 418 ut,
1572 380 1760 412 remittendo
1792 389 1887 412 unam
1919 380 2085 412 mortalem
2116 380 2268 422 culpam,
2298 383 2432 416 remittat
2482 381 2483 427 1

1487 442 1612 465 omnem
1641 433 1752 472 aliam3
1776 442 1837 465 non
1873 433 1917 465 sic
1952 433 1991 465 de
2022 442 2139 474 poena.
2171 434 2322 474 Quoniam
2351 436 2432 469 enim
2445 430 2483 490 uoti

1487 484 1720 516 misericordia
1756 484 1886 516 remittit
1921 493 2067 526 poenam,
2100 488 2130 516 et
2166 485 2295 518 iustitia
2321 487 2432 529 exigit;
2482 495 2483 517 ς

1488 537 1557 569 ideo
1589 540 1711 578 oportet
1742 537 1878 578 quodam
1913 537 2006 568 modo
2039 537 2215 577 dimidiari,
2247 538 2306 570 ut⁵
2336 549 2432 574 unum

1487 589 1576 621 alteri
1594 599 1653 621 non
1672 590 1874 630 praeiudicet.
1896 590 1929 621 Et
1946 590 1989 622 sic
2006 594 2104 631 patet,
2121 591 2205 632 quod
2224 591 2316 623 etiam
2339 602 2434 634 poena
2482 585 2483 590 ¹

1487 642 1626 683 exigitur
1651 642 1681 673 in
1705 641 1772 673 foro
1797 642 1861 673 Dei.

1576 693 1604 725 3.
1630 693 1673 725 Ad
1698 693 1774 725 illud
1801 694 1883 735 quod
1910 694 2073 733 obiicitur,
2098 695 2183 736 quod
2208 696 2381 729 absolvitur
2397 699 2434 731 ab

1487 746 1570 778 omni
1608 746 1786 783 φηαηίίαιω
1819 746 2004 785 dicendum,
2038 747 2121 788 quod
2160 756 2269 780 verum
2294 753 2357 788 θεῖς
2381 752 2433 783 sed
2447 763 2479 785 Nol

1489 804 1592 831 tamen
1616 809 1676 831 non
1702 799 1877 831 absolvitur
1901 809 1918 831 a
1943 799 2066 838 debito,
2091 801 2186 833 immo
2210 802 2314 833 anima
2342 804 2434 837 trahit

1489 860 1594 884 secum
1632 852 1791 890 debitum;
1815 856 1846 884 et
1880 852 1954 893 quia
1984 853 2156 885 retributor
2180 857 2227 886 est
2251 855 2370 894 iustus,
2395 866 2436 889 re-

1490 904 1615 942 tribuit.
1634 905 1807 937 secundum
1833 905 1939 946 quod6
1956 905 2073 938 invenit
2091 907 2272 939 debitricem
2287 920 2294 945 3
2312 911 2341 940 et
2365 910 2435 950 quia

1488 957 1627 989 debitrix
1652 961 1718 989 erat
1750 967 1885 999 poenae,
1910 968 2006 1000 quam
2040 960 2179 991 nondum
2213 961 2365 1000 exsolvit,
2390 971 2437 1004 pa-

1488 1014 1531 1042 tet
1555 1014 1611 1042 etc.

1577 1063 1606 1094 li.
1632 1063 1675 1095 Ad
1700 1063 1778 1095 illud
1803 1064 1885 1105 quod
1912 1064 2072 1103 obiicitur,
2090 1065 2174 1106 quod
2192 1066 2295 1097 statim
2314 1067 2438 1099 damnat

1489 1115 1691 1147 decedentem
1705 1116 1735 1146 in
1751 1116 1888 1148 mortali:
1903 1126 1977 1157 ergo
1991 1120 2065 1155 etc.;
2084 1117 2263 1156 dicendum,
2277 1119 2359 1159 quod
2379 1128 2436 1152 non
2449 1128 2477 1151 No

1488 1172 1535 1200 est
1552 1168 1668 1200 simile:
1695 1169 1843 1210 quoniam
1868 1170 1924 1201 iste
1941 1170 1994 1211 qui
2012 1170 2041 1201 in
2069 1171 2190 1202 mortali
2216 1175 2277 1209 est,
2295 1172 2372 1203 nihil
2390 1173 2438 1205 ha-

1489 1221 1541 1253 bet
1558 1222 1587 1253 in
1606 1231 1655 1260 se,
1673 1222 1756 1263 quod
1775 1222 1813 1254 sit
1830 1222 1959 1263 dignum
1986 1223 2065 1261 vita,
2082 1223 2179 1255 immo
2198 1227 2296 1256 totum
2321 1224 2371 1257 vel
2394 1229 2438 1258 est

1489 1279 1677 1313 mortuum,
1703 1274 1753 1306 vel
1788 1279 1834 1306 est
1870 1275 2128 1316 mortificatum&
2152 1280 2182 1308 et
2218 1277 2287 1308 ideo
2317 1286 2436 1310 summe

1489 1327 1660 1369 dispositus
1684 1331 1730 1360 est
1754 1328 1793 1359 ad
1818 1332 1977 1360 aeternam
1996 1328 2247 1367 damnationem,
2265 1333 2295 1361 et
2312 1334 2436 1371 propter

1489 1380 1547 1412 boc
1572 1380 1675 1412 statim
1701 1380 1869 1412 damnatur
1895 1381 1976 1412 iusta
2001 1381 2216 1413 retributione.
2235 1382 2294 1414 Sed
2319 1382 2371 1414 ille
2387 1384 2437 1424 qui

1489 1436 1535 1464 est
1559 1432 1589 1464 in
1615 1433 1761 1471 caritate,
1786 1442 1858 1465 cum
1884 1434 1997 1466 caritas
2023 1434 2117 1466 simul
2143 1438 2202 1467 stet
2226 1444 2297 1467 cum
2327 1436 2436 1468 veniali

1489 1485 1583 1527 culpa
1607 1490 1636 1518 et
1661 1491 1750 1518 reatu
1777 1495 1910 1528 poenae,
1936 1487 2052 1519 babere
2084 1491 2185 1529 potest
2209 1488 2239 1519 in
2265 1497 2297 1520 se
2322 1489 2438 1530 aliquid

1490 1539 1619 1580 dignum
1645 1548 1759 1580 poena;
1785 1543 1814 1571 et
1838 1539 1911 1581 quia
1936 1540 2033 1580 gloria
2051 1549 2112 1571 non
2130 1545 2230 1582 potest
2248 1541 2341 1573 simul
2359 1546 2438 1574 stare

1489 1601 1561 1624 cum
1580 1601 1679 1633 poena
1696 1593 1870 1625 secundum
1889 1593 1992 1625 forum
2010 1602 2177 1626 commune
2189 1595 2216 1625 ⁷:
2235 1603 2361 1626 necesse
2378 1598 2437 1634 est,

1489 1645 1578 1686 prius
1602 1645 1743 1677 debitum
1769 1645 1848 1677 illud
1874 1646 1951 1678 solvi
1978 1655 2032 1686 per
2057 1655 2188 1687 poenam
2214 1647 2436 1688 purgatoriam.

1579 1699 1607 1730 5.
1633 1698 1673 1729 Ad
1700 1698 1779 1730 illud
1805 1699 1887 1739 quod
1914 1699 2060 1731 obiicitur
2078 1699 2116 1731 de
2134 1699 2289 1740 pondere,
2313 1700 2372 1731 iam
2390 1709 2438 1741 pa-

1488 1755 1531 1783 tet
1556 1752 1733 1792 responsm:
1752 1752 1826 1793 quia
1850 1752 1974 1793 pondus
1999 1752 2153 1784 caritatis
2171 1753 2265 1784 habet
2282 1753 2311 1784 in
2337 1761 2370 1785 se
2388 1753 2438 1784 ali-

1489 1804 1573 1846 quod
1598 1804 1789 1842 rctdrdcms,
1807 1808 1842 1836 ut
1866 1804 1990 1846 culpam
2017 1805 2153 1846 aliquam
2184 1805 2368 1846 parvulam,
2391 1805 2438 1838 vel

1490 1861 1630 1895 reatum;
1655 1858 1710 1889 sed
1735 1858 1881 1899 pondusS
1903 1858 2030 1899 pcccati
2065 1858 2141 1889 nibil
2177 1858 2271 1890 babet
2300 1858 2436 1897 clevans,

1489 1910 1538 1941 vel
1555 1910 1751 1941 retardans.-
1770 1910 1925 1942 ideoanon
1950 1914 1997 1942 est
2021 1910 2121 1942 simile
2147 1911 2185 1943 de
2209 1920 2342 1944 ascensu
2366 1911 2439 1943 cari-

1489 1964 1560 1995 tatis
1584 1967 1614 1995 et
1639 1964 1791 1995 descensu
1817 1964 1944 2004 peccati.

1579 2018 1607 2048 6.
1632 2017 1675 2048 Ad
1700 2016 1779 2048 illud
1804 2017 1886 2058 quod
1913 2016 2076 2055 obiicitur,
2101 2017 2184 2058 quod
2215 2026 2275 2049 non
2312 2021 2358 2050 est
2383 2017 2438 2050 nisi

1488 2069 1608 2110 duplex
1634 2073 1733 2101 status
1751 2069 1780 2100 in
1800 2069 1857 2101 bac
1876 2069 1953 2100 vita:
1972 2078 2046 2111 ergo
2064 2074 2139 2107 etc.;
2157 2070 2336 2107 dicendum,
2354 2070 2435 2111 quod
2460 2079 2478 2099 ni

1490 2122 1560 2154 licet
1584 2122 1704 2163 duplex
1729 2123 1768 2153 sit
1788 2122 2008 2163 principalis,
2036 2127 2137 2154 tamen
2167 2126 2301 2164 uterque
2332 2122 2434 2154 subdi·
2449 2107 2478 2153 ὅῗῗ

1488 2175 1624 2206 viditur.
1650 2175 1724 2206 Nam
1751 2175 1805 2216 qui
1831 2174 1924 2206 lidbci
1960 2175 2124 2206 inscitiam
2158 2176 2186 2206 in
2212 2175 2329 2216 duplici
2355 2176 2483 2208 disse-ptr

1489 2228 1588 2259 rentia
1613 2232 1668 2259 est.
1694 2228 1751 2259 Aut
1775 2228 1857 2259 enim
1883 2231 1929 2259 est
1954 2228 1983 2259 in
2009 2232 2092 2260 statu
2125 2228 2349 2270 perfectorum
2374 2239 2438 2271 per-

1488 2280 1619 2312 fectione
1644 2280 1815 2321 completa3
1841 2284 1870 2312 et
1903 2280 1972 2312 talis
2009 2290 2067 2312 non
2100 2281 2195 2313 babet
2224 2282 2437 2314 cremabiliffl

1488 2342 1544 2365 nec
1568 2333 1673 2374 aliqua
1698 2333 1821 2371 debita,
1846 2337 1876 2365 et
1902 2334 1974 2365 huic
2007 2334 2110 2365 statim
2149 2334 2282 2366 debetur
2306 2335 2369 2367 vita
2393 2344 2438 2367 ae-

1488 2390 1594 2424 terna;
1622 2387 1697 2419 tales
1721 2386 1850 2418 fuerunt
1874 2387 1969 2418 sancti
1996 2386 2161 2427 Martyres,
2187 2391 2221 2418 ut
2253 2387 2437 2420 Laurentius

1488 2443 1518 2472 et
1543 2440 1740 2478 Vincentius,
1765 2444 1795 2471 et
1819 2439 1916 2471 sancti
1953 2439 2169 2478 Confessorcs,
2194 2446 2229 2472 ut
2253 2440 2435 2473 Benedictus
2482 2476 2483 2479 ,

1487 2497 1517 2525 et
1542 2493 1732 2525 Francisous.
1759 2492 1813 2524 Alii
1839 2496 1912 2524 sunt
1936 2492 1965 2523 in
1992 2496 2076 2524 statu
2100 2492 2386 2534 imperfectorum;
2409 2497 2436 2525 et
2482 2496 2483 2527 1

1488 2546 1519 2577 hi
1544 2546 1661 2577 habeut
1684 2545 1877 2577 cremabilia
1897 2549 1930 2576 ut
1948 2545 2139 2585 plurimum,
2157 2551 2187 2578 et
2204 2547 2296 2578 eliam
2315 2546 2437 2584 debita,-

1487 2602 1517 2630 et
1541 2603 1679 2639 oportet,
1706 2599 1843 2639 primum
1880 2598 1987 2630 debita
2023 2599 2100 2631 solvi
2137 2604 2166 2631 et
2199 2599 2391 2631 cremabilia
2405 2599 2434 2637 ¹⁰,
2481 2602 2483 2610 '

1487 2661 1581 2694 quam
1610 2651 1849 2683 introducantur
1875 2652 1904 2683 in
1931 2651 2082 2693 patriam3
2107 2656 2136 2683 et
2154 2652 2212 2684 hoc
2229 2653 2321 2684 estin
2342 2661 2436 2694 poena
2481 2641 2482 2653 ¹

1487 2704 1680 2745 purgatoria.
1705 2722 1747 2726 ——
1772 2704 1920 2735 Similiter
1945 2708 2092 2735 ectrfflices
2117 2704 2246 2736 institia.
2272 2705 2300 2736 in
2319 2705 2431 2746 duplici
2445 2708 2483 2741 Sec}

1488 2761 1558 2788 sunt
1585 2757 1775 2789 differentia:
1801 2757 1929 2797 quidam
1965 2757 1995 2788 in
2028 2760 2112 2788 statu
2142 2757 2383 2798 parvulorum,-
2406 2760 2435 2789 et
2481 2746 2482 2751 ¹

1488 2810 1518 2841 hi
1544 2813 1651 2841 carent
1675 2809 1793 2841 iustitia
1817 2809 1979 2850 originali,
2004 2815 2034 2841 et
2059 2810 2108 2842 his
2126 2811 2273 2851 competit
2290 2814 2388 2843 status
2403 2810 2432 2841 in
2480 2811 2482 2851 1

539 3030 546 3045 ¹
568 3030 648 3055 Codd.
670 3031 710 3055 lli
730 3029 862 3056 decedens.

537 3073 547 3089 ²
568 3074 659 3098 psalm.
682 3073 730 3105 et,
757 3075 793 3099 10.

537 3118 548 3133 3
566 3118 617 3143 Ct'r.
637 3125 715 3149 supra
737 3118 762 3143 d.
785 3117 810 3143 4.
832 3126 857 3149 p.
878 3118 893 3143 1.
913 3125 936 3143 a.
961 3119 980 3143 l.
1005 3126 1029 3150 q.
1060 3119 1082 3143 2.
1105 3132 1137 3136 —
1158 3119 1205 3143 Pro
1234 3117 1417 3151 baptismatrm

468 3162 491 3185 in
513 3161 569 3186 cod.
600 3162 634 3187 bl)
663 3162 775 3187 secundo
797 3169 889 3187 manus
909 3162 1038 3188 substituit
1057 3162 1204 3195 specialem.
1226 3163 1351 3193 Superius
1371 3170 1418 3194 pro

468 3204 556 3230 taliter
576 3206 632 3230 coll.
653 3206 673 3230 K
696 3205 818 3231 totaliter.

539 3247 548 3262 4
567 3248 711 3279 Respicitur
732 3250 798 3274 ioan.
820 3251 848 3280 9,
872 3250 901 3275 4:
924 3251 961 3275 Me
981 3253 1081 3281 oportet
1100 3251 1228 3282 operari...
1257 3250 1338 3275 donec
1364 3250 1418 3275 dies

468 3294 521 3321 θεῖς
542 3293 611 3316 venit
631 3299 693 3324 nox,
715 3294 819 3325 quando
839 3301 915 3319 nemo
936 3298 1018 3325 potest
1038 3296 1148 3326 operari.
1168 3308 1203 3313 —-
1222 3295 1305 3320 Locus
1324 3295 1347 3318 in
1369 3294 1418 3319 tine

468 3334 542 3359 solut.
562 3338 600 3359 est
619 3338 696 3366 Apoc.
723 3336 765 3367 lt,
791 3338 826 3361 13.

540 3378 550 3393 5
569 3378 632 3403 Cum
646 3379 701 3404 cod.
713 3380 924 3411 Xsupplcvimus
935 3382 1098 3407 'mummidct
1109 3381 1418 3415 legtin11qd0daiitmod0

1482 3030 1671 3058 [lz'z'itdicari.i‹t
1681 3030 1760 3056 alteri
1771 3038 1825 3056 von
1837 3030 2044 3064 praeiudicatur.
2056 3032 2180 3062 Superius
2192 3038 2238 3062 pro
2249 3038 2321 3058 nunc
2332 3031 2431 3056 codd.R
2479 3021 2481 3054 1

1483 3076 1498 3099 S
1508 3076 1527 3100 T
1539 3078 1564 3100 et
1574 3075 1613 3100 ed.
1628 3076 1633 3099 1
1650 3074 1856 3107 misericordiae,
1865 3080 1889 3100 et
1900 3082 2011 3106 pronon
2023 3075 2093 3101 decet
2103 3076 2178 3101 codd.
2188 3076 2204 3100 E
2213 3076 2230 3100 L
2238 3077 2271 3101 W
2283 3082 2336 3102 non
2344 3075 2430 3109 potest.
2479 3066 2481 3097 ἶ

1553 3119 1563 3135 ⁰
1583 3118 1662 3144 Codd.
1684 3120 1700 3143 F.
1713 3119 1732 3143 M
1747 3120 1778 3143 W
1790 3119 1813 3144 X
1833 3120 1954 3151 supplent
1973 3120 2103 3145 [zozimam.

1553 3162 1564 3179 ⁷
1583 3162 1662 3188 Codd.
1684 3164 1705 3187 H
1717 3164 1736 3187 lt
1757 3163 1898 3189 Ecclesiae.

1553 3206 1564 3223 8
1582 3207 1644 3232 Cod.
1666 3207 1685 3232 U
1704 3207 1750 3233 sed
1768 3207 1847 3240 culpa
1867 3207 1920 3233 sice.
1937 3208 2054 3241 pondus.

1554 3250 1564 3266 9
1584 3251 1645 3276 Εάᾶ.
1667 3251 1759 3284 aliqua
1779 3250 1900 3283 veizz'alz'a,
1922 3253 1970 3277 αῖιί
1989 3251 2082 3285 aliqua
2101 3251 2265 3278 cremabilia.
2478 3284 2479 3287 Ἴ

1556 3294 1576 3311 ¹⁰
1594 3296 1642 3319 Pro
1662 3296 1686 3320 ei
1706 3295 1791 3327 [codd.
1815 3296 1853 3320 lK
1874 3295 1923 3327 vel]
1944 3294 2108 3327 cremabilia,
2131 3295 2203 3327 quod
2223 3295 2282 3320 edd.
2296 3295 2427 3324 omittunt,
2478 3290 2479 3329 1

1484 3338 1559 3363 codd.
1581 3339 1626 3363 FG
1648 3340 1672 3364 et
1689 3338 1807 3365 cremari
1824 3338 1990 3370 cremabilia,
2014 3339 2089 3364 codd.
2111 3339 2128 3363 N
2140 3346 2169 3364 aa
2189 3340 2213 3364 et
2232 3337 2354 3365 cremari.
2374 3337 2428 3361 Mox
2460 3357 2462 3359 .
2478 3347 2479 3353 κ

1485 3390 1532 3414 pro
1553 3383 1579 3408 et
1595 3382 1644 3408 hoc
1663 3384 1701 3408 est
1719 3382 1747 3408 in
1767 3383 1823 3408 cod.
1845 3384 1851 3407 l
1872 3384 1895 3408 ct
1916 3382 1980 3409 haec
2001 3384 2045 3409 est.
