2483 3882
162 289 189 321 3.
215 289 307 325 Item,
333 287 379 318 vir
405 287 507 319 iustus
531 286 643 318 merito
666 286 748 318 vitae
772 289 873 327 potest
889 285 941 317 alii
958 285 1021 327 pri-

76 351 155 375 mam
192 340 323 381 gratiam
360 339 546 380 impetrare,
582 339 632 371 cui
661 347 722 370 non
747 343 794 371 est
817 337 1020 370 commissum

75 394 210 428 officium
235 392 432 429 mediatoris3
457 391 511 423 sed
536 390 690 423 sacerdoti
714 399 770 431 per
795 389 932 422 officium
963 389 1021 421 cla-

75 447 160 479 vium
194 448 241 476 est
279 444 482 476 commissum
519 442 656 475 officium
689 442 908 475 mediatoris¹:
946 451 1021 483 ergo

75 498 172 531 multo
189 497 300 529 fortius
317 496 463 528 sacerdos
480 495 611 536 gratiam
630 495 800 536 impetrare
813 497 929 535 potest:
946 503 1020 534 ergo

76 555 105 585 et
121 553 244 592 peccata
268 549 434 581 dimittere.

161 603 190 634 4.
216 602 307 639 item,
333 600 541 633 communiter
577 599 775 637 conceditur,
808 598 893 640 quod
917 598 1023 629 Sacra-

75 659 215 689 mentum
239 653 385 695 baptismi
411 652 494 685 delet
517 660 642 684 omnem
667 651 812 692 culpam,
837 651 890 683 sed
917 653 1021 682 tamen

75 710 105 741 in
129 709 187 740 hoc
210 716 270 738 non
300 706 471 747 derogatur
503 705 626 737 divinae
658 703 814 745 potentiae
838 703 868 734 in
898 702 1022 744 aliqum

75 761 128 794 sed
154 759 279 791 maioris
303 757 428 790 virtutis
452 760 498 789 est
522 756 720 797 susceptivus
738 755 867 797 spiritus
891 755 1023 786 rationa-

75 813 111 845 lis
133 820 228 853 quam
252 819 350 852 aqua:
376 818 450 850 ergo
482 809 625 846 videtur,
649 808 734 850 quod
760 808 825 840 sine
849 807 955 848 aliquo
980 806 1025 838 in-

75 863 266 897 convenienti
296 862 392 903 possit
428 861 505 899 dici,
531 861 613 902 quod
651 860 797 892 sacerdos
823 859 938 891 virtute
963 859 1022 891 cla-

75 918 159 950 vium
185 914 430 948 ministerialiter
454 913 587 946 absolvit
611 922 629 944 a
653 912 755 954 culpa.

162 969 308 1000 CONTRA:
337 969 364 998 sl.
390 967 533 998 Matthaei
558 974 640 997 nono
651 966 671 1004 ²,
696 974 768 997 cum
802 965 952 996 Dominus
981 964 1024 996 di-

2 1023 188 1055 monta-xisset:
214 1020 299 1057 Fili,
325 1019 538 1052 dimittantur
569 1019 627 1050 tibi
657 1022 794 1060 peccata
820 1022 893 1055 tna,
918 1017 1023 1049 statim

76 1075 240 1108 dixerunt:
266 1073 328 1105 Hie
353 1071 573 1113 blasphemat,-
598 1071 652 1103 sed
669 1080 729 1103 non
752 1071 922 1103 credebant
946 1071 1024 1102 blas-

75 1128 223 1170 phemare
248 1125 287 1157 ob
311 1125 415 1163 aliud,
440 1124 498 1156 nisi
523 1124 597 1165 quia
628 1127 754 1165 peccata
786 1123 944 1156 dimittere
977 1127 1024 1155 est

77 1180 171 1214 solius
195 1179 265 1211 Dei:
291 1187 350 1210 nou
376 1187 450 1219 ergo
475 1177 654 1210 sacerdotis.

163 1234 192 1264 Ξ).
218 1233 309 1269 Item,
335 1230 544 1272 Augustinus³
560 1234 590 1262 et
611 1230 780 1271 Gregorius
804 1230 922 1268 dicunt,
939 1230 1024 1271 quod

76 1286 106 1317 in
130 1284 328 1316 suscitatione
352 1283 459 1314 Lazari
484 1282 656 1323 significata
680 1284 727 1313 est
745 1281 940 1313 resuscitatio
957 1290 1025 1323 pec-

77 1337 205 1375 catoris3
223 1336 276 1369 sed
294 1337 428 1368 Lazarus
453 1338 499 1367 est
522 1335 611 1376 prius
635 1343 653 1366 a
678 1335 809 1366 Domino
830 1334 1023 1373 vivificatus,

77 1398 169 1432 quam
194 1389 372 1421 traderetur
397 1388 559 1429 discipulis
583 1387 813 1420 exsolvendus:
839 1396 914 1428 ergo
937 1388 1025 1419 abso-

76 1442 152 1475 lutio
175 1441 345 1474 sacerdotis
369 1441 446 1472 nihil
471 1440 570 1476 valet.
588 1435 755 1482 antequam
775 1440 868 1472 bomo
887 1440 926 1472 sit
950 1440 1025 1472 vivi-

76 1496 185 1528 ficatus
210 1504 265 1536 per
290 1494 421 1535 gratiam
453 1498 484 1526 et
516 1494 685 1526 suscitatus
716 1502 734 1525 a
771 1497 870 1525 morte
894 1493 1022 1535 culpae:

0 1558 1 1587 l
76 1557 148 1590 ergo
172 1547 318 1579 sacerdos
342 1555 402 1577 nou
428 1550 529 1587 potest
552 1554 648 1587 super
673 1545 808 1587 culpam.

0 1593 1 1617 l
163 1600 190 1631 3.
217 1599 310 1637 Item,
334 1599 418 1640 paris
443 1599 604 1639 potestatis
637 1602 683 1630 est
708 1598 840 1630 interius
863 1598 1024 1639 baptizare

77 1657 106 1686 et
128 1663 146 1685 a
169 1652 262 1694 culpa
286 1651 409 1684 mortali
434 1651 615 1689 absolvereg
641 1651 695 1683 sed
721 1651 805 1683 Deus
828 1659 890 1682 non
914 1650 1024 1682 debuit

76 1708 257 1748 potestatem
283 1704 459 1746 baptizandi
478 1704 617 1735 interius
635 1703 881 1741 communicare,
898 1712 936 1735 ne
953 1711 1024 1743 spes

76 1762 244 1801 poneretur
269 1758 299 1789 in
324 1757 488 1789 homine⁴t
514 1765 589 1798 ergo
624 1757 692 1798 pari
717 1756 837 1788 ratione
864 1765 918 1788 nec
942 1759 1025 1797 pote—

78 1815 185 1844 statem
210 1810 392 1842 absolvendi
418 1809 456 1841 ab
481 1809 606 1841 actuali.

164 1866 191 1896 5.
217 1864 310 1902 ltem,
334 1863 421 1894 nullo
454 1862 546 1894 modo
581 1862 616 1894 fit
649 1860 793 1894 remissio
825 1862 936 1903 culpae
965 1862 1022 1894 nisi

77 1926 131 1959 per
155 1916 302 1958 gratiam;
319 1915 373 1947 sed
391 1915 522 1956 gratiam
541 1915 616 1947 dare
633 1918 679 1946 est
702 1914 858 1955 potentiae
875 1914 1024 1953 infinitae,

78 1969 156 2002 sicut
179 1971 386 2001 monstratum
411 1971 457 1999 est
481 1967 512 1999 in
537 1966 836 2008 p1·aeeedentious⁵:
863 1976 937 2008 ergo
966 1971 1023 1998 etc.

429 2064 665 2087 CONCLUSIO.

81 2144 191 2177 Claves
221 2144 383 2176 Ecclesiae
418 2144 463 2175 ad
498 2143 667 2175 delendam
699 2142 832 2184 eulpam
866 2136 899 2174 ,ξε
923 2146 1026 2174 eaccen-

165 2198 247 2229 dunt
268 2207 327 2239 per
351 2197 485 2228 modain
510 2195 716 2237 deprecantis
740 2200 769 2226 et
796 2195 1025 2237 impetrantis,

164 2250 238 2288 sed,
260 2249 396 2291 proprie
422 2249 578 2292 loquendo
602 2248 668 2280 sive
698 2258 757 2290 per
789 2248 924 2280 modain
948 2248 1027 2280 acti-

166 2304 200 2335 vi
230 2308 258 2334 et
289 2302 526 2344 impertientis,
562 2311 625 2333 non
659 2311 692 2332 se
721 2301 896 2333 extendant
918 2310 1026 2342 snpra

166 2356 306 2397 culpant.

165 2445 363 2476 Rnspounno:
390 2443 433 2475 Ad
458 2443 691 2484 praedictorum
718 2441 953 2483 intelligentiam
980 2444 1027 2473 est

42 2530 43 2533 ,
80 2497 268 2536 notandum,
305 2496 388 2538 quod
425 2496 508 2528 circa
542 2495 601 2527 hoc
625 2498 673 2527 est
700 2494 821 2536 duplex
846 2494 959 2526 modus
984 2493 1027 2525 di-

81 2550 167 2582 cendi
192 2549 366 2582 secundum
392 2549 533 2580 diversos
559 2547 712 2579 doctores.

165 2602 263 2644 Aliqui
289 2602 373 2633 enim
397 2601 502 2633 dicere
534 2600 717 2638 voluerunt,
743 2599 825 2641 quod
856 2598 1026 2639 dupliciter

3 2657 34 2679 ¹1³⁰
47 2658 65 2680 1·
80 2657 124 2686 est
147 2654 230 2696 loqui
255 2654 293 2686 de
319 2654 455 2686 clavium
480 2656 647 2694 potestate:
674 2655 728 2684 aut
752 2654 846 2693 prout
876 2654 1025 2692 operatur

79 2706 109 2738 in
129 2706 296 2748 proposito
320 2705 506 2744 confitendi,
530 2709 584 2737 aut
609 2705 640 2736 in
665 2708 743 2736 acta
767 2703 977 2736 confessionis.
997 2703 1026 2734 Si

705 199 797 230 DIST.
822 198 919 230 XVIII.
945 198 975 229 P.
1001 198 1020 229 I.
1045 197 1125 229 ART.
1151 197 1182 229 II.
1208 197 1360 238 QUAEST.
1385 197 1404 228 I.

1969 196 2032 228 473

1084 288 1179 326 prout
1210 288 1359 326 operatur
1395 285 1425 316 in
1457 284 1626 326 proposito
1661 283 1847 322 confitendi3
1872 284 1932 322 sic,
1961 284 2034 324 quia

1085 337 1163 369 illud
1188 337 1383 378 propositum
1408 336 1567 368 clauditur
1592 336 1622 368 in
1648 336 1847 373 contritione,
1872 339 1902 367 et
1919 335 1949 367 in
1966 344 2035 367 con-

1086 390 1210 421 tritione
1241 389 1344 431 primo
1380 389 1504 421 deletur
1539 389 1649 430 culpa,
1683 389 1727 420 sic
1759 389 1861 420 virtus
1897 388 2034 420 clavium

1085 442 1221 483 quodam
1258 442 1352 474 modo
1386 450 1419 473 se
1454 441 1596 474 extendit
1627 441 1667 473 ad
1700 441 1865 473 delendam
1898 441 2034 482 culpam.

1086 494 1150 526 Non
1175 494 1257 526 enirn
1282 503 1300 526 a
1323 494 1416 536 culpa
1453 498 1553 535 potest
1581 494 1774 531 iustificari⁶,
1800 494 1856 525 nisi
1883 497 2036 535 proponat

1087 547 1240 578 sacerdoti
1265 546 1416 579 confiteri.
1441 547 1470 578 Si
1495 549 1599 579 autem
1626 547 1792 588 loquamur
1810 546 1848 578 de
1866 549 2035 587 potestate,

1087 602 1181 639 prout
1205 602 1354 639 operatur
1380 599 1409 630 in
1441 603 1520 630 acta
1552 599 1752 636 absolvendi;
1781 599 1824 631 sic
1849 608 1909 630 non
1936 602 2036 640 potest

1086 651 1118 682 in
1141 651 1285 692 culpam,
1310 659 1366 692 pro
1391 660 1426 683 eo
1451 651 1535 692 quod
1560 651 1652 692 digne
1677 652 1827 684 accedens
1852 652 1891 683 ad
1915 651 2037 683 absolu-

1086 703 1201 735 tionem
1226 703 1346 735 accedit
1370 703 1522 736 contritus
1549 708 1579 735 et
1603 705 1789 743 suscitatus,
1814 707 1844 737 et
1873 705 1915 736 ita
1939 708 1986 736 est
2009 704 2035 736 ei

1087 755 1147 786 iam
1173 755 1265 796 culpa
1289 755 1429 787 remissa.
1454 775 1498 779 -—
1522 756 1581 788 Sed
1606 757 1661 789 iste
1680 757 1792 789 modus
1816 757 1949 795 dicendi,
1966 758 2036 789 licet
2053 761 2184 808 Nontproha-

1087 808 1232 839 videatur
1256 808 1446 849 probabilis,
1471 812 1575 840 tamen
1600 809 1693 841 habet
1710 810 1740 841 iu
1758 810 1924 851 superficie
1941 811 2036 851 phan-
2109 794 2140 808 Μ’

1087 860 1212 892 tasiam:
1237 860 1393 901 primum,
1426 861 1500 902 quia
1525 861 1948 902 baptismus—Sacramentum
1974 872 2034 894 non

1087 913 1204 945 dicitur
1227 913 1366 954 operari,
1383 916 1551 954 antequam
1579 914 1671 945 homo
1696 915 1880 955 baptizetur,
1897 915 2036 956 alioquin

1087 969 1252 1006 operatum
1276 965 1386 998 fuisset
1409 966 1448 997 ab
1472 966 1558 998 initio
1568 979 1575 1004 ;
1601 967 1667 1007 pari
1698 967 1816 998 ratione
1846 976 1901 999 nec
1931 967 2036 999 clavis.

1087 1035 1131 1039 -—
1146 1017 1242 1054 Item,
1267 1017 1340 1058 plus
1363 1021 1465 1059 potest
1494 1019 1743 1060 unumquodque
1768 1020 1798 1050 in
1823 1029 1858 1050 re
1882 1029 1977 1060 quam
2006 1020 2038 1051 in

1089 1069 1154 1101 solo
1174 1070 1362 1111 proposito:
1389 1071 1413 1102 si
1439 1079 1514 1111 ergo
1539 1071 1569 1102 in
1592 1071 1760 1111 proposito
1785 1071 1867 1103 delet
1892 1072 2015 1113 culpam
2030 1098 2037 1110 ,

1088 1126 1205 1163 quanto
1229 1123 1342 1164 magis,
1360 1123 1436 1155 dum
1461 1123 1631 1155 exhibetur
1657 1123 1687 1155 in
1709 1133 1745 1155 re
1762 1123 1859 1165 ipsa?
1876 1143 1920 1147 —
1937 1125 1970 1156 Et
1987 1125 2037 1156 ite-

1087 1184 1185 1213 ruin,
1210 1175 1358 1217 possibile
1382 1179 1445 1214 est,
1478 1176 1561 1217 quod
1598 1176 1711 1217 aliquis
1746 1176 1783 1208 ad
1810 1176 2039 1208 absolutionem

1088 1228 1216 1260 accedat
1239 1228 1394 1264 attritas,
1420 1228 1501 1260 sicut
1532 1229 1572 1260 ad
1598 1228 1809 1270 baptismum,
1835 1238 1933 1270 quare
1966 1233 2040 1261 tuuc

1088 1289 1149 1312 non
1174 1280 1227 1312 fiet
1250 1281 1368 1312 attritio
1392 1281 1554 1320 contritio,
1580 1290 1652 1313 cuin
1677 1290 1739 1313 non
1763 1282 1802 1313 sit
1828 1281 1943 1314 fictus?

1179 1333 1213 1365 Et
1236 1333 1306 1365 ideo
1330 1337 1377 1365 est
1400 1334 1481 1366 allus
1506 1334 1617 1365 modus
1643 1334 1781 1372 dicendi,
1811 1334 1893 1376 quod
1921 1334 2039 1367 habens
2057 1341 2132 1368 opinio
2147 1341 2168 1361 2-

1089 1386 1208 1418 clavem
1233 1394 1290 1427 per
1313 1389 1498 1427 potestatem
1536 1386 1632 1418 clavis
1664 1386 1817 1418 mediator
1850 1391 1896 1419 est
1920 1387 1974 1418 Dei
2000 1387 2039 1419 ad
2053 1393 2202 1424 tractaremu-

1089 1438 1248 1470 hominem
1281 1442 1311 1470 et
1346 1438 1482 1471 hominis
1513 1439 1550 1470 ad
1582 1439 1692 1470 Deum.
1730 1439 1814 1470 Unde
1846 1448 1902 1480 per
1935 1440 2038 1480 Ipsum
2069 1421 2160 1447 ‘mmm'

1087 1494 1239 1532 peccator
1263 1490 1413 1522 accendit
1434 1491 1474 1523 ad
1499 1491 1617 1527 Deum,
1642 1494 1672 1522 et
1697 1492 1740 1523 sic
1765 1495 1811 1523 est
1836 1492 1982 1523 sacerdos
2008 1501 2042 1524 os

1089 1544 1260 1585 peccatoris
1296 1544 1362 1576 sive
1395 1544 1525 1584 loquens
1562 1553 1618 1584 pro
1651 1547 1831 1585 peccatore3
1856 1553 1912 1585 per
1938 1545 2041 1585 ipsum

1089 1597 1253 1629 descendit
1284 1597 1372 1628 Dens
1405 1597 1444 1628 ad
1480 1597 1658 1635 hominem,
1690 1600 1720 1628 et
1752 1597 1795 1629 sic
1824 1601 1871 1629 est
1896 1598 2043 1629 sacerdos

1089 1649 1220 1691 angelus
1245 1650 1318 1688 Dei,
1343 1649 1439 1681 immo
1463 1658 1515 1687 os,
1540 1658 1576 1681 eo
1608 1649 1693 1690 quod
1725 1649 1791 1690 ipse
1815 1653 1952 1690 separat
1971 1659 2043 1690 pre—

1089 1702 1209 1734 ciosum
1234 1712 1256 1734 a
1279 1702 1339 1733 vili
1350 1702 1370 1733 ⁷.
1388 1721 1432 1725 —-
1448 1701 1627 1734 Secundum
1653 1701 1737 1743 quod
1755 1701 1921 1738 ascendit,
1947 1701 2041 1733 habet
2057 1709 2184 1730 Notandum.

1089 1764 1122 1787 se
1146 1764 1202 1796 per
1223 1755 1354 1787 modum
1371 1753 1545 1796 inferioris
1561 1757 1592 1786 et
1608 1754 1827 1795 supplicantis
1837 1767 1848 1791 ;
1865 1755 2041 1787 secundum

1088 1808 1173 1849 quod
1198 1807 1378 1845 descendit,
1395 1816 1453 1849 per
1478 1806 1607 1839 modum
1632 1806 1816 1847 stiperioris
1840 1810 1870 1838 et
1894 1807 2045 1839 indican-

1090 1860 1139 1892 tis.
1164 1860 1345 1892 Secundum
1369 1860 1509 1901 primum
1535 1859 1664 1891 modum
1690 1863 1791 1900 potest
1812 1859 1964 1901 ,qratiam
1986 1859 2044 1891 ini-

1084 1916 1235 1954 petrare,
1260 1916 1291 1944 et
1314 1912 1354 1944 ad
1377 1912 1437 1944 hoc
1469 1915 1516 1944 est
1548 1910 1697 1951 idoneus3
1733 1911 1909 1944 secundum
1934 1920 2041 1943 secun-

1090 1966 1167 1997 dum
1191 1965 1323 1997 modum
1347 1968 1449 2006 potest
1473 1964 1636 1997 Ecclesiae
1660 1964 1887 1996 reconciliare.
1912 1964 1944 1995 Et
1973 1964 2043 1997 ideo
2056 1972 2203 1994 corollarium.

1089 2019 1120 2050 in
1144 2018 1240 2051 huius
1265 2018 1523 2059 significationem
1549 2019 1579 2049 in
1604 2017 1705 2049 forma
1729 2017 1934 2049 absolutionis
1957 2026 2043 2059 prae-

1089 2071 1223 2103 mittitur
1255 2071 1434 2112 deprecatio
1466 2079 1523 2111 per
1557 2070 1686 2102 modum
1719 2070 1983 2111 deprecativam,
2014 2074 2044 2102 et

1089 2124 1291 2165 subiungitur
1316 2124 1471 2156 absolutio
1495 2133 1551 2166 per
1576 2124 1706 2155 modum
1731 2123 1993 2160 indicativum&
2016 2127 2046 2155 et

1090 2176 1274 2218 deprecatio
1299 2176 1430 2217 gratiam
1456 2176 1620 2216 impetrat,
1639 2176 1692 2207 sed
1711 2175 1871 2207 absolutio
1896 2184 2046 2216 praesup-

1090 2230 1185 2271 ponit.
1204 2229 1370 2270 Nunquam
1384 2228 1466 2260 enim
1481 2228 1628 2260 sacerdos
1646 2227 1823 2259 absolveret
1840 2236 2044 2268 quemquam,

1091 2283 1130 2314 de
1147 2291 1209 2323 quo
1226 2290 1287 2313 non
1304 2284 1538 2322 praesumeret,
1556 2281 1639 2322 quod
1658 2283 1738 2312 esset
1754 2280 1918 2312 absolutus
1935 2289 1953 2311 a
1971 2280 2043 2312 Deo.

1179 2334 1209 2366 Si
1234 2343 1308 2375 ergo
1333 2337 1515 2375 quaeratur,
1540 2336 1647 2365 utrum
1671 2336 1814 2373 potestat>
1843 2332 1987 2363 etavinm
2011 2334 2045 2363 se

1091 2387 1241 2419 extendat
1257 2387 1297 2418 ad
1314 2386 1480 2418 delendam
1498 2386 1623 2427 culpam
1634 2398 1641 2424 3
1659 2385 1845 2423 dicendum,
1863 2385 1946 2426 quod
1965 2385 2043 2416 bene
2058 2392 2168 2413 conclusio
2183 2392 2203 2412 1.

1091 2443 1192 2481 potest
1216 2449 1248 2472 se
1273 2439 1445 2471 extendere
1470 2448 1524 2480 per
1550 2438 1678 2470 modum
1704 2438 1911 2479 deprecantis
1935 2441 1965 2469 et
1988 2437 2045 2468 iin-

1086 2493 1274 2534 petrcmtis;
1298 2496 1328 2524 et
1353 2492 1432 2524 illud
1464 2491 1675 2532 significatum
1701 2494 1747 2522 est
1774 2491 1802 2521 in
1830 2490 2044 2522 benedictione

1091 2545 1308 2583 sacerdotum,
1332 2545 1542 2576 Numerorum
1580 2544 1713 2581 sext003
1738 2543 1793 2575 sed
1825 2552 1880 2583 per
1914 2543 2043 2574 modum

1092 2597 1298 2639 impertientis
1334 2606 1403 2628 non.
1430 2596 1582 2637 Quoniam
1608 2604 1682 2636 ergo
1704 2599 1847 2636 potestas
1872 2599 1960 2627 sonat
1984 2604 2040 2636 per
2058 2601 2187 2623 Notandum.

1090 2650 1221 2681 modum
1245 2648 1348 2681 activi
1370 2652 1400 2680 et
1424 2647 1639 2689 impertientis
1664 2656 1703 2679 ex
1723 2656 1754 2679 se
1769 2660 1776 2685 3
1794 2647 1866 2679 hinc
1884 2651 1939 2685 est,
1957 2647 2042 2688 quod

1090 2705 1227 2744 potestas
1243 2701 1397 2739 clavium,
1411 2700 1548 2742 proprie
1565 2700 1739 2741 loquendo,
1759 2709 1819 2731 non
1845 2708 1877 2732 se
1902 2699 2044 2732 extendit
2059 2707 2169 2728 c0n01us10
2182 2707 2203 2727 a.

152 2897 159 2913 ¹
179 2897 205 2922 In
225 2897 300 2922 codd.
316 2897 435 2928 plurimis
449 2895 537 2921 minor
551 2895 721 2927 desideratur,
736 2896 793 2920 loco
807 2895 880 2920 cuius
900 2896 924 2919 in
939 2894 997 2920 cod.
1014 2894 1029 2918 Ρ

83 2941 194 2966 secunda
214 2948 305 2966 manus
324 2942 430 2966 iuferius
450 2943 508 2972 post
527 2940 651 2967 sacerdos
671 2940 783 2965 addidit:
798 2939 842 2966 cni
855 2938 1030 2966 commissmn

83 2985 120 3009 est
138 2984 253 3019 officiam
280 2984 434 3010 mediatoris
464 2984 521 3016 (etr.
542 2983 619 3009 Hebr.
640 2984 668 3014 5,
691 2984 713 3008 l.
733 2983 826 3016 seqq).
847 2982 962 3008 Subinde
982 2990 1029 3014 pro

82 3027 197 3061 qratiam
216 3029 292 3054 codd.
312 3029 329 3053 F
341 3029 361 3053 G
381 3027 494 3054 ventam.

150 3071 161 3087 ²
180 3072 251 3097 Vers.
260 3073 283 3097 2.
292 3079 355 3104 seq,
367 3072 411 3097 ubi
422 3072 531 3103 Vulgata
544 3070 725 3097 remittuntar.
737 3070 787 3096 Csr.
799 3071 874 3095 Marc.
886 3071 910 3101 2,
921 3070 945 3094 5.
957 3077 1030 3102 seqq.

152 3114 162 3131 3
181 3114 231 3140 cfr.
253 3122 331 3147 supra
351 3122 411 3147 pag.
432 3114 496 3146 344,
517 3117 576 3139 nota
596 3113 628 3145 53
649 3114 682 3138 lit.
703 3114 829 3145 Magistri,
845 3113 870 3138 d.
884 3113 952 3139 XVI.
969 3120 990 3138 c.
1006 3114 1031 3138 .1‚

84 3160 108 3182 et
125 3158 150 3183 d.
169 3159 244 3184 XVll.
265 3166 285 3184 c.
310 3160 331 3184 l.
351 3163 375 3184 ct
394 3159 435 3183 hic
455 3165 476 3183 c.
498 3157 520 3182 4.
541 3165 628 3190 seqq,
649 3165 679 3182 ex
699 3157 795 3189 quibus
820 3158 869 3182 hoc
888 3164 943 3188 arg.
963 3164 1032 3182 sum-

85 3204 138 3226 tum
156 3205 201 3228 est.
212 3203 339 3228 Sententia
359 3203 476 3234 Gregorii
497 3201 606 3227 habetur
626 3202 650 3225 in
672 3201 697 3226 ll.
718 3201 810 3226 Homil.
829 3202 854 3225 iu
876 3201 972 3232 Evaug.
988 3202 1032 3225 ho-

84 3245 135 3269 mil.
155 3246 196 3270 26.
217 3253 240 3270 n.
261 3247 284 3271 6.

153 3289 164 3305 ⁴¹
183 3290 248 3315 Vide
271 3297 351 3322 supra
371 3291 396 3315 d.
416 3291 439 3315 5.
460 3297 482 3315 a.
504 3290 527 3315 3.
547 3297 572 3322 q.
594 3290 616 3314 ’1.
637 3288 686 3314 Csr.
707 3290 748 3314 hic
768 3289 800 3314 lit.
821 3289 946 3320 Magistri,
968 3295 989 3314 c.
1005 3288 1029 3313 4.

84 3344 119 3350 —
137 3332 194 3358 Post
213 3333 410 3360 communicare
429 3333 486 3359 cod.
507 3333 527 3358 U
547 3333 651 3364 supplet
669 3331 777 3358 homini.

224 3386 251 3412 S.
271 3387 374 3412 Bonan.
395 3401 428 3404 -
448 3387 523 3411 Tom.
544 3386 584 3411 IV.

1165 2893 1176 2909 ⁵
1194 2893 1255 2918 Dist.
1279 2892 1317 2917 15.
1338 2899 1363 2923 p.
1384 2892 1400 2917 l.
1420 2899 1444 2924 q.
1470 2892 1494 2922 l,
1515 2891 1540 2915 d.
1566 2891 1602 2916 16.
1630 2898 1654 2922 p.
1680 2891 1695 2915 l.
1723 2897 1744 2914 a.
1773 2890 1796 2915 4.
1825 2897 1848 2922 q.
1876 2891 1894 2914 l.
1921 2890 1954 2914 ad
1975 2891 2001 2921 2,
2022 2893 2046 2914 et

1094 2938 1234 2968 praecipue
1254 2937 1271 2961 1.
1294 2937 1362 2961 Sent.
1393 2935 1418 2960 d.
1450 2935 1486 2960 l4.
1508 2942 1530 2960 a.
1552 2936 1574 2959 ⁶2.
1596 2942 1620 2966 q.
1641 2936 1665 2959 2.
1685 2934 1734 2959 Csr.
1755 2935 1831 2959 etiam
1852 2935 1893 2959 hic
1912 2934 1946 2958 lit.
1967 2934 2042 2965 Magi-

1094 2983 1152 3014 stri,
1173 2988 1195 3006 ο.
1215 2981 1237 3005 4.
1259 2988 1312 3012 seq.

1164 3025 1175 3042 6
1194 3026 1220 3050 ln
1241 3025 1298 3050 cod.
1312 3024 1336 3049 X
1350 3023 1462 3049 secunda
1477 3030 1570 3048 manus
1583 3023 1713 3054 supplevit
1726 3021 1792 3055 qais.
1809 3022 1877 3046 Idem
1897 3021 1953 3046 cod.
1968 3022 2044 3052 paulo

1094 3070 1200 3095 interius
1219 3075 1267 3100 pro
1285 3067 1430 3094 suscitatas
1449 3067 1579 3092 substituit
1597 3065 1766 3099 iustificata-3.

1165 3113 1175 3129 7
1196 3113 1283 3137 ierem.
1308 3111 1350 3142 15,
1376 3112 1421 3136 19:
1442 3112 1467 3135 Si
1486 3111 1648 3142 separaveris
1669 3110 1810 3141 pretiosum
1824 3117 1837 3134 a
1852 3110 1910 3141 vili,
1924 3110 1998 3142 quasi
2016 3116 2045 3134 os

1095 3163 1183 3182 meum
1203 3157 1261 3180 eris.

1166 3199 1177 3215 ⁸
1196 3199 1262 3225 VIde
1280 3205 1358 3230 supra
1378 3197 1403 3223 d.
1429 3198 1465 3222 17.
1486 3205 1510 3229 p.
1531 3198 1557 3222 ΙΙ,
1578 3197 1639 3222 dub.
1660 3197 1683 3222 5.

1165 3243 1176 3260 ⁹
1197 3244 1268 3268 Vers.
1290 3243 1331 3267 ll.
1353 3245 1377 3267 et
1397 3242 1439 3267 23.
1461 3249 1533 3274 seqq.
1553 3241 1603 3267 Csr.
1617 3242 1658 3266 hic
1677 3242 1711 3267 lit.
1732 3242 1858 3274 Magistri,
1879 3249 1900 3267 c.
1922 3242 1945 3267 6.
1967 3256 2000 3259 -
2019 3241 2044 3266 ln

1096 3295 1167 3320 seqq.
1188 3294 1236 3319 pro
1254 3285 1427 3320 impertientis
1446 3285 1505 3311 edd.
1525 3286 1565 3311 bis
1584 3285 1747 3319 imperantis.

1872 3383 1905 3407 60
