2483 3882
383 758 461 778 Canon.

396 1390 461 1416 Euge.

478 232 539 263 706

474 318 592 354 prolem
615 317 823 354 cognoscimus
846 317 944 353 ipsum
961 315 1136 349 Dominum;
1150 314 1261 352 fidem,
1277 314 1347 351 quia
1365 313 1427 343 nul-

476 368 535 396 lum
569 366 765 399 adulterium,
795 365 1044 397 Saormnenltmz,
1078 363 1147 401 quia
1182 362 1295 392 nullum
1329 362 1427 391 divor-

477 415 548 443 tium
564 426 588 443 ».
618 413 728 443 «Solus
752 412 790 441 ibi
815 411 957 450 nuptialis
980 410 1160 440 concubitus
1181 418 1239 439 non
1263 410 1333 446 suit,
1356 410 1427 447 quia

477 465 504 492 in
528 471 617 492 carne
640 461 754 499 peceati
779 460 842 489 lieri
866 468 923 488 uon
947 463 1063 497 poterat
1095 459 1159 488 sine
1192 458 1334 496 pudenda
1357 466 1427 487 con—

477 510 662 549 cupiscentia
685 509 798 543 carnis,
820 515 899 546 quae
921 507 1032 537 accidit
1054 516 1091 537 ex
1116 510 1256 545 peccato;
1280 507 1344 536 sine
1367 514 1426 544 qua

476 559 593 596 concipi
618 557 709 586 voluit
732 557 783 595 qui
806 557 870 585 sine
892 560 1017 594 peccato
1041 556 1158 585 futurus
1181 559 1282 584 erat».
1300 555 1335 583 Et
1357 554 1428 583 licet

476 616 532 636 non
556 605 758 635 intercesserit
781 604 946 642 coniugalis
963 603 1157 639 concubitus,
1173 603 1312 643 cotzt'ugses
1330 607 1427 632 tamen

478 663 547 684 vere
579 654 698 683 suerunt
729 657 842 687 monle,
866 661 923 682 non
958 661 1066 686 carne,
1099 652 1177 681 sicut
1210 655 1238 681 et
1267 655 1428 690 pov-entes,-

477 702 614 741 qnamvis
636 701 833 730 Ambrosius¹
858 700 954 735 dicat,
977 700 1144 738 perfectum
1168 700 1230 729 fieri
1254 699 1427 738 coniugium

476 759 530 789 per
551 750 701 780 carnalem
725 749 875 787 copulam.
904 749 958 778 «In
982 749 1078 784 omni,
1101 749 1213 787 inquit,
1237 748 1428 777 matrimonio

478 799 649 828 coniunctio
679 798 854 835 intelligitur
883 797 1063 836 spiritualis,
1094 805 1184 835 quam
1213 797 1370 826 confirmat
1400 799 1429 826 et

476 848 594 886 perlicit
615 847 845 876 coniunctorum
869 846 1043 875 commixtio
1075 845 1279 884 corporalis».
1304 845 1360 874 Sed
1391 845 1429 874 in-

478 895 669 933 telligendum
693 899 752 930 cst,
768 895 940 931 coniugium
965 894 1068 932 perfici
1089 894 1303 923 commixtione
1325 902 1430 931 corpo-

477 945 529 975 rali
554 952 612 973 non
635 947 779 981 quamtum
803 943 839 972 ad
859 942 1034 977 veritatem,
1059 942 1103 972 vel
1126 942 1313 972 semetitcccem
1329 942 1429 971 eoniu-

476 993 532 1030 gii‚
554 992 605 1022 sed
636 995 780 1030 quantum
809 992 844 1021 ad
869 991 1136 1031 siqnifimo‘onem,
1168 991 1239 1028 quia
1267 990 1429 1028 perfectius

477 1042 617 1071 unionem
640 1040 749 1070 Christi
772 1044 801 1070 et
822 1041 976 1070 Ecclesiae
999 1044 1069 1069 tunc
1092 1039 1208 1076 figurat.

881 1123 950 1153 CAP.
973 1123 1017 1152 III.

734 1204 776 1232 De
797 1202 889 1239 finali
909 1212 999 1232 causa
1022 1201 1164 1241 conizcgyz'z'.

555 1283 715 1321 Exposita,
735 1290 813 1321 quae
836 1282 874 1311 sit
895 1281 1024 1321 efficiens
1039 1290 1130 1311 causa
1149 1282 1347 1318 matrimonii,
1364 1289 1432 1310 eon-

477 1339 606 1370 sequens
629 1335 673 1360 est
695 1329 867 1365 ostendere,
890 1328 925 1359 ol)
948 1338 1041 1369 quom
1063 1337 1186 1358 ceresam
1201 1328 1296 1358 soleat
1318 1328 1363 1357 vel
1380 1328 1430 1357 de-

480 1380 549 1409 beat
570 1379 707 1409 contrahi
734 1378 969 1408 matrimonium.
999 1390 1011 1403 «
1026 1378 1078 1407 Est
1100 1378 1190 1414 igitur
1210 1375 1315 1416 fimitis
1338 1385 1430 1406 causa

479 1428 675 1459 contrahendi
706 1427 888 1457 matrimonii
916 1426 1093 1465 principalis
1123 1425 1294 1464 procreatio
1320 1425 1429 1463 prolis3

478 1481 602 1516 propter
624 1477 683 1506 hoe
705 1476 783 1505 enim
808 1476 935 1505 instituit
958 1475 1037 1504 Deus
1060 1474 1232 1511 coniugium
1264 1474 1340 1502 inter
1371 1474 1432 1511 pri-

479 1535 543 1555 mos
575 1529 731 1564 parentes,
765 1525 875 1563 quibus
908 1524 1002 1553 dixit:
1038 1523 1163 1553 Crescite
1195 1528 1220 1552 el
1245 1521 1432 1561 multiplica-

478 1573 575 1604 mini²
593 1579 647 1603 etc.
673 1573 809 1603 Secunda
834 1576 957 1611 estpost
979 1576 1136 1610 peceatum
1154 1572 1237 1601 Adae
1255 1572 1357 1600 vitatio
1380 1572 1433 1600 sor-

479 1625 651 1659 nicationis,
668 1623 747 1653 unde
763 1623 939 1661 Apostolus:
953 1623 1081 1660 Propter
1095 1621 1327 1661 sorni'ccalt'o‘iumz
1343 1630 1432 1650 zancas<

478 1672 604 1712 (suisque
626 1671 732 1702 haheat
763 1680 891 1701 ‘iacerem
913 1680 1018 1704 suom,
1049 1675 1074 1699 ct
1100 1679 1298 1709 <unaquaeque
1327 1667 1433 1698 liabent

478 1720 581 1750 viram
602 1730 701 1750 stema.
725 1720 799 1749 Sunt.
821 1723 849 1749 ct
871 1720 948 1749 aliae
971 1727 1080 1748 causae
1103 1719 1262 1754 honestae,
1286 1721 1315 1747 ut
1341 1718 1432 1746 inimi-

480 1778 584 1800 corum
608 1769 813 1799 reconciliatio
836 1772 865 1798 et
887 1768 971 1806 pacis
993 1768 1216 1804 redintegratio.
1246 1767 1320 1797 Sunt
1342 1767 1431 1796 etiam

1232 227 1516 259 SENTENTIARUM
1540 227 1608 259 LlB.
1633 228 1679 259 tv.

1491 317 1519 343 et
1535 314 1610 343 aliae
1633 314 1730 344 minus
1746 315 1889 344 honestae
1905 323 2028 349 causae,
2043 319 2167 353 propter
2186 324 2261 354 quas
2277 316 2435 355 aliquando

1491 362 1689 398 contrahitur,
1712 365 1742 392 ut
1768 363 1823 391 viri
1846 363 2041 402 mulierisque
2063 363 2250 401 pulcritudo,
2272 372 2350 402 quae
2377 367 2436 396 ani-

1492 417 1556 439 mos
1572 418 1674 439 amore
1691 409 1890 440 inflammatos
1905 419 1996 448 saepe
2020 411 2145 448 impellit
2160 411 2236 440 inire
2259 412 2436 450 coniugium,

1493 462 1524 488 ut
1547 458 1666 488 valeant
1687 467 1774 488 suum
1792 459 1914 497 explere
1936 459 2136 494 desiderium;
2155 463 2298 498 quaestus
2320 468 2437 499 quoque

1493 510 1521 536 et
1536 507 1709 537 divitiarum
1734 507 1884 545 possessio
1901 508 2072 546 frequenter
2095 511 2138 537 est
2154 516 2245 537 eausa
2267 509 2396 545 coniugii
2412 514 2438 539 et

1493 555 1549 584 alia
1583 555 1691 590 multa,
1721 563 1799 593 quae
1825 556 1936 594 cuique
1964 555 2148 593 diligentiam
2176 555 2329 585 adhibenti
2357 556 2438 588 facile

1493 607 1537 632 est
1560 603 1740 633 discernere.
1764 604 1826 633 Nec
1849 608 1893 633 est
1919 604 2141 634 assentiendum
2164 604 2222 633 illis
2248 604 2298 642 qui
2326 604 2438 642 dicunt,

1493 660 1551 682 non
1575 660 1639 681 esse
1662 652 1849 690 coniugium,
1877 652 1957 690 quod
1981 655 2105 691 propter
2134 652 2188 682 has
2215 660 2322 682 causas
2345 653 2438 684 minus

1493 700 1634 730 honestas
1657 700 1854 729 contrahitur.
1877 700 1997 730 Constat
2013 701 2092 729 enim
2109 708 2145 730 ex
2167 700 2355 738 praemissis,
2377 708 2440 731 eon-

1494 748 1606 786 iugium
1630 749 1693 777 [ieri
1711 756 1747 777 ex
1769 749 1920 777 communi
1937 756 2095 785 consensu,
2118 748 2219 778 verbis
2239 748 2276 778 de
2294 750 2439 786 praesenti

1494 805 1652 835 expresso,
1674 797 1813 835 quamvis
1835 805 1920 826 amor
1942 797 1978 826 ad
2006 796 2064 826 hoc
2087 797 2252 826 attraxerit.
2282 796 2372 826 Cuius
2399 798 2439 828 rei

1494 845 1708 874 documentum
1731 848 1864 883 praestat
1885 845 1987 882 Iacob,
2004 845 2055 883 qui
2077 845 2190 874 Rachel
2210 844 2348 874 decoram
2370 845 2440 884 facie
2452 828 2483 880 nil

1494 897 1520 922 et
1540 897 1665 922 venusto
1687 897 1806 931 aspectu
1837 893 1949 922 amavit
1978 900 2105 931 eamque
2127 892 2253 931 diligens
2282 892 2360 922 ait³:
2383 893 2441 923 Ser-

1493 940 1576 970 os'smz
1599 939 1656 970 zz'hz'
1671 935 1730 980 piro
1757 940 1870 971 Rachel
1896 945 2006 979 sepiem
2028 939 2128 970 amotis.
2156 941 2185 969 In
2213 941 2440 971 Deuteronomio

1494 990 1584 1019 etiam
1607 989 1736 1027 legitur:
1760 988 1794 1019 Sa·
1813 988 1927 1019 videris
1950 988 1982 1018 in
2004 987 2103 1018 medio
2131 988 2321 1027 captiuormn.
2342 988 2441 1019 mulie-

1493 1046 1558 1066 rem
1577 1037 1721 1076 pulcronii.
1743 1041 1769 1066 et
1790 1035 1982 1066 ccclamaverz's
2010 1045 2075 1065 ecem
2103 1035 2294 1076 voluerisque
2319 1045 2441 1066 uxorem

1495 1084 1625 1119 habere,
1648 1084 1821 1115 introduces
1842 1094 1908 1114 eam
1929 1084 1963 1114 in
1985 1084 2109 1114 domimi
2132 1088 2215 1114 mam
2231 1097 2242 1110 »
2271 1087 2326 1114 etc.

1901 1182 1968 1212 Car.
1991 1183 2037 1212 IV.

1548 1280 1633 1316 Quod
1652 1279 1752 1310 violas
1772 1279 1844 1318 finis
1866 1288 1927 1309 non
1951 1278 2138 1309 commonitae
2160 1279 2394 1310 Sacramentum.

1575 1378 1612 1407 Et
1640 1377 1711 1407 lieet
1741 1377 1797 1406 [ine.
1826 1385 1883 1406 non
1913 1377 1991 1406 bono
2026 1377 2222 1406 contrahatur
2254 1376 2441 1414 coniugium,
2478 1405 2479 1408 ,

1496 1426 1616 1465 quando
1632 1427 1750 1464 species
1764 1426 1968 1455 contrahentis
1987 1428 2087 1455 movet
2101 1425 2250 1462 animum,
2273 1425 2441 1462 coniugium
2478 1438 2479 1450 ι

1498 1478 1595 1504 tamen
1618 1474 1731 1504 bonum
1753 1477 1812 1510 est,
1842 1474 1913 1512 quia
1944 1473 2004 1503 vita
2037 1473 2128 1508 mala,
2158 1473 2204 1502 vel
2236 1473 2360 1502 intentio
2382 1481 2441 1511 per-

1496 1531 1583 1552 versa
1601 1523 1729 1552 alieuius
1744 1522 1969 1551 Sacramentum
1995 1529 2052 1550 non
2076 1521 2267 1551 contaminat.
2283 1537 2323 1543 -—
2340 1521 2441 1552 Habuit

1497 1575 1596 1601 autem
1620 1571 1792 1608 coniugium
1808 1570 1919 1600 Mariae
1935 1574 1963 1599 et.
1984 1570 2091 1608 loseph
2107 1570 2180 1599 alias
2203 1578 2310 1599 causas
2332 1570 2442 1608 specia-

1495 1621 1555 1655 les,
1578 1620 1694 1649 scilieet
1716 1623 1748 1648 ut
1776 1632 1787 1644 «
1803 1619 1894 1655 Virgo
1916 1619 2022 1648 solatio
2040 1619 2095 1647 viri
2118 1622 2350 1653 sustentaretur,
2373 1622 2479 1648 etuth:

1497 1668 1618 1698 diabolo
1641 1672 1745 1706 partus
1767 1667 1929 1703 celaretur,
1947 1671 1979 1696 ut
2001 1667 2107 1704 loseph
2128 1670 2206 1696 esset
2229 1666 2311 1696 testis
2333 1667 2442 1697 castita-

1498 1717 1547 1753 tis,
1571 1716 1732 1746 defendens
1756 1724 1821 1745 eam
1845 1715 1882 1745 ab
1899 1715 2017 1745 infamia
2042 1715 2237 1753 suspicionis,
2262 1723 2297 1744 ne
2314 1719 2345 1744 ut
2367 1714 2443 1745 adul—

1499 1770 1561 1795 tera
1583 1765 1778 1794 damnaretur
1791 1764 1802 1778 ⁴
1817 1777 1844 1793 υ.

801 1908 1295 1964 cotiitENTAffltie
1336 1909 1404 1962 IN
1442 1907 1937 1961 DISTINCTIONEM
1976 1905 2127 1960 XXX.

1041 2041 1091 2077 De
1120 2051 1307 2085 consensu,
1339 2038 1397 2089 qui
1428 2038 1538 2075 deficit
1568 2051 1588 2074 a
1616 2044 1712 2088 parte
1740 2037 1891 2074 rationis.

946 2160 1010 2192 Nec
1033 2160 1140 2191 solnm
1165 2159 1288 2191 coactio
1314 2159 1447 2200 impedit
1470 2158 1518 2190 vet
1542 2158 1684 2190 excludit
1708 2166 1901 2189 consensum
1927 2161 1983 2189 etc.

1307 2282 1445 2315 DtvtStO
1470 2283 1625 2314 TEXTUS.

570 2399 671 2439 Supra
695 2397 756 2439 egit
782 2397 926 2438 Magister
951 2396 989 2428 de
1015 2404 1183 2434 consensu,
1208 2395 1260 2437 qui
1288 2395 1392 2427 deficit
1416 2404 1433 2426 a,

481 2455 569 2493 parte
594 2450 774 2482 voluntatis.
800 2450 851 2482 Hic
876 2449 1014 2481 secundo
1038 2450 1101 2489 agit
1126 2448 1164 2480 de
1181 2457 1354 2487 consensu,
1379 2448 1432 2489 qui

482 2504 587 2536 deficit
617 2513 635 2535 a
659 2506 747 2545 parte
773 2502 911 2534 rationis.
950 2503 982 2533 Et
1013 2501 1159 2542 quoniam
1197 2510 1236 2533 ex
1262 2501 1320 2533 hac
1344 2505 1433 2542 parte

483 2561 584 2598 potest
608 2556 775 2597 dupliciter
809 2555 960 2587 deficere:
993 2558 1047 2586 aut
1071 2557 1200 2596 propter
1229 2562 1370 2585 errorem
1404 2553 1434 2584 in

483 2610 615 2648 ratione,
633 2613 687 2641 aut
704 2612 832 2650 propter
850 2607 1065 2649 obliquitatem
1092 2607 1120 2638 in
1146 2607 1333 2644 intentione,
1354 2614 1435 2647 quae

482 2663 599 2703 aliquid
626 2662 699 2694 dicit
725 2661 869 2697 rationis,
894 2660 1013 2702 aliquid
1035 2660 1109 2692 dicit
1135 2659 1303 2691 voluntatis
1320 2659 1347 2697 ¹3
1366 2659 1435 2690 ideo

483 2715 585 2756 primo
614 2714 802 2747 determinat
826 2714 863 2746 de
888 2722 1055 2751 consensu,
1081 2713 1133 2754 qui
1160 2712 1195 2744 fit
1219 2721 1290 2744 cum
1316 2721 1434 2744 errore.

483 2768 625 2800 Secundo
650 2776 724 2799 vero
745 2767 932 2799 determinat
953 2767 991 2798 de
1016 2774 1187 2804 consensu,
1213 2765 1266 2807 qui
1295 2765 1330 2796 sit
1354 2764 1436 2796 mala

1464 2608 1468 2803 l

1498 2394 1683 2432 intentione,
1713 2397 1743 2425 et
1775 2402 1831 2434 per
1855 2393 2033 2434 oppositum
2059 2392 2161 2430 bona,
2187 2392 2245 2424 ibi:
2280 2391 2442 2433 Reposito,

1498 2457 1582 2490 quae
1604 2447 1647 2478 sic
1671 2456 1777 2479 ectztsa
1802 2446 1941 2489 efficiens
1965 2445 2182 2478 matrimonii.

1587 2500 1690 2531 Prima
1713 2508 1787 2541 pars
1804 2499 1898 2531 habet
1921 2499 2010 2531 duas.
2036 2499 2138 2530 Primo
2156 2498 2238 2530 enim
2264 2497 2443 2530 determinat

1499 2552 1603 2585 varios
1634 2561 1773 2590 errores,
1805 2551 1858 2593 qui
1892 2552 2034 2583 incidunt
2065 2552 2148 2583 cirea
2180 2559 2375 2582 consensum.
2398 2549 2442 2580 Se-

1499 2605 1603 2638 cundo
1625 2614 1699 2637 vero
1717 2605 1919 2643 determinat,
1944 2604 2079 2646 qualiter
2097 2613 2267 2636 consensus
2292 2603 2400 2635 Mariae
2416 2604 2443 2634 et

1499 2658 1608 2700 Ioseph
1634 2658 1728 2690 suerit
1745 2661 1850 2689 rectus
1874 2660 1905 2689 et
1920 2660 2064 2693 sanctus,
2089 2657 2149 2688 ibi:
2168 2656 2368 2688 I>ra67nissis
2390 2654 2444 2687 ati-

1500 2711 1581 2753 quid
1604 2711 1793 2742 addendum
1818 2715 1862 2741 est
1887 2710 1925 2741 cle
1948 2710 2043 2741 modo
2073 2709 2163 2741 illius
2187 2718 2362 2741 consensus
2388 2711 2440 2740 etc.

1215 2875 1424 2907 TtttC'sATIO
1452 2874 1725 2916 QUAESTtONUM.

550 2990 593 3021 Ad
610 2989 843 3030 intelligentiam
859 2989 1032 3030 praesentis
1050 2987 1256 3020 distinctionis
1274 2986 1332 3018 tria
1349 2995 1440 3027 quae-

486 3046 609 3074 runtur.

546 3093 648 3125 Primo
658 3094 821 3135 quaeritur
832 3094 870 3126 de
881 3102 1034 3126 consensu
1046 3093 1107 3131 illo,
1118 3092 1171 3134 qui
1182 3095 1228 3124 est
1238 3100 1309 3124 eum
1320 3100 1437 3123 errore.

1572 2985 1715 3017 Secundo
1739 2985 1903 3026 quaeritur
1927 2985 1966 3017 de
1991 2993 2145 3017 consensu
2173 2984 2281 3017 beatae
2316 2980 2442 3023 Virginis

1504 3038 1625 3070 Mariae.

1570 3090 1683 3127 Terbe,
1708 3090 1747 3123 de
1771 3099 1925 3123 consensu
1950 3090 2017 3129 illo,
2042 3090 2094 3131 qui
2119 3093 2166 3122 est
2189 3098 2230 3121 ex
2255 3088 2388 3121 libidine.

560 3221 566 3236 ¹
589 3222 641 3245 Non
654 3225 691 3246 est
701 3222 842 3253 Ambrosii,
859 3222 918 3247 vide
932 3222 957 3247 C.
973 3223 1004 3247 In
1017 3221 1091 3247 οιιιιιὶ
1103 3220 1275 3247 matrimonio
1288 3220 1362 3253 (ae),
1375 3220 1436 3245 ibid.

558 3264 568 3279 ²
588 3265 649 3289 Gen.
674 3266 699 3296 l,
723 3266 768 3296 28,
791 3266 883 3291 deinde
902 3266 919 3291 1.
941 3266 998 3291 Cor.
1019 3266 1048 3297 7,
1070 3267 1093 3290 2.

560 3307 570 3323 3
588 3309 650 3332 Gen.
663 3309 704 3339 ⁶29,
724 3309 759 3332 17.
776 3310 812 3340 18,
831 3309 924 3334 deinde
944 3310 1015 3334 Deut.
1035 3311 1075 3341 21,
1093 3310 1128 3340 12,
1143 3309 1187 3334 ubi
1203 3309 1310 3340 Vulgata
1326 3313 1350 3334 et
1363 3309 1438 3339 Hugo

490 3350 516 3374 z'n
537 3357 648 3375 numero
668 3351 833 3383 captivorum
854 3360 901 3384 pro
926 3353 953 3378 in
979 3353 1064 3378 medio
1084 3353 1259 3386 captiuorum.
1287 3367 1321 3370 —
1343 3353 1437 3378 Totum

1503 3221 1551 3245 hoc
1571 3227 1642 3251 cap.,
1669 3221 1772 3245 omissis
1791 3221 1895 3251 paucis,
1927 3222 2041 3245 sumtum
2070 3222 2156 3244 estex
2176 3219 2257 3249 Hug„
2286 3217 2355 3241 Sum.
2381 3214 2441 3239 Sent.

1503 3267 1534 3289 tr.
1556 3264 1580 3288 7.
1601 3271 1622 3289 e.
1644 3265 1666 3288 1.
1892 3262 2035 3289 4Glossain
2047 3263 2130 3288 Matth.
2147 3263 2166 3294 t,
2185 3263 2221 3293 l8,
2233 3260 2301 3293 apud
2312 3260 2441 3291 Lyranum.

1744 3306 1850 3333 NOTAE
1869 3306 1911 3332 AD
1931 3305 2208 3333 GOMMENTARIUM.

1574 3351 1581 3367 ¹
1604 3352 1669 3377 Vide
1690 3352 1715 3377 11.
1737 3352 1806 3377 Sem.
1829 3352 1854 3377 (1.
1877 3352 1918 3376 38.
1938 3358 1961 3376 a.
1984 3352 2008 3376 2.
2031 3358 2055 3382 q.
2076 3351 2099 3375 2.
