2483 3882
375 480 453 501 Aliter.

318 1004 354 1026 Ad
368 1005 451 1031 opposi-

360 1033 411 1052 tum.

300 2165 453 2187 Fundamenta.

469 222 533 255 534

556 311 587 342 lt.
611 310 655 341 Ad
681 309 759 341 illud
791 308 876 350 quod
899 308 1062 346 obiicitur,
1087 307 1172 348 quod
1197 307 1326 339 inferior
1356 316 1417 339 non

468 363 602 395 absolvit
625 363 665 394 ab
689 371 742 401 eo,
766 362 806 394 ad
831 361 915 402 quod
941 361 1015 401 ligat
1039 360 1206 401 superior;
1230 359 1418 399 dicendum,

468 416 552 457 quod
577 424 636 447 non
662 414 796 447 absolvit
819 413 946 445 omnino
970 412 1204 450 condonando,
1229 413 1282 444 sed
1307 421 1365 454 pro
1382 421 1418 445 eo

468 468 618 500 solvendo
654 468 693 499 de
728 466 937 499 ecclesiastico
973 465 1133 498 thesauro.
1156 483 1200 488 -—
1231 465 1287 498 Vel
1319 469 1419 507 potest

1326 602 1509 644 Quassrio
1533 602 1578 633 iii.

1048 711 1074 741 A
1103 719 1165 752 quo
1187 709 1292 751 possit
1314 708 1478 741 relaxatio
1502 706 1746 749 satisfactionis
1768 707 1852 749 fieri.

555 835 659 868 Tertio
683 835 865 877 quaeritur,
890 844 908 866 a
937 843 999 876 quo
1027 834 1126 876 possit
1154 834 1307 866 relaxatio
1339 833 1417 866 fieri.

467 889 502 921 Et
525 889 668 927 videtur,
693 888 777 930 quod
802 897 820 919 a
844 887 984 929 quolibet
1009 888 1192 919 sacerdote:

557 943 585 973 1.
599 941 678 982 Quia
690 941 901 972 relaxationes
914 940 994 972 fiunt
1005 949 1045 972 ex
1059 940 1090 971 vi
1103 940 1237 972 clavium
1248 952 1255 978 ;
1268 943 1298 972 et
1312 938 1418 971 onmis

465 994 620 1026 sacerdos
645 993 748 1026 claves
780 993 915 1026 liabet²z
941 1002 1016 1034 ergo
1040 993 1183 1031 videtur,
1208 992 1292 1033 quod
1317 991 1419 1024 omnis

464 1047 611 1080 sacerdos
645 1047 743 1088 possit
778 1046 989 1078 relaxationes
1022 1046 1134 1078 facere.
1172 1045 1209 1077 Si
1240 1049 1275 1077 tit
1303 1045 1417 1082 dicas,

464 1100 548 1142 quod
574 1109 635 1132 non
659 1103 706 1132 est
729 1108 770 1131 ex
795 1100 823 1131 vi
849 1099 1004 1137 clavium,
1030 1098 1084 1130 sed
1117 1107 1157 1130 ex
1190 1098 1339 1130 thesauro
1368 1097 1419 1129 Ec-

465 1153 577 1186 clesiae
590 1165 598 1191 3
624 1153 678 1184 sed
703 1152 835 1194 quilibet
858 1151 1004 1183 sacerdos
1026 1150 1121 1182 babet
1137 1151 1323 1182 thesaurum
1342 1158 1418 1182 suae

464 1205 650 1247 parochiae,
676 1205 756 1237 sicut
777 1204 943 1245 episcopus
960 1212 1036 1235 suae
1053 1202 1249 1244 provinciae:
1268 1211 1342 1244 ergo
1359 1205 1417 1234 etc.

554 1260 583 1290 2.
609 1258 701 1296 item,
726 1257 778 1298 qui
805 1260 968 1298 praesunt
1000 1255 1142 1297 colleyiis
1166 1255 1283 1287 habent
1313 1255 1418 1287 claves

464 1311 504 1343 ad
533 1310 720 1343 solvendum
746 1313 776 1341 et
799 1309 961 1350 ligandum
986 1309 1016 1340 in
1042 1311 1178 1349 utroque
1209 1308 1276 1340 foro
1304 1311 1334 1340 et
1366 1308 1418 1339 ha-

464 1364 538 1396 bent
559 1364 744 1396 thesaurum
763 1362 1095 1404 supererogationum,
1114 1361 1195 1393 sicut
1208 1360 1356 1402 praelati
1371 1369 1418 1393 re-

464 1417 636 1458 ligionum:
662 1425 737 1458 ergo
761 1415 905 1454 videtur,
930 1414 1015 1456 quod
1041 1414 1098 1455 ipsi
1123 1414 1252 1455 possint.

554 1470 582 1502 3.
612 1470 705 1508 Item,
738 1469 880 1507 videtur,
913 1468 998 1509 quod
1030 1467 1163 1510 quilibet
1198 1465 1311 1498 homo:
1343 1466 1418 1508 quia

463 1522 595 1564 quilibet
619 1522 735 1554 liberae
760 1521 946 1553 conditionis
971 1524 1017 1553 est
1042 1520 1189 1552 dominus
1214 1520 1368 1551 bonorum
1388 1523 1418 1552 et

464 1576 650 1608 meritorum
675 1574 850 1607 suorumssz
876 1583 950 1615 ergo
974 1577 1076 1615 potest
1109 1573 1220 1605 merita
1245 1581 1302 1604 sua
1325 1572 1415 1604 alteri

462 1628 655 1665 concedere;
680 1631 710 1660 et
734 1628 809 1659 dum
848 1626 891 1658 illi
927 1626 1086 1664 concedit,
1122 1618 1190 1658 eius
1226 1625 1417 1667 poenitentia

462 1682 617 1713 minuitur
641 1685 672 1713 et
695 1681 879 1713 relaxatur:
905 1688 980 1721 ergo
1005 1679 1148 1718 videtur,
1174 1679 1259 1720 quod
1283 1678 1417 1720 quilibet

462 1735 522 1767 hoc
546 1734 652 1776 possit.

550 1788 580 1819 li.
605 1787 698 1825 Item,
723 1787 804 1818 bona
828 1785 1004 1827 spiritualia
1028 1788 1102 1817 sunt
1126 1784 1254 1817 maioris
1279 1794 1418 1817 commu—

462 1840 625 1873 nicationis
654 1849 748 1881 quam
785 1839 986 1880 temporalia3
1013 1838 1067 1870 sed
1103 1838 1129 1870 si
1164 1837 1284 1879 aliquid
1321 1838 1416 1869 datur

463 1893 574 1932 alicui,
599 1902 639 1925 ex
664 1902 725 1934 quo
749 1892 840 1934 plene
865 1891 976 1930 datur,
1002 1891 1054 1923 ille
1078 1894 1180 1932 potest
1205 1890 1284 1922 illud
1308 1899 1414 1922 couce-

462 1947 538 1979 dere
561 1946 630 1978 alii:
657 1955 731 1986 ergo
755 1945 881 1977 videtur
906 1944 974 1986 pari
998 1943 1136 1983 ratione,
1163 1943 1259 1975 immo
1282 1943 1415 1981 fortiori⁷

462 1999 546 2040 quod
578 1999 629 2031 cui
657 1998 754 2030 (tatae
781 2001 860 2029 sunt
886 1997 1125 2034 relaxatione&
1151 1996 1203 2028 ille
1230 1999 1333 2038 potest
1361 2005 1416 2028 eas

462 2052 538 2084 dare
562 2051 662 2083 alteri.

549 2104 692 2137 CONTRA:
721 2105 747 2135 1.
774 2104 846 2136 Plus
869 2106 917 2135 est
948 2103 1050 2135 facere
1084 2101 1295 2143 indulgentias
1319 2110 1415 2143 quain

461 2158 623 2199 imponere
657 2157 885 2198 poenitentias3
922 2156 976 2188 sed
1011 2155 1218 2197 poenitentias
1254 2155 1416 2196 imponere

461 2220 521 2242 ΠοΠ
539 2213 639 2252 potest
656 2209 714 2241 nisi
732 2209 819 2241 solus
835 2208 995 2241 sacerdos:
1014 2217 1089 2249 ergo
1106 2207 1317 2249 indulgentias
1334 2207 1410 2239 dare

461 2273 522 2295 non
547 2266 663 2304 potest,
689 2262 748 2294 nisi
772 2262 811 2294 sit
835 2261 992 2294 sacerdos.

549 2317 578 2348 2.
603 2316 693 2354 Item,
719 2324 811 2347 nemo
828 2315 899 2353 scit,
923 2319 1032 2346 utrum
1050 2313 1143 2355 plura
1160 2313 1275 2345 habeat
1291 2314 1412 2353 merita,

460 2378 555 2411 quam
580 2369 639 2401 sibi
664 2367 837 2406 sufficiant,
863 2367 959 2398 immo
984 2367 1098 2405 nescit,
1116 2375 1149 2398 se
1166 2366 1284 2398 hahere
1303 2366 1414 2398 merita

459 2422 661 2455 sufficientia:
687 2430 762 2462 ergo
787 2421 894 2452 nullus
919 2420 958 2452 de
982 2420 1110 2461 proprio
1141 2423 1243 2460 potest
1267 2419 1414 2452 relaxare

458 2475 577 2517 aliquid
603 2475 641 2507 de
666 2483 783 2516 poena,
808 2473 996 2505 conferendo
1020 2472 1158 2514 aliquam
1177 2481 1218 2504 ex
1243 2472 1287 2504 eis
1313 2472 1414 2504 indul-

458 2529 611 2570 gentiam:
638 2537 712 2569 ergo
743 2536 804 2559 non
836 2530 955 2568 spectat
989 2525 1202 2567 indulgentias
1226 2525 1329 2557 facere
1353 2525 1411 2557 nisi

459 2581 499 2613 ad
525 2580 681 2622 praelatos
707 2579 869 2612 Ecclesiae.

549 2633 578 2665 3.
596 2633 688 2671 Item,
705 2632 807 2664 maius
824 2635 871 2663 est
886 2630 1097 2672 indulgentias
1119 2630 1290 2662 concedere
1318 2639 1413 2672 quam

459 2685 753 2722 excommunicare,
778 2684 827 2716 vel
853 2683 1004 2715 Ecclesiae
1029 2683 1248 2721 reconciliare3
1274 2683 1329 2715 sed
1354 2683 1413 2724 pri-

460 2747 547 2769 mum
572 2741 619 2769 est
642 2737 856 2779 praelatorum
895 2739 1033 2775 tantum,
1059 2736 1140 2768 sicut
1167 2734 1278 2776 prius⁴
1304 2736 1413 2777 proba-

460 2793 527 2822 tum
551 2794 614 2822 est:
640 2798 714 2831 ergo
739 2789 838 2821 multo
863 2789 974 2820 fortius
999 2788 1210 2829 indulgentias
1233 2788 1346 2820 facere.

549 2843 717 2884 Quaeritur
741 2842 853 2883 igitur:
880 2851 951 2873 cum
977 2851 1060 2873 unus
1084 2841 1251 2883 episcopus
1268 2850 1329 2873 non
1347 2850 1413 2882 pos—

1226 219 1510 252 SENTENTIARUM
1534 220 1601 252 LIB.
1626 220 1673 253 IV.
2465 221 2467 236 ¹

1483 307 1560 345 dici,
1585 307 1669 349 quod
1695 307 1822 339 inferior
1845 310 1947 348 potest
1969 307 2133 340 absolvere
2156 309 2196 340 ab
2220 317 2266 348 eo,
2291 309 2329 341 ad
2347 310 2431 351 quod

1483 360 1558 401 ligat
1581 360 1743 401 superior,
1768 360 1793 392 si
1818 360 1858 392 ad
1887 360 1946 392 hoc
1971 360 2044 392 data
2068 364 2114 393 est
2138 361 2197 393 sibi
2221 362 2391 394 auctoritas
2413 372 2431 395 a
2467 351 2469 372 ³

1484 412 1656 454 superiori,
1692 412 1773 444 sicut
1796 416 1902 453 patet;
1926 416 1956 445 et
1980 413 2050 445 talis
2074 414 2244 446 auctoritas
2267 423 2286 445 a
2308 414 2432 447 Christo

1484 466 1555 497 data
1579 468 1626 497 est
1649 465 1826 497 rectoribus
1850 465 2002 498 Ecclesiae
2017 466 2039 496 ¹.

1483 834 1521 865 sit
1545 833 1663 864 alienos
1687 832 1830 865 subditos
1853 832 2017 866 absolvere
2038 842 2094 866 nec
2112 834 2226 875 ligare,
2244 844 2301 867 nec
2318 835 2348 867 in
2365 835 2431 868 foro
2443 842 2469 869 Qu

1483 885 1694 927 poenitentiali
1719 894 1776 917 nec
1812 885 1842 917 in
1878 885 1945 917 foro
1970 886 2126 925 iudiciali;
2151 887 2235 920 unde
2260 892 2323 926 est,
2348 889 2431 930 quod
2457 875 2476 928 ⁰3

1484 941 1584 979 potest
1609 937 1819 978 indulgentias
1854 937 1883 969 in
1920 938 2021 970 aliena
2050 939 2183 971 dioecesi
2208 940 2327 979 facere,
2352 941 2432 974 sicut
2474 948 2476 971 ³

1483 991 1627 1023 videmus
1652 994 1715 1022 tota
1739 990 1789 1022 die
1813 990 1910 1022 fieri?

2474 929 2476 938 >
2473 813 2483 893 ara-2
2472 765 2473 774 ⁴

1842 1105 2081 1129 CONCLUSIO.

1579 1202 1808 1234 Rclaatcttioncs
1824 1202 1891 1233 sive
1908 1202 2131 1244 indulyentias
2150 1203 2342 1244 dispensare

1502 1255 1548 1286 ad
1559 1255 1644 1286 solos
1658 1255 1824 1296 episcopos
1836 1258 1865 1286 et
1878 1254 2053 1287 Summum
2068 1255 2259 1297 Pontificem
2270 1256 2416 1297 pertinet.

1572 1362 1770 1394 Rusponnuo:
1797 1362 1989 1400 DIcendum,
2013 1362 2115 1403 quod,
2141 1362 2222 1394 sicut
2257 1363 2287 1394 in
2311 1372 2433 1404 praece-

1482 1415 1567 1447 denti
1593 1414 1786 1456 problemate
1811 1418 1928 1447 tactum
1946 1419 2006 1453 est,
2024 1415 2235 1447 relaxationes
2252 1416 2317 1447 sive
2335 1416 2434 1448 indul·
2480 1435 2481 1451 1

1482 1467 1603 1508 gentiae
1627 1467 1706 1499 fiunt
1729 1467 1767 1499 de
1786 1468 1905 1499 meritis
1926 1468 2230 1509 supererogationis,
2256 1477 2336 1510 quae
2360 1472 2433 1501 sunt
2480 1459 2482 1473 ³

1482 1520 1513 1551 in
1539 1520 1691 1558 Ecclesia,
1715 1529 1796 1561 quae
1820 1520 1947 1561 quidem
1973 1524 2046 1552 sunt
2071 1521 2151 1552 sicut
2183 1521 2352 1553 thesaurus
2377 1522 2434 1563 spi·
2480 1510 2482 1525 ³

1482 1572 1605 1604 ritualis
1629 1573 1706 1604 eius.
1724 1573 1803 1605 Haec
1819 1577 1924 1605 autem
1944 1573 2054 1605 merita
2072 1574 2357 1614 supererogationis
2373 1583 2434 1606 non
2482 1595 2483 1609 ³

1481 1625 1621 1656 omnium
1648 1629 1694 1657 est
1718 1626 1917 1667 dispensare,
1935 1625 1989 1657 sed
2007 1625 2226 1667 episcoporum
2250 1629 2387 1664 tantum;
2404 1630 2433 1658 et
2446 1636 2476 1657 001

1482 1678 1552 1710 ideo
1577 1677 1787 1710 relaxationes
1811 1678 1913 1710 facere
1937 1678 1974 1710 ad
2002 1678 2084 1710 solos
2108 1679 2270 1720 episcopos
2292 1679 2432 1719 pertinet.

1571 1731 1657 1762 Ratio
1681 1735 1804 1769 autem,
1837 1739 1935 1772 quare
1968 1731 2137 1763 thesaurus
2173 1731 2325 1763 Ecclesiae
2360 1732 2432 1763 solis
2446 1741 2477 1763 nai

1481 1784 1635 1825 episcopis
1652 1783 1859 1815 committitur
1876 1783 2117 1825 dispensandus,
2135 1787 2191 1822 est,
2209 1784 2282 1825 quia
2301 1784 2434 1816 Ecclesia

1481 1837 1667 1868 thesaurum
1692 1836 1788 1868 istum
1824 1836 1918 1868 habet
1953 1845 1995 1868 ex
2024 1836 2264 1877 desponsatione
2289 1837 2337 1868 sui
2362 1845 2433 1869 cum

1481 1889 1621 1928 Christo,
1646 1889 1700 1930 qui
1725 1893 1771 1921 est
1795 1889 1843 1921 vir
1867 1893 1897 1921 et
1921 1889 1990 1921 eius
2015 1898 2162 1931 sponsus,
2180 1893 2210 1921 et
2232 1890 2280 1921 cui
2306 1893 2433 1931 generat

1481 1942 1562 1974 filios
1585 1947 1616 1974 et
1639 1943 1737 1982 silias,
1762 1942 1793 1975 id
1821 1946 1868 1975 est
1902 1942 2057 1984 perfectos
2092 1946 2123 1974 et
2155 1942 2371 1984 imperfectos,
2395 1943 2434 1975 ad

1480 2004 1616 2037 quorum
1631 1995 1846 2027 educationem
1865 1995 2009 2027 Christus
2026 1995 2094 2027 vult
2111 1995 2230 2027 servari
2249 1996 2326 2028 haec
2344 1996 2432 2027 bona.

1482 2049 1516 2080 Et
1539 2048 1687 2090 quoniam
1712 2048 1743 2079 in
1768 2048 1847 2089 Lege
1880 2051 1998 2080 tactum
2035 2051 2098 2087 est,
2129 2048 2211 2089 quod
2239 2048 2298 2090 qui
2318 2048 2433 2089 reez'pz't

1480 2111 1618 2132 ttocorcm
1641 2099 1767 2142 fratris
1790 2101 1860 2139 stoi,
1885 2105 1921 2132 ut
1944 2101 2077 2133 suscitet
2100 2100 2209 2143 fratri
2230 2111 2291 2132 suo
2321 2099 2433 2143 defim-

1480 2158 1528 2186 cto
1552 2164 1678 2192 semen„
1704 2154 1796 2186 debet
1828 2154 1998 2186 succedere
2031 2155 2060 2186 in
2090 2154 2197 2192 bonis,
2230 2163 2311 2195 quae
2343 2154 2434 2195 perti-

1480 2211 1553 2239 nent
1577 2207 1616 2239 ad
1642 2207 1779 2238 filiorum
1805 2206 2040 2242 educationem,
2066 2206 2240 2239 secundum
2274 2206 2358 2247 quod
2391 2207 2433 2238 in-

1480 2260 1589 2291 nuitur
1614 2260 1695 2291 Ruth
1720 2260 1872 2300 quart0⁵;
1898 2259 1958 2291 illis
1993 2259 2068 2291 solis
2103 2260 2251 2300 competit
2283 2259 2340 2291 iste
2370 2259 2432 2290 the-

1479 2321 1594 2357 saurus
1635 2312 1885 2354 dispensandus,
1922 2312 1974 2354 qui
2011 2316 2084 2344 sunt
2123 2312 2228 2354 sponsi
2270 2311 2432 2344 Ecclesiae.

1480 2366 1569 2398 Tales
1594 2369 1699 2397 autem
1725 2369 1798 2397 sunt
1822 2365 1976 2406 episcopi,
2002 2365 2054 2407 qui
2079 2365 2184 2406 sponsi
2210 2366 2305 2396 sunt⁶
2329 2368 2358 2397 et
2383 2365 2434 2396 ha-

1480 2418 1553 2450 bent
1577 2419 1640 2450 vim
1665 2418 1835 2459 generandi
1860 2417 1941 2450 filios
1964 2421 1994 2450 et
2018 2417 2116 2456 filias,
2142 2418 2171 2449 id
2197 2421 2244 2449 est
2279 2418 2431 2459 perfectos

1479 2475 1509 2503 et
1533 2471 1748 2512 imperfectos,
1773 2474 1803 2502 et
1827 2470 1908 2502 inter
1932 2470 1990 2502 hos
2015 2471 2164 2502 Summus
2197 2471 2354 2509 Pontifex,
2380 2470 2430 2512 qui

1478 2528 1524 2556 est
1559 2524 1654 2556 totius
1690 2524 1878 2555 universalis
1915 2523 2067 2555 Ecclesiae
2105 2532 2240 2565 sponsus
2265 2527 2295 2556 et
2320 2527 2429 2556 rector.

1479 2577 1550 2609 [deo
1574 2586 1683 2608 omnes
1707 2576 1860 2618 episcopi,
1890 2577 1943 2618 qui
1981 2576 2097 2608 habent
2132 2576 2271 2617 prolem,
2303 2579 2431 2617 possunt
2444 2586 2481 2607 eon

1478 2630 1580 2661 facere
1605 2629 1833 2670 indulgentias,
1857 2633 1887 2661 et
1911 2629 2060 2661 Summus
2096 2629 2234 2660 Pontifex
2265 2629 2430 2670 praecipue

1479 2682 1558 2714 inter
1595 2691 1720 2720 omnes,
1746 2682 1819 2724 quia
1854 2682 1912 2723 ipsi
1949 2681 2096 2723 competit
2133 2682 2228 2713 totius
2260 2681 2429 2723 spiritualis

1478 2735 1617 2767 thesauri
1643 2735 1849 2776 dispensatio,
1874 2734 2048 2766 secundum
2082 2734 2166 2776 quod
2199 2743 2307 2766 curam
2338 2734 2430 2766 habet

1478 2788 1516 2820 de
1543 2791 1604 2819 tota
1631 2787 1763 2819 Ecclesia
1787 2792 1818 2819 et
1841 2787 1987 2818 omnibus
2013 2787 2080 2819 eius
2107 2786 2186 2819 filiis.
2211 2787 2297 2819 Unde
2323 2795 2429 2818 omnes

1478 2844 1550 2872 sunt
1575 2840 1643 2871 eius
1669 2840 1740 2878 filii,
1766 2843 1796 2871 et
1820 2839 1886 2881 ipse
1911 2842 1957 2871 est
1981 2844 2071 2881 pater
2095 2840 2247 2871 omnium.

531 3011 538 3027 ¹
561 3011 626 3036 Vide
646 3011 761 3036 scholion
781 3010 814 3035 ad
835 3009 1033 3041 praecedentem
1054 3012 1152 3042 quaest.

529 3055 540 3071 2
561 3056 595 3080 De
614 3062 667 3087 quo
687 3062 765 3086 supra
786 3054 810 3079 d.
834 3055 872 3079 19.
893 3061 915 3079 a.
937 3055 960 3078 2.
981 3061 1005 3086 q.
1028 3054 1050 3078 l.
1071 3060 1125 3085 seq.
1139 3053 1211 3077 —In
1226 3053 1276 3078 fine
1295 3060 1350 3084 arg.
1365 3060 1413 3084 pro

456 3098 611 3133 provinciae
631 3099 687 3123 cod.
708 3098 729 3122 Y
749 3097 882 3123 dioecesis.

531 3143 542 3159 3
560 3142 609 3168 Cir.
631 3146 693 3167 tom.
714 3143 739 3167 11.
760 3150 820 3173 pag.
841 3142 899 3173 592,
921 3145 978 3167 nota
999 3142 1023 3166 2.

531 3186 540 3203 ⁴
560 3187 620 3212 Dist.
646 3188 682 3211 18.
703 3194 728 3218 p.
749 3187 775 3211 ll.
796 3194 820 3219 q.
841 3187 865 3211 3.
885 3200 920 3204 —
939 3186 987 3211 Pro
1005 3185 1124 3218 primum
1145 3185 1170 3217 (i.
1191 3192 1215 3210 e.
1239 3186 1412 3210 excommuni-

460 3232 528 3262 care)
551 3231 607 3255 Vat.
628 3230 782 3256 secuudum.

531 3274 542 3290 ⁵
561 3275 634 3300 Vers.
655 3275 679 3299 5.
700 3282 771 3307 seqq.
793 3274 885 3300 Verbis
913 3275 991 3306 paulo
1021 3275 1141 3305 superius
1167 3275 1256 3305 posius
1275 3274 1412 3305 respicitur

462 3317 546 3342 Matth.
568 3318 614 3348 22,
635 3317 681 3342 24:
711 3318 827 3342 Dicentes
853 3318 1035 3349 [Sudducacilz
1056 3318 1182 3349 Magister,
1204 3318 1304 3349 Moyses
1323 3316 1411 3350 [Deut.

463 3361 508 3393 25,
529 3360 567 3394 6.]
587 3361 661 3386 dixit:
691 3362 715 3385 Si
742 3363 799 3393 quis
828 3365 945 3387 mortuus
965 3363 1053 3394 suerit,
1074 3369 1123 3387 non
1152 3362 1250 3387 habens
1269 3362 1364 3394 filium,
1385 3364 1413 3386 ut

1479 3009 1555 3033 ducat
1576 3009 1652 3034 trater
1671 3009 1726 3033 eius
1746 3015 1853 3033 uxorem
1873 3008 1954 3039 illius,
1977 3011 2002 3033 ct
2026 3009 2131 3033 suscitet
2159 3015 2246 3032 semen
2276 3008 2345 3032 fratri
2373 3013 2426 3031 suo.

1478 3066 1512 3070 —
1526 3053 1651 3084 Superius
1672 3060 1717 3083 pro
1738 3053 1838 3078 tactum
1858 3052 1914 3077 cod.
1935 3053 1955 3076 G
1974 3053 2120 3083 statutum,
2143 3052 2202 3077 cod.
2224 3052 2243 3076 H
2264 3051 2370 3077 dictum.

1548 3096 1558 3111 ⁶
1578 3096 1602 3120 ln
1624 3096 1815 3120 consecratione
1829 3096 1945 3126 episcopi
1958 3095 2103 3120 secundum
2119 3094 2263 3125 pontificale
2283 3095 2424 3119 Romanum

1478 3144 1654 3171 consecrator,
1684 3141 1823 3164 immittens
1851 3140 1959 3164 anulum
1978 3140 2002 3164 in
2030 3139 2140 3171 digitum
2168 3139 2300 3163 anularem
2328 3138 2428 3163 dextrae

1478 3192 1570 3209 manus
1590 3185 1745 3215 consecrati,
1768 3185 1815 3209 ait:
1830 3185 1923 3215 Accipe
1937 3184 2060 3215 anulum,
2076 3183 2134 3208 fidei
2148 3183 2243 3208 scilicet
2256 3182 2427 3214 signaculum,

1478 3232 1605 3260 quatenus
1624 3236 1746 3259 sponsum
1768 3229 1825 3259 Dei,
1845 3231 1960 3253 sanctam
1980 3227 2099 3252 videlicet
2112 3227 2265 3257 Ecclesiam,
2280 3228 2427 3251 intemerata

1478 3272 1527 3297 tide
1548 3275 1665 3302 ornatus,
1687 3272 1780 3297 illibate
1809 3272 1946 3297 custodias.
1967 3286 2001 3289 —
2023 3271 2127 3296 inferius
2157 3274 2214 3302 post
2242 3272 2268 3296 et
2293 3269 2361 3295 inter
2379 3267 2426 3294 hos

1476 3317 1535 3342 edd.
1557 3323 1615 3341 cum
1636 3324 1687 3341 uno
1707 3317 1838 3348 alteroque
1858 3316 1915 3341 cod.
1936 3316 2034 3341 addunt
2053 3314 2180 3341 maxime.
