2483 3882
646 258 739 290 DIST.
765 259 889 292 XXVIII.
914 259 994 292 ART.
1022 259 1150 292 UNICUS
1175 260 1326 300 QUAEST.
1351 261 1370 292 1.

112 347 253 378 CONTRA:
284 347 308 376 I.
333 344 429 376 Iura¹
455 345 580 384 dicunt,
613 346 696 387 quod
722 346 746 379 si
772 347 842 388 quis
868 347 896 378 iu
921 347 973 379 ali-

0 408 118 443 a.quam
143 398 313 431 consentiat
336 406 392 439 per
417 398 513 429 verba
538 398 577 429 de
600 398 708 430 futuro
733 402 763 430 et
791 400 820 430 iu
839 400 969 431 alteram

26 461 80 495 per
104 451 199 483 verba
223 451 261 481 de
287 450 459 491 praesenti,
484 450 623 481 secunda
647 454 693 482 est
717 460 816 482 uxor:
847 452 871 483 si
896 460 971 493 ergo

27 504 116 538 unius
140 506 186 535 est
210 511 272 534 una
296 512 396 541 uxor,
422 502 524 543 prima
549 512 608 534 uon
634 502 692 534 fuit
717 513 810 535 uxor.

111 557 139 587 ἰ).
165 555 256 593 Item,
289 555 407 586 rati0ne
437 554 577 586 videtur:
611 555 684 596 quia
713 556 796 596 quod
826 556 970 588 futurum

26 612 70 642 est
99 617 158 640 non
195 607 282 640 est2:
313 616 387 648 ergo
412 616 483 639 cum
509 609 662 640 consentit
686 608 724 640 de
748 608 873 647 futuro,
898 618 972 641 non-

26 662 96 695 dum
122 660 289 692 consentit:
322 668 397 701 ergo
426 660 520 691 modo
553 669 613 692 non
646 664 692 693 est
724 661 969 694 matrimonium.

25 714 109 755 Quod
134 716 237 744 autem
263 722 320 745 nec
352 712 382 744 in
418 712 472 744 uto
506 712 643 754 ficturo,
679 717 779 755 patet:
817 714 914 746 simus
940 715 971 746 in

25 767 74 799 illo
98 766 203 797 futuro
228 768 257 797 et
282 768 434 806 ponatur.
466 766 550 807 quod
583 769 657 798 tunc
681 776 745 798 nou
770 767 971 805 consentiat,-

23 821 148 851 nonest
174 826 343 850 consensus
376 821 451 849 tuuc
484 827 538 849 nec
568 819 668 859 prius
700 819 774 851 fuit:
808 828 882 860 ergo
908 829 968 851 non

23 875 67 904 est
87 870 322 902 matrimonium
348 879 403 902 nec
427 869 502 912 fuit.

107 922 135 955 3.
160 923 251 961 Item,
284 923 336 964 qui
362 923 458 955 semel
494 923 647 955 consentit
675 923 705 955 in
738 924 877 965 aliquam
908 933 968 955 non

22 976 109 1010 dehet
133 976 246 1007 iterum
273 976 446 1008 consentire
471 977 508 1008 ad
536 977 611 1015 hoc,
636 977 719 1018 quod
738 977 791 1009 fiat
813 977 970 1008 matrimo-

21 1029 123 1067 nium3
148 1029 201 1060 sed
227 1037 397 1061 consensus
421 1029 459 1060 de
484 1029 608 1067 futuro,
632 1038 703 1061 cum
729 1030 860 1062 dicitur:
893 1031 969 1063 acci-

21 1082 99 1124 piam
126 1085 154 1113 te
179 1081 207 1112 in
236 1090 354 1120 meam,
378 1081 495 1123 obligat
520 1083 633 1114 iterum
652 1083 827 1115 consentire
843 1083 870 1114 3;
893 1092 968 1125 ergo

20 1144 72 1178 per
98 1134 192 1166 verba
216 1134 255 1166 de
279 1134 385 1166 futuro
410 1144 469 1166 nou
496 1138 542 1166 est
566 1144 736 1167 consensus
759 1135 968 1167 matrimonia-

21 1188 65 1220 lis.
89 1187 177 1228 Quod
202 1196 234 1219 se
259 1186 391 1229 obliyet,
423 1191 524 1228 patet,
557 1188 630 1229 quia
659 1197 691 1220 se
716 1188 832 1229 obligat
857 1189 895 1220 ad
921 1197 968 1221 ac·

20 1240 192 1282 cipIendum
219 1240 249 1271 in
273 1248 426 1278 uxorem,
459 1243 489 1271 et
513 1249 573 1271 non
605 1240 695 1273 aliter
727 1241 838 1282 accipit
871 1250 965 1282 quam

21 1301 72 1335 per
95 1301 290 1324 consensum.

367 1389 606 1413 CONCLUSIO.

21 1468 197 1501 Consensus
217 1478 281 1500 uon
305 1467 389 1510 facit
413 1469 686 1507 matrimonimn,
713 1469 779 1501 nisi
801 1471 966 1512 eoeprimct-

229 1526 284 1553 tur
307 1531 365 1563 per
389 1521 489 1553 verba
514 1522 552 1554 cle
574 1523 750 1564 praesenti.

104 1610 299 1642 RESPONnssoz
326 1610 517 1649 Dicendum,
543 1611 626 1652 quod
652 1620 823 1644 consensus
847 1622 908 1643 non
925 1613 965 1644 sa-

1 1662 57 1695 .cit
87 1663 339 1700 matrimonium,
375 1663 433 1695 nisi
469 1655 669 1705 explumatur
704 1673 760 1706 per
795 1665 892 1696 verba
927 1665 965 1696 (Ic

15 1715 185 1757 praesenti.
211 1715 239 1746 Si
265 1716 346 1747 enim
365 1716 565 1757 exprimatur
586 1726 642 1758 per
660 1717 756 1749 verba
773 1718 811 1749 cle
825 1716 963 1759 futuro,

18 1767 47 1799 in
70 1768 199 1800 veritate
222 1777 283 1800 non
307 1771 354 1800 est
378 1778 554 1801 consensus
584 1773 674 1808 tunc,
706 1770 761 1802 sed
782 1771 962 1812 promissio

19 1820 55 1852 de
76 1820 305 1852 consentiendo.
332 1821 418 1854 Unde
443 1822 467 1853 si
492 1822 574 1854 dicat
591 1821 677 1863 quis:
696 1831 753 1864 ego
770 1823 961 1855 consentiam

19 1872 47 1905 in
70 1878 115 1912 te;
147 1877 221 1905 tunc
245 1874 373 1915 quidem
406 1884 466 1906 non
499 1875 668 1914 consentit,
701 1876 756 1908 sed
780 1884 813 1907 se
838 1885 963 1908 consen-

19 1934 124 1958 surum
148 1926 310 1967 promittit.
338 1927 370 1958 Et
388 1927 461 1968 quia
478 1937 540 1959 non
557 1931 603 1960 est
620 1928 662 1959 ibi
679 1937 867 1967 consensus,
892 1928 963 1961 ideo

20 1986 75 2009 non
98 1981 144 2010 est
167 1978 358 2010 matrimonii
390 1980 578 2018 contracti03
610 1980 684 2022 quia
715 1989 790 2013 vero
821 1985 868 2013 est
888 1991 964 2023 pro-

19 2030 144 2069 missio,
169 2035 199 2063 et
224 2031 292 2064 ideo
317 2032 491 2074 obliycttz'oe
519 2037 686 2075 propterea
710 2043 770 2065 non
794 2035 964 2066 mem-iino-

1923 264 1984 295 689

1036 347 1149 385 nium,
1179 348 1233 380 sed
1258 348 1428 389 sponsalia
1453 349 1568 381 debent
1592 350 1670 388 dici3
1703 354 1732 382 et
1757 351 1833 383 haec
1857 351 1984 392 quidem

1035 398 1174 440 firmata
1198 404 1289 439 sunt,
1321 402 1447 443 quando
1472 403 1604 444 simplici
1633 403 1832 444 promissioni
1857 404 1985 436 additur

1036 452 1258 485 iuramentum.
1293 455 1470 486 Secundum
1504 456 1586 487 enim
1620 456 1712 488 iura⁴
1750 457 1909 498 cogendus
1941 462 1986 489 est

1038 503 1102 542 vir,
1136 508 1170 536 ut
1195 505 1359 538 mulierem
1389 507 1519 548 accipiat
1544 507 1573 539 in
1607 517 1758 547 uxorem,
1791 509 1847 541 uisi
1873 510 1986 551 aliquis

1036 565 1128 588 casus
1152 557 1356 597 interveniat,
1380 559 1434 600 qui
1460 560 1559 591 solvat
1583 561 1749 602 sponsalia.

1127 611 1152 640 ¹1.
1178 610 1220 641 Ad
1248 610 1325 642 illud
1358 620 1432 652 ergo
1468 613 1549 653 quod
1587 613 1750 652 obiicitur,
1786 615 1870 656 quod
1906 615 1987 647 sicut

1034 670 1184 702 praesens
1209 671 1241 694 se
1267 663 1359 695 habet
1375 665 1413 696 ad
1434 674 1581 705 praesens
1598 670 1674 705 etc.;
1697 667 1883 706 dicendum,
1901 669 1985 709 quod

1036 723 1146 745 verum
1171 719 1227 746 est.
1255 716 1339 748 Unde
1364 717 1454 755 sicut,
1479 718 1503 749 si
1529 720 1681 751 consentit
1706 720 1816 758 hodie,
1834 720 1868 752 fit
1892 721 1984 753 hodic

1036 767 1289 806 inatrimouium;
1321 769 1379 807 sir,
1405 770 1428 801 si
1454 772 1606 804 consentit
1637 782 1722 809 cras„
1758 773 1790 805 sit
1822 783 1900 806 cras.
1926 775 1984 806 Sed

1034 828 1105 851 cum
1131 829 1219 851 nuuc
1244 821 1318 852 dicit
1342 822 1380 852 (le
1402 822 1538 864 futuro,
1564 833 1624 856 non
1649 826 1819 864 consentit,
1843 827 1898 858 sed
1916 836 1983 858 con-

1034 872 1149 904 sentire
1174 873 1344 914 promittit3
1381 879 1411 906 et
1446 875 1516 907 ideo
1550 886 1611 908 non
1643 878 1675 909 sit
1710 879 1982 917 matrimonium,

1033 933 1090 956 nec
1115 925 1153 956 de
1178 926 1334 966 praesenti
1362 936 1416 958 nec
1441 928 1479 959 de
1504 928 1627 967 futuro,
1654 931 1705 962 seil
1734 931 1834 963 solum
1852 942 1985 973 sponsa—

1034 975 1080 1007 tz'ct
1105 977 1336 1009 contrahuntur
1352 978 1372 1009 ⁵.

1122 1031 1151 1061 ⁹2.
1176 1030 1218 1062 Ad
1245 1030 1323 1063 illud
1348 1032 1431 1073 quod
1457 1033 1619 1073 obiicitur,
1645 1036 1729 1076 quod
1751 1037 1802 1077 qui
1822 1037 1860 1069 de
1877 1037 1984 1069 futuro

1033 1083 1186 1123 promittit
1202 1083 1361 1125 obIIgatur
1377 1085 1415 1117 ad
1434 1085 1595 1125 futurum,
1621 1088 1807 1128 (IIcendum,
1833 1091 1915 1131 quod
1938 1100 1986 1122 ve-

1032 1142 1104 1166 rum
1136 1139 1199 1174 est,
1232 1137 1306 1177 quia
1339 1138 1505 1179 promissio
1530 1145 1575 1171 est
1599 1149 1765 1181 praesens;
1791 1143 1874 1174 unde
1911 1152 1982 1175 cum

1032 1187 1122 1219 dicit:
1148 1197 1204 1229 ego
1229 1188 1338 1221 faciam
1365 1190 1440 1229 hoc,
1465 1194 1536 1223 actu
1561 1193 1730 1233 promittit,
1752 1197 1782 1225 et
1800 1195 1893 1226 ἱᾱθο6
1911 1195 1985 1227 ohli-

1031 1243 1133 1280 gatur.
1170 1241 1317 1273 Similiter
1342 1246 1372 1274 et
1408 1243 1464 1275 iste
1499 1244 1656 1286 obligatur
1691 1247 1892 1287 spondendog
1928 1249 1981 1280 sed

1031 1302 1092 1324 non
1118 1297 1246 1335 propter
1279 1295 1337 1327 hoc.
1370 1296 1404 1327 fit
1436 1297 1690 1338 matrimonium,
1723 1300 1803 1332 sicut
1835 1310 1891 1333 nec
1916 1311 1983 1342 pro-

1032 1345 1138 1377 missio
1162 1351 1209 1378 est
1233 1347 1356 1379 solutio.

2001 361 2111 386 sponsalia

2016 390 2104 408 turmula.

2015 624 2094 653 Solutio
2110 630 2144 650 op-

2002 656 2045 676 ροει
2051 653 2116 671 torum
2123 666 2127 670 .

1120 1399 1148 1430 3.
1173 1400 1203 1431 li..
1228 1401 1270 1432 Ad
1297 1400 1375 1433 illud
1408 1403 1491 1444 quod
1524 1404 1670 1436 obiicitur
1707 1406 1745 1437 de
1781 1407 1897 1439 carnali
1936 1406 2006 1439 co?

1030 1451 1122 1493 pula,
1159 1452 1346 1492 dicendum,
1383 1455 1466 1496 quod
1504 1456 1600 1487 inra⁷
1638 1463 1860 1499 praesumunt,
1898 1461 1981 1501 quod

1029 1504 1095 1546 ipse
1120 1506 1289 1542 consentit,
1318 1510 1348 1539 et
1373 1507 1430 1540 hoc
1456 1517 1511 1549 per
1536 1509 1659 1550 signum
1685 1520 1873 1552 expressum
1898 1517 1984 1544 exte-

1030 1557 1113 1596 rius,
1131 1559 1203 1600 quia
1221 1563 1370 1600 tanquam
1388 1570 1522 1592 uxorem
1541 1564 1714 1603 cognoscit,
1733 1568 1762 1595 et
1777 1570 1983 1605 praesumunt

1029 1611 1140 1649 etiam,
1173 1612 1255 1652 quod
1283 1616 1431 1654 tanquam
1461 1623 1595 1646 uxorem
1628 1621 1810 1656 cognoscat,
1849 1627 1913 1649 «ne
1939 1627 1984 1650 re-

1028 1666 1130 1704 portet
1165 1665 1366 1696 commodum
1395 1666 1434 1698 de
1468 1667 1635 1698 malitia».
1669 1669 1754 1700 Unde
1788 1669 1816 1701 in
1850 1672 1979 1703 veritate

1029 1717 1053 1748 si
1083 1726 1142 1748 non
1176 1718 1345 1756 consentit,
1379 1719 1433 1751 sed
1466 1720 1567 1751 solum
1602 1724 1749 1762 tanquam
1783 1724 1979 1755 meretricem

1028 1770 1201 1811 cognoscit,
1238 1771 1473 1804 matrimonium
1512 1774 1687 1805 secundum
1723 1775 1886 1807 veritatem
1921 1786 1980 1807 non

1027 1826 1082 1855 est.
1115 1823 1195 1864 Quia
1219 1827 1322 1856 tamen
1348 1825 1448 1857 coitus
1481 1825 1532 1858 ille
1564 1836 1634 1859 cum
1668 1829 1866 1869 praecedenti
1893 1838 1983 1870 spon-

1027 1876 1113 1908 sione
1138 1877 1262 1918 signum
1287 1880 1334 1909 est
1357 1878 1520 1919 probabile
1538 1888 1708 1912 consensus
1727 1882 1982 1919 matrimonialis,

1027 1929 1097 1961 ideo
1122 1930 1356 1962 matrimonium
1382 1934 1429 1963 est
1445 1933 1619 1964 secundum
1639 1933 1790 1965 iudicium
1810 1934 1980 1973 Ecclesiae,

1027 1985 1057 2014 et
1081 1982 1310 2015 consulendum
1343 1987 1390 2016 est
1421 1984 1492 2023 tali,
1524 1986 1607 2026 quod
1641 1987 1830 2026 consentiat,
1863 1989 1886 2020 si
1918 1997 1978 2020 non

1028 2035 1184 2067 consensit
1209 2035 1340 2068 interius
1366 2036 1394 2068 in
1420 2037 1533 2069 animo.

845 2204 1140 2246 SOHOLION.

84 2370 98 2394 l.
118 2370 187 2395 Circa
214 2372 232 2396 Ι.
253 2373 429 2403 quaestionem
460 2374 623 2398 manifestum
644 2377 694 2405 est,
716 2374 786 2406 quod
806 2375 871 2399 sicut
890 2375 960 2400 (lisse-

17 2416 72 2438 runt
89 2414 227 2447 promissio
247 2420 270 2441 et
290 2415 403 2447 solutio,
426 2418 462 2441 sic
482 2424 623 2442 consensus
643 2416 673 2443 de
691 2416 784 2450 futuro
804 2422 828 2443 ct
842 2417 960 2451 deprae-

17 2456 91 2488 senti,
121 2465 166 2483 nec
196 2466 244 2484 uon
271 2459 406 2492 sponsalia
426 2464 451 2485 et
470 2460 681 2486 matrimonium.
702 2461 751 2486 Csr.
772 2468 851 2492 supra
871 2462 895 2486 d.
917 2462 958 2486 27.

17 2499 74 2526 duh.
89 2501 111 2533 ὅ,
131 2502 162 2527 do
182 2504 352 2533 promiSsione
372 2505 451 2529 iurata
468 2505 530 2529 infra
545 2505 607 2529 dub.
632 2506 650 2530 1,
665 2506 688 2529 2.
702 2519 737 2523 -
750 2506 823 2530 Plura
839 2506 870 2530 de
884 2512 959 2538 spou-

16 2544 111 2571 salibus
129 2546 205 2572 habet
224 2554 283 2572 cum
303 2548 358 2572 aliis
377 2548 401 2572 S.
423 2548 516 2573 Thom.
537 2555 615 2580 supra
637 2549 661 2573 d.
682 2549 723 2573 27.
743 2557 769 2581 q.
792 2550 814 2574 2.
835 2557 857 2574 a.
880 2550 928 2573 '1-3.

83 2590 117 2614 De
135 2592 189 2621 ipsa
214 2592 232 2615 1.
254 2592 420 2623 quaestione:
441 2593 522 2623 Scor,
545 2593 584 2617 liic
604 2599 629 2624 q.
650 2594 732 2617 unica.
754 2607 787 2610 -—
807 2594 831 2617 S.
853 2593 956 2625 Tuom„

16 2638 88 2663 supra
108 2633 131 2658 (l.
152 2634 192 2659 27.
213 2642 238 2667 q.
265 2636 285 2660 l.
305 2643 326 2660 a.
349 2637 371 2660 2.
392 2637 552 2668 quaestione.
585 2636 608 2667 3,
633 2641 657 2661 et
680 2636 711 2661 de
733 2638 904 2667 promissione
924 2638 959 2662 iu-

16 2680 78 2707 rata,
99 2678 137 2703 liic
157 2686 178 2703 a.
204 2680 208 2703 Ι
227 2688 231 2710 ;
252 2680 341 2711 Suppl.
362 2688 386 2712 q.
408 2680 448 2705 455.
470 2688 492 2705 a.
513 2681 542 2712 3,
564 2688 588 2713 q.
610 2681 649 2705 46.
670 2688 691 2705 a.
714 2682 736 2706 1⁴l.
752 2696 786 2698 —
801 2682 827 2706 Β,
849 2681 956 2713 Albert.‚

16 2719 54 2745 lu'e
72 2728 93 2745 a.
117 2722 136 2746 l.
156 2723 178 2747 2.
192 2737 227 2742 —
241 2724 304 2749 Petr.
324 2732 337 2749 a
359 2725 432 2756 Tar„
454 2726 494 2750 liic
514 2733 538 2757 q.
558 2726 577 2749 l.
592 2733 614 2750 a.
634 2726 654 2750 1,
670 2740 703 2743 -—
717 2726 837 2750 Richard.
852 2733 863 2750 a
879 2726 956 2757 Med,

16 2763 54 2789 hic
71 2771 92 2789 a.
114 2766 136 2791 ’1.
157 2774 181 2799 q.
208 2767 252 2792 1-4.
273 2783 307 2785 -
326 2768 455 2801 Ι)ωῚ1η(1.,
476 2770 517 2794 liic
536 2777 561 2801 q.
587 2770 606 2794 l.
627 2784 660 2787 ——
680 2770 783 2801 Dionys.
806 2769 905 2802 Cat-tn,
926 2770 958 2795 do

16 2807 60 2832 hac
78 2813 101 2834 et
119 2816 190 2842 seqq.
211 2818 253 2843 qq.
275 2813 315 2837 luc
334 2820 358 2844 q.
379 2814 462 2838 unica.

1096 2376 1121 2400 ll.
1143 2375 1215 2401 Circa
1236 2377 1258 2401 2.
1279 2378 1456 2409 quaestionem
1486 2381 1566 2410 patet,
1594 2379 1664 2411 quod
1686 2386 1745 2404 cum
1765 2380 1975 2405 iutlissolubilitas

1024 2421 1189 2445 matrimomo
1208 2421 1239 2445 sit
1258 2421 1416 2453 esse'ut‘iall's,
1441 2429 1582 2447 consensus
1602 2422 1638 2447 ad
1656 2424 1758 2455 tempus
1779 2430 1827 2448 nou
1849 2427 1974 2449 θςῖγτ-ιίις

1024 2470 1070 2488 nec
1090 2464 1219 2488 sufficiens
1239 2471 1388 2490 consensus.

1094 2508 1129 2531 De
1150 2509 1196 2532 liae
1217 2509 1240 2532 2.
1260 2510 1423 2540 quaestione:
1445 2510 1507 2534 Petr.
1529 2517 1543 2534 a
1564 2510 1637 2541 Tar.‚
1659 2511 1699 2535 hic
1719 2518 1744 2542 q.
1768 2512 1790 2535 2.
1812 2518 1833 2535 a.
1860 2512 1878 2536 l.
1898 2519 1975 2543 (June-

1023 2552 1114 2576 stiunc.
1137 2552 1159 2575 l.
1177 2565 1212 2569 —
1231 2552 1350 2577 Ricliard.
1371 2560 1383 2577 a
1405 2553 1484 2584 Med,
1506 2554 1547 2578 Iu'c
1566 2561 1588 2578 a.
1610 2554 1632 2578 2.
1655 2561 1680 2586 q.
1707 2555 1727 2578 1.

1094 2595 1129 2619 III.
1150 2595 1246 2620 Solutio
1267 2596 1290 2620 3.
1311 2597 1468 2628 quaestionis
1493 2596 1581 2628 quoad
1608 2598 1731 2629 principia
1755 2601 1793 2622 ost
1812 2600 1973 2629 coummuis3

1023 2639 1047 2662 in
1067 2639 1238 2670 applicatione
1258 2640 1290 2664 ad
1310 2640 1398 2671 plures
1424 2647 1499 2665 casus
1519 2642 1636 2665 oriuntur
1656 2643 1727 2667 wrm
1748 2642 1840 2673 dubia,
1863 2643 1894 2667 do
1921 2645 1975 2675 qui·

1023 2682 1072 2707 bus
1091 2684 1176 2713 agitur
1195 2684 1219 2707 iu
1239 2683 1310 2708 libris
1329 2685 1449 2709 scientiae
1469 2685 1573 2709 moralis
1593 2688 1617 2709 et
1636 2692 1773 2711 canonum.

1094 2727 1118 2751 S.
1140 2727 1250 2758 Tuom„
1270 2728 1333 2753 iufra
1354 2728 1380 2753 d.
1399 2729 1441 2753 29.
1463 2736 1485 2753 a.
1506 2730 1530 2754 3.
1552 2731 1712 2761 quaestione.
1733 2731 1766 2762 33
1787 2732 1876 2763 Suppl.
1891 2740 1915 2764 q.
1934 2732 1972 2757 Π.

1023 2778 1046 2795 a.
1069 2771 1093 2795 5.
1116 2785 1149 2788 --
1169 2772 1232 2796 Deir.
1253 2778 1265 2795 a
1287 2772 1359 2802 Tar.‚
1390 2772 1437 2797 lor.
1466 2774 1508 2797 cit.
1530 2774 1689 2805 quaestiunc.
1711 2775 1734 2799 ⁶2.
1756 2789 1788 2792 —-
1809 2775 1930 2800 Ricliard.
1959 2783 1971 2800 a

1022 2815 1101 2846 Med,
1122 2815 1168 2840 loc.
1189 2816 1230 2840 cit.
1250 2823 1274 2847 q.
1296 2817 1319 2840 2.
1339 2830 1374 2834 —
1394 2816 1524 2848 Durnnd.‚
1546 2818 1586 2841 liic
1606 2825 1630 2849 q.
1653 2819 1676 2842 Q.

81 3019 87 3034 ¹
111 3020 134 3045 In
153 3021 179 3046 C.
200 3022 274 3048 Sicut
293 3030 327 3049 esc
347 3023 440 3050 litteris
459 3025 525 3057 (22.)
545 3030 569 3051 et
589 3025 614 3051 C.
635 3026 667 3052 Si*
685 3026 753 3052 inter
774 3026 861 3052 virum
883 3028 956 3059 (13l.>‚

13 3061 44 3086 X.
63 3062 93 3088 de
113 3065 279 3096 Sponsnlibus
298 3070 323 3092 et
341 3069 452 3093 matrim.
474 3069 526 3098 (lib.
548 3070 588 3094 IV.
610 3071 646 3095 tit.
673 3071 713 3102 l.).

79 3106 89 3123 ‘³
108 3110 223 3141 August,
246 3111 287 3135 XI.
306 3111 419 3137 Gonu-ss.
440 3119 461 3137 c.
487 3113 523 3137 14.
545 3120 568 3137 n.
594 3114 630 3138 17.
651 3118 675 3138 et
700 3114 740 3138 18:
757 3114 879 3139 Futurum
896 3122 956 3140 non-

14 3148 73 3175 dum
92 3156 137 3177 est.
157 3167 190 3170 —
209 3154 314 3180 Inferius
334 3163 381 3186 pro
399 3156 484 3181 simus
503 3156 528 3181 ιή
549 3156 595 3182 illo
613 3157 707 3189 futuro
727 3159 751 3183 et
769 3158 828 3182 edd.
849 3158 920 3191 quin.

80 3194 90 3210 ³
108 3195 169 3222 Cod.
191 3198 206 3222 F
225 3199 308 3224 addit:
330 3207 393 3233 erqo
417 3207 465 3233 per
490 3200 570 3226 verbu
589 3201 620 3226 de
638 3201 731 3234 ficturo
757 3209 810 3227 nou
836 3204 873 3227 est
897 3210 956 3228 con-

12 3237 111 3264 sentire.

79 3282 89 3298 ⁴
109 3283 138 3309 Ut
157 3284 183 3309 C.
203 3286 360 3312 Exn-litteris
384 3287 490 3314 Siloam*
515 3289 594 3320 (to),
621 3289 653 3313 X.
679 3289 712 3314 (le
738 3290 907 3321 Sponsalibus
932 3294 956 3316 et

13 3326 119 3350 matrim.
139 3327 192 3359 (lib.
216 3330 256 3355 IV.
279 3331 313 3355 tit.
338 3333 377 3363 t.).
392 3332 442 3357 (Ἰν,
458 3332 519 3357 ibid.
534 3332 559 3357 C.
575 3333 716 3358 Praeterea
731 3333 759 3358 1ῑί
772 3334 817 3366 (2.)
831 3339 855 3360 et
868 3334 896 3359 C.
912 3335 955 3360 Re-

12 3368 115 3400 quisivi]
133 3378 150 3396 a
168 3372 241 3398 nobis
260 3375 323 3406 (17).

148 3423 176 3450 S.
195 3425 294 3452 Bomio.
315 3442 349 3445 —
369 3429 442 3453 Tom.
465 3429 504 3453 IV.

1092 3028 1102 3044 ⁵
1123 3029 1188 3053 Vide
1207 3030 1247 3053 liic
1268 3029 1302 3053 lit.
1324 3029 1450 3060 Magistri,
1470 3037 1491 3054 ‹·.
1517 3030 1535 3053 1.
1549 3043 1583 3047 -
1600 3030 1724 3061 Superius
1744 3031 1831 3055 verbis
1845 3030 1897 3056 Sed
1910 3039 1969 3056 rum

1021 3072 1096 3097 codd.
1119 3073 1156 3097 ΙΙ(
1178 3074 1332 3098 interserunt
1351 3074 1446 3098 lumen.
1463 3073 1576 3098 Subinde
1598 3081 1645 3105 pro
1664 3074 1710 3099 secl
1727 3075 1784 3099 cod.
1805 3075 1822 3099 Z
1842 3075 1971 3100 substituit

1021 3122 1050 3141 eo
1071 3115 1150 3149 quod.

1090 3159 1101 3175 ⁶
1121 3159 1182 3184 (jod.
1204 3160 1224 3184 Τ
1245 3160 1316 3184 addit
1335 3161 1404 3186 actu.

1090 3203 1101 3219 7
1121 3203 1151 3228 Ut
1170 3204 1194 3227 in
1215 3204 1277 3234 ipsis
1297 3204 1467 3228 decretalibus
1490 3212 1567 3235 supra
1589 3212 1648 3236 pag.
1669 3205 1731 3236 638,
1753 3209 1809 3230 uota
1832 3207 1855 3230 ⁶2.
1877 3207 1968 3237 allega-

1020 3247 1050 3270 tis
1071 3250 1094 3271 et
1115 3248 1138 3271 iu
1160 3246 1261 3272 Glossls
1286 3254 1365 3278 super
1391 3248 1460 3278 ipsas
1488 3249 1638 3273 insinuatur.
1664 3248 1715 3274 (Isr.
1743 3249 1803 3274 ibid.
1830 3249 1857 3274 C.
1879 3250 1920 3275 Ad
1944 3249 1971 3276 id

1019 3291 1090 3324 quod
1103 3291 1175 3322 (ΞΜ.
1197 3305 1230 3308 —
1251 3292 1284 3315 De
1304 3299 1358 3323 seq.
1378 3293 1503 3317 axiomatc
1524 3293 1567 3324 (ue
1586 3294 1701 3325 reportet
1720 3293 1889 3319 commodam
1909 3294 1968 3326 etc.)

1020 3336 1064 3359 cl'r.
1084 3342 1162 3366 supra
1184 3342 1244 3366 pag.
1272 3336 1331 3366 103,
1352 3341 1408 3360 nota
1434 3336 1472 3361 ll.

1793 3435 1824 3459 87
