2483 3882
27 1149 103 1176 Opinio
118 1149 137 1169 1.

4 1622 131 1648 mprobatur.

24 2100 99 2127 Opinio
113 2100 133 2121 2.

808 274 900 305 DIST.
925 273 969 305 tlt.
994 274 1023 305 Ι).
1049 274 1080 304 11.
1106 274 1188 305 ΛΒΤ.
1215 274 1232 305 Ι.
1258 274 1408 315 QUAEST.
1436 275 1466 306 ll.

245 360 275 391 4.
300 360 392 398 Item,
417 359 441 391 si
467 359 569 391 virtus
602 360 706 402 aliqua
741 361 851 393 collata
882 364 945 398 est,
970 369 1102 403 quaere,

159 412 234 454 quid
259 413 314 444 sit:
339 413 426 454 quia,
452 413 475 444 si
513 413 647 451 bonum,
683 417 738 445 aut
762 414 801 446 de
824 414 913 446 bonis
936 413 1102 451 nunonis,

158 468 212 496 aut
235 464 412 501 maximis,
436 468 490 496 aut
513 465 638 496 mediis.
665 465 693 497 Si
719 466 757 498 de
781 466 944 503 minimis,
962 466 1039 497 illud
1057 469 1104 497 est

158 516 288 548 inferius
312 517 432 548 anima:
458 526 533 558 ergo
556 526 616 549 non
642 518 705 559 agit
730 518 759 550 in
784 519 894 560 ipsam.
927 519 956 550 Si
981 518 1020 551 de
1043 528 1104 550 me-

157 569 240 600 diis.-
266 578 340 611 ergo
364 578 421 610 par
444 573 491 602 est
514 570 636 603 animae
661 580 716 603 nec
740 572 845 603 adhuc
876 571 985 603 influit.
1010 571 1038 603 Si
1064 572 1102 603 de

156 619 330 651 mammis:
347 628 421 661 ergo
437 624 484 652 est
501 620 573 651 data
589 621 679 662 aquis
698 621 797 654 virtus
814 622 918 663 aliqua
935 622 1070 663 gratuita
1084 621 1102 652 ¹.

509 734 748 760 CONCLUSIO.

155 830 344 862 Probabilis
368 835 396 861 et
420 830 654 872 intellzffl'bt'lz'or
678 837 723 863 est
747 832 875 873 opinio,
893 832 979 874 quod
994 842 1101 874 aquae

243 883 434 924 baptismata·
454 892 519 914 ozon
543 883 658 926 aliqua
673 885 862 925 proprietas
878 884 1029 916 absoluta
1046 885 1102 916 acl·
1131 885 1133 903 l

242 935 312 967 dicct
335 935 389 973 sic,
414 936 470 967 secl
505 939 633 967 launum
666 936 833 968 ordinatio
870 936 915 968 ad
939 934 1100 967 hominem

240 989 512 1031 *regenercmctztm

242 1095 439 1127 RespoNnEo:
466 1095 578 1127 Dicunt
602 1095 717 1137 aliqui,
749 1096 834 1136 quod
858 1095 1009 1127 Dominus
1033 1103 1102 1127 con-

154 1150 238 1180 tactu
263 1147 488 1180 mundissimae
512 1148 615 1180 carnis
639 1157 714 1180 suae
750 1149 812 1180 vim
838 1148 969 1180 contulit
992 1148 1099 1189 aquis,

153 1209 247 1242 quam
271 1209 331 1231 non
357 1200 514 1232 habebant
523 1212 531 1238 3
555 1205 585 1232 et
609 1200 655 1232 vis
679 1201 737 1233 ista
761 1201 819 1233 fuit
842 1200 947 1242 aliqua
964 1200 1102 1241 proprie-

153 1258 200 1285 tas
223 1253 392 1291 absolztca;
429 1257 459 1285 et
493 1253 571 1286 haec
606 1253 781 1295 proprietas
818 1253 876 1284 fuit
907 1261 1007 1294 aquae
1041 1261 1102 1283 me—

154 1306 286 1338 lioratio
311 1310 339 1338 ec
370 1306 516 1338 reductio
552 1306 590 1338 ad
627 1310 743 1338 statum
780 1306 917 1347 primum
932 1305 954 1344 2,
985 1306 1013 1336 in
1039 1314 1101 1346 quo

153 1362 221 1390 erat
244 1362 315 1390 ante
341 1359 475 1390 hominis
499 1359 640 1400 lapsum,
665 1359 739 1400 quia
762 1362 833 1399 post
849 1358 971 1400 lapsum
997 1357 1101 1389 onmia

153 1411 308 1443 elementa
332 1415 405 1443 sunt
429 1411 636 1450 deteriorata,
669 1415 704 1443 ut
739 1411 889 1443 habitatio
913 1413 1101 1451 congrueret

154 1464 319 1496 habitatori
344 1464 541 1496 deteriorato.
567 1464 626 1496 Sed
650 1464 723 1505 quia
749 1464 842 1495 homo
865 1472 919 1504 per
935 1472 1035 1504 aquae
1052 1463 1102 1494 Sa—

152 1521 348 1550 cramentum
383 1517 541 1549 meliorari
579 1516 712 1549 debebat
743 1520 774 1548 et
808 1524 993 1556 resurgere;
1031 1515 1100 1547 ideo

149 1580 232 1612 aqua
255 1570 418 1602 meliorata
450 1573 480 1602 et
511 1570 550 1601 ad
575 1569 714 1611 primum
740 1572 856 1601 statum
882 1569 1012 1600 reducta
1036 1572 1100 1606 θεῖ;

149 1628 180 1656 θῖ
204 1624 283 1655 hanc
307 1627 419 1655 vocant
443 1623 528 1655 illam
553 1622 627 1655 vim.
652 1640 695 1644 —
732 1622 790 1654 Sed
818 1622 874 1654 ista
903 1622 1014 1663 positio
1038 1630 1099 1652 non

148 1680 250 1719 potest
274 1680 373 1708 stare:
398 1675 515 1717 primo,
532 1675 605 1716 quia
624 1675 699 1707 haec
716 1675 763 1707 vis
781 1675 895 1707 dicitur
919 1674 966 1706 vis
990 1674 1029 1706 ad
1055 1682 1100 1706 re-

149 1729 380 1772 generandunu
405 1729 458 1761 sed
484 1728 564 1760 lianc
599 1737 661 1759 non
696 1727 831 1759 habebat
855 1736 936 1768 aqua
960 1726 990 1758 in
1016 1730 1099 1758 statu

149 1783 360 1821 innocentiae,
377 1782 451 1824 quia
471 1791 532 1813 non
557 1784 624 1813 erat
645 1789 725 1822 opus
746 1780 997 1821 regenera.ti0ne;
1014 1780 1099 1812 unde

150 1837 203 1868 illa
227 1835 400 1868 melioratio
424 1833 502 1866 nihil
519 1833 591 1865 facit
607 1833 646 1865 ad
664 1841 741 1865 rem.
759 1833 957 1870 Praeterea,
975 1832 999 1863 si
1017 1841 1099 1873 aqua

150 1893 197 1922 est
220 1889 399 1926 meliorata,
424 1890 454 1919 et
477 1896 538 1918 non
563 1886 624 1917 alia
658 1886 828 1918 elementa:
855 1894 929 1926 ergo
954 1885 1098 1923 videtur,

150 1942 233 1984 quod
258 1941 413 1973 ordinatio
437 1940 664 1972 elementorum
691 1938 729 1970 sit
754 1938 920 1979 dissipata,
946 1946 1017 1969 cum
1050 1946 1100 1969 ne-

152 2004 237 2028 cesse
261 1994 318 2033 sit,
342 1993 425 2036 quod
451 1992 586 2025 habeant
603 1991 740 2024 debitam
765 1991 1009 2032 proportionem.

240 2048 274 2079 Et
296 2051 463 2089 propterea
487 2045 596 2077 dicunt
619 2044 690 2083 alii,
725 2044 810 2085 quod
835 2043 958 2076 collatio
982 2044 1030 2076 vis
1054 2052 1099 2076 re-

149 2101 346 2143 generativae
370 2108 429 2130 non
454 2102 500 2130 est
524 2106 624 2139 aquae
650 2096 822 2129 melioratio
840 2096 888 2128 vel
907 2096 1097 2138 purificatio,

150 2154 205 2187 sed
229 2153 362 2185 alicuius
389 2150 521 2183 virtutis
551 2149 822 2192 supernatw'alz's
847 2149 992 2187 collatio,
1018 2158 1098 2191 quae

150 2216 212 2239 non
236 2209 282 2238 est
306 2205 378 2237 data
402 2212 502 2245 aquae
526 2202 701 2235 secundum
726 2212 792 2234 esse
817 2202 1000 2243 perfectum,
1025 2211 1099 2243 quo-

150 2261 292 2301 adusque
317 2258 420 2290 veniat
444 2257 575 2289 verbum
584 2269 592 2295 3
617 2256 697 2288 sicut
718 2255 765 2287 vis
783 2255 969 2287 immutandi
996 2255 1097 2287 visum

149 2323 211 2345 non
235 2315 281 2345 est
306 2311 335 2343 in
371 2310 474 2343 colore
508 2309 663 2351 perfecta,
699 2308 758 2340 nisi
787 2307 1029 2349 superveniente
1054 2307 1098 2339 ln-

122 2358 252 2404 xmine,
284 2368 314 2397 et
345 2364 422 2395 haec
453 2371 550 2404 supra
580 2365 726 2393 naturam
759 2361 831 2393 data
863 2364 909 2392 est
940 2364 969 2392 et
1001 2369 1098 2401 supra

12 2583 135 2604 Difficultas

21 2793 138 2815 Conclusio.

150 2422 295 2450 naturam
319 2417 361 2449 ibi
386 2415 505 2454 existit,
540 2418 576 2446 ut
607 2414 752 2446 effectum
784 2413 898 2445 habeat
927 2422 1023 2454 supra
1048 2422 1097 2444 na-

148 2475 251 2503 turam
277 2478 333 2511 per
358 2469 550 2500 voluntatem
576 2466 723 2498 divinam.

237 2523 296 2555 Sed
321 2522 468 2564 quoniam
494 2520 572 2552 illud
597 2519 723 2551 difficile
741 2523 787 2551 est
810 2519 999 2559 intelligere,
1024 2528 1098 2560 quo-

151 2576 243 2609 modo
267 2574 384 2617 aliquid
418 2573 619 2610 absolutum,
644 2572 709 2603 sive
734 2572 907 2604 secundum
934 2575 1097 2609 naturam,

150 2630 215 2662 sive
250 2637 347 2669 snpra
382 2631 546 2664 naturam,
571 2625 609 2657 sit
633 2624 726 2656 modo
751 2624 780 2655 in
805 2633 903 2665 aqua,
927 2623 1011 2664 quod
1036 2632 1097 2654 non

150 2686 217 2714 erat
240 2681 347 2722 prius;
372 2684 402 2711 et
426 2678 583 2720 quomodo
620 2677 728 2709 datum
764 2676 803 2707 sit
827 2679 970 2707 contactu
995 2674 1097 2706 carnis

149 2735 241 2767 etiam
267 2733 356 2775 aquis
381 2731 526 2764 remotis:
552 2733 718 2772 propterea
742 2729 927 2767 dicendum,
954 2729 1033 2760 sient
1058 2732 1098 2760 ta-

150 2790 235 2819 ctum
258 2786 317 2817 fuit
341 2784 480 2826 snpra&
506 2783 589 2825 quod
613 2783 660 2814 vis
685 2782 737 2814 illa
761 2791 820 2814 non
846 2786 892 2814 est
909 2782 1013 2823 aliqua
1031 2791 1098 2823 pro-

150 2839 267 2880 prietas
291 2838 339 2869 vel
365 2837 498 2869 essentia
522 2835 692 2873 absoluta,
716 2835 823 2867 addita
847 2843 956 2876 aquae,
981 2835 1034 2866 sed
1053 2844 1098 2866 so-

151 2892 215 2923 lum
241 2890 407 2922 ordinatio
431 2889 498 2921 eins
522 2889 561 2920 ad
581 2889 655 2926 lioc,
672 2888 753 2929 quod
773 2888 866 2919 hoino
885 2892 1096 2928 regeneretur.

2076 281 2115 312 79

1169 379 1212 384 —-
1229 361 1317 393 Prius
1341 362 1423 394 enim
1449 371 1557 395 omnes
1582 363 1719 404 liquores
1736 368 1825 396 erant
1843 364 2071 401 indifferentes,
2088 370 2116 399 et

1170 417 1306 454 poterat,
1334 418 1485 456 qnantum
1511 419 1557 447 est
1582 416 1620 447 de
1645 424 1694 454 se,
1721 417 1749 448 in
1774 417 1879 458 aliquo
1911 418 1971 450 alio
1996 418 2116 460 liquore

1169 466 1318 507 baptizari
1355 470 1389 498 ut
1421 468 1451 499 in
1488 477 1595 509 aqua:
1632 469 1685 500 sed
1722 478 1794 501 cum
1830 470 1981 503 Dominus
2017 472 2116 503 voluit

1170 519 1267 559 mergi
1302 523 1332 551 et
1369 519 1543 560 baptizatus
1578 525 1624 552 est
1661 521 1690 552 in
1725 530 1821 563 aqua,
1852 522 1910 554 Iam
1937 523 2003 555 sola
2027 533 2116 566 aqud

1170 570 1279 602 habuit
1303 571 1544 603 ordinationem
1568 573 1614 604 (td
1637 572 1713 605 ltoe:
1738 577 1768 605 et
1792 574 1861 606 ideo
1898 575 1998 606 solum
2025 575 2055 607 in
2081 584 2117 607 ea

1168 623 1269 664 potuit
1292 623 1360 655 fieri
1387 624 1570 665 baptismus.
1607 626 1666 658 Sed
1699 627 1773 668 quia
1808 636 1868 658 non
1894 628 2042 666 instituit,
2069 629 2117 659 ba-

1168 676 1319 717 ptismum
1344 677 1410 709 fieri
1430 681 1549 710 tantum
1568 688 1625 720 per
1643 680 1891 718 immersionem,
1910 681 2004 713 immo
2022 682 2115 713 etiam

1167 737 1223 769 per
1248 729 1418 760 verborum
1444 730 1649 771 prolationem
1675 736 1705 763 et
1730 732 1838 764 talium
1864 733 2054 772 verborum,
2080 734 2118 766 si-

1167 782 1282 814 militer
1307 786 1337 814 et
1361 782 1460 814 verba
1484 783 1522 815 ad
1550 784 1606 815 lioc
1631 784 1797 816 ordinavit.
1820 785 1905 817 Unde
1922 791 1952 817 et
1969 795 2067 826 aqua,
2087 786 2115 817 in

1166 844 1261 876 quam
1287 844 1410 867 mersus
1433 840 1496 874 est,
1521 839 1551 867 et
1577 837 1688 875 verba,
1707 846 1787 878 quae
1805 838 1943 878 protulit,
1961 838 2116 870 ulterius⁴

1167 887 1282 919 habent
1307 887 1386 926 vim,
1412 897 1466 920 nec
1492 898 1591 920 unum
1616 889 1681 921 sine
1706 890 1821 928 altero,
1846 891 1919 932 quia
1944 894 2115 932 utrumque

1167 940 1293 972 insimul
1317 940 1356 972 ad
1381 941 1648 981 regenerationem
1674 942 1875 974 obtinendam
1900 943 2065 975 ordinavit.

1254 993 1289 1024 Et
1313 993 1356 1025 sic
1380 997 1486 1034 patent
1510 993 1630 1025 obieeta
1647 994 1685 1025 ad
1704 998 1872 1035 utramque
1889 999 2025 1035 partem,
2043 995 2115 1037 quia

1166 1045 1268 1086 prima
1294 1046 1470 1087 procedunt
1494 1046 1533 1078 de
1557 1046 1601 1085 vi,
1626 1050 1661 1078 ut
1693 1050 1739 1079 est
1774 1047 1941 1079 ordinatio
1965 1048 2003 1079 ad
2032 1057 2114 1089 rege-

1141 1120 1145 1128 .
1165 1099 1376 1137 nerationem;
1401 1100 1539 1131 secunda
1563 1103 1667 1131 autem
1693 1100 1731 1132 de
1756 1100 1803 1138 vi,
1837 1109 1917 1142 quae
1942 1105 1988 1133 est
2012 1102 2116 1144 quali-

1167 1155 1218 1183 tas
1242 1151 1404 1184 absoluta.
1429 1152 1507 1184 Haec
1535 1155 1639 1184 autem
1662 1152 1709 1184 vis
1734 1162 1793 1184 non
1818 1157 1865 1185 est
1888 1162 1945 1195 per
1969 1153 2116 1196 transfu-

1165 1204 1307 1242 sionem,
1333 1205 1387 1236 sed
1412 1213 1468 1246 per
1493 1204 1737 1236 institutionem.
1764 1206 1848 1238 Unde
1866 1206 1946 1238 sicut
1964 1207 2114 1239 Dominus

1166 1266 1228 1289 non
1254 1261 1374 1289 tantum
1400 1258 1509 1296 verba,
1535 1267 1614 1300 quae
1641 1259 1779 1299 protulit,
1797 1259 1953 1291 ordinavit
1977 1265 2007 1292 et
2032 1260 2114 1292 insti-

1167 1310 1226 1342 tuit
1249 1311 1287 1342 ad
1313 1311 1581 1352 regenerandum,
1606 1312 1660 1343 sed
1685 1313 1778 1344 etiam
1803 1312 1907 1344 onmia
1923 1313 2113 1351 consimilia;

1167 1363 1210 1396 sic
1239 1372 1298 1395 non
1332 1366 1452 1395 tantum
1489 1373 1621 1405 aquam,
1646 1373 1739 1405 quam
1770 1365 1885 1405 tetigit,
1912 1366 1965 1397 sed
1990 1375 2113 1398 omnem

1166 1425 1280 1458 aquam
1316 1416 1418 1457 specie
1453 1417 1645 1449 consimilem
1682 1436 1725 1440 ——
1764 1422 1837 1449 «est
1872 1422 1976 1450 autem
2013 1419 2114 1451 omnis

1165 1478 1247 1510 aqua
1264 1469 1347 1500 omni
1365 1478 1465 1510 aquae
1482 1469 1584 1510 specie
1601 1469 1771 1502 consimilis
1783 1470 1793 1487 ⁵
1806 1482 1820 1499 >2
1835 1469 1884 1492 '—-
1897 1475 1926 1503 et
1943 1471 2012 1503 ideo
2029 1471 2112 1503 omni

1165 1530 1265 1562 aquae
1289 1521 1428 1553 contulit.
1464 1540 1507 1544 —-
1543 1522 1576 1553 Et
1610 1525 1657 1554 est
1691 1522 1808 1554 simile:
1846 1522 1871 1555 si
1909 1532 1967 1555 rex
1991 1523 2113 1555 ordina-

1166 1578 1229 1613 ret,
1254 1575 1339 1616 quod
1363 1574 1484 1606 litterae
1509 1583 1583 1607 suae
1620 1579 1741 1606 tantum
1774 1576 1926 1608 haberent
1961 1577 2110 1609 virtutem

1164 1631 1194 1659 et
1218 1626 1402 1665 efficaciam,
1427 1636 1507 1668 quae
1531 1627 1745 1659 scriberentur
1769 1628 1798 1659 in
1824 1628 1960 1669 pellibus
1977 1629 2112 1670 caprinis

1164 1683 1195 1711 et
1218 1688 1298 1721 quae
1322 1682 1425 1712 essent
1449 1680 1582 1721 scriptae
1614 1679 1773 1721 aliquibus
1796 1681 2011 1714 determinatis
2047 1691 2113 1713 ver-

1164 1732 1229 1770 bis,
1253 1735 1284 1763 et
1308 1732 1366 1763 hoc
1391 1731 1517 1773 quidem
1541 1732 1657 1763 faceret
1681 1741 1775 1764 manu
1794 1741 1868 1771 sua,
1893 1733 2058 1765 scribendo
2082 1734 2111 1765 in

1164 1784 1218 1816 illo
1242 1793 1356 1826 genere
1379 1784 1488 1826 pellis:
1526 1784 1703 1823 diceretur,
1739 1785 1823 1827 quod
1856 1795 1913 1817 rex
1939 1786 1991 1817 illa
2017 1796 2111 1818 manu

1165 1846 1220 1869 sua
1245 1836 1414 1869 efficaciam
1440 1837 1525 1869 dedit
1548 1837 1592 1869 illi
1618 1846 1806 1879 pergameno
1843 1842 1872 1870 et
1897 1839 1980 1870 omni
2004 1848 2113 1880 perga-

1165 1898 1255 1922 meno
1272 1889 1412 1921 eiusdem
1431 1889 1558 1930 speciei,
1576 1890 1668 1921 etiam
1687 1890 1771 1931 quod
1788 1890 1933 1922 futurum
1950 1895 1996 1923 θεῖ
2013 1900 2113 1932 usque

1164 1941 1203 1973 ad
1230 1941 1328 1973 multa
1352 1945 1510 1982 tempora,
1535 1944 1564 1973 et
1588 1941 1647 1973 hoc
1672 1950 1727 1983 per
1752 1942 1850 1974 solam
1887 1943 2112 1975 institutionem

1164 1998 1193 2026 et
1217 1994 1462 2033 ordinationem,
1487 2004 1548 2026 non
1573 2003 1627 2036 per
1652 1995 1809 2027 alieuius⁶
1835 1996 2040 2028 collationem.
2066 1997 2112 2029 Sic

1163 2047 1401 2089 intelligendum
1428 2048 1457 2079 in
1481 2048 1654 2089 proposito:
1680 2049 1827 2090 quoniam
1855 2049 2004 2082 Dominus
2027 2053 2112 2082 tactu

1164 2094 1266 2132 carnis
1291 2100 1427 2132 mundae
1451 2101 1537 2132 dedit
1562 2101 1623 2132 vim
1649 2101 1756 2142 aquis,
1781 2111 1841 2133 non
1867 2102 1941 2143 quia
1960 2103 2111 2134 munditia

1164 2153 1310 2185 transiret
1335 2162 1352 2185 a
1376 2162 1469 2186 carne
1494 2154 1524 2185 in
1549 2163 1682 2195 aquam,
1707 2155 1760 2186 sed
1799 2155 1889 2196 quia,
1916 2164 1987 2188 cum
2013 2156 2112 2187 Domi-

1163 2214 1224 2237 nus
1247 2209 1329 2238 esset
1354 2206 1509 2245 mundus,
1534 2206 1633 2238 voluit
1656 2207 1696 2238 ob
1720 2207 1798 2238 nihil
1831 2207 1917 2240 aliud
1942 2208 1971 2239 in
1997 2217 2109 2249 aquam

1163 2258 1277 2299 mergi,
1301 2258 1358 2290 nisi
1385 2261 1419 2290 nt
1444 2258 1497 2290 illa
1528 2258 1728 2291 immersione
1761 2269 1842 2301 aqua
1867 2260 1996 2292 haberet
2020 2261 2110 2293 istam

1163 2311 1400 2343 ordinationem.
1427 2312 1511 2344 Unde
1536 2311 1561 2343 si
1586 2321 1667 2354 aqua
1691 2317 1853 2345 crearetur
1878 2313 1916 2345 de
1940 2323 2020 2345 novo
2045 2323 2113 2346 con-

1162 2364 1273 2396 similis
1297 2364 1347 2396 isti
1373 2364 1403 2396 in
1429 2364 1549 2405 specie,
1574 2365 1685 2403 credo,
1718 2365 1801 2406 quod
1827 2366 1956 2398 eandem
1982 2366 2112 2399 liaberet

1162 2417 1388 2449 ordinationem
1415 2421 1444 2449 et
1468 2417 1599 2449 eandem
1625 2418 1784 2449 diceretur
1807 2418 1922 2450 babere
1952 2418 2110 2450 virtutem.

2132 375 2258 401 Explicatur.

2131 1002 2164 1022 Ad
2179 1008 2236 1028 arg-g.

2130 1159 2257 1186 Explicatur.

2127 1527 2207 1547 Simile.

1252 2470 1284 2501 Et
1308 2470 1342 2501 si
1364 2474 1399 2501 tu
1423 2470 1559 2501 obiicias
1583 2469 1683 2501 mz’lti:
1709 2471 1809 2502 omnis
1826 2471 1941 2502 relatio
1959 2471 2110 2503 fundatur
2120 2478 2215 2500 omem
2230 2480 2269 2500 ωι-

1162 2530 1256 2562 super
1280 2522 1398 2563 aliquid
1434 2522 1631 2560 absolutum,
1656 2531 1692 2554 eo
1727 2523 1811 2563 quod
1843 2523 2008 2554 advenit⁷:
2037 2532 2111 2564 ergo

1162 2574 1186 2605 si
1212 2574 1288 2606 haec
1312 2574 1483 2613 ordinatio,
1508 2584 1587 2615 quie
1612 2578 1658 2606 est
1681 2574 1816 2612 relatio,
1852 2575 1994 2613 advenit,
2020 2585 2112 2616 opor-

1163 2626 1238 2665 tuit,
1263 2626 1380 2668 aliquid
1405 2627 1591 2658 absolutum.
1617 2627 1702 2664 dari,
1728 2627 1911 2665 dicendum,
1929 2628 2011 2668 quod
2030 2628 2107 2660 illud

1162 2688 1221 2710 non
1242 2679 1335 2711 habet
1352 2680 1512 2711 veritatem
1532 2680 1561 2710 in
1580 2679 1783 2711 rel-‘itionibus
1800 2679 2017 2718 voluntariis,
2036 2681 2107 2722 (pua

1162 2740 1326 2767 nummus,
1351 2736 1384 2763 ut
1409 2732 1483 2763 dicit
1506 2732 1697 2772 Augustinus
1713 2732 1733 2770 Β,
1759 2732 1823 2764 sine
1855 2733 1902 2764 sui
1938 2734 2107 2765 mutatione

1162 2783 1196 2814 fit
1219 2783 1350 2824 pignus,
1375 2786 1404 2814 et
1428 2783 1571 2815 similiter
1596 2784 1672 2815 haec:-
1697 2793 1758 2815 vox
1785 2784 1869 2815 huba
1895 2785 1960 2816 sine
1978 2786 2023 2817 sui
2045 2795 2111 2816 inu-

1162 2836 1276 2867 tatione
1302 2839 1405 2876 posset
1429 2836 1495 2867 fieri
1522 2836 1735 2876 significativa.
1760 2836 1908 2868 Similiter
1933 2841 1961 2869 et
1987 2838 2015 2868 in
2043 2847 2109 2878 pro-

1162 2888 1262 2929 posito
1294 2888 1540 2929 intelligendum.
1574 2907 1617 2911 *-
1655 2889 1687 2920 Et
1720 2889 1790 2921 licet
1826 2894 1961 2931 utraque
1994 2890 2107 2922 harum

222 3056 228 3071 ¹
251 3055 315 3080 Vide
335 3062 413 3086 snpra
433 3055 457 3079 d.
482 3055 501 3078 l.
522 3061 546 3085 p.
568 3054 583 3079 1.
604 3061 628 3085 η.
649 3053 672 3077 4.
693 3053 786 3078 laterai.
807 3060 831 3085 (Ι.
853 3054 875 3078 2.
897 3060 950 3084 arg.
972 3054 994 3077 2.

221 3099 231 3114 ²
251 3098 313 3124 Cod.
332 3100 354 3123 K
373 3097 525 3131 pristinum.

221 3142 232 3159 3
251 3143 311 3167 Dist.
334 3143 355 3167 ’1.
376 3150 400 3174 p.
421 3143 436 3166 l.
458 3149 481 3174 q.
503 3141 525 3166 li.
546 3143 569 3166 in
590 3141 648 3166 fine.
820 3139 830 3156 4
850 3140 912 3166 Cod.
934 3141 956 3165 X
976 3140 1096 3166 interius.

221 3186 232 3203 5
251 3187 366 3216 Ariston,
387 3186 403 3210 l.
424 3186 513 3217 Topic.
534 3192 555 3210 c.
576 3185 599 3209 6.
620 3187 651 3211 (c.
672 3185 716 3215 5.).
739 3184 802 3208 Vide
825 3184 943 3215 Tertull.,
965 3184 996 3209 de
1016 3185 1097 3215 Bapti-

152 3237 222 3262 smo,
242 3237 262 3255 c.
283 3230 306 3254 ff..

221 3274 231 3291 ⁶
251 3274 313 3299 lidd.
333 3274 453 3305 supplent
472 3273 578 3299 virtutis
597 3272 715 3298 alterius.
736 3272 861 3303 Superius
881 3275 939 3304 post
957 3272 1028 3305 quod
1048 3279 1097 3297 rea*

152 3318 209 3343 cod.
230 3318 264 3343 bl)
284 3317 358 3343 illam
377 3325 424 3349 pro
444 3317 499 3343 illa.
519 3318 654 3349 Aliquanto
679 3317 784 3341 inferius
808 3317 927 3348 permulti
952 3317 1027 3341 codd.
1055 3322 1097 3341 no-

153 3361 203 3387 tait
220 3369 266 3393 pro
285 3361 375 3387 voluit.

222 3405 233 3420 7
250 3405 288 3429 Ab
308 3406 424 3436 Aristeu,
444 3405 472 3429 V.
493 3405 601 3436 Metapb.
622 3408 679 3430 text,
700 3405 740 3429 ⁶20.
762 3405 813 3430 (IV.
834 3412 854 3430 c.
881 3405 936 3436 lsi),
952 3406 1097 3436 assignatur

1129 3083 1130 3086 Ἴ
1162 3053 1252 3083 triplex
1273 3053 1466 3077 sumtamcntuin
1488 3053 1542 3076 sixe
1562 3059 1637 3077 causa
1658 3052 1800 3083 relationis,
1821 3053 1872 3078 scil.
1889 3054 1970 3077 unitas
1984 3056 2007 3077 et
2023 3060 2110 3077 nume-

1163 3104 1205 3121 rus
1225 3096 1413 3127 (convenientia
1432 3100 1455 3121 et
1476 3096 1719 3128 disconvenientia),
1735 3097 1799 3121 :actio
1822 3101 1845 3122 et
1865 3098 1965 3128 passio,
1987 3104 2108 3122 mensura

1162 3143 1186 3164 et
1205 3140 1385 3165 mensurabile.
1405 3153 1439 3157 ——
1460 3141 1514 3164 Vnt.
1536 3147 1671 3171 1u=rpernm
1692 3146 1719 3165 eo
1740 3140 1811 3173 quod
1835 3140 1937 3173 aliquid
1956 3139 2109 3166 absolutum

1162 3184 1193 3209 de
1212 3191 1279 3210 novo
1299 3184 1412 3210 attremit.

1232 3228 1242 3244 ⁸
1263 3229 1326 3253 vide
1350 3236 1426 3259 supra
1455 3235 1512 3259 pag.
1539 3227 1584 3258 24,
1611 3233 1669 3253 nota
1690 3229 1712 3253 5.
1741 3243 1773 3246 —
1801 3230 1863 3253 Petr.
1890 3229 2007 3260 Hispan.⁷
2034 3231 2109 3254 Smn—

1162 3273 1224 3297 mul.
1245 3276 1274 3297 tr.
1301 3274 1323 3303 Ι,
1344 3279 1423 3303 agens
1444 3272 1474 3296 de
1494 3271 1615 3302 vocilius,
1642 3273 1689 3296 ait:
1717 3272 1770 3296 Vox
1792 3279 1841 3297 non
1862 3273 2032 3304 significativa
2058 3278 2108 3301 est,

1162 3323 1228 3348 quae
1248 3316 1344 3341 auditui
1365 3316 1425 3340 nihil
1446 3319 1631 3346 repraesentat,
1659 3320 1685 3340 ut
1711 3315 1744 3340 bu
1770 3316 1802 3341 ba
1829 3317 1879 3341 bas.
1900 3331 1933 3334 —
1953 3316 2034 3342 Codd.
2060 3317 2108 3341 1-*tt

1162 3360 1208 3391 (bl)
1228 3367 1242 3385 a
1262 3360 1375 3385 secunda
1396 3360 1484 3389 mann)
1504 3360 1560 3384 vovi
1582 3359 1739 3385 rolzmtnriis
1759 3362 1923 3392 praemittunt
1944 3360 2059 3386 omnino.
2075 3361 2109 3385 tn-

1162 3404 1240 3428 t‘erius
1260 3410 1306 3434 pro
1325 3404 1411 3435 posse!
1428 3402 1487 3435 sieri
1506 3402 1564 3427 edd.
1583 3404 1665 3435 polest
1683 3403 1749 3437 fieri.

2153 2508 2214 2525 x‘itnr.
