2483 3882
69 300 132 331 lum
157 306 271 338 prona,
289 304 369 337 quae
386 295 526 336 pronitas
543 304 582 327 ex
600 295 741 336 opposito
764 294 931 336 respondet
948 303 1016 326 con-

68 350 198 388 tritioni,
223 349 303 381 sicut
327 348 420 389 culpa
444 357 484 380 ex
509 347 652 389 opposito
676 348 810 389 gratiae:
836 356 911 388 ergo
929 347 1019 379 indu-

7 417 13 467 a
67 403 146 436 citur
170 401 354 433 successive.

153 455 295 487 CONTRA:
314 455 349 485 ’1.
376 453 525 485 Contritio
550 453 725 485 necessaria
742 456 788 484 est
806 452 1016 485 iustificationi

15 507 176 550 enta-impii3
201 511 230 539 et
255 506 307 538 illa
331 510 377 538 est
402 506 430 537 in
457 505 581 537 instanti
598 506 624 536 ¹:
650 514 724 546 ergo
749 509 779 537 et
803 505 955 536 contritio.

154 562 183 592 Ξ).
210 559 295 597 ltem,
308 558 499 600 Augustinus
517 558 638 590 decimo
655 562 768 599 quarto
786 557 824 589 de
842 557 991 589 'l'rinitate
1006 558 1015 572 ²

67 614 155 652 dicit,
179 612 262 654 quod
281 612 306 643 si
330 611 441 643 oculus
458 614 539 643 esset
556 614 627 642 actu
654 610 780 647 videns,
802 614 835 642 et
859 610 1015 642 obiectum

5 702 6 705 Ἴ
66 676 105 699 ex
139 665 280 707 opposito
315 667 494 698 crearetur.
532 663 626 695 simul
658 666 739 695 esset
771 667 800 695 et
832 663 1014 694 videretur:

4 730 6 754 l
67 728 139 761 ergo
162 718 187 750 si
211 721 300 749 aetus
333 717 419 748 visus
443 719 544 757 potest
576 724 644 748 esse
678 716 707 747 in
742 716 884 754 instanti,
917 716 1016 747 multo

4 778 5 801 l
62 771 175 804 ‘fortius
199 774 287 802 actus
311 769 488 801 intellectus
505 772 536 801 et
552 768 701 801 affectus:
722 777 796 810 ergo
813 772 843 800 et
860 767 1014 800 contritio.

4 814 5 826 ³
152 823 179 855 3.
206 823 295 861 Item,
326 834 340 850 «
357 821 521 854 delectatio
546 825 592 853 est
609 821 639 853 in
657 821 782 853 instanti
802 833 832 858 »‚
850 821 931 853 sicut
948 820 1016 852 vult

67 874 310 916 l’liitosoplius³‚
335 875 409 916 quia
433 878 479 906 est
504 874 623 906 liabens
648 882 681 906 se
705 882 761 915 per
785 873 913 905 modum
932 873 1016 915 quie-

71 929 110 962 tis
141 933 170 960 et
201 937 261 959 non
295 928 395 969 ipsius
426 927 667 958 coniunctionis
699 926 911 958 convenientis
942 934 1015 958 cum

68 981 278 1014 convenienti:
313 989 387 1021 ergo
420 984 450 1012 et
474 979 581 1018 dolor.
606 980 659 1021 qui
685 979 854 1021 opponitur
879 979 928 1017 ei;
961 979 1015 1011 sed

68 1033 207 1067 contritio
232 1037 278 1065 est
303 1033 411 1065 dolor:
437 1042 511 1074 ergo
537 1036 593 1065 etc.

151 1087 181 1117 a.
207 1086 299 1125 item,
316 1086 355 1117 ad
373 1086 633 1118 illuminationem
658 1086 805 1117 distantia
829 1085 936 1117 localis
953 1085 1017 1117 exi-

66 1141 155 1182 gitur.v
178 1143 208 1172 et
232 1143 335 1171 tamen
362 1139 548 1170 illuminatio
574 1139 602 1170 in
629 1139 719 1171 oculo
744 1142 773 1170 et
797 1148 863 1169 csse
888 1138 1016 1170 luminis

67 1197 111 1226 est
132 1193 163 1224 in
195 1192 319 1224 instanti
336 1192 364 1223 ⁴:
401 1201 475 1233 ergo
500 1191 600 1224 multo
624 1191 737 1223 fortius
762 1191 790 1223 in
816 1191 919 1233 primo
943 1195 1015 1223 actu

65 1245 179 1288 gratiae
204 1249 250 1277 est
276 1245 407 1277 mutatio
432 1245 544 1276 subita.

415 1359 652 1382 CONCLUSIO.

68 1457 223 1489 Coutrilio
248 1461 293 1488 est
316 1455 503 1487 successiva
524 1456 635 1498 (scaeua
651 1455 862 1487 attestationum
879 1459 907 1486 ct
921 1465 1016 1496 prae-

146 1509 358 1551 parationem
384 1508 416 1540 iu
442 1508 528 1547 fieri,
552 1509 609 1540 secl
632 1508 743 1550 quoad
770 1517 838 1540 esse
863 1512 890 1539 et
923 1508 1016 1539 ruulu-

150 1562 285 1594 ctz'oitcm
309 1561 440 1604 formae
463 1566 508 1593 est
533 1561 754 1593 iustummzea.

151 1669 351 1700 Ruspoisnno:
378 1668 570 1706 Dicendum,
595 1667 677 1709 quod
704 1672 750 1699 est
775 1667 858 1709 loqui
884 1667 923 1699 de
947 1676 1016 1699 con-

5 1714 185 1775 {ss²}¹'1¹'j[i0ssss
210 1724 362 1763 quantum
396 1721 436 1753 ad
468 1720 697 1758 (durationem,
731 1724 761 1752 et
789 1723 941 1761 quantun]
975 1720 1015 1752 ad

39 1769 44 1775 ’
66 1784 147 1812 esse,
172 1779 202 1806 et
226 1777 380 1815 quantum
404 1773 443 1805 ad
460 1773 545 1815 sieri.
571 1773 599 1804 Si
625 1776 778 1814 quantum
804 1773 842 1805 ad
869 1772 1016 1804 duratio-

6 1833 153 1866 101-uem,
177 1836 248 1860 cun]
276 1828 369 1860 duret
395 1827 485 1868 longo
510 1831 669 1868 tempore3
695 1826 738 1858 sic
763 1826 849 1864 dico,
867 1826 951 1867 quod
968 1830 1015 1858 est

67 1881 256 1919 successiva,
283 1881 363 1912 sicut
387 1883 434 1912 est
458 1879 565 1911 vivere
590 1878 734 1911 hominis.
753 1897 795 1901 —
812 1878 840 1910 Si
860 1882 1013 1920 quantum

65 1935 102 1967 ad
127 1944 209 1972 ease,
235 1934 309 1975 quia
333 1937 379 1966 est
403 1937 492 1965 actus
510 1933 595 1965 fixus
620 1933 650 1964 in
676 1933 880 1965 detestatione
897 1932 1014 1973 peccati

67 1992 96 2020 et
111 1991 197 2020 actus
214 1991 248 2019 ut
265 1987 374 2028 quies3
392 1987 434 2019 sic
453 1987 537 2025 dicO,
554 1986 638 2028 quod
665 1996 731 2017 esse
755 1986 824 2018 eius
847 1989 893 2017 est
918 1986 949 2017 in
974 1985 1016 2017 in—

66 2040 164 2074 stanti.
188 2060 232 2063 —-
255 2041 284 2072 Si
310 2043 462 2082 quantum
489 2040 528 2071 ad
552 2039 645 2081 fieri,
671 2043 718 2072 est
742 2039 1015 2080 distinguendum,

68 2094 138 2136 quia
162 2095 192 2125 in
217 2093 285 2126 fieri
310 2096 357 2125 est
385 2092 606 2135 praeparatio
638 2096 668 2125 et
695 2091 827 2134 formae
860 2092 1015 2124 tiuluctz'o.

66 2147 138 2180 Dico
161 2156 253 2189 ergo,
278 2146 361 2188 quod
383 2146 604 2188 praeparatio
629 2146 668 2178 ad
693 2150 798 2178 actum
822 2145 1017 2178 contritionis

68 2205 112 2233 est
136 2200 329 2238 successiva,
348 2200 421 2241 quia
438 2199 538 2231 multa
555 2202 677 2241 oportet
694 2199 783 2241 prins
800 2199 1017 2237 considerare3

68 2253 122 2286 sed
146 2254 211 2295 ipse
236 2253 405 2285 dissensus
429 2252 551 2284 animae
576 2255 684 2294 postea
708 2252 737 2283 in
763 2251 888 2284 instanti
914 2251 957 2283 fit.
975 2270 1018 2273 —

6 1991 23 2013 io
31 1991 50 2012 2.

0 2097 44 2119 ctio.

0 2149 24 2172 {io
35 2151 53 2172 3.

714 206 806 238 DlST.
831 206 904 238 XVI.
929 206 957 237 P.
983 207 1002 237 l.
1027 206 1106 237 ΛΒΤ.
1134 205 1177 237 111.
1203 205 1355 245 ΩΠᾹΕΞΤ.
1382 204 1400 235 1.

1974 204 2032 236 391

1083 293 1225 325 Rationes
1249 293 1377 325 autem*
1401 293 1588 334 probantes,
1613 292 1696 334 quod
1731 292 1769 324 sit
1801 292 2032 329 iustaulanea,

1082 347 1155 388 quia
1179 346 1314 388 probant
1338 346 1440 387 quoad
1474 345 1685 377 induc-tionem
1720 345 1749 376 in
1782 355 1848 376 esse
1877 348 1907 376 ei
1932 344 2035 386 ipsun]

1081 409 1166 437 esse,
1191 408 1284 431 verae
1309 403 1390 431 sunt.

1174 454 1200 483 l.
1225 454 1254 483 2.
1281 452 1401 484 Primae
1424 452 1506 483 duae
1532 452 1684 488 rationes,
1710 460 1790 493 quae
1812 451 1946 492 probant
1969 460 2036 483 suc-

1082 504 1271 542 cessionem,
1305 504 1523 545 intelliguntur
1548 505 1586 536 de
1612 504 1791 536 inductione
1815 507 1845 536 et
1869 513 2035 545 praepara-

1084 556 1163 587 tione
1188 560 1319 588 naturae
1334 556 1363 594 ῦ;
1389 556 1581 588 diuturnitas
1605 557 1686 588 enim
1705 560 1751 588 est
1769 557 1888 588 ratione
1913 565 2036 589 succes-

1082 609 1194 646 sionis;
1219 609 1363 641 similiter
1386 613 1529 641 nostrum
1554 609 1731 651 z'iztetlz‘yere
1763 614 1810 642 est
1842 610 1961 642 ratione
1989 619 2035 642 ac-

1082 661 1257 702 quisitionis
1283 662 1395 703 speciei
1421 671 1478 703 per
1502 671 1631 694 sensum
1656 666 1686 694 et
1710 663 1907 704 phantasiam
1920 664 1940 694 ⁷.

1171 713 1199 744 3.
1226 714 1285 745 Sed
1309 714 1392 754 quod
1419 714 1582 753 obiicitur,
1606 715 1690 756 quod
1718 715 1810 747 habet
1827 725 1893 746 esse
1915 723 2036 747 succes-

1081 765 1184 797 sivum
1211 774 1267 807 per
1296 766 1536 805 collationem&
1569 768 1755 806 dicendum,
1789 768 1872 810 quod
1907 767 2035 799 collatio

1082 822 1182 859 potest
1206 827 1274 850 esse
1299 819 1487 859 dupliciter:
1512 829 1575 851 uno
1601 821 1693 852 modo
1718 821 1892 852 discursus
1909 820 1950 852 ab
1967 829 2033 851 uuo

1084 870 1116 901 tu
1141 870 1254 909 αίὶῑιίί,
1280 874 1310 903 θῖ
1334 872 1410 904 llaec
1434 873 1621 904 successiva
1639 878 1706 911 θεῖ.
1724 877 1753 905 et
1770 873 1830 905 alio
1849 873 1941 905 modo
1959 873 2035 904 duo-

1082 932 1159 954 rum
1185 924 1392 964 comparatio
1416 925 1596 957 secundum
1622 925 1764 968 aliquem
1786 929 1988 967 respectunw
2005 929 2035 957 et

1081 980 1155 1020 tunc
1179 977 1377 1018 accipiuntur
1402 977 1494 1019 plura
1519 978 1549 1009 in
1575 988 1637 1010 una
1667 980 1803 1018 ratione,
1829 984 1858 1012 et
1885 980 1953 1012 talis
1984 990 2035 1022 po-

1081 1032 1141 1061 test
1165 1038 1233 1062 esse
1258 1030 1291 1061 z'u
1317 1030 1457 1062 instanti
1472 1034 1502 1062 et
1518 1031 1620 1062 simul
1636 1031 1673 1063 de
1693 1031 1848 1072 patribus
1860 1045 1871 1070 ;
1895 1033 2033 1075 alioquin

1081 1091 1243 1124 nunquam
1262 1083 1300 1115 de
1318 1084 1518 1115 consoi‘iaiitia
1538 1084 1655 1116 musica
1674 1089 1777 1126 posset
1802 1085 1944 1125 iudicari,
1962 1095 2034 1118 cum

1081 1144 1144 1167 una
1170 1135 1215 1167 vis
1241 1135 1356 1168 iudicet
1380 1137 1419 1168 de
1452 1136 1577 1168 duobus
1609 1138 1693 1169 sonis
1724 1138 1763 1169 ad
1791 1139 1920 1171 invicem
1955 1148 2035 1171 com-

1081 1189 1199 1229 paratis

1170 1243 1199 1273 a.
1225 1242 1268 1274 Ad
1293 1242 1371 1274 illud
1397 1243 1480 1284 quod
1505 1243 1668 1283 obiicitur,
1693 1244 1778 1285 quod
1803 1245 1896 1277 habet
1914 1249 2034 1286 partem

1081 1299 1110 1327 et
1135 1300 1256 1337 partem
1272 1309 1279 1334 3
1305 1295 1473 1328 dicendum
1486 1322 1493 1335 ,
1517 1297 1601 1338 quod
1619 1297 1719 1329 forma
1733 1324 1740 1337 ,
1758 1307 1838 1340 (piae
1856 1299 1950 1331 habet
1967 1308 2035 1341 par-

1081 1352 1143 1380 tem
1169 1352 1199 1381 et
1223 1352 1362 1390 partem,
1395 1353 1449 1381 aut
1478 1350 1631 1381 ectucttur
1656 1351 1694 1381 cle
1718 1352 1880 1389 materia,
1906 1356 1960 1384 aut
1992 1352 2033 1385 ab

1080 1406 1194 1442 agente
1217 1401 1291 1433 exit.
1317 1402 1345 1433 Si
1371 1401 1523 1433 eclucz‘tur
1549 1402 1585 1434 dc
1608 1404 1776 1441 Ἰωαθάμ·
1801 1405 1861 1442 sic,
1887 1405 1960 1446 qnia
1992 1405 2033 1437 ihi

1082 1454 1175 1487 habet
1200 1460 1320 1496 partem
1350 1464 1425 1487 suae
1457 1456 1626 1493 essentiae„
1659 1466 1731 1488 curn
1763 1461 1810 1489 est
1842 1457 1883 1489 ibi
1916 1461 2036 1490 contra-

1082 1508 1182 1546 rium,
1208 1518 1264 1550 pro
1289 1518 1325 1540 eo
1350 1509 1432 1550 quod
1458 1509 1614 1541 contraria
1634 1509 1749 1542 liabent
1767 1519 1861 1542 unam
1888 1515 2034 1542 naturam

1081 1570 1280 1593 communem
1295 1561 1333 1600 ³⁰,
1351 1561 1497 1593 educitur
1514 1562 1710 1600 success-tue,
1728 1566 1763 1594 ut
1784 1563 1905 1595 albedo.
1924 1564 2034 1595 Forma

1080 1624 1172 1653 vero,
1198 1624 1278 1656 quate
1304 1614 1444 1646 totaliter
1469 1619 1514 1646 est
1539 1614 1579 1646 al)
1597 1615 1794 1654 extrinseco,
1815 1620 1877 1648 tota
1894 1621 1924 1648 et
1941 1617 2035 1649 simul

1081 1668 1192 1706 datur,
1218 1668 1319 1709 qualis
1344 1671 1390 1700 est
1414 1668 1515 1699 forma
1540 1668 1684 1707 luminis,
1702 1678 1799 1709 quae,
1823 1670 1968 1710 quamvis
1986 1671 2037 1703 lia-

1080 1720 1151 1752 beat
1175 1723 1296 1761 partem
1322 1724 1351 1752 et
1375 1724 1515 1761 partem7
1541 1729 1600 1752 non
1622 1725 1723 1753 tamen
1742 1721 1772 1752 in
1791 1722 1946 1760 materia,
1963 1723 2037 1764 quia

1080 1773 1148 1805 eius
1172 1773 1351 1814 oppositum
1377 1777 1423 1805 est
1448 1773 1591 1815 privatio.
1611 1773 1693 1806 Talis
1711 1777 1758 1806 est
1775 1775 1929 1814 contritio,
1946 1776 2035 1817 quasi

1080 1830 1184 1857 motus
1211 1826 1384 1867 procedens
1408 1835 1426 1857 a
1449 1827 1550 1867 gratia
1575 1830 1605 1858 et
1630 1826 1729 1859 libero
1754 1828 1894 1866 arbitrio,
1912 1838 1972 1860 non
1998 1829 2036 1861 de

1081 1877 1212 1910 materia
1236 1878 1379 1910 eductus.

1171 1933 1199 1964 5.
1224 1932 1267 1964 Ad
1300 1932 1378 1964 illud
1411 1932 1495 1974 quod
1528 1932 1691 1972 obiicitur,
1725 1934 1807 1975 quod
1843 1935 2036 1967 contrarium

1081 1984 1175 2017 habet
1200 1985 1229 2016 in
1255 1985 1408 2023 materia3
1434 1985 1621 2022 dicendum.
1647 1987 1731 2027 quod
1757 1991 1803 2019 est
1829 1987 1945 2020 habere
1970 1997 2038 2020 con-

1080 2038 1210 2070 trariam
1237 2038 1473 2080 dispositionem
1499 2038 1529 2070 in
1548 2039 1696 2078 materia,
1714 2040 1803 2072 nullo
1823 2044 1924 2073 tamen
1943 2041 2036 2073 inodo

1081 2092 1306 2129 resistentem,-
1330 2095 1361 2124 et
1385 2092 1461 2124 haec
1485 2102 1546 2124 non
1580 2093 1652 2125 facit
1684 2094 1914 2126 successionem
1940 2095 1971 2126 in
1996 2095 2039 2126 in-

1082 2145 1228 2176 ductione
1252 2145 1371 2176 formae
1397 2154 1453 2177 nec
1477 2145 1508 2176 in
1533 2146 1790 2187 praeparatione„
1813 2150 1848 2178 ut
1864 2155 1935 2178 cuin
1954 2147 2038 2179 Deus

1082 2198 1121 2230 de
1146 2207 1228 2239 aqua
1252 2197 1360 2229 vinum
1380 2198 1451 2230 fecit
1464 2198 1494 2229 ¹¹.
1514 2198 1547 2230 Et
1565 2202 1611 2230 est
1635 2198 1752 2231 habere
1777 2203 1811 2231 ut.
1837 2199 2037 2232 resistentem

1085 2251 1317 2289 informationi3
1342 2255 1371 2283 et
1399 2256 1470 2283 tunc
1495 2255 1541 2283 est
1566 2252 1723 2284 successio
1748 2252 1777 2284 in
1796 2252 1985 2291 inductione.
2004 2257 2038 2285 ut

135 2391 142 2406 ¹
164 2391 227 2416 Vide
247 2391 309 2416 inira
332 2391 355 2416 d.
381 2391 418 2415 17.
440 2398 464 2422 p.
480 2391 496 2415 l.
513 2399 534 2415 a.
556 2391 578 2414 ·1.
594 2398 619 2423 q.
645 2391 663 2414 1.
684 2390 716 2415 ad
732 2390 759 2422 4,
781 2398 804 2415 a.
820 2391 843 2415 2.
865 2398 889 2422 q.
909 2391 928 2414 1.
943 2397 1015 2423 seqq.

67 2437 90 2459 et
108 2434 168 2459 dul).
189 2434 213 2460 4.

135 2479 144 2494 ²
162 2478 223 2511 Cap.
250 2480 284 2504 lO.
301 2487 324 2504 n.
345 2480 386 2504 12:
406 2479 539 2511 Quaedam
560 2486 622 2504 vero
637 2477 848 2511 [cognoscibilia]
869 2479 944 2503 simul
959 2485 1015 2503 esse

67 2524 187 2555 incipiunt
215 2523 288 2557 [cum
318 2522 491 2556 cognitione}
523 2523 602 2548 veluti
628 2524 647 2548 si
674 2523 771 2555 aliquid
798 2523 914 2554 visibile,
945 2522 1015 2555 quod

68 2568 167 2593 omnino
188 2575 236 2593 non
258 2572 324 2599 erat,
345 2571 402 2592 ante
422 2571 523 2592 nostros
543 2568 631 2592 oculos
651 2567 761 2598 oriatur,
783 2568 955 2598 cognitionem
971 2571 1014 2591 no-

68 2613 143 2635 stram
162 2612 250 2643 utique
270 2618 319 2636 nen
340 2610 483 2642 praecedit;
505 2613 548 2635 aut
565 2611 585 2634 si
605 2610 702 2642 aliquid
717 2613 802 2640 sonet,
824 2609 867 2634 ubi
888 2610 960 2634 adest
974 2617 1015 2634 au-

68 2653 146 2687 ditor,
166 2656 240 2680 simul
268 2655 384 2686 profecto
403 2655 528 2686 incipiunt
553 2661 609 2679 esse
629 2654 760 2686 simulque
786 2653 905 2678 desinunt
930 2656 954 2678 et
979 2660 1016 2678 so-

69 2705 114 2724 nus
133 2703 156 2724 et
174 2700 228 2724 eius
248 2700 360 2725 auditus.
374 2713 410 2717 —
424 2700 473 2724 Pro
492 2698 628 2724 videretur
652 2698 727 2723 codd.
749 2701 773 2723 et
792 2698 832 2724 ed.
859 2699 863 2722 1
890 2697 995 2723 caleret.

133 2742 144 2758 3
163 2743 230 2768 Libr.
251 2743 282 2768 X.
309 2744 386 2768 Etliic.
414 2751 435 2768 c.
457 2743 480 2767 3.
501 2747 525 2768 et
552 2742 578 2773 l,
600 2742 643 2767 ubi
671 2742 794 2772 ostendit,
821 2742 1015 2767 delectationem

69 2793 114 2812 nec
132 2790 229 2812 motum
250 2794 296 2812 nec
316 2788 508 2819 generationem
529 2795 598 2819 esse.
621 2794 680 2812 cum
702 2794 750 2811 non
772 2787 815 2812 fiat
840 2787 863 2810 in
886 2790 1016 2817 tempore.

69 2830 112 2855 sed
130 2838 185 2856 esse
205 2831 313 2856 similem
334 2832 441 2862 visioni,
463 2839 530 2863 quae
556 2832 579 2855 in
600 2833 745 2861 momento,
767 2831 790 2854 in
812 2831 895 2861 primo
916 2830 1016 2855 instanti

69 2875 189 2906 temporis
208 2876 352 2907 completur
377 2879 401 2900 et
420 2883 585 2907 quocumque
612 2878 728 2906 tempore
748 2875 859 2906 perfecta
880 2878 930 2905 est,
957 2875 1017 2905 quia

69 2918 121 2950 ipsa
147 2921 258 2945 consistit
283 2921 307 2944 in
337 2920 447 2951 simplici
471 2921 584 2951 actione,
611 2923 785 2952 consequente
809 2919 1017 2944 coniunctionem

70 2961 159 2988 obiecti
179 2971 237 2989 cum
257 2971 342 2989 sensu.

137 3005 147 3022 4
166 3007 264 3038 llaymo
283 3015 414 3039 exponens
435 3008 496 3032 illud
518 3008 533 3032 l.
554 3007 612 3033 Cor.
639 3007 681 3039 15,
703 3007 748 3032 52:
769 3008 799 3032 In
813 3006 866 3033 ictu
886 3006 958 3033 ocull
970 3008 1017 3032 ait:

72 3048 134 3074 lctus
153 3051 217 3075 oculi
244 3054 281 3076 est
307 3051 377 3083 quod
404 3051 526 3082 palpebra
547 3052 589 3076 icit
615 3052 629 3075 i.
650 3059 672 3076 e.
698 3052 808 3082 percutit
834 3051 951 3082 oculum,
977 3051 1018 3075 vel

71 3093 138 3124 quod
159 3095 250 3120 melius
269 3096 324 3120 vult
344 3098 453 3126 August.
476 3094 534 3128 [cfr.
548 3096 626 3126 Epist.
647 3096 706 3120 102.
723 3095 784 3120 alias
804 3094 844 3119 49.
867 3102 891 3127 (Ι.
917 3096 935 3119 1.
950 3102 974 3119 n.
989 3095 1018 3126 5;

71 3135 111 3162 tv.
131 3137 161 3162 de
180 3138 269 3163 Genes.
290 3139 322 3163 ad
336 3139 370 3164 lit.
385 3146 406 3164 c.
422 3138 463 3164 34.
479 3146 501 3163 n.
517 3139 558 3163 54.
579 3146 643 3171 seq.7
660 3143 684 3164 ct
703 3140 786 3164 Serm.
804 3138 864 3163 277.
884 3139 945 3163 alias
960 3139 1018 3164 2102.

71 3178 102 3203 de
120 3179 245 3213 Diversis,
265 3189 286 3207 c.
312 3183 348 3207 10.
370 3190 394 3207 n.
421 3183 457 3207 10.
478 3181 561 3214 sec1.],
583 3189 613 3206 ne
628 3184 695 3206 tanta
715 3188 788 3206 mora
802 3181 845 3206 fiat
864 3182 888 3205 in
909 3181 1018 3212 indicio,

72 3223 135 3249 ictus
154 3226 218 3250 oculi
237 3227 397 3258 intelligitur,
418 3233 470 3259 quo
491 3227 550 3251 solis
564 3226 702 3257 splendore
722 3225 822 3257 subito⁷
843 3230 870 3251 ut
889 3226 931 3250 vix
951 3226 1019 3257 cogi-

72 3268 115 3292 tari
136 3270 227 3301 possit,
247 3270 334 3296 seritur
353 3271 452 3296 oculus.

141 3312 151 3329 ⁵
169 3312 230 3338 Cod.
250 3314 285 3339 bb
305 3314 395 3348 iqitur.

140 3355 150 3372 Β
170 3356 232 3382 Cod.
254 3359 275 3383 K
297 3359 319 3391 (l
339 3366 353 3384 a
373 3359 485 3384 secunda
507 3361 599 3390 manu)
619 3357 765 3390 malerz‘ae‚-
779 3358 858 3390 bene,
873 3360 892 3384 si
908 3362 965 3390 post
983 3358 1020 3384 in-

1080 2389 1202 2416 ductione
1222 2390 1361 2415 adderetur
1379 2389 1491 2422 sormae.
1514 2390 1570 2414 Post
1593 2385 1740 2423 'lulelliyerc
1760 2398 1789 2415 ex
1810 2390 1886 2415 codd.
1907 2391 1924 2414 E
1937 2391 1955 2415 U
1975 2390 2038 2416 sub—

1081 2435 1210 2459 stituimus
1230 2435 1268 2459 est
1288 2441 1334 2465 pro
1355 2440 1428 2465 cum,
1450 2434 1525 2459 codd.
1546 2435 1567 2459 K
1579 2434 1640 2459 Yaa
1661 2435 1698 2459 est
1718 2441 1797 2466 cum,·
1816 2438 1841 2460 et
1860 2441 1907 2465 pro
1932 2435 1971 2459 est
1992 2441 2038 2460 ra-

1081 2478 1150 2504 tione
1171 2478 1247 2503 codd.
1264 2479 1281 2503 N
1294 2486 1322 2503 aa
1344 2485 1404 2504 cum
1426 2479 1549 2511 tempore.
1566 2478 1738 2510 (Probabilius
1758 2478 1898 2509 legendum
1919 2479 1957 2504 est
1976 2484 2038 2504 cam

1081 2523 1198 2556 tempore
1218 2522 1342 2551 ratione).

1151 2566 1161 2582 ⁷
1181 2567 1211 2591 Ut
1226 2567 1327 2592 Aristot.
1343 2568 1390 2592 loc.
1405 2568 1446 2592 cit,
1462 2568 1581 2591 insinuat.
1596 2566 1645 2591 Csr.
1660 2570 1720 2591 tom.
1738 2567 1772 2591 lll.
1787 2573 1847 2598 pag.
1862 2567 1920 2598 382,
1936 2570 1993 2591 nota
2010 2568 2034 2592 ⁶2.

1151 2609 1162 2625 8
1182 2611 1214 2635 lta
1235 2610 1310 2635 codd.
1337 2610 1384 2634 ΒΕ
1405 2610 1507 2638 (TUX
1528 2617 1540 2634 a
1562 2609 1674 2635 secunda
1696 2612 1805 2641 manu),
1828 2610 1904 2635 codd.
1924 2610 1971 2634 Fu
1993 2609 2038 2635 ha-

1082 2653 1121 2679 bet
1139 2653 1332 2679 successionem
1351 2655 1375 2679 et
1394 2653 1576 2684 collationem,
1598 2653 1639 2677 alii
1659 2653 1735 2678 codd.
1756 2658 1779 2678 et
1799 2653 1857 2678 cdd.
1883 2652 1959 2679 habet
1978 2660 2037 2679 sue-

1082 2697 1211 2723 cessirum
1231 2699 1254 2723 et
1274 2697 1428 2723 collatinum
1449 2697 1535 2722 (codd.
1554 2698 1575 2721 Il
1587 2697 1604 2721 L
1616 2697 1651 2722 bb
1671 2698 1694 2722 ct
1713 2697 1904 2728 collationem).

1152 2741 1163 2758 9
1183 2741 1232 2767 Ctr.
1253 2743 1364 2773 Aristot.⁷
1388 2742 1413 2767 ll.
1437 2742 1468 2767 de
1488 2743 1590 2773 Anima,
1615 2746 1673 2767 text.
1697 2742 1754 2766 lli-i.
1775 2749 1848 2774 seqq.
1870 2742 1920 2771 (lll.
1942 2749 1963 2767 c.
1984 2742 2034 2775 2.),

1082 2785 1125 2810 ubi
1146 2786 1215 2810 idem
1236 2785 1309 2811 docet
1329 2785 1361 2810 de
1382 2793 1459 2810 sensu
1479 2785 1615 2811 communi
1640 2789 1757 2817 respectu
1785 2786 1959 2811 sensationum
1980 2793 2037 2811 sen-

1081 2836 1157 2854 suum
1178 2833 1351 2855 externorum.
1367 2829 1431 2854 Vide
1451 2830 1526 2854 etiam
1547 2830 1572 2853 ll.
1594 2830 1660 2855 sent.
1682 2829 1706 2854 d.
1728 2829 1767 2854 42.
1789 2836 1811 2854 a.
1827 2831 1849 2854 2.
1871 2837 1894 2861 q.
1921 2830 1939 2854 l.
1960 2830 1992 2854 ad
2008 2830 2036 2861 l,

1083 2874 1126 2898 ubi
1147 2874 1253 2905 dicitur,
1275 2873 1346 2906 quod
1367 2874 1446 2898 multa
1460 2874 1535 2898 simul
1556 2880 1697 2904 possumus
1714 2873 1854 2904 intelligere
1874 2877 1898 2898 et
1917 2874 1997 2905 velle,
2012 2874 2036 2898 in

1082 2922 1209 2951 quantum
1229 2925 1309 2943 unum
1329 2922 1397 2943 sunt.
1416 2932 1451 2936 —-
1471 2918 1596 2949 SuperIus
1625 2924 1673 2949 pro
1701 2917 1842 2943 discursus
1871 2917 1912 2943 ed.
1941 2919 1945 2941 1
1977 2925 2037 2943 cum

1083 2964 1201 2995 plurimis
1221 2963 1296 2988 codd.
1317 2962 1452 2988 dissensus
1473 2962 1623 2992 (descensus
1633 2963 1664 2994 22).

1155 3007 1176 3023 ¹0
1195 3008 1260 3032 Vide
1281 3008 1392 3038 Ariston,
1416 3007 1430 3031 l.
1452 3006 1483 3031 de
1502 3007 1619 3031 Generat.
1644 3011 1667 3032 et
1687 3010 1800 3038 corrupt.
1823 3009 1881 3031 text.
1910 3008 1933 3038 l;
1954 3007 1980 3031 ll.
2006 3007 2038 3032 de

1083 3051 1172 3082 Caelo.
1194 3054 1250 3076 text.
1277 3052 1314 3076 13.
1332 3051 1364 3077 (c.
1381 3051 1428 3081 3.)‚
1445 3053 1469 3075 et
1488 3050 1520 3074 X.
1539 3051 1648 3081 llletapli.
1670 3054 1726 3075 text.
1749 3049 1790 3075 14.
1813 3049 1872 3080 (tx.
1888 3057 1909 3075 c.
1931 3050 1978 3082 4.),
1993 3050 2038 3076 ubi

1084 3095 1158 3121 docet
1178 3096 1365 3120 contrariorum
1386 3094 1495 3119 eandem
1516 3101 1573 3119 esse
1592 3095 1734 3119 materiam.
1750 3108 1783 3111 —
1800 3093 1871 3119 Circa
1898 3094 1975 3120 tinem
2001 3102 2039 3120 so-

1084 3140 1127 3164 lut.
1148 3146 1195 3170 pro
1215 3138 1306 3172 qztasi,
1329 3138 1400 3170 quod
1421 3138 1514 3163 liabent
1534 3137 1610 3163 codd.
1630 3138 1709 3162 ΑΕΗ
1723 3138 1738 3162 Ρ
1751 3138 1771 3170 Q
1784 3138 1803 3162 T
1816 3138 1854 3169 Xy
1877 3138 1934 3163 cod.
1955 3139 1976 3163 li
2000 3140 2039 3165 cst

1084 3182 1168 3214 euim,
1191 3183 1248 3207 cod.
1269 3190 1298 3207 aa
1318 3181 1395 3215 qaia,
1419 3182 1458 3206 alii
1480 3181 1556 3207 codd.
1578 3182 1676 3207 etedd.
1692 3189 1754 3208 cum
1768 3182 1836 3213 (cod.
1853 3182 1868 3206 F
1888 3182 1959 3208 addit
1978 3182 2037 3214 sit).

1156 3226 1176 3242 ¹1
1195 3227 1263 3251 loan.
1284 3227 1313 3257 2,
1336 3225 1360 3250 7.
1381 3226 1663 3258 se(1[1.—linmediate
1689 3229 1747 3257 post
1776 3226 1832 3252 vai.
1860 3227 1951 3252 omittit
1979 3228 2039 3252 inte-

1085 3277 1158 3302 gram
1179 3277 1284 3301 propos.
1304 3270 1338 3295 Et
1357 3271 1395 3295 est
1413 3268 1535 3295 habere...
1550 3269 1689 3303 friffl'dum.
1710 3270 1826 3296 Subinde
1840 3275 1899 3302 post
1914 3271 2038 3305 pronitas

1084 3314 1143 3339 edd.
1166 3314 1288 3345 supplent
1306 3312 1342 3338 ad
1354 3314 1502 3346 peccatum,
1519 3317 1542 3339 et
1557 3314 1660 3345 plurimi
1675 3314 1750 3339 codd.
1767 3321 1904 3346 perperam
1919 3316 2039 3341 omittunt

1083 3365 1136 3384 uon
1157 3362 1214 3383 ante
1234 3358 1261 3383 ιή
1280 3357 1367 3390 prima
1384 3357 1540 3384 inductione.

2064 456 2144 486 Salutio
2159 463 2196 484 op-

2051 485 2174 509 positorum.

2051 773 2132 799 Duplex
2153 774 2197 794 cot-

2079 799 2138 820 latio.

2050 1302 2081 1322 Du
2090 1302 2131 1323 ilex
2150 1308 2194 1332 mo-

2091 1334 2115 1358 us
2129 1335 2194 1355 origi-

2075 1361 2115 1375 nis.

2050 1566 2178 1588 Notandum.

2057 2043 2167 2064 Contraria

2053 2070 2164 2096 dispositio

2054 2097 2139 2123 triplex.
