2483 3882
274 335 402 357 Notandum.

272 702 400 723 Notandum.

259 1535 409 1555 Fundamenta.

416 240 479 273 356

418 337 528 361 verum
554 332 601 360 est
624 328 655 359 in
680 327 728 359 his
752 335 831 368 quae
856 325 926 357 ideo
951 325 1078 361 vivunt,
1103 322 1176 364 quia
1200 321 1365 362 recipiunt

417 381 539 418 vitam,
571 380 626 412 sed
650 388 711 411 non
736 379 766 410 in
792 378 841 410 his
864 385 945 418 quae
977 376 1046 407 ideo
1076 377 1209 416 possunt
1239 374 1364 412 vivere,

417 434 490 476 quia
511 433 693 474 procedunt
717 441 739 463 α
762 431 850 467 vim,-
874 434 904 461 et
927 429 1000 460 talia
1025 432 1098 460 sunt
1121 427 1252 468 operal.

504 487 534 518 [ι.
560 485 600 517 Ad
627 484 710 516 aliud
737 483 924 519 dicendum,
950 480 1032 522 qnod
1058 489 1120 512 non
1144 483 1192 512 est
1208 479 1309 511 simile
1326 479 1365 511 de

416 537 576 570 habitibus
600 540 630 568 et
653 535 799 577 potentiis
823 538 853 566 et
877 533 1017 571 actibus,
1048 533 1122 574 quia
1145 533 1196 573 isti
1220 534 1363 570 manent,

416 590 460 621 illi
484 598 561 627 non,
587 597 644 620 neo
669 587 830 619 informari
856 595 911 618 nee
935 585 1087 617 vivificari
1111 587 1252 626 possunt.

506 643 533 674 5.
558 641 601 673 Ad
627 640 705 672 illud
730 639 814 680 quod
838 638 1001 676 obiicitur,
1025 637 1108 680 quod
1134 646 1229 670 eausa
1250 637 1367 669 satissa-

417 695 517 727 ciendi
547 698 609 732 est,
642 701 680 724 ne
712 693 752 724 sit
784 691 900 732 peccati
932 690 1146 732 impunitas²;
1179 690 1365 728 dicendum,

420 747 503 789 quod
527 746 581 778 illa
604 755 665 777 non
690 748 737 777 est
761 748 827 776 tota
851 744 947 782 ratio,
972 743 1028 775 sed
1057 743 1150 775 etiam
1175 743 1268 775 haee:
1293 742 1366 784 quia

418 799 512 831 homo
537 802 584 830 est
607 797 727 829 amicus
752 797 806 829 Dei
831 796 960 828 effectus
985 804 1040 837 per
1057 795 1190 837 gratiam
1207 798 1238 827 et
1254 795 1368 836 dignus

419 851 588 894 aliquando
612 850 800 889 beatificari3
825 850 895 882 ideo
918 849 1019 881 solum
1045 849 1083 881 ad
1102 857 1233 890 poenam
1252 853 1367 889 tempo-

419 905 516 937 ralem
541 905 687 936 astrictus
711 907 775 941 est,
800 907 829 935 et
855 903 941 941 iden,
973 906 1141 943 antequam
1167 901 1206 934 sit
1229 901 1366 939 amicus,

417 957 457 989 ad
473 961 632 989 aeternam
657 956 851 997 astringitur.
876 974 919 978 —
936 955 1136 992 Praeterea,
1152 962 1232 995 opus
1249 953 1366 985 factum

1278 1062 1461 1104 QUAESTIO
1486 1062 1520 1094 V.

950 1163 1067 1195 Utrum
1092 1161 1185 1193 Immo
1206 1170 1266 1202 pei·
1291 1160 1374 1192 talia
1399 1169 1499 1201 opera
1523 1158 1652 1201 aliquid
1674 1161 1852 1203 mereatur.

506 1264 619 1304 Quinto
644 1263 823 1304 supposito5
855 1261 939 1303 quod
964 1269 1020 1302 per
1045 1269 1141 1301 opera
1172 1259 1253 1292 faeta
1276 1262 1369 1290 extra

419 1316 580 1348 caritatem
601 1325 660 1347 non
686 1315 739 1347 fiat
763 1313 945 1352 satisfactio,
962 1321 1019 1345 nee
1045 1312 1259 1349 vivificentur3
1277 1319 1369 1353 quae-

416 1369 515 1408 ritur,
539 1373 646 1401 utrum
664 1369 759 1400 homo
777 1376 832 1409 per
849 1376 885 1399 ea
902 1366 1021 1408 aliquid
1045 1369 1214 1398 mereatur.
1233 1365 1267 1396 Et
1284 1364 1368 1406 quod

416 1423 476 1457 sio.
501 1422 643 1454 videtur:

507 1477 533 1506 1.
551 1475 647 1516 Quia,
665 1474 746 1506 siout
763 1473 837 1506 dicit
853 1472 1023 1505 auotoritas
1040 1470 1255 1509 eommunis⁵‚
1278 1469 1370 1502 «nul-

417 1528 483 1561 lum
508 1528 626 1560 malum
653 1527 862 1569 impunitum,
892 1530 922 1558 et
945 1525 1068 1557 nullum
1094 1524 1213 1556 bonum
1238 1523 1371 1555 irremu-

416 1585 560 1613 neratum
574 1593 589 1609 »
605 1593 612 1619 ;
631 1580 683 1612 sed
704 1580 809 1612 divina
826 1579 943 1611 iustitia
960 1586 1123 1619 nunquam
1141 1577 1259 1609 malum
1275 1585 1370 1618 quan-

417 1634 660 1675 tulumcumque
685 1632 830 1670 dimittit,
856 1632 932 1673 quin
958 1630 1083 1672 puniat:
1110 1639 1185 1671 ergo
1203 1638 1258 1662 nec
1275 1638 1371 1671 quan-

417 1687 659 1727 tulumcumque
684 1685 819 1723 bonum,
844 1684 919 1725 quin
944 1686 1135 1716 remuneret.

506 1741 534 1771 Q.
560 1739 653 1777 item,
677 1738 701 1770 si
728 1747 787 1769 non
813 1741 1075 1775 remunerantur,
1100 1744 1175 1776 ergo
1197 1735 1370 1777 aequaliter

419 1801 451 1825 se
476 1792 570 1824 hahet
597 1791 692 1823 iudex
718 1790 757 1822 ad
790 1799 862 1822 eum
896 1789 950 1830 qui
982 1788 1106 1820 nullum
1138 1788 1255 1819 honum
1282 1787 1370 1825 fecit,

419 1848 449 1877 et
472 1845 511 1876 ad
536 1853 608 1876 eum
633 1843 686 1885 qui
712 1842 782 1875 fecit
807 1842 905 1874 multa
931 1841 1027 1873 bona:
1061 1850 1135 1882 ergo
1167 1840 1300 1872 stultum
1324 1842 1371 1871 est

418 1898 511 1930 alicui
535 1896 690 1938 peccatori
716 1895 897 1933 consulere,
930 1894 1014 1936 quod
1045 1894 1137 1926 faeiat
1168 1893 1295 1935 aliquod
1321 1893 1371 1925 ho-

418 1960 494 1982 num
520 1959 608 1992 opus.

508 2002 536 2034 3.
576 2003 668 2040 item,
707 2001 803 2033 Exodi
841 2000 991 2042 vigesimo
1006 2000 1033 2030 ⁷:
1070 1999 1209 2031 Honora
1239 2002 1372 2040 patrem

421 2060 533 2092 tuum,
558 2059 595 2086 ut
617 2054 664 2086 8223
690 2054 886 2096 longaevus,-
917 2056 972 2084 aut
1005 2053 1063 2084 hoo
1095 2051 1210 2084 dicitur
1241 2050 1373 2083 habenti

420 2109 599 2147 caritatem,
624 2111 678 2140 aut
702 2117 767 2139 non
785 2106 923 2139 habenti.
942 2106 971 2137 Si
991 2104 1121 2137 habenti
1137 2108 1276 2143 tantum;
1294 2104 1371 2136 haec

420 2166 466 2194 est
490 2171 588 2203 parva
613 2160 844 2198 remuneratio7
876 2159 949 2200 quia
981 2159 1047 2200 ipse
1077 2167 1139 2189 non
1172 2160 1256 2189 amat
1280 2157 1370 2188 istam

419 2215 532 2253 vitam,
558 2214 611 2246 sed
637 2213 740 2245 aliam.
776 2213 853 2253 Ergo
879 2212 994 2243 dicitur
1017 2220 1083 2242 non
1115 2209 1263 2242 habenti.-
1296 2218 1371 2250 ergo

419 2272 559 2300 meretur
584 2266 721 2308 aliquid,
746 2266 769 2297 si
795 2266 945 2303 honorat,
970 2269 1001 2296 et
1025 2264 1068 2296 sio
1092 2267 1148 2296 eto.

506 2321 536 2352 lt.
562 2321 654 2358 item.
687 2319 838 2350 Dominus
863 2318 937 2350 dicit
961 2318 999 2349 de
1032 2317 1194 2358 hypocrita
1227 2315 1369 2347 Matthaei

419 2377 511 2405 sexto
525 2373 553 2411 ³,
579 2372 631 2414 qui
650 2372 722 2404 sarit
739 2380 818 2413 opus
836 2371 951 2403 honum
970 2374 1099 2412 propter
1121 2369 1251 2410 gloriam
1263 2394 1270 2407 ,
1288 2368 1372 2409 quod

419 2426 540 2466 recepit
562 2425 740 2456 mercedem
772 2433 891 2460 suanm
922 2427 988 2455 esto
1020 2432 1112 2463 ergo,
1145 2421 1229 2463 qnod
1258 2421 1372 2462 aliquis

419 2478 510 2510 faciat
534 2487 614 2520 opus
639 2478 754 2509 honum
781 2482 909 2518 propter
934 2477 1052 2514 Deum,
1076 2484 1137 2506 non
1164 2478 1290 2516 propter
1312 2474 1373 2515 glo-

419 2531 516 2569 riamg
542 2539 614 2562 eum
639 2539 699 2561 non
726 2530 764 2561 sit
789 2529 894 2571 peius.
920 2538 1014 2570 quam
1041 2527 1118 2559 illud
1144 2526 1228 2568 quod
1253 2526 1311 2558 suit
1332 2526 1372 2557 ad

1171 233 1454 267 SENTENTIARUM
1480 233 1546 264 [ΑΒ.
1572 233 1618 265 tv.

2461 309 2463 323 1

1428 330 1468 353 ex
1494 321 1622 352 caritate
1655 320 1991 361 improportionaliter,
2024 320 2104 352 sicut
2133 324 2248 352 tactum
2274 324 2321 353 est
2346 321 2375 353 in

1429 372 1658 414 opponend0³,
1682 373 1808 405 excedit
1832 381 1911 414 opus
1934 372 2050 405 sactum
2081 377 2172 404 extra
2199 373 2377 412 caritatem,

1429 430 1459 458 et
1484 426 1524 457 ita
1548 435 1647 467 poena
1672 429 1855 466 supportata
1878 434 1918 457 ex
1944 426 2072 457 caritate
2102 429 2133 457 et
2158 434 2244 457 mera
2274 425 2379 457 volun·
2462 424 2465 466 1

1429 481 1492 510 tate
1514 477 1639 511 excedit
1664 486 1794 518 poenam
1824 481 2041 518 support-atam
2074 477 2139 509 sine
2171 477 2316 516 caritate3
2348 482 2377 510 et
2395 467 2466 526 Norant

1430 530 1499 562 ideo
1524 531 1607 563 Deus
1631 539 1761 571 poenam
1788 533 1947 562 aeternam
1971 530 2171 562 aeternaliter
2192 530 2378 571 portandam

1430 591 1470 614 ex
1497 583 1579 614 mala
1603 583 1779 621 voluntate,
1804 582 1980 614 cuiusmodi
2006 586 2053 614 est
2077 582 2107 613 in
2132 582 2304 620 damnatis,
2334 591 2379 614 ra-

1431 636 1620 668 tionabiliter
1645 636 1674 667 in
1699 644 1831 677 poenam
1859 635 2060 676 temporalem
2087 638 2259 666 commutat
2275 643 2314 666 ex
2333 643 2379 667 ca-

1431 690 1522 721 ritate
1547 688 1751 730 portandam3
1784 691 1905 719 tantum
1934 687 2035 728 placet
2059 687 2085 719 ei
2111 687 2181 718 talis
2205 686 2378 718 tolerantia.
2466 717 2467 730 χ

1433 742 1466 773 Et
1491 742 1559 773 ideo
1584 741 1644 772 alia
1670 749 1768 782 poena
1791 744 1883 772 extra
1907 740 2067 772 caritatem
2092 743 2213 780 portata
2231 743 2379 781 tanquam
2466 733 2469 777 1

1431 794 1556 825 omnino
1581 792 1867 834 improportionalis
1899 801 1958 824 non
1992 795 2171 833 augmentat
2198 791 2300 830 illam3
2326 791 2380 824 sed

1430 846 1538 878 Deus⁴
1566 846 1650 877 illam
1675 845 1772 877 solam
1804 849 1929 885 reputat
1952 844 2207 883 satisfactoriam,
2232 845 2323 876 cuius
2340 848 2381 876 to-

1432 898 1563 931 lerantia
1593 902 1623 930 et
1655 897 1805 929 assumtio
1842 898 1978 929 sumitur
2009 906 2049 929 ex
2082 897 2209 928 caritate
2242 897 2379 936 sincera,

1431 951 1505 993 qnia
1529 951 1558 982 in
1584 950 1676 982 aliam
1701 959 1761 981 non
1787 950 2000 982 commutabat
2023 958 2154 990 poenam
2170 949 2191 980 ⁵.

2470 1054 2472 1117 1

2471 1120 2473 1191 1

1433 1257 1583 1298 gloriam,
1616 1256 1711 1288 immo
1736 1255 1865 1288 melius:
1898 1263 1973 1297 ergo
2005 1254 2136 1297 dignum
2167 1257 2214 1287 est
2238 1253 2383 1286 mercede
2472 1250 2474 1266 ¹

1432 1309 1546 1351 aliqua.
2472 1294 2475 1325 1

1523 1363 1664 1395 CONTRA:
1688 1363 1714 1393 1.
1732 1361 1924 1403 Augustinus
1938 1361 1966 1392 ⁹:
1990 1361 2162 1393 «Peccator
2186 1369 2247 1392 non
2271 1363 2318 1392 est
2342 1359 2384 1392 di·
2398 1336 2482 1409 Αᾱορ1ῑ

1434 1425 1514 1457 gnus
1538 1424 1635 1457 pane,
1652 1425 1714 1457 quo
1731 1415 1897 1447 vescitur»
1913 1426 1919 1446 z
1938 1423 2012 1456 ergo
2037 1414 2062 1446 si
2088 1417 2232 1456 peccator
2256 1422 2318 1445 non
2339 1416 2385 1445 est
2437 1397 2475 1455 tun}

1434 1469 1548 1510 dignus
1573 1469 1697 1507 vivere,
1721 1468 1819 1500 multo
1842 1468 1945 1500 minus
1969 1471 2016 1499 est
2039 1467 2153 1508 dignus
2177 1465 2384 1498 remunerari.

1524 1523 1552 1553 2).
1578 1521 1671 1560 Item,
1689 1521 1740 1562 qui
1759 1520 1837 1552 nihil
1853 1524 1900 1553 est
1917 1521 1947 1552 in
1964 1523 2132 1561 conspeetu
2150 1519 2283 1551 alieuius
2300 1518 2385 1559 apud

1435 1574 1524 1606 illum
1550 1573 1628 1606 nihil
1655 1577 1813 1611 1neretur3
1842 1573 1897 1605 sed
1923 1575 2066 1613 peccator
2091 1571 2169 1604 nihil
2193 1574 2240 1603 est
2263 1571 2293 1603 in
2318 1579 2387 1603 eon-

1435 1631 1545 1668 spectu
1569 1627 1641 1664 Dei;
1661 1626 1802 1658 Psalmus
1815 1625 1852 1657 ¹⁰:
1871 1625 1925 1657 Act
1947 1624 2088 1656 niltilum
2110 1623 2267 1656 deductus
2289 1627 2335 1655 est
2351 1623 2386 1655 in

1435 1684 1607 1721 conspeetu
1631 1679 1701 1711 eius
1725 1678 1912 1720 malignus:
1938 1687 2012 1719 ergo
2036 1680 2093 1709 etc.

1525 1732 1553 1764 3.
1579 1732 1672 1771 Item,
1697 1731 1871 1773 Sapientiae
1895 1731 2016 1763 decimo
2040 1732 2152 1772 quarto
2167 1730 2201 1761 ¹¹:
2228 1728 2386 1761 Similiter

1440 1785 1514 1817 odio
1537 1790 1616 1816 sunt
1640 1785 1704 1816 Deo
1729 1784 1852 1826 impius
1877 1788 1904 1816 et
1929 1783 2080 1825 impietas
2104 1783 2194 1820 eius;
2210 1782 2265 1815 sed
2282 1782 2388 1824 impie-

1438 1842 1484 1870 tas
1507 1838 1634 1870 omnino
1658 1837 1802 1879 displicet
1825 1837 1904 1869 Deo:
1939 1846 2013 1879 ergo
2045 1840 2075 1869 et
2099 1836 2224 1878 impius.
2249 1835 2308 1867 Sed
2333 1835 2387 1877 qui

1435 1891 1562 1922 omnino
1594 1890 1737 1932 displicet
1768 1890 1821 1922 alii
1861 1889 1939 1922 nihii
1970 1893 2111 1922 meretur
2143 1888 2227 1930 apud
2264 1888 2384 1930 ipsum:

1434 1953 1509 1985 ergo
1533 1948 1589 1976 eto.

1523 1998 1554 2029 lt.
1580 1997 1672 2035 item,
1698 1996 1776 2028 nihil
1799 2000 1941 2028 meretur
1965 2004 2118 2037 organum
2143 1995 2200 2027 nisi
2227 1995 2334 2027 vivum
2356 1994 2387 2026 in

1435 2051 1615 2092 operatione
1647 2049 1764 2081 servitii
1780 2049 1800 2065 ¹2
1828 2067 1871 2072 ——
1902 2049 1987 2081 unde
2022 2048 2084 2090 ligo
2119 2048 2197 2080 nihil
2228 2050 2384 2086 meretur,

1435 2103 1512 2135 dum
1537 2106 1687 2144 operatur
1712 2102 1805 2134 homo
1830 2101 1859 2133 in
1886 2102 1976 2134 vinea
2000 2120 2043 2125 —
2068 2101 2121 2133 sed
2140 2103 2284 2142 peccator
2300 2109 2387 2141 orga-

1435 2164 1510 2187 num
1536 2159 1583 2187 est
1608 2164 1667 2186 non
1693 2155 1817 2186 vivum:
1843 2163 1917 2195 ergo
1941 2158 1998 2186 etc.

1790 2250 2028 2274 CONCLUSIO.

1491 2332 1652 2363 Peccator
1672 2334 1775 2372 potest
1799 2330 1892 2372 apud
1914 2330 2019 2362 Deum
2044 2329 2172 2372 aliquid
2195 2328 2334 2365 mereri,

1682 2383 1739 2415 aeft
1763 2387 1893 2415 tantum
1918 2383 1955 2415 cle
1979 2392 2134 2424 congruo.

1527 2472 1724 2504 RusPONDEo:
1751 2471 1851 2513 Aliqui
1876 2471 2001 2510 dieunt,
2033 2470 2116 2512 quod
2141 2473 2284 2511 peccator
2309 2468 2386 2500 nihil
2401 2474 2483 2508 Opinio}

1438 2525 1564 2556 omnino
1597 2530 1736 2556 meretur
1761 2524 1845 2566 apud
1874 2524 1993 2563 Deum,
2018 2532 2119 2565 neque
2152 2532 2190 2554 ex
2222 2531 2385 2564 congruo,
2482 2513 2483 2566 1

2482 2567 2483 2580 1

2482 2603 2483 2614 1

490 2680 497 2695 1
521 2680 585 2705 Vide
612 2687 689 2711 supra
720 2680 744 2705 (1.
775 2679 814 2704 tt..
845 2687 869 2711 p.
900 2680 924 2704 11.
953 2687 975 2704 a.
1006 2680 1029 2703 2.
1059 2686 1082 2710 q.
1104 2679 1127 2703 3.
1153 2679 1185 2703 ad
1206 2678 1228 2703 3.
1249 2681 1274 2703 ot
1294 2677 1317 2702 t.
1338 2691 1374 2695 —

422 2722 501 2748 Codd.
524 2724 543 2747 M
557 2723 576 2748 O
596 2724 717 2755 supplent
740 2723 927 2755 satitsfimoria.
949 2722 1044 2747 Omnes
1068 2722 1144 2747 codd.
1169 2725 1194 2747 et
1218 2722 1258 2746 ed.
1285 2722 1289 2745 1
1318 2728 1372 2752 seq.

421 2767 466 2798 (i.)
488 2768 641 2792 solutionem
663 2772 825 2799 praeponunt
846 2769 904 2792 huie
924 2768 978 2799 (3.).
1000 2767 1065 2792 Cum
1087 2767 1152 2791 nulla
1173 2769 1295 2797 appareat
1310 2766 1372 2790 ratio

422 2813 498 2835 huius
520 2813 737 2843 transpositionis7
759 2813 910 2836 retinuimus
930 2814 1026 2836 rectum
1050 2811 1166 2835 ordinem
1188 2811 1333 2834 Vaticanae.

494 2855 504 2870 ‘2
524 2856 685 2880 ltetinuinius
700 2856 832 2880 lot-tionem
848 2856 906 2880 edd.
920 2864 924 2886 ς
940 2855 1015 2880 codd.
1034 2855 1071 2879 1ss
1087 2855 1115 2885 (ti
1129 2861 1141 2877 a
1157 2854 1269 2877 sos-unda
1284 2852 1373 2884 manu)

422 2898 492 2931 qnod
505 2898 648 2931 impunitas
662 2901 698 2924 est
712 2906 792 2925 causo
808 2898 1025 2932 impassumamus
1038 2897 1218 2930 satisfaciendi
1224 2907 1234 2928 ,-
1245 2897 1293 2926 alii⁷
1309 2898 1374 2921 hanc

424 2942 593 2967 obice-tionem
615 2950 672 2967 (funi
694 2943 782 2967 ultimo
797 2943 963 2967 fundamento
977 2942 1175 2972 confundentes,
1192 2940 1262 2973 quod
1276 2940 1374 2972 {mpro-

423 2986 610 3018 lim-tionaliws
630 2988 667 3011 est
686 2993 767 3012 caasa
792 2986 1008 3018 impossibilitatis
1029 2986 1080 3018 [vel
1100 2983 1280 3017 impotentiae]
1301 2982 1374 3009 satis-

422 3029 542 3061 [iwirmli.

495 3072 505 3088 3
524 3073 622 3097 §silit-et
643 3074 810 3098 fundamento
832 3074 853 3097 1.

493 3116 503 3131 ⁴
525 3118 572 3141 Pro
592 3117 637 3142 ser]
655 3118 725 3142 Dens
745 3118 785 3142 ed.
811 3119 815 3141 1
841 3124 912 3150 erqo,
937 3118 991 3141 Yat.
1012 3116 1083 3150 (luia.
1106 3116 1257 3146 postpauca
1273 3121 1319 3145 pro
1333 3120 1374 3139 szt-

426 3159 508 3184 mitur
529 3167 576 3184 non
598 3160 768 3191 rmncifflodd.
789 3163 944 3192 sumuntur,
968 3161 1024 3185 (0(1.
1054 3160 1074 3184 Y
1099 3159 1156 3192 fuit.
1179 3158 1295 3184 Subinde
1314 3158 1373 3183 edd.

426 3204 544 3227 omittunt
564 3203 680 3234 sincera,
695 3208 718 3228 ot
733 3212 779 3235 pro
800 3204 980 3230 commulabat
997 3205 1037 3229 od.
1055 3205 1063 3229 «1
1082 3204 1211 3229 substituit
1229 3203 1371 3235 consputat,

428 3246 482 3270 Yat.
504 3249 662 3278 contumuit,
684 3248 759 3272 codd.
781 3248 827 3272 1³0
848 3247 1024 3273 commutabit.

497 3289 507 3304 5
527 3290 592 3313 Yide
612 3291 725 3314 scholion
747 3291 777 3315 ad
799 3292 994 3322 praecedentem
1015 3294 1114 3323 quaest.

498 3332 508 3348 6
530 3333 563 3357 De
584 3334 630 3356 hat:
650 3335 810 3365 auctoritate,
841 3342 917 3366 quani
939 3338 1045 3366 August.
1067 3336 1190 3365 (Enarrat.
1211 3335 1234 3358 in
1256 3335 1293 3359 ΡΞ.
1319 3334 1373 3357 118.

428 3382 504 3400 serni.
526 3376 566 3400 23.
587 3383 610 3399 n.
632 3377 664 3406 3.)
685 3378 720 3400 sie
741 3378 875 3408 proponit:
897 3378 947 3402 Nec
967 3381 1033 3403 recte
1055 3380 1150 3403 tactum
1172 3379 1371 3408 infructuosum,

1437 2683 1484 2701 nec
1504 2680 1637 2708 peccatum
1659 2676 1772 2701 creditur
1792 2676 1962 2707 impunitum,
1979 2675 2022 2699 cfr.
2038 2678 2098 2699 tom.
2113 2674 2128 2698 I.
2144 2680 2203 2704 pag.
2216 2672 2276 2702 713,
2292 2674 2349 2697 nota
2363 2672 2386 2698 2.

1439 2721 1504 2745 Vide
1523 2722 1600 2745 etiarn
1620 2721 1744 2752 mogon,
1761 2720 1830 2745 XXI.
1851 2720 1936 2744 Moral.
1952 2726 1972 2744 (κ
1988 2719 2011 2743 5.
2027 2725 2050 2743 n.
2070 2718 2106 2749 lO⁷
2120 2720 2145 2742 et
2157 2717 2232 2748 Hugo
2246 2723 2259 2741 a
2275 2716 2299 2740 S.
2314 2715 2386 2747 vict,

1437 2765 1462 2789 lt.
1484 2765 1515 2789 (10
1534 2765 1647 2789 Sacrani.
1668 2772 1692 2796 p.
1713 2764 1778 2788 XIV.
1799 2771 1820 2788 c.
1842 2764 1866 2788 9.
1885 2764 1952 2788 circa
1972 2762 2057 2787 finem.

1508 2808 1518 2823 ⁷
1538 2808 1611 2832 Veis
1638 2809 1666 2832 12

1508 2851 1518 2866 S
1540 2852 1610 2876 Vers.
1632 2852 1654 2876 2.
1675 2856 1698 2876 et
1719 2851 1751 2875 ὅτ
1771 2851 1852 2875 Anien
1880 2850 1937 2874 diro
1966 2849 2052 2878 vobis,
2082 2851 2235 2879 reroperunt
2254 2846 2387 2880 [hypocri-

1438 2894 1490 2927 tae]
1511 2895 1658 2919 mercedem
1679 2901 1761 2919 suam.
1781 2908 1816 2912 —
1835 2895 1941 2919 Inferius
1961 2898 2018 2925 post
2036 2892 2153 2926 yloriam
2173 2891 2229 2916 cod.
2250 2891 2273 2915 X
2293 2890 2332 2915 bis
2345 2889 2387 2914 ad-

1439 2939 1474 2964 dit
1493 2946 1579 2964 suam.

1508 2983 1518 2998 ⁹
1538 2984 1608 3007 Hune
1636 2984 1786 3007 sententian]
1816 2983 1839 3007 in
1869 2981 1992 3013 operibus
2020 2983 2128 3012 August.
2158 2987 2208 3004 non
2233 2980 2386 3004 invenimus.

1439 3027 1453 3051 1.
1475 3027 1568 3051 Nieolai
1589 3028 1613 3051 in
1633 3026 1673 3051 ed.
1696 3027 1891 3057 Pantheologine
1912 3026 2030 3057 Raynerii
2051 3025 2083 3050 de
2103 3025 2164 3049 Pisis
2183 3023 2276 3055 (Lugd.
2301 3022 2384 3053 1653),

1438 3074 1499 3095 tom.
1522 3071 1556 3094 111.
1578 3071 1613 3095 tit.
1637 3070 1668 3095 de
1688 3071 1875 3101 Satist'nctione‚
1897 3076 1919 3094 e.
1942 3069 1965 3094 3.
2022 3069 2051 3099 3,
2068 3068 2111 3093 ubi
2126 3075 2156 3092 ex
2170 3068 2194 3092 S.
2210 3067 2309 3091 Thomu
2325 3067 2386 3090 haec

1438 3115 1559 3139 sententia
1581 3114 1726 3144 adduc-itur,
1741 3115 1789 3139 uit:
1809 3123 1819 3136 a
1834 3113 1897 3138 Citnt
1910 3114 1964 3138 sine
1984 3113 2067 3137 indice
2087 3113 2111 3136 S.
2133 3112 2261 3141 Thomas,
2282 3116 2329 3135 nec
2348 3115 2386 3133 oe·
2409 3115 2415 3121 ·

1438 3159 1516 3183 currit
1536 3160 1559 3182 in
1582 3159 1738 3189 Augustino,
1760 3163 1787 3183 ut
1806 3165 1853 3183 nee
1873 3159 1928 3182 eius
1948 3157 2076 3188 loquelam
2105 3156 2172 3187 sapit
2185 3164 2207 3179 ι).
2237 3153 2285 3179 Csr.
2315 3152 2386 3178 Com-

1439 3204 1516 3225 ment.
1536 3203 1560 3226 in
1581 3202 1659 3232 Epist.
1680 3202 1712 3226 ad
1727 3202 1774 3226 Tit.
1790 3201 1865 3232 (inter
1879 3208 1957 3232 opera
1971 3200 2103 3231 Ambros.)
2121 3200 2126 3224 1
2141 3219 2146 3229 ,
2166 3198 2209 3229 iij,
2226 3197 2270 3222 uhi
2285 3197 2316 3222 de
2330 3202 2385 3227 pec-

1439 3245 1585 3270 catoribus:
1608 3246 1707 3276 Indigni
1727 3245 1805 3270 habiti
1826 3249 1885 3271 sunt
1904 3248 1954 3270 tota
1974 3246 2008 3270 uti
2030 3245 2072 3269 Dei
2093 3248 2218 3269 creatura.

1450 3281 1453 3285 ’
1510 3288 1530 3303 ¹0
1551 3289 1642 3313 l’snlni.
1668 3289 1711 3318 tt,
1734 3289 1756 3312 li.

1511 3332 1528 3347 ¹¹
1553 3333 1624 3357 Vers.
1646 3334 1668 3356 tt.

1511 3376 1531 3391 ¹²
1549 3376 1598 3401 Csr.
1620 3377 1728 3407 Aristot.y
1751 3377 1808 3400 Vin.
1830 3377 1907 3401 Ethic.
1928 3382 1948 3400 C.
1971 3376 2010 3400 11.
