2483 3882
331 1007 421 1028 Dubium
438 1008 458 1027 2,

357 1243 456 1263 Isidorus.

354 1296 462 1316 Nicolaus.

340 1479 462 1505 Chryscsto-

381 1512 434 1526 mus.

330 1579 460 1600 Ambrosius.

331 2157 464 2178 Ambrosius.

364 2301 464 2322 Isidorus.

327 2391 466 2418 Augustinus.

475 243 538 274 672
1232 231 1515 264 SENTENTIARUM
1540 231 1606 262 Ltss.
1630 231 1677 262 IV.

475 331 556 363 eeat;
581 329 609 356 et
631 328 662 355 ut
686 325 812 354 invicem
835 323 909 352 alter
931 321 1015 351 alteri
1038 320 1179 350 exhibeat
1197 318 1278 357 quod
1294 318 1422 356 quisque

475 375 541 404 sibi.
565 374 625 402 Hac
648 375 747 401 autem
776 370 979 407 descriptione
1007 368 1208 404 legitimorum
1238 369 1267 395 et
1288 365 1422 395 fidelium

477 424 588 450 tantum
613 418 835 448 matrimonium
858 416 1030 446 includitur.

880 499 948 528 CAP.
971 498 1014 527 Ill.

637 580 680 609 De
702 586 866 611 consensu,
890 576 944 616 (μα’
964 576 1051 616 efficit
1073 575 1257 615 eonizcyizcm.

553 657 693 697 Effl'cz'cns
716 660 814 686 autem
844 664 935 685 catoso
963 654 1144 685 matrimonii
1176 657 1220 684 est
1242 660 1423 687 consensus,

475 715 532 736 non
555 706 697 744 quilibet,
720 704 772 734 sed
795 712 850 742 per
872 704 962 734 verba
987 711 1165 741 expressus,
1188 709 1242 731 nec
1257 701 1424 736 defuturo,

474 755 527 784 sed
550 754 587 784 de
609 753 768 792 praesenti.
796 752 825 782 Si
849 752 926 782 enim
950 751 1140 781 consentiunt
1162 751 1191 779 in
1213 750 1362 783 futurum,
1385 748 1425 777 di-

475 806 592 832 centes:
621 801 769 839 accipiam
801 803 828 829 te
850 800 878 829 in
903 800 1016 834 virum,
1046 802 1074 828 et
1096 806 1150 837 ego
1181 801 1208 827 te
1231 798 1259 827 in
1283 804 1425 831 uxorem;

474 854 590 880 nonest
606 850 660 879 iste
683 857 847 878 consensus
870 847 977 877 efficax
1001 847 1191 877 matrimonii.
1215 846 1301 880 Item,
1318 845 1341 874 si
1358 852 1426 874 con-

475 899 603 928 sentiant
630 901 727 926 mente
757 900 785 926 et
815 905 872 925 non
896 896 1067 934 exprimant
1088 894 1187 924 verbis
1211 894 1256 923 vel
1279 893 1346 923 aliis
1369 901 1427 922 cer-

476 946 512 976 tis
533 945 650 985 sigynz‘s;
674 953 729 975 nec
751 944 818 975 talis
840 952 1004 974 consensus
1027 943 1117 973 efficit
1139 943 1372 972 matrimonium.
1396 941 1426 970 Si

475 997 575 1023 autem
599 993 698 1023 verbis
721 993 873 1031 explicant
895 991 975 1030 quod
1001 996 1097 1021 himen
1120 991 1213 1020 corde
1233 999 1289 1020 non
1307 989 1426 1026 volunt;

475 1043 499 1072 si
522 1050 580 1071 uon
603 1042 641 1070 sit
662 1042 779 1070 coactio
810 1041 851 1070 ibi
874 1040 919 1069 vel
949 1040 1051 1075 (loluS,
1082 1039 1225 1076 obligatio
1248 1038 1297 1068 illa
1322 1037 1428 1067 verbo-

474 1097 557 1126 rum,
581 1089 691 1127 quibus
713 1089 903 1118 consentiunt
925 1088 1073 1117 dieentes:
1091 1087 1208 1125 accipio
1226 1089 1253 1115 te
1270 1086 1297 1114 in
1314 1086 1427 1121 virum,

476 1142 504 1168 et
526 1146 580 1175 ego
604 1142 631 1167 te
654 1138 681 1166 in
705 1145 848 1172 uxorem,
870 1136 1094 1166 matrimonium
1118 1136 1197 1165 facit.

554 1186 639 1222 Quod
662 1190 762 1216 autem
785 1193 949 1215 consensus
980 1184 1203 1213 matrimonium
1226 1183 1331 1219 saciat,
1361 1182 1428 1212 sub-

477 1235 546 1264 ditis
568 1235 714 1273 probatur
738 1233 922 1263 testimoniis.
954 1232 1002 1261 Ait
1024 1232 1102 1261 enim
1125 1231 1296 1261 Isidorus¹:
1333 1230 1428 1259 «Con-

477 1292 582 1313 sensus
621 1283 690 1312 facit
726 1281 949 1312 matrimonium
976 1293 1002 1309 ».
1040 1280 1111 1309 Item
1153 1279 1295 1309 Nicolaus
1330 1279 1426 1317 Papa:

482 1344 494 1357 «
509 1330 645 1361 Sufficiat
666 1330 747 1359 solus
769 1329 935 1359 secundum
958 1329 1039 1366 leges
1061 1336 1165 1358 eorum
1188 1335 1368 1363 consensus,
1391 1326 1428 1355 de

476 1387 605 1418 quorum
629 1377 891 1407 coniunctionIbus
913 1377 1026 1414 agitur3
1058 1377 1108 1415 qui
1133 1376 1231 1410 solus,
1252 1375 1277 1404 si
1301 1375 1376 1405 forte
1399 1375 1428 1404 in

477 1427 589 1465 nuptiis
612 1426 754 1462 desuerit,
777 1429 876 1455 cetera
900 1425 990 1455 etiam
1012 1433 1080 1454 cum
1098 1425 1162 1463 ipso
1180 1424 1261 1453 coitu
1277 1422 1429 1453 celebrata

477 1476 695 1505 frustrantur».
729 1474 801 1503 ltem
830 1474 954 1503 Ioannes
977 1473 1224 1511 chrysostomus:
1258 1471 1430 1500 «Matrimo-

478 1524 559 1553 nium
583 1522 704 1561 quidem
727 1530 784 1551 non
808 1521 878 1551 facit
899 1521 1013 1555 coitus,
1043 1521 1095 1550 sed
1126 1520 1280 1556 voluntas;
1310 1522 1339 1549 et
1361 1519 1429 1548 ideo

476 1579 534 1601 non
557 1571 646 1600 solvit
669 1570 741 1599 iilud
764 1569 916 1607 separatio
938 1569 1114 1607 corporis».
1140 1569 1212 1597 ltem
1236 1567 1429 1597 Ambrosius:

482 1631 493 1644 «
506 1619 570 1648 Non
594 1618 750 1648 defloratiO
773 1617 953 1654 virginitatis
970 1617 1039 1646 facit
1055 1616 1245 1654 coniugium,
1260 1615 1313 1645 sed
1329 1614 1429 1653 pactio

478 1666 682 1704 coniugalis».
711 1683 751 1688 —
772 1666 817 1695 Ex
846 1665 892 1694 his
922 1668 1062 1703 apparet,
1085 1664 1165 1703 quod
1196 1672 1377 1700 consensus,
1400 1662 1431 1691 id

478 1718 522 1745 est
543 1715 643 1753 pactio
667 1713 848 1751 coniugalis,
879 1713 1103 1743 matrimonium
1134 1713 1217 1747 facit3
1249 1715 1278 1741 et
1299 1720 1337 1742 ex
1360 1714 1430 1741 tunc

477 1763 650 1799 coniugium
673 1765 732 1797 est,
748 1762 838 1792 etiam
854 1762 878 1791 si
902 1770 958 1791 non
974 1761 1175 1800 praecesserit
1198 1761 1244 1790 vel
1266 1763 1370 1790 secuta
1393 1760 1431 1788 sit

479 1810 588 1849 copula
611 1810 749 1840 carnalis.

884 1893 951 1923 Car.
974 1893 1019 1922 IV.

680 1971 806 2009 Quando
830 1971 939 2012 incipit
959 1980 1019 2001 csse
1041 1970 1226 2010 comugyz'ztm.

559 2051 644 2087 Quod
666 2053 745 2082 enim
769 2052 806 2081 ab
829 2052 895 2090 ipsa
917 2051 1165 2089 desponsatione,
1195 2051 1224 2079 in
1248 2058 1306 2088 qua
1328 2050 1430 2088 pactio

480 2101 647 2138 coniugalis
669 2101 865 2139 exprimitur,
888 2098 1027 2138 comtayes
1051 2099 1124 2135 sint,
1152 2098 1330 2129 Sanctorum
1355 2099 1431 2128 testi-

480 2149 581 2178 monia
603 2148 739 2186 probant.
763 2149 810 2177 Ait
833 2149 910 2177 enim
933 2147 1147 2177 Ambrosius2:
1176 2146 1274 2176 «Cum
1297 2147 1431 2176 initiatur

479 2197 668 2233 coniugium,
685 2196 815 2233 coniugii
840 2204 946 2225 nomen
970 2195 1164 2231 adsciscitur;
1188 2203 1256 2224 cum
1279 2195 1432 2232 coniungi-

480 2250 526 2275 tur
549 2245 630 2280 viro,
654 2245 826 2282 coniugium
850 2248 910 2280 est⁷
931 2252 989 2274 non
1013 2252 1081 2273 cum
1105 2244 1159 2272 viri
1184 2243 1368 2273 admixtione
1384 2251 1432 2272 co-

481 2293 671 2330 gnoscitur».
696 2293 767 2322 item
789 2292 936 2322 Isidorus:
966 2305 977 2317 «
993 2291 1138 2330 (Jom‘ztfyes
1162 2293 1263 2321 verius
1279 2291 1431 2330 appellan-

480 2344 526 2370 tur
549 2349 565 2370 a
588 2341 684 2379 prima
708 2340 949 2379 desponsationis
972 2340 1046 2375 fide,
1070 2341 1210 2378 quamvis
1231 2339 1331 2369 adhue
1353 2339 1431 2369 inter

479 2396 529 2418 eos
552 2389 706 2425 ignoretur
728 2388 894 2426 coniugalis
910 2388 1126 2418 concubitus».
1143 2388 1215 2417 Item
1233 2388 1431 2425 Augustinus:

483 2449 494 2461 κ
510 2435 629 2466 Comicae
652 2439 776 2466 vocatur
799 2445 835 2466 ex
859 2437 955 2474 prima
978 2435 1220 2474 desponsationis
1243 2435 1317 2472 fide,
1340 2443 1431 2474 quam

477 2486 640 2516 concubitu
662 2494 720 2515 non
743 2488 926 2523 cognoverat
948 2493 1003 2514 nee
1031 2485 1127 2514 suerat
1155 2485 1339 2521 cogniturus.
1370 2484 1432 2514 Nec

478 2534 594 2572 peierat
614 2542 670 2563 nee
693 2533 822 2563 mendax
844 2536 995 2563 manserat
1018 2532 1154 2572 conz'aetgyz'z'
1175 2532 1355 2571 appellatio,
1378 2532 1431 2562 ubi

477 2590 532 2612 nec
557 2582 652 2612 suerat
675 2590 729 2611 nec
751 2582 850 2612 futura
874 2585 938 2611 crat
959 2582 1059 2611 carnis
1082 2581 1142 2611 ulla
1164 2581 1348 2611 commixtio.
1364 2581 1432 2610 Pro-

477 2633 543 2668 pter
566 2630 646 2668 quod
671 2630 757 2660 fidele
780 2630 953 2667 coniugium
978 2629 1066 2659 ambo
1086 2633 1227 2668 parentes
1252 2627 1366 2659 Christi
1381 2623 1432 2658 ro-

478 2678 539 2707 cari
563 2682 739 2708 meruerunt
762 2686 819 2708 non
847 2678 944 2707 solum
974 2678 1024 2708 illa
1054 2681 1165 2714 mater,
1194 2677 1246 2707 sed
1270 2678 1359 2707 etiam
1382 2677 1431 2706 ille

477 2730 563 2764 pater
585 2726 666 2761 eius,
689 2727 768 2756 sicut
789 2726 901 2756 conium
923 2727 1027 2756 matris
1043 2727 1124 2762 eius,
1140 2730 1302 2764 utrumque
1318 2729 1430 2763 mente,

478 2782 536 2803 non
560 2782 689 2804 carue».
711 2790 751 2796 —
773 2775 817 2804 Ex
841 2775 886 2803 his
909 2774 1064 2804 evidenter
1086 2774 1270 2809 insinuatur,
1293 2774 1375 2811 quod
1394 2782 1431 2803 ex

480 2825 630 2860 tempore,
652 2831 712 2861 quo
735 2822 894 2852 intercedit
915 2830 1080 2852 consensus
1102 2822 1289 2852 voluntarius
1312 2830 1347 2851 ac
1369 2829 1430 2852 ma-

1486 316 1597 352 ritalis,
1625 316 1677 354 qui
1700 315 1782 345 solus
1804 315 1977 352 coniugium
2000 314 2085 350 facit,
2116 314 2177 344 veri
2201 315 2343 352 coniuges
2364 321 2430 347 sunt
2476 314 2479 345 ¹,-

1486 372 1614 402 sponsus
1637 367 1665 393 et
1686 370 1805 401 sponsa.

1899 445 1966 475 Cap.
1990 445 2023 475 V.

1529 526 1570 554 De
1592 523 1735 563 opinione
1757 524 1973 564 quorundam,
1996 523 2050 562 qui
2070 523 2194 558 diczent,
2217 523 2390 564 conc'tcyz'um

1671 581 1734 602 non
1756 581 1815 602 esse
1837 576 1905 601 ante
1927 571 2083 601 carnalem
2105 572 2252 610 copulam.

1568 650 1695 686 Quidam
1728 654 1826 680 tamen
1858 654 2010 686 asserunt,
2044 658 2148 680 verum
2178 651 2349 688 coniugium
2377 661 2432 684 non

1489 699 1625 729 contrahi
1649 702 1716 728 ante
1739 699 1928 728 traditionem
1960 702 1988 728 et
2014 699 2164 728 carnalem
2195 699 2350 737 copulam,
2381 710 2433 732 nec

1490 756 1560 777 vere
1582 747 1725 784 coniuges
1748 754 1813 776 esse
1834 747 1968 784 aliquos,
1991 751 2151 785 antequam
2174 747 2340 778 intercedat
2361 757 2434 779 eom-

1490 795 1594 825 mixtio
1617 803 1722 831 sexus;
1745 794 1798 825 sed
1814 803 1831 825 a
1847 795 1945 833 prima
1960 795 2019 824 tide
2039 795 2278 833 desponsationis
2294 796 2339 825 vir
2353 805 2434 836 spon·
2480 807 2482 827 i

1489 852 1559 878 sus,
1583 847 1612 873 et
1634 843 1741 872 mulier
1761 851 1873 881 sponsa
1895 846 1954 878 est,
1978 851 2035 872 non
2051 842 2170 872 coniux.
2193 843 2325 881 Sponsos
2340 848 2434 875 autem

1491 896 1519 921 et
1540 899 1667 930 sponsas
1689 890 1828 930 comesses
1857 891 2027 929 frequenter
2057 891 2203 929 appellari
2232 891 2351 929 dicunt,
2380 901 2433 923 non

1491 940 1561 978 quia
1583 939 1661 973 sint,
1685 939 1736 968 sed
1761 939 1832 978 quia
1853 938 1957 977 fucari
1975 944 2064 973 stent,
2088 940 2175 969 cuius
2191 940 2233 969 rei
2249 940 2433 978 sponsionem

1492 989 1619 1017 invicem
1642 988 1784 1017 fecerunt.
1815 988 1851 1016 Et
1871 987 2037 1017 secundum
2067 988 2124 1017 hoe
2152 987 2243 1017 verba
2266 989 2435 1026 praemissa-

1492 1045 1557 1066 rum
1581 1036 1794 1066 auctoritatum
1818 1036 2008 1073 intelligenda
2031 1036 2092 1066 fore
2116 1036 2244 1066 tradunt.

1898 1132 1965 1161 Car.
1989 1132 2033 1161 vt.

1574 1227 1659 1263 Quod
1679 1236 1789 1266 sponsa
1808 1232 1903 1266 protest
1924 1227 2032 1266 elicere
2053 1227 2272 1258 monasterium
2294 1227 2358 1257 sine

1825 1275 1932 1314 sponsi
1952 1285 2107 1306 consensu.

1573 1372 1657 1407 Quod
1681 1380 1750 1402 vero
1773 1372 1850 1402 inter
1872 1381 2015 1411 sponsam
2038 1376 2066 1402 et
2093 1372 2250 1412 contessem.
2279 1373 2436 1412 plurimum
2459 1372 2483 1412 Di}

1494 1421 1626 1458 intersit,
1656 1429 1693 1451 ex
1715 1429 1750 1450 eo
1773 1424 1925 1456 astruunt,
1958 1421 2028 1459 quia
2055 1421 2125 1451 lieet
2146 1430 2273 1460 sponsae
2293 1426 2360 1452 ante
2381 1409 2483 1452 car-{Ei

1495 1470 1592 1500 nalem
1615 1470 1771 1508 copulam,
1800 1469 1970 1499 inconsulto
2001 1469 2047 1499 vel
2077 1469 2196 1499 nolente
2224 1478 2352 1509 sponso,
2381 1479 2438 1502 mo-
2482 1475 2483 1482 ¹

1494 1518 1657 1548 hasterium
1681 1518 1807 1554 eligere;
1830 1526 1890 1556 quo
1912 1518 2005 1553 facto,
2027 1526 2138 1556 sponso
2162 1518 2251 1548 etiam
2268 1518 2338 1548 licet
2354 1519 2437 1550 aliam

1495 1566 1616 1596 ducere
1651 1565 1835 1604 Centimalus
1870 1574 1939 1595 vero
1963 1565 2010 1595 vel
2032 1565 2191 1605 eonichaco
2213 1574 2268 1596 nec
2290 1568 2437 1597 continen-

1497 1615 1583 1650 tiam,
1612 1614 1669 1643 nisi
1702 1622 1738 1643 ex
1771 1614 1923 1643 communi
1953 1622 2111 1651 consensu,
2140 1623 2261 1645 servare
2284 1616 2360 1645 valet
2388 1625 2437 1647 nec

1495 1663 1708 1692 monasterium
1732 1665 1850 1700 petere,
1872 1662 1928 1691 nisi
1952 1666 2080 1701 uterque
2096 1663 2309 1694 continentiam
2333 1665 2438 1703 pariter

1495 1711 1681 1749 profiteatur.
1704 1710 1789 1745 Quod
1812 1718 1882 1740 vero
1906 1710 1994 1740 liceat
2015 1719 2143 1749 sponsae
2166 1712 2380 1742 monasterium
2396 1713 2439 1743 eli-

1495 1767 1581 1797 gere,
1604 1758 1834 1788 auctoritatibus
1856 1758 2035 1788 Sanctorum
2059 1759 2212 1797 probatur.
2230 1760 2278 1789 Ait
2294 1760 2370 1790 enim
2385 1761 2438 1791 Eu-
2449 1761 2478 1782 Eu:

1495 1807 1597 1837 sebius
1618 1807 1699 1845 Papa
1712 1806 1742 1836 3:
1769 1819 1780 1833 «
1797 1807 2014 1845 Desponsatam
2034 1807 2165 1845 pueliam
2183 1816 2241 1837 non
2257 1808 2326 1838 licet
2339 1817 2438 1848 paren-

1495 1855 1575 1885 tibus
1598 1855 1646 1885 alii
1671 1856 1736 1885 viro
1759 1855 1894 1891 tradere,
1926 1858 2022 1885 tamen
2052 1855 2123 1885 licet
2149 1856 2206 1886 sibi
2228 1858 2436 1888 monasterium

1495 1904 1648 1942 eligere».
1671 1903 1742 1933 item
1772 1903 1952 1940 Gregorius:
1981 1904 2133 1934 «Decreta
2156 1904 2262 1943 legalia
2286 1905 2437 1944 desponsa-
2448 1905 2478 1927 ΕΓ(

1496 1956 1571 1988 tam,
1600 1952 1624 1981 si
1654 1952 1788 1982 converti
1823 1951 1966 1987 voluerit,
1999 1952 2079 1982 nullo
2111 1953 2231 1991 penitus
2264 1958 2438 1985 censuerunt

1495 2000 1603 2029 damno
1627 2000 1808 2029 mulctari».
1843 2012 1855 2025 «
1872 2000 1970 2029 Refert
2000 2000 2088 2030 etiam
2118 2000 2334 2039 Hieronymus,
2362 2001 2479 2049 quotingl

1494 2048 1660 2085 Macarius,
1683 2048 1760 2078 inter
1784 2047 1893 2077 Christi
1920 2049 2060 2077 eremitas
2076 2049 2277 2087 praecipuus,
2293 2050 2435 2080 celebrato

1496 2097 1668 2135 nuptiarum
1692 2096 1847 2131 convivio,
1869 2104 1937 2126 cum
1962 2104 2087 2135 vespere
2110 2097 2273 2127 thalamum
2300 2102 2376 2128 esset
2401 2097 2478 2127 in-Mt

1495 2153 1663 2183 gressurus,
1679 2153 1715 2175 cx
1732 2145 1806 2174 urbe
1822 2145 1979 2183 egrediens
1997 2146 2194 2175 transmarina
2211 2147 2297 2184 petiit
2309 2150 2337 2176 et
2352 2147 2436 2177 eremi

1495 2193 1688 2223 solitudinem
1720 2193 1776 2223 sibi
1800 2193 1896 2231 elegit.
1919 2194 2027 2223 Beatus
2052 2194 2141 2223 etiam
2163 2194 2287 2225 Alexius
2309 2195 2437 2225 similiter
2451 2194 2478 2215 ΑΙ(

1496 2250 1533 2271 ex
1556 2242 1669 2280 nuptiis
1690 2242 1792 2271 divina
1814 2242 1910 2278 gratia
1934 2245 2075 2278 vocatus,
2098 2250 2240 2281 sponsam
2262 2243 2391 2273 deseruit
2411 2247 2437 2274 et

1497 2290 1595 2320 nudus
1617 2290 1733 2319 Christo
1755 2289 1892 2320 famulari
1915 2290 2023 2328 eoepit.
2039 2307 2079 2312 —
2094 2291 2144 2320 His
2168 2292 2393 2322 auetoritatibus
2413 2296 2438 2322 et

1497 2337 1643 2376 exemplis
1666 2337 1774 2376 liquet,
1796 2337 1888 2367 licere
1911 2338 2028 2376 sponsis
2050 2338 2114 2367 sine
2146 2346 2294 2369 consensu
2321 2347 2436 2370 suarum

1496 2393 1691 2424 sponsarum,
1715 2390 1743 2415 et
1765 2394 1780 2415 e
1803 2394 1966 2423 converso,
1989 2386 2202 2416 continentiam
2224 2388 2396 2425 profiteri».

1894 2482 1962 2512 ΟΑΡ.
1985 2482 2043 2513 Vlt.

1558 2579 1643 2616 Quod
1664 2579 1841 2619 conticescens
1863 2579 1929 2610 sine
1951 2580 2087 2620 centussis
2111 2590 2257 2611 consensu
2277 2581 2378 2622 nequit

1772 2628 1914 2668 profiteri
1933 2628 2161 2659 continentiam.

1576 2726 1639 2755 Hoc
1661 2729 1760 2756 autem
1790 2726 1957 2764 coniugatis
1980 2726 2149 2756 nullatenus
2170 2727 2248 2757 licet.
2270 2727 2334 2757 Non
2362 2727 2432 2757 enim

1496 2777 1594 2812 potest
1615 2774 1661 2803 vir
1683 2774 1816 2803 melioris
1839 2774 1918 2804 vitae
1941 2775 2129 2812 propositum
2146 2783 2265 2805 sumere
2287 2776 2349 2805 sine
2370 2783 2434 2805 uxo-

1496 2822 1536 2851 ris
1559 2830 1722 2857 consensu,
1739 2825 1767 2851 et
1781 2830 1797 2851 e
1819 2830 1973 2851 converso.
1990 2822 2075 2852 Unde
2090 2822 2251 2861 Gregorius
2264 2823 2291 2860 4,
2307 2823 2433 2853 scribens
2446 2821 2478 2842 ΕΝ

549 2994 556 3010 1
580 2994 606 3020 C.
628 2994 758 3028 Ccmz'ttqes
778 2995 837 3028 (6.),
853 2995 914 3020 ibid.
928 3002 978 3021 see.
993 3002 1112 3027 sensum,
1127 2995 1173 3020 sed
1187 2994 1345 3020 verbotenus
1359 2995 1430 3026 apud

478 3039 603 3068 Gratian„
625 3039 672 3064 loe.
692 3040 732 3064 cit.
752 3053 788 3057 —
807 3040 864 3072 Seq.
886 3040 957 3065 locus
977 3039 1070 3064 Nicolai
1098 3043 1136 3064 est
1164 3038 1190 3064 C.
1220 3038 1342 3072 Sufficiat
1366 3038 1427 3071 (2.),

479 3082 558 3113 ibid.;
580 3084 668 3108 tertius
688 3082 837 3115 Chri-sest,
860 3084 883 3107 in
900 3084 984 3108 Matth.
999 3083 1071 3114 Opus
1091 3084 1283 3114 imperfectum,
1299 3084 1367 3108 hom.
1383 3083 1428 3113 323

480 3125 507 3150 C.
531 3124 619 3151 Omnis
639 3133 681 3151 res
702 3126 762 3158 (4.),
785 3127 864 3157 ibid.;
886 3130 993 3159 quartus
1012 3126 1147 3158 Amb1¹os.‚
1163 3126 1194 3151 cle
1209 3127 1365 3151 institutione
1378 3127 1430 3151 vir-

481 3170 530 3199 gin.
552 3176 573 3194 c.
595 3170 617 3194 ὓ.
639 3177 661 3194 n.
684 3170 710 3194 >tt
727 3179 732 3201 ;
753 3169 779 3195 C.
802 3169 867 3195 Cum
887 3170 1010 3196 titillatur
1030 3170 1090 3202 (5.),
1111 3170 1173 3195 ibid.

549 3212 559 3227 2
580 3213 653 3237 Locis
673 3215 722 3238 citt.
742 3228 777 3232 —
795 3214 853 3246 Seq.
875 3215 946 3239 locus
966 3214 1052 3239 isidor.
1078 3217 1115 3239 est
1135 3214 1176 3239 lX.
1198 3214 1341 3246 Etymolog.
1363 3220 1384 3239 c.
1405 3214 1428 3238 7.

481 3262 504 3278 n.
526 3256 556 3284 9;
579 3257 618 3280 cit.
639 3263 693 3280 eain.
715 3256 864 3290 Coniuyes;
884 3259 972 3283 tertius
991 3259 1114 3289 August,
1135 3258 1150 3282 l.
1171 3258 1203 3283 de
1223 3258 1322 3289 Nuptiis
1336 3260 1360 3283 et
1373 3264 1430 3282 eou-

482 3299 579 3327 rupise.
601 3298 626 3323 C.
651 3300 687 3323 tt.
710 3307 732 3324 n.
759 3301 803 3331 12;
824 3300 850 3326 C.
872 3301 977 3327 Coniux
1007 3303 1118 3328 recolui*
1137 3302 1200 3334 (9.),
1230 3302 1291 3327 ibid.
1313 3302 1430 3327 Verbum

483 3342 624 3374 utrumqne
644 3344 752 3368 refertur
771 3345 803 3368 ad
824 3352 916 3370 nomen
937 3347 1012 3378 paler
1031 3350 1054 3371 et
1074 3346 1180 3372 conitor.

1562 2995 1573 3011 3
1592 2995 1651 3020 Can.
1667 2995 1859 3028 Dcsponsatctm
1876 2995 1954 3027 (ΞΠ,
1970 2995 2031 3020 ibid.
2047 2997 2105 3028 Seq.
2120 2996 2191 3021 locus
2204 2999 2242 3021 est
2255 2997 2359 3028 Gregor.
2370 3017 2374 3025 ,
2386 2994 2431 3020 Vll.
2482 3018 2483 3021 ,

1495 3040 1610 3070 Ιὶθςοεῑ.,
1634 3039 1718 3063 indict.
1741 3039 1780 3063 015.
1801 3040 1873 3070 epist.
1895 3040 1935 3064 23.
1957 3039 2028 3069 (alias
2049 3039 2101 3070 20.)
2115 3039 2147 3064 nd
2162 3040 2340 3070 Fortunatuim
2354 3038 2378 3064 C.
2394 3037 2433 3063 De·
2482 3029 2483 3061 Ῐ

1494 3083 1566 3108 creta
1585 3082 1680 3115 [casilia
1699 3082 1776 3114 (28),
1791 3082 1852 3107 ibid.
1868 3082 1970 3107 Tertius
1984 3082 2055 3113 apud
2070 3083 2180 3108 Gratian.
2198 3090 2276 3114 super
2289 3082 2314 3108 C.
2329 3079 2432 3114 Scripsit

1493 3126 1567 3152 nobls
1587 3126 1665 3158 (26),
1686 3126 1746 3151 ibid.
1769 3127 1803 3151 De
1822 3133 1849 3151 re
1871 3131 1971 3151 narrata
1991 3127 2050 3151 nihil
2072 3127 2095 3151 in
2117 3127 2281 3158 Hieronymo.
2482 3155 2483 3162 ἵ

1565 3170 1574 3186 ⁴
1595 3171 1650 3196 Loc.
1671 3172 1711 3196 cit.
1732 3171 1774 3195 Xl.
1795 3170 1879 3195 indict.
1901 3170 1924 3195 t.
1944 3171 2016 3201 epist.
2033 3170 2074 3195 45.
2093 3171 2164 3199 (alias
2179 3171 2247 3202 39.);
2267 3170 2293 3196 C.
2314 3169 2380 3196 Sunt
2391 3166 2433 3201 qui
2482 3167 2483 3194 i

1494 3214 1585 3241 dicunt
1613 3214 1694 3247 (ta),
1723 3214 1798 3245 ibid.y
1830 3214 1873 3239 ubi
1902 3215 1993 3239 citatur
2016 3214 2032 3238 l.
2058 3213 2115 3239 Cor.
2136 3214 2165 3245 7,
2187 3213 2209 3239 4.
2230 3214 2287 3246 Seq.
2308 3213 2376 3238 locus
2399 3213 2432 3236 est
2482 3212 2483 3246 ζ

1495 3259 1540 3283 loc.
1562 3259 1601 3283 eit.
1622 3259 1696 3289 epist.
1725 3258 1766 3282 50.
1794 3257 1865 3289 (alias
1886 3257 1937 3289 44.)
1963 3258 1997 3282 ad
2024 3257 2183 3289 Adrianum;
2204 3257 2229 3283 C.
2249 3256 2383 3290 Aqathosct
2400 3253 2432 3280 ία-
2482 3247 2483 3260 ’

1495 3301 1550 3327 trix
1569 3301 1648 3334 (ab),
1669 3302 1730 3327 ibid.
1751 3315 1784 3319 —
1804 3302 1851 3326 l‘ro
1871 3300 2005 3334 quoddam
2024 3300 2210 3334 fornicationis
2227 3301 2334 3326 Gratian.
2348 3302 2371 3324 et
2383 3298 2432 3330 plu·
2482 3285 2483 3310 i

1494 3347 1574 3371 rimae
1593 3345 1652 3371 edd.
1673 3344 1821 3378 quondam,
1844 3345 1989 3376 refragante
2003 3345 2043 3370 ed.
2060 3346 2172 3370 Maurina
2186 3351 2295 3376 operum
2315 3341 2430 3374 Gregorii.
