2483 3882
1314 390 1608 430 SOHOLION.

549 507 616 532 Duas
636 508 711 531 liuius
731 506 828 531 articuli
850 506 1013 538 quaestiones
1033 506 1108 536 pauci
1128 505 1244 536 explicite
1265 508 1379 530 tractant.
1394 505 1429 529 De

482 552 500 576 l.
521 552 682 583 quaestione:
704 550 771 574 Alex.
793 550 855 580 Hal,
876 550 901 574 S.
921 556 946 581 p.
967 549 1006 573 lV.
1028 556 1052 581 q.
1084 548 1120 573 lli.
1142 555 1176 573 m.
1204 548 1226 573 4.
1247 555 1270 573 a.
1298 549 1319 573 1.
1347 549 1370 573 2.
1396 562 1429 565 —

477 596 503 620 S.
532 595 637 625 Tuom„
664 601 742 625 supra
768 594 791 618 d.
823 593 859 618 14.
887 601 911 626 q.
940 594 962 618 l.
988 600 1011 618 a.
1041 594 1063 617 2.
1090 593 1250 625 quaestiunc.
1278 593 1311 624 3;
1338 593 1362 617 S.
1390 592 1426 617 111.

477 646 501 670 q.
522 638 563 663 84.
588 645 610 662 a.
630 638 654 663 6.
680 638 711 662 ad
734 639 757 662 2.
776 651 812 656 —
831 637 949 662 Ricliard.
971 644 984 662 a
1009 637 1090 668 Med,
1111 643 1189 668 supra
1217 636 1240 661 d.
1269 635 1310 661 14.
1337 643 1358 661 a.
1390 636 1428 661 lO.

479 689 503 713 q.
528 683 546 706 l.
568 682 600 707 ad
625 683 643 706 1.

1343 794 1526 836 QUAESTIO
1550 794 1582 825 ll.

1049 906 1166 938 Utrum
1189 906 1388 948 poenitentia
1413 904 1531 937 habeut
1553 905 1716 936 rationem
1742 904 1881 936 tubulue.

567 1018 709 1050 Secundo
733 1017 897 1059 quaeritur
922 1017 1004 1050 circa
1028 1018 1086 1049 hoc
1109 1017 1147 1049 de
1164 1017 1354 1058 poenitentia
1372 1015 1430 1048 sul]

478 1071 598 1102 ratione
631 1070 765 1103 tabulae.
799 1071 833 1102 Et
862 1070 964 1112 primo
996 1070 1139 1107 videtur,
1164 1069 1248 1110 quod
1284 1069 1342 1101 ista
1367 1069 1431 1100 duo

477 1132 538 1154 non
563 1123 793 1164 compatiantur
817 1132 850 1155 se
874 1124 956 1155 circa
980 1122 1220 1164 poenitentiam,
1245 1121 1362 1153 scilicet
1387 1124 1432 1153 tu-

479 1175 556 1208 bulu
580 1180 610 1208 et
633 1175 908 1217 fundumentum:

569 1230 595 1260 1.
622 1229 774 1270 Quoniam
802 1228 999 1260 fundamenti
1030 1231 1077 1259 est
1109 1227 1299 1266 subsistere.
1329 1230 1358 1258 et
1392 1229 1432 1258 ta-

330 1290 365 1311 Ad
380 1290 463 1317 opposi-
478 1282 571 1314 bulae
595 1285 642 1314 est
666 1281 884 1323 superefferri:
910 1290 984 1322 ergo
1017 1281 1040 1316 si
1066 1280 1256 1321 poenitentia
1280 1283 1364 1312 recte
1389 1279 1432 1311 di-

372 1320 423 1337 tum.

477 1335 559 1367 citur
581 1333 856 1376 fundumentum,
881 1333 1053 1375 improprie
1079 1342 1096 1364 a
1121 1333 1288 1374 Μεῖεῦνίεῖνοι
1316 1332 1431 1364 tabula

477 1387 665 1429 appellatur.

566 1442 595 1472 Ξ).
621 1441 712 1478 item,
738 1440 944 1481 Hieronymus
980 1448 1075 1480 super
1108 1439 1226 1471 illud²:
1253 1439 1431 1470 Peccatum

476 1503 575 1525 suum
599 1493 687 1525 sicut
702 1492 845 1525 Sodoma
861 1496 932 1525 eto:
957 1504 971 1521 «
986 1492 1129 1524 Secunda
1146 1492 1254 1524 tabula
1271 1495 1340 1533 post
1357 1501 1431 1523 nau-

476 1546 612 1588 fragium
637 1550 683 1578 est
707 1546 823 1588 peccati
848 1546 1012 1578 absconsio
1023 1557 1054 1583 »ς
1080 1545 1134 1577 sed
1156 1545 1346 1587 poenitentia
1364 1554 1433 1577 con-

478 1599 557 1632 sistit
581 1601 611 1631 in
636 1600 752 1641 peccati
779 1599 975 1643 detectione:v
991 1607 1066 1640 ergo
1091 1601 1149 1630 etc.

568 1651 596 1684 3.
622 1652 711 1690 Item,
736 1651 976 1683 fundamentum
995 1655 1041 1683 est
1058 1651 1210 1692 primum:
1229 1659 1304 1692 ergo
1321 1650 1345 1681 si
1363 1658 1433 1691 poe-

478 1705 607 1737 nitentia
642 1709 689 1737 est
723 1705 964 1737 fundamentum
999 1708 1029 1736 et
1064 1708 1111 1736 est
1140 1703 1262 1742 tabula,
1286 1712 1361 1744 ergo
1386 1706 1432 1734 θεῖ

474 1759 590 1800 prima
616 1758 739 1790 tabula:
765 1767 840 1799 ergo
865 1758 945 1790 male
962 1757 1036 1790 dicit
1052 1757 1273 1798 Hieronymus,
1292 1756 1375 1798 quod
1394 1756 1433 1788 sit

477 1811 624 1843 secunda
648 1811 766 1843 tabula.
783 1830 826 1833 —
843 1811 996 1843 Videntur
1020 1810 1103 1842 enim
1121 1809 1179 1842 ista
1200 1809 1433 1851 incompossibi-

479 1864 536 1903 lia,
554 1865 639 1906 quod
663 1864 703 1896 sit
726 1863 999 1906 fundumentum,
1017 1868 1047 1896 et
1068 1863 1151 1905 quod
1177 1863 1217 1895 sit
1240 1862 1431 1894 secundum.

479 1917 517 1949 St
536 1917 641 1955 (licus,
659 1918 743 1959 quod
760 1922 806 1949 θεῖ
824 1917 952 1955 tabula,
971 1917 1145 1949 secundum
1164 1916 1248 1958 quod
1267 1919 1312 1948 θεῖ
1329 1916 1434 1947 Sacra-

478 1973 637 2008 mentum³
664 1974 694 2002 et
717 1969 989 2012 fundumentum,
1008 1969 1182 2001 secundum
1202 1969 1285 2010 quod
1311 1971 1357 2001 est
1374 1969 1434 2001 vir-

479 2026 545 2061 tus3
569 2027 704 2054 contra.-
730 2023 755 2054 si
780 2026 826 2054 θεῖ
857 2022 988 2054 tabula3
1012 2022 1043 2053 in
1068 2025 1221 2063 quantum
1255 2021 1434 2053 Sacramen-

482 2080 564 2114 tum,
590 2084 664 2116 ergo
688 2079 734 2107 θεῖ
757 2075 938 2106 secundum
955 2076 1207 2106 Sacramentum:
1233 2083 1308 2115 ergo
1327 2074 1434 2106 imme-

480 2128 562 2160 diate
587 2128 626 2160 de
650 2128 717 2169 ipsa
742 2128 833 2159 debet
858 2127 1061 2159 determinari
1087 2130 1156 2168 post
1180 2126 1384 2168 baptismum.

567 2181 596 2212 [1.
622 2181 715 2219 item,
740 2180 847 2212 tabula
873 2180 1002 2218 dicitur,
1035 2180 1109 2221 quia
1133 2179 1246 2211 liberat
1269 2188 1287 2211 a
1311 2179 1434 2211 naufra-

479 2233 528 2275 gio
538 2246 545 2272 3
570 2234 625 2266 sed
661 2233 850 2275 poenitentia
884 2233 997 2265 liberat
1021 2242 1039 2264 a
1069 2232 1233 2273 naufragio
1258 2232 1432 2264 secundum

479 2287 561 2328 quod
590 2287 704 2318 virtus:
723 2295 797 2327 ergo
815 2290 861 2318 θεῖ
878 2285 991 2317 cubula
1014 2285 1188 2318 secundum
1212 2284 1296 2326 quod
1315 2285 1433 2316 virtus.

568 2339 737 2381 Quaeritur
762 2348 853 2381 ergO,
879 2339 1054 2371 secundum
1079 2347 1173 2380 quem
1198 2342 1325 2379 tropum
1355 2338 1436 2370 dica-

317 2407 419 2434 Quaestio
434 2407 466 2428 in·
479 2396 532 2425 Uli*
555 2393 672 2425 tabula.

334 2434 415 2455 cidens.

834 2489 1073 2512 CONCLUSIO.

478 2569 684 2601 Poenitentz'u
718 2569 899 2600 secundum
932 2568 1083 2600 (aversus
1111 2567 1314 2609 acceptiones
1350 2572 1434 2599 recte

567 2626 603 2654 ut
627 2622 735 2654 virtus
759 2622 883 2654 (licitur
907 2620 1183 2664 fuiulet-mentum,
1201 2625 1230 2652 et
1250 2625 1287 2653 ut
1312 2620 1433 2653 Sacra-

568 2679 729 2712 mentum,
756 2674 878 2707 tabula.

570 2763 767 2795 Rnspoxono:
794 2763 986 2801 Dicendum,
1018 2762 1103 2804 quod
1136 2753 1340 2802 poenitentia,
1369 2761 1434 2793 sive

483 2815 605 2848 dicatur
636 2814 908 2857 fundumentum,
933 2815 998 2847 sive
1032 2814 1164 2853 tubulu,
1191 2815 1250 2846 sub
1278 2818 1368 2855 tropo
1392 2814 1435 2846 di-

482 2872 567 2899 ctum
592 2871 651 2906 θεῖ,
670 2871 773 2899 tamen
797 2867 970 2899 secundum
997 2866 1089 2898 aliam
1114 2870 1144 2898 et
1168 2866 1259 2898 aliam
1286 2866 1435 2906 acceptio-

348 2935 467 2956 Conclusio.
482 2929 572 2959 nem,
596 2920 771 2952 secundum
796 2929 889 2961 quam
915 2919 950 2951 fit
981 2919 1101 2961 duplex
1134 2919 1306 2951 translatio.
1332 2918 1434 2951 Poeni-

1235 231 1519 263 SENTENTIARUM
1542 231 1610 263 LIB.
1635 232 1682 263 IV.

1564 505 1589 530 11.
1609 505 1646 529 De
1665 505 1688 529 2.
1709 504 1859 536 quaestione
1879 504 1923 529 cfr.
1943 511 2021 535 supra
2042 503 2066 528 d.
2092 503 2128 528 14.
2149 511 2174 535 p.
2194 504 2210 528 1.
2232 503 2293 529 dub.
2315 505 2337 528 1.
2354 519 2388 522 -
2407 505 2440 531 De

1492 548 1599 574 eadem:
1619 549 1686 573 Alex.
1712 548 1775 579 Ilal.,
1798 548 1845 573 loc.
1872 549 1912 573 cit.
1932 555 1954 572 a.
1976 548 1998 572 3.
2021 562 2053 565 —
2073 548 2097 572 S.
2122 548 2224 579 Tuom„
2251 555 2329 579 supra
2357 548 2380 573 d.
2402 549 2440 575 14.

1493 593 1539 617 loc.
1560 593 1599 617 cit.
1621 592 1780 624 quaestiunc.
1802 591 1829 623 43
1850 592 1874 616 S.
1895 594 1940 617 art.
1961 592 2001 617 cit.
2021 606 2056 609 —
2076 592 2102 616 B.
2122 591 2226 623 Alhert.,
2251 599 2331 623 supra
2356 592 2381 617 d.
2402 592 2440 619 14.
2474 610 2475 620 i

1492 643 1514 660 a.
1535 637 1558 660 2.
1579 650 1613 653 —-
1632 635 1751 660 Richard.
1778 642 1791 659 a
1818 635 1892 665 Med„
1919 642 1997 666 supra
2025 635 2049 659 (1.
2078 634 2117 659 it.
2138 635 2206 660 circa
2231 635 2266 660 lit.
2285 649 2320 653 —
2339 635 2440 667 Dionys.
2474 624 2475 631 ἵ

1494 679 1588 711 Carth„
1608 686 1687 710 supra
1707 679 1731 704 d.
1757 678 1793 703 14.
1815 686 1838 710 q.
1860 680 1883 703 2.
1904 679 1970 703 circa
1987 678 2056 703 med.
2474 689 2476 713 ἱ

1495 1016 1590 1047 tentia
1614 1015 1695 1047 enim
1721 1019 1767 1047 θεῖ
1790 1015 1914 1053 virtus,
1933 1018 1963 1047 et
1987 1015 2031 1047 sic
2056 1015 2202 1057 competit
2227 1016 2253 1047 ei
2279 1015 2357 1047 ratio
2373 1014 2445 1057 fun-

1496 1068 1660 1106 dumentz';
1685 1068 1873 1109 poenitentia
1906 1067 2160 1100 Sacramentum
2196 1071 2259 1106 θεῖ,
2284 1072 2314 1100 et
2338 1068 2381 1101 sic
2405 1078 2446 1101 se-
2475 1082 2476 1093 1

1495 1121 1634 1153 cundum
1662 1121 1719 1153 hoc
1744 1120 1891 1162 competit
1915 1121 1940 1153 ei
1967 1121 2046 1152 ratio
2072 1120 2209 1153 tabulae.

1585 1173 1671 1205 Ratio
1706 1177 1811 1205 autem
1850 1173 1944 1205 liuius
1969 1177 2032 1212 θεῖ,
2058 1173 2131 1214 quia
2166 1173 2289 1211 virtus,
2314 1176 2349 1205 ut
2381 1173 2483 1207 vulin„

1496 1227 1705 1268 Augustinus,
1731 1226 1769 1258 de
1794 1226 1971 1267 Quantitate
1996 1226 2159 1265 animae⁴,
2183 1226 2261 1258 nihil
2293 1226 2378 1258 aliud
2403 1230 2446 1259 est

1496 1288 1591 1321 quam
1615 1279 1815 1321 «aequalitas
1840 1278 1952 1311 mentis
1972 1279 2113 1320 undique
2130 1279 2243 1310 rationi
2260 1279 2470 1317 consentiam-Q

1497 1332 1535 1364 tis
1548 1344 1579 1369 »ς
1596 1332 1680 1364 unde
1702 1335 1748 1363 est
1766 1332 1920 1373 quaedam
1939 1331 2144 1372 quadratura,
2161 1340 2218 1373 per
2234 1341 2328 1373 quam
2347 1332 2447 1365 anima
2471 1354 2477 1375 3

1496 1385 1527 1416 in
1553 1384 1708 1426 spirituali
1733 1384 1875 1416 aedilicio
1900 1384 2080 1416 collocatur.
2107 1385 2141 1416 Et
2165 1385 2313 1426 quoniam
2339 1385 2368 1417 in
2392 1385 2447 1418 hac

1497 1437 1699 1469 collocatione
1727 1437 1933 1478 poenitentiae
1950 1437 2052 1469 virtus
2074 1437 2184 1478 primo
2202 1438 2339 1470 occurrit
2357 1438 2386 1470 in
2403 1447 2447 1471 ae-

1497 1490 1691 1528 dificatione3
1715 1490 1783 1522 ideo
1808 1490 1955 1531 competit
1979 1490 2005 1521 ei
2032 1490 2110 1521 ratio
2135 1490 2257 1532 primae
2282 1491 2380 1532 partis
2403 1500 2447 1523 ae·

1497 1542 1606 1581 dificii,
1632 1543 1708 1574 haec
1732 1545 1837 1573 autem
1863 1545 1909 1574 est
1944 1542 2204 1580 fundamentum3
2229 1545 2258 1574 et
2287 1542 2357 1574 ideo
2381 1551 2449 1584 poe-

1497 1595 1643 1627 nitentiae
1668 1594 1777 1627 virtuti
1803 1594 1976 1627 rectissime
1993 1597 2120 1635 aptatur
2137 1603 2248 1626 nomen
2267 1598 2297 1627 et
2314 1595 2446 1637 proprie·
2476 1601 2477 1616 ³

1497 1651 1544 1679 tas
1560 1646 1772 1689 fundamenti
1782 1647 1802 1678 ⁵.

1586 1700 1645 1732 Sed
1670 1709 1783 1732 nomen
1800 1703 1830 1732 et
1846 1700 2021 1741 proprietas
2040 1699 2170 1732 tubulue
2187 1701 2332 1741 competit
2350 1701 2449 1742 poeni-

1497 1753 1611 1785 tentiae
1630 1753 1854 1785 Sum-umento.
1873 1772 1912 1775 ψ
1930 1753 1973 1785 Ad
1999 1753 2081 1794 quod
2109 1753 2345 1794 intelligendum
2363 1751 2483 1795 opor-il

1498 1810 1540 1839 tet
1569 1815 1677 1845 nosse,
1703 1806 1779 1848 quid
1805 1806 1843 1838 sit
1866 1815 1979 1844 mure,
2005 1806 2081 1847 quid
2105 1805 2349 1848 nuufrctqz'um,
2375 1806 2447 1848 quid

1497 1860 1593 1891 nauis
1618 1864 1648 1892 et
1671 1860 1746 1901 quid
1773 1859 1896 1891 tabula.
1914 1858 2007 1891 Mure
2027 1863 2074 1891 est
2097 1868 2247 1901 praesens
2271 1859 2447 1899 saeculum,
2475 1863 2477 1917 l

1498 1913 1672 1945 secundum
1691 1912 1769 1945 illud
1788 1913 1900 1945 Psalmi
1913 1913 1940 1944 ⁶:
1959 1913 2027 1944 Hoc
2048 1922 2142 1944 mure
2157 1922 2318 1954 mctynum
2335 1917 2392 1945 etc.
2409 1932 2449 1936 —-
2475 1918 2476 1927 ¹

1498 1965 1614 2003 Navis,
1637 1975 1717 2008 quae
1742 1966 1887 2007 perducit
1911 1966 1951 1998 ad
1976 1969 2102 2007 portum
2128 1966 2254 2005 salutis,
2277 1970 2323 1998 est
2347 1966 2447 1998 unitas
2475 1963 2476 1968 ’

1498 2019 1716 2057 ecclesiastica,
1730 2019 1769 2050 de
1782 2027 1844 2060 qua
1858 2018 1973 2051 dicitur
1991 2019 2165 2059 Sapientiae
2183 2019 2304 2051 decimo
2321 2022 2446 2060 quarto:
2474 2009 2476 2037 '³

1506 2072 1725 2103 Transeuntes
1760 2080 1855 2102 mure
1889 2080 1947 2112 per
1984 2074 2089 2102 ratem
2128 2070 2259 2102 liberati
2292 2075 2390 2109 sunt;
2422 2075 2449 2103 et

1499 2125 1630 2156 Actuum
1656 2123 1807 2164 vigesimo
1839 2123 1987 2164 septimo:
2014 2121 2089 2154 Nisi
2119 2122 2154 2154 in
2184 2118 2267 2155 nctuz'
2293 2123 2449 2155 manseri-

1500 2177 1540 2208 tis
1564 2179 1620 2208 etc.
1638 2195 1681 2198 —
1698 2174 1931 2218 Naufiugyium
1960 2175 2048 2208 navis
2073 2180 2119 2208 est
2145 2184 2199 2217 per
2223 2177 2448 2218 separationem
2474 2180 2475 2189 ³

1498 2233 1528 2261 et
1553 2229 1733 2261 scissionem
1760 2229 1994 2267 membrorum,
2014 2228 2188 2261 secundum
2214 2229 2292 2261 illud
2318 2229 2447 2262 Iudae7:

1499 2282 1545 2313 Hi
1559 2286 1639 2313 sunt
1653 2281 1711 2325 qui
1725 2286 1901 2323 segyreyctnt
1920 2282 2107 2323 semetipsos
2123 2285 2180 2314 etc.
2198 2301 2241 2304 —
2265 2277 2391 2314 Tabula
2407 2284 2449 2314 est
2474 2310 2475 2314 ,

1499 2336 1691 2368 adiutorium
1718 2335 1845 2377 aliquod
1862 2335 2026 2374 collatum,
2044 2344 2100 2376 per
2116 2335 2200 2377 quod
2219 2336 2315 2376 possit
2333 2335 2383 2368 ille
2399 2335 2448 2377 qui
2473 2362 2474 2375 2

1499 2392 1546 2420 est
1569 2388 1599 2420 in
1625 2388 1766 2429 periculo
1794 2387 1967 2428 naufragii,
1993 2387 2152 2419 sublevari
2177 2397 2195 2419 a
2218 2388 2359 2429 periculo
2386 2396 2449 2429 pec·
2468 2386 2474 2410 ‘l

1499 2441 1576 2479 cati;
1597 2444 1627 2473 et
1652 2441 1709 2472 hoc
1734 2444 1780 2472 est
1804 2441 2050 2472 Sacramentum.
2068 2459 2111 2463 —-
2129 2440 2163 2472 Et
2180 2449 2251 2472 cum
2270 2440 2389 2482 duplex
2413 2439 2448 2472 sit
2461 2447 2475 2476 ll

1500 2493 1616 2535 peccati
1649 2493 1843 2534 periculum,
1868 2493 1987 2534 duplex
2020 2496 2050 2525 et
2082 2492 2303 2534 naufragium3
2333 2492 2447 2534 duplex
2468 2501 2483 2522 tr

1499 2550 1546 2578 est
1562 2547 1798 2578 Sacramentum
1817 2545 1953 2577 liberans
1971 2555 1989 2577 a
2006 2545 2123 2587 duplici
2141 2546 2319 2587 naufragio,
2337 2545 2448 2578 scilicet
2472 2547 2474 2555 ‘

1499 2609 1517 2631 a
1535 2599 1697 2640 naufragio
1722 2598 1910 2641 oripinulis,
1928 2603 1958 2630 et
1974 2599 2034 2631 hoo
2051 2602 2098 2631 est
2115 2598 2297 2640 baptism-us
2307 2611 2318 2636 ;
2334 2603 2364 2631 et
2380 2598 2448 2641 quia

1499 2634 1650 2694 oiiginale
1675 2656 1722 2684 est
1746 2652 1899 2693 primum,
1918 2652 1987 2684 ideo
2010 2652 2184 2693 baptismus
2206 2656 2252 2684 est
2270 2652 2384 2693 prima
2408 2655 2448 2684 tct-
2472 2680 2473 2692 ,

1501 2705 1587 2737 butu.
1615 2705 1649 2736 Et
1673 2705 1846 2737 secundum
1878 2705 2077 2746 naufragium
2104 2708 2150 2736 est
2174 2714 2229 2746 per
2253 2705 2397 2743 actuale,
2420 2707 2448 2736 et
2471 2706 2473 2736 Ξ

1499 2759 1572 2799 quia
1589 2758 1628 2789 al]
1645 2758 1704 2790 hoc
1722 2758 1833 2790 liberal
1847 2757 2064 2799 poenitentia,
2083 2757 2152 2789 ideo
2173 2758 2288 2790 dicitur
2308 2757 2448 2790 secundet
2471 2771 2473 2788 ,2

1500 2811 1645 2843 tctbutuss.

1592 2866 1616 2896 1.
1643 2864 1676 2895 Et
1700 2864 1744 2896 sic
1768 2867 1869 2905 patet,
1894 2864 1977 2905 qnod
2003 2867 2087 2896 recte
2115 2864 2230 2896 dicitur
2256 2863 2446 2906 fundamen·
2473 2874 2483 2916 ἃ

1499 2921 1579 2955 tum,
1596 2920 1626 2948 et
1643 2920 1727 2948 recte
1744 2916 1858 2948 dicitur
1876 2916 2001 2954 cubula,
2019 2917 2193 2949 seeundum
2211 2917 2352 2950 diversas
2368 2925 2447 2949 acce·
2458 2904 2473 2957 'l

2470 2968 2471 2975 l

2470 2986 2472 2999 l

2473 2448 2483 2500 0⁴:-

554 3098 562 3114 ¹
584 3099 668 3130 Supra
688 3098 712 3123 d.
733 3098 802 3123 XlV.
824 3104 846 3123 c.
870 3098 892 3122 sl.
913 3112 947 3115 —
968 3098 1055 3122 Plures
1074 3097 1150 3122 codd.
1170 3096 1340 3130 Hieronymo.

554 3142 565 3158 2
584 3143 638 3167 lsai.
660 3143 688 3173 3,
711 3144 739 3173 9,
761 3149 839 3174 quem
869 3142 954 3167 locum
980 3148 1111 3173 exponens
1135 3141 1209 3166 dicit:
1230 3140 1348 3166 Secunda
1368 3141 1437 3165 enim

484 3189 543 3218 post
562 3186 726 3218 naufragium
748 3186 833 3211 tabula
861 3190 899 3211 est
924 3190 949 3211 et
974 3186 1113 3210 consolatio
1135 3186 1299 3210 miseriarum
1323 3185 1439 3215 impieta-

484 3234 535 3255 tem
555 3237 629 3255 suam
656 3230 824 3256 abscondere.
845 3244 879 3248 —-
899 3230 923 3255 ln
953 3230 1002 3255 fine
1028 3237 1082 3261 arg.
1114 3230 1166 3254 sere
1191 3235 1281 3254 omnes
1307 3228 1384 3253 codd.
1414 3231 1438 3253 et

484 3273 525 3298 ed.
550 3274 555 3298 1
580 3273 748 3299 detestatione
768 3281 816 3306 pro
836 3273 977 3300 detectione
996 3273 1053 3306 (cfr.
1074 3281 1152 3305 supra
1173 3280 1233 3305 pag.
1255 3273 1314 3305 439,
1337 3275 1396 3297 nota
1411 3273 1435 3304 5,

487 3315 531 3340 ubi
550 3316 619 3340 idem
639 3318 768 3348 occurrit).

555 3359 566 3375 3
585 3359 666 3384 Codd.
688 3360 777 3385 BEW
797 3360 915 3387 secunda
935 3360 1034 3386 tribula.

1572 3094 1581 3111 ⁴
1601 3094 1662 3126 Cap.
1685 3095 1725 3119 16.
1746 3102 1769 3119 n.
1790 3094 1832 3119 27.
1852 3094 1903 3120 Csr.
1927 3095 1952 3120 11.
1974 3095 2042 3120 Sent.
2062 3094 2088 3119 d.
2110 3094 2154 3123 27.
2175 3095 2236 3120 dub.
2258 3095 2280 3120 3.

1570 3140 1581 3157 ⁵
1602 3141 1632 3166 Ut
1651 3143 1784 3166 ostensum
1803 3143 1841 3165 est
1860 3143 1958 3172 quaest.
1979 3140 2100 3171 praeced.

1571 3185 1582 3201 6
1602 3185 1693 3210 Dsalm.
1714 3185 1779 3216 ⁴103,
1803 3184 1845 3209 25.
1866 3198 1902 3202 —
1921 3185 1980 3217 Seq.
2007 3185 2078 3210 locus
2103 3186 2141 3209 est
2161 3184 2220 3216 Sap.
2242 3183 2288 3216 14,
2312 3184 2341 3215 5;
2362 3183 2445 3208 tertius
2469 3170 2470 3198 ἶ

1501 3229 1555 3254 Act.
1576 3229 1623 3260 27,
1644 3230 1689 3254 31:
1710 3229 1761 3254 Nisi
1786 3229 1811 3253 hi
1837 3230 1862 3253 in
1891 3229 1951 3253 navi
1977 3229 2130 3260 manserint,
2151 3235 2200 3253 vos
2228 3228 2292 3253 salvi
2319 3227 2372 3252 fieri
2397 3232 2443 3251 non
2469 3228 2470 3258 l

1502 3274 1615 3304 potestis.

1571 3316 1582 3332 ⁷
1603 3317 1675 3342 Vers.
1699 3318 1739 3342 19.
1760 3317 1864 3342 Plurimi
1884 3316 1959 3342 codd.
1980 3320 2004 3342 et
2023 3317 2084 3342 edd.
2105 3317 2226 3342 omittunt
2245 3317 2315 3342 sunt.

1572 3360 1583 3376 8
1602 3360 1651 3385 Cir.
1673 3368 1751 3392 supra
1773 3361 1796 3386 d.
1819 3361 1858 3386 114.
1879 3368 1904 3392 p.
1924 3361 1941 3386 1.
1963 3360 2027 3386 dub.
2051 3362 2074 3386 l.
2113 3362 2117 3368 ’
