2483 3882
841 248 934 279 DIST.
960 247 978 279 1.
1004 248 1033 278 P.
1058 247 1090 278 ll.
1114 247 1195 279 ART.
1221 247 1253 278 ll.
1279 247 1430 288 QUAEST.
1458 248 1476 279 l.
2098 251 2140 283 37

177 337 364 376 dicendum,
389 336 472 378 quod
497 340 605 368 turcus
628 335 791 378 sacrificii
807 336 855 368 vel
879 335 993 368 dicitur
1018 335 1069 367 liic
1093 334 1126 366 fi-

177 390 249 428 des,
279 398 358 431 quae
390 389 521 421 faciebat
552 388 741 421 sacrificium
774 388 896 426 valere,
928 387 978 419 vol
1009 387 1124 419 dicitur

176 443 298 474 interna
323 442 434 474 mentis
462 441 618 481 contritio,
644 450 724 483 quae
748 440 880 473 faciebat
907 440 1048 472 exterius
1080 448 1125 471 sa-

176 494 328 527 crificium
354 494 548 533 virtuosum;
568 497 598 526 et
622 494 695 536 quia
718 493 834 526 adultis
858 492 1033 525 necessaria
1057 495 1124 525 erat

175 548 318 579 contritio
334 551 463 589 propter
486 547 607 579 actuale
623 548 643 586 ¹,
661 547 730 579 ideo
746 546 914 588 Gregorius
931 546 1014 583 dicit,
1033 545 1125 578 sacri-

175 599 281 632 ficium
306 609 433 633 curasse
458 600 601 633 maiores.

263 653 352 694 Quod
385 653 540 691 obiicitur,
565 653 649 694 quod
685 653 874 685 sacrificium
906 655 973 684 erat
1004 651 1054 683 via
1078 660 1124 683 er-

19 712 135 760 5233?ssss
148 705 273 744 2roris3
299 705 484 744 dicendum,
510 706 592 747 quod
618 714 729 738 verum
755 709 801 737 est
826 705 886 737 illis
918 704 970 746 qui
996 704 1124 745 accipie-

1189 335 1264 366 bant
1287 335 1391 376 ipsum
1415 339 1450 367 ut
1473 345 1559 373 rem,
1585 336 1637 368 sed
1665 345 1725 368 non
1751 336 1799 368 liis
1816 337 1869 378 qui
1894 337 2087 379 accipiebant
2105 342 2139 370 ut

1188 386 1339 428 sipontin
1362 390 1392 419 et
1416 388 1489 429 quia
1513 388 1621 420 fideles
1642 388 1836 430 accipiebant
1853 393 1888 421 ut
1912 389 2051 431 signum,
2070 390 2139 423 ideo

1189 439 1233 472 eis
1259 449 1317 472 non
1343 445 1411 473 erat
1435 442 1484 473 via
1509 441 1636 473 erroris.

1276 493 1319 524 Ad
1344 493 1421 526 illud
1447 494 1529 536 quod
1556 494 1719 533 obiicitur,
1744 495 1828 536 quod
1854 498 1921 527 erat
1945 499 2053 527 contra
2074 496 2139 538 pie-

1188 548 1301 584 tatem;
1326 546 1514 585 dicendum,
1539 547 1622 588 quod
1648 556 1708 578 non
1734 550 1780 579 est
1804 556 1934 586 verum,
1964 549 2037 590 quia
2061 549 2140 581 adeo

1187 598 1392 631 abundabant
1415 599 1575 638 animalia,
1601 603 1630 631 et
1666 609 1822 642 pauperes
1847 601 1889 632 ita
1920 601 2012 642 pauci
2036 605 2139 640 erant,

1188 651 1271 691 quod
1298 650 1494 683 sufficiebant
1517 652 1624 693 pietati
1649 656 1801 694 quantum
1826 653 1866 685 ad
1891 654 2012 686 cultum
2038 654 2090 686 Dei
2109 658 2139 686 et

1187 707 1341 744 quantum
1365 704 1405 735 ad
1430 705 1687 737 sustentationem
1713 706 1862 747 proximi.

989 818 1253 857 ARTICULUS
1283 820 1325 856 ΙΙ.

687 900 733 931 Dc
755 899 897 931 remedio
922 899 957 931 iit
981 898 1046 941 {eye
1068 899 1197 940 scripta.
1221 898 1289 931 sive
1313 899 1351 930 (Ie
1375 898 1634 930 circumcisione.

261 984 494 1025 Consequenter
518 984 682 1025 quaeritur
707 984 745 1016 de
770 984 910 1016 remedio
934 987 1042 1016 contra
1066 983 1125 1015 ori-

174 1036 292 1077 ginale,
328 1036 412 1077 quod
445 1037 615 1077 praecessit
647 1037 839 1078 baptismum
874 1040 1015 1078 tempore
1047 1036 1124 1078 legis

173 1089 320 1130 scriptae,
338 1089 454 1121 scilicet
471 1089 509 1121 de
533 1089 780 1122 circumcisione.
799 1090 833 1121 Et
849 1089 932 1122 circa
955 1089 1014 1121 boc
1031 1098 1124 1131 quae-

172 1145 287 1174 runtur
312 1142 380 1173 tria.

1276 983 1380 1015 Primo
1404 983 1569 1025 quaeritur
1594 984 1632 1015 de
1657 983 1851 1016 institutione
1882 984 2138 1018 circumcisionis.

1276 1036 1418 1069 Secundo
1443 1036 1608 1078 quaeritur
1632 1036 1670 1068 de
1694 1036 1795 1068 forma
1820 1037 1919 1078 ipsius
1945 1037 2010 1069 sive
2035 1038 2073 1070 de
2098 1038 2140 1070 in-

1187 1089 1341 1131 tegritate.

1277 1142 1381 1174 Tertio
1402 1142 1441 1174 de
1462 1141 1609 1175 efficacia.

1043 1252 1226 1294 QUAESTtO
1250 1253 1271 1284 Ι.

868 1330 915 1361 Dc
938 1329 1141 1361 institutione
1164 1328 1439 1361 circumcisionis.

260 1415 418 1455 Quantum
443 1422 518 1455 ergo
542 1414 580 1446 ad
606 1413 746 1455 primum
763 1413 950 1452 ostenditur,
974 1413 1059 1455 quod
1077 1421 1123 1445 re-

171 1466 310 1499 medium
336 1465 583 1498 circumcisionis
607 1474 744 1507 congrue
769 1465 832 1497 sit²
857 1465 1053 1497 institutum:

262 1520 288 1550 l.
314 1519 416 1550 Primo
440 1518 559 1550 ratione
575 1517 848 1560 stym‘fieationis,
871 1517 944 1559 quia
968 1521 1015 1549 est
1038 1517 1122 1550 insti-

14 1573 238 1604 Fundamefflatuta
270 1571 300 1603 in
332 1571 587 1609 Sacramentum,
619 1570 704 1612 quod
730 1573 777 1602 est
805 1570 981 1602 remedium
1013 1573 1122 1602 contra

169 1624 319 1666 originale
336 1637 344 1663 3
374 1624 427 1656 sed
457 1624 607 1665 originale
635 1623 812 1655 traducitur
840 1632 897 1664 per
928 1623 1123 1664 propagatio-

168 1686 238 1710 nem
253 1689 264 1709 :—
290 1686 364 1718 ergo
400 1685 471 1709 cum
508 1675 705 1708 circumcisio
729 1675 783 1707 fiat
817 1675 857 1707 ab
887 1684 924 1707 eo
957 1676 1121 1713 membro,

168 1739 224 1772 per
246 1730 329 1772 quod
354 1733 401 1762 est
424 1729 624 1771 propagatio,
652 1737 804 1770 expresse
829 1729 931 1769 signat
960 1728 1121 1770 originalis

168 1782 362 1815 curationem
376 1781 397 1813 ³.

257 1837 287 1867 2.
311 1835 405 1873 Item,
430 1834 489 1867 hoc
514 1834 639 1866 videtur
663 1834 783 1866 ratione
815 1833 1021 1866 curationis.-
1047 1834 1121 1875 quia

174 1901 189 1917 «
208 1888 372 1921 contrariis
396 1887 553 1920 contraria
577 1890 730 1919 curantur
744 1886 755 1901 ‘³
772 1899 803 1926 »,
828 1889 892 1919 tam
917 1886 1121 1919 materialiter

172 1949 267 1982 quam
292 1939 510 1982 spiritualiter:
536 1948 611 1981 ergo
635 1948 706 1972 cum
732 1939 884 1981 originale
916 1939 1121 1971 contrahatur

168 2002 225 2035 per
248 1992 484 2025 delectationem
502 1992 584 2025 circa
609 1992 789 2025 membrum
807 1992 884 2024 illud
897 2018 905 2031 ,
922 1992 953 2024 in
975 1992 1120 2033 passione

168 2045 253 2078 illius
277 2045 410 2078 membri
434 2054 585 2087 expresse
610 2045 730 2078 curatio
763 2045 962 2087 designatur:
988 2054 1063 2087 ergo
1094 2045 1119 2077 si

167 2099 403 2131 Sacramentum
428 2102 474 2131 est
498 2098 678 2131 ordinatum
703 2098 742 2131 ad
768 2098 839 2130 hoc:
865 2101 950 2140 patet
973 2103 1030 2130 etc.

255 2152 284 2184 3.
309 2152 402 2191 ltem,
426 2151 577 2193 originale
602 2154 648 2184 est
673 2151 804 2184 morbus
828 2160 961 2184 currens
978 2151 1120 2184 circula-

167 2206 260 2242 riter,
293 2206 384 2248 quia,
410 2205 490 2238 sicut
521 2205 597 2237 dicit
620 2205 784 2237 Anselmus
802 2204 826 2244 ⁵,
855 2213 1024 2246 «persona
1055 2214 1120 2237 cor-

166 2258 286 2299 rumpit
318 2261 481 2297 naturam,
511 2262 541 2290 et
572 2261 686 2290 natura
717 2267 881 2299 personam
900 2270 936 2289 »ι
961 2267 1036 2299 ergo
1068 2267 1120 2290 ex-

167 2319 275 2351 presse
300 2310 441 2351 signatur
457 2319 514 2352 per
538 2310 726 2342 ablationem
745 2311 918 2343 secundum
945 2310 1119 2350 circulum;

169 2362 223 2395 sed
248 2362 306 2394 boc
331 2366 377 2394 est
400 2362 431 2394 in
456 2363 714 2395 circumcisione:
740 2372 814 2404 ergo
838 2367 895 2395 etc.

256 2415 399 2447 CONTRA:
428 2416 454 2446 l.
480 2415 563 2447 Deus
587 2425 647 2447 non
673 2416 848 2448 delectatur
872 2417 902 2448 iu
927 2417 1036 2458 poenis
1068 2426 1120 2448 no-

23 2468 153 2516 Adtffiffiffii·
169 2468 284 2507 stris⁵‚
308 2477 383 2509 ergo
415 2468 643 2500 medicamenta
674 2468 729 2501 Dei
753 2469 868 2501 debent
897 2478 966 2501 esse
990 2469 1118 2508 suavia3

168 2521 223 2553 sed
244 2520 443 2553 circumcisio
467 2524 514 2552 est
537 2520 694 2561 poenalis:
720 2530 794 2562 ergo
818 2524 875 2553 etc.

257 2575 286 2605 Ξ).
312 2574 404 2611 [tem.
429 2572 573 2614 originali
598 2582 659 2604 non
684 2572 818 2605 debetur
842 2582 943 2614 poena
967 2582 1078 2606 sensus
1093 2574 1118 2613 ⁷,

168 2636 242 2668 ergo
264 2627 294 2658 in
319 2627 387 2658 eius
403 2625 560 2657 ablatione
583 2634 644 2657 non
670 2625 763 2657 dehet
780 2626 888 2657 sentiri
913 2635 1025 2667 poena:
1044 2635 1119 2668 ergo

165 2680 190 2712 si
215 2679 413 2712 circumcisio
445 2687 506 2710 non
531 2681 577 2710 est
608 2678 675 2710 sine
699 2687 794 2710 sensu
818 2687 954 2719 poenae,
987 2688 1048 2710 non
1073 2682 1120 2711 est

165 2740 341 2773 congruum
366 2730 554 2763 remedium.

1274 1412 1364 1452 Item,
1389 1421 1521 1454 quaere,
1546 1413 1586 1445 ad
1611 1413 1696 1455 quod
1721 1416 1846 1455 tempus
1870 1413 2025 1455 pertineat
2056 1414 2300 1466 issStl·Qc[}3{{‚‘‡⁰1⁵¹*

1185 1465 1265 1497 tutio
1293 1465 1550 1498 circumcisionis.
1574 1465 1638 1497 Non
1664 1466 1703 1498 ad
1729 1470 1855 1507 tempus
1879 1466 1956 1508 legis
1983 1471 2139 1505 naturae,

1185 1517 1260 1558 quia
1277 1517 1329 1549 lex
1351 1520 1482 1549 naturae
1500 1518 1676 1550 communis
1693 1521 1740 1550 est
1756 1518 1918 1557 omnibus,
1936 1518 1990 1551 sed
2008 1519 2141 1551 circum-

1185 1570 1260 1602 cisio
1284 1570 1413 1611 propria
1440 1573 1487 1602 est
1515 1571 1620 1611 generi
1646 1571 1788 1603 Abrahae
1806 1571 1835 1609 ⁸3
1860 1580 1916 1603 nec
1945 1572 1985 1604 ad
2014 1576 2140 1614 tempus

1185 1622 1262 1663 legis
1284 1622 1439 1663 scriptae,
1465 1623 1539 1664 quia
1562 1622 1643 1654 lator
1672 1623 1760 1665 Legis
1787 1624 1906 1665 Moyses
1931 1625 2140 1658 circumcisio·

1186 1684 1257 1707 nem
1275 1684 1337 1707 non
1362 1675 1494 1707 instituit
1510 1694 1554 1698 —
1570 1675 1655 1708 unde
1672 1676 1792 1709 loannis
1817 1677 1966 1718 septimo:
1995 1678 2141 1710 Circum-

1185 1727 1266 1759 cisz‘o
1298 1737 1337 1759 ex
1369 1727 1531 1760 Patribus
1563 1733 1627 1766 est,
1651 1738 1717 1761 uon
1747 1739 1786 1761 cac
1814 1730 1923 1773 Moyse
1947 1750 1991 1754 —
2015 1740 2072 1764 nec
2100 1732 2141 1764 ad

1185 1784 1310 1822 tempus
1330 1781 1483 1823 fyr-aciae.-
1515 1790 1591 1823 ergo
1615 1781 1692 1814 nulli
1726 1782 1859 1824 tempori
1892 1784 2037 1816 convenit
2068 1784 2138 1817 eius

1186 1834 1347 1866 institutio.

1274 1886 1312 1919 Sa·
1342 1887 1451 1925 dicas,
1480 1888 1565 1929 quod
1597 1888 1733 1930 pertinet
1767 1888 1807 1921 ad
1843 1889 1942 1931 legem
1977 1890 2298 1940 scriptamffssgffigffygfi·

1185 1949 1316 1982 quaero:
1346 1949 1445 1982 quare
1469 1944 1540 1973 ante
1564 1941 1720 1973 dationem
1739 1942 1828 1983 Legis
1852 1942 1910 1974 fuit
1934 1942 2093 1983 instituta,
2111 1947 2141 1976 et

1185 2002 1284 2035 quare
1310 1993 1407 2035 magis
1431 1993 1573 2026 Abrabae
1597 1994 1670 2026 data
1694 2003 1789 2036 quam
1814 1995 1888 2027 alii?

1273 2046 1367 2085 item,
1392 2046 1572 2088 quaeritur:
1591 2056 1690 2088 quare
1707 2056 1768 2078 non
1792 2047 1851 2079 fuit
1875 2048 1906 2079 in
1931 2048 2030 2080 latore
2051 2048 2140 2090 Legis
2156 2050 2301 2098 03323303111·

1184 2098 1378 2138 confirmata,
1393 2099 1446 2131 sed
1463 2099 1566 2140 potius
1579 2099 1698 2141 accepit
1715 2100 1804 2132 Iosue
1818 2100 1828 2115 ⁹
1846 2101 2029 2133 mandatum
2044 2110 2139 2143 quam
2272 2093 2276 2098 ’

1184 2151 1326 2193 Moyses?

1540 2267 1782 2291 CONCLUSIO.

1198 2363 1416 2395 Circmncz'sio
1440 2373 1585 2406 conyruc
1607 2363 1675 2406 fuit
1698 2364 1850 2397 instituta
1874 2365 1921 2397 ad
1943 2365 2126 2398 deletionem

1494 2417 1672 2459 originalis
1696 2417 1820 2459 culpae.

1273 2521 1470 2554 REsroNnuo:
1496 2522 1688 2561 Dicendum,
1714 2523 1797 2564 quod
1827 2523 1980 2555 institutio
2007 2523 2273 2556 circum-Cfflwlsssffl·

1183 2574 1307 2606 cisionis
1332 2583 1471 2616 congrua
1495 2575 1571 2613 suit,
1589 2576 1663 2616 quia
1686 2575 1744 2607 t'uit
1769 2584 1957 2617 expressum
1976 2576 2137 2617 signum¹O

1183 2626 1354 2658 curationis
1371 2626 1546 2668 originalis,
1564 2630 1630 2658 tum
1650 2630 1778 2668 propter
1795 2627 1982 2660 ablationem
2005 2638 2027 2659 st
2043 2638 2139 2660 mem-

1184 2678 1241 2711 bro
1262 2679 1535 2721 propctyatc'onz's,
1558 2684 1626 2711 tum
1651 2683 1780 2721 propter
1805 2680 1994 2713 ablationem
2019 2691 2138 2723 poena-

1184 2732 1263 2770 lem,
1290 2736 1357 2763 tum
1381 2732 1475 2764 etiam
1499 2736 1629 2774 propter
1652 2733 1841 2765 ablationem
1867 2734 2077 2766 circularem.

236 2885 244 2901 ¹
267 2885 317 2910 Csr.
344 2886 408 2910 insin
436 2885 459 2910 d.
492 2886 528 2910 l6.
556 2892 582 2917 p.
611 2885 637 2910 ll.
663 2893 684 2910 a.
717 2886 736 2910 l.
766 2893 790 2918 q.
820 2887 842 2911 2.
870 2890 894 2912 et
924 2886 948 2911 d.
983 2888 1019 2912 17.
1049 2895 1074 2919 p.
1104 2888 1119 2913 Ι.

166 2937 188 2954 a.
214 2930 232 2954 l.
253 2936 277 2961 q.
293 2930 316 2954 2.
335 2936 389 2961 seq.
405 2943 438 2946 —
452 2930 507 2954 Mox
528 2936 576 2961 pro
595 2929 759 2963 sacrificium
778 2931 854 2956 codd.
869 2931 886 2955 F
898 2931 916 2956 11
937 2930 1061 2957 uirtutem
1080 2938 1120 2957 sct-

168 2980 205 3000 crz
218 2980 267 2999 tect.

207 2972 246 3033 f?
266 3016 348 3042 Codd.
369 3018 389 3041 M
402 3017 421 3042 O
440 3016 499 3050 fecit.
520 3017 635 3043 Subinde
655 3025 702 3050 pro
730 3018 882 3045 institutam
902 3020 1022 3051 permulti
1042 3019 1118 3045 codd.

167 3060 348 3087 constitutum.

235 3104 246 3121 3
266 3104 315 3130 Csr.
336 3106 377 3130 liic
397 3105 430 3129 lit.
452 3106 573 3137 Magistri,
587 3112 608 3130 c.
623 3106 647 3130 9.
667 3120 700 3123 —-
720 3107 767 3131 Pro
787 3106 820 3132 ab
835 3113 869 3139 Ιιτο
889 3107 946 3133 cod.
961 3108 978 3132 F
997 3107 1025 3133 in
1045 3114 1082 3134 eo.

236 3148 246 3164 ⁴¹
268 3148 417 3173 Secundum
437 3149 553 3181 Gregor„
574 3149 600 3174 ll.
620 3150 712 3175 Iloniil.
734 3151 758 3175 in
778 3151 875 3182 Evang.
892 3152 978 3177 liomil.
993 3153 1034 3177 32.
1055 3160 1079 3177 n.
1095 3153 1118 3177 ¹l.

168 3192 234 3218 Vide
254 3195 315 3217 tom.
336 3193 370 3218 ΙΙΙ.
391 3200 451 3224 pag.
472 3193 534 3224 261,
557 3198 614 3219 nota
635 3195 658 3218 2.
678 3194 789 3226 Aristot.‚
810 3195 835 3220 ll.
855 3196 933 3221 Etliic.
954 3202 975 3220 c.
997 3197 1024 3221 3:
1044 3196 1119 3221 Medi-

166 3238 279 3262 cationes
298 3244 345 3268 per
364 3238 490 3262 contraria
509 3237 563 3262 fieri
583 3241 781 3263 consueverunt.

238 3280 249 3296 ⁵
267 3280 304 3305 De
319 3280 450 3312 Conceptu
471 3282 563 3312 virgin.
584 3285 608 3307 et
627 3289 698 3313 pecc.
718 3284 783 3314 orig.
809 3290 830 3308 c.
851 3284 899 3308 23:
920 3284 1045 3315 Spoliavit
1064 3291 1119 3316 per-

170 3331 231 3349 sona
251 3326 369 3349 naturam
400 3324 468 3350 bono
496 3326 606 3350 iustitiae
631 3327 656 3350 in
684 3325 780 3357 Adam,
800 3330 825 3352 et
845 3330 934 3352 natura
954 3335 1034 3359 egens
1053 3328 1118 3353 sacta

168 3374 258 3393 omnes
278 3375 415 3401 personas,
447 3376 512 3401 quas
540 3370 595 3400 ipsa
625 3369 657 3395 de
684 3377 711 3395 se
731 3374 863 3403 procreat,
893 3371 984 3397 eadem
1004 3375 1119 3403 egestate

1185 2889 1342 2919 peccatrices
1362 2891 1386 2913 et
1405 2889 1511 2913 iniustas
1531 2888 1596 2913 facit.
1618 2888 1666 2914 Csr.
1687 2891 1748 2914 tom.
1768 2889 1795 2914 ll.
1815 2896 1875 2921 pag.
1896 2889 1962 2921 720,
1983 2892 2040 2915 nota
2061 2889 2084 2914 5.
2106 2904 2140 2908 —

1184 2932 1231 2956 Pro
1252 2931 1401 2964 corrumpit
1420 2931 1476 2957 cod.
1498 2939 1527 2957 aa
1550 2932 1580 2961 (11
1600 2939 1613 2957 a
1633 2932 1746 2957 secunda
1767 2933 1857 2965 manu)
1872 2932 2006 2965 corrupit,
2030 2933 2087 2958 cod.
2102 2933 2138 2958 bb

1184 2979 1242 3007 post
1258 2982 1405 3009 personum
1425 2976 1497 3001 addit
1515 2976 1673 3009 corrumpit.

1253 3019 1264 3036 6
1284 3020 1350 3045 Tob.
1366 3021 1394 3051 3,
1410 3021 1457 3045 22:
1472 3020 1526 3045 Non
1544 3021 1612 3045 enim
1634 3020 1768 3046 delectaris
1787 3022 1812 3046 in
1834 3021 2021 3053 perditionibus
2036 3022 2138 3047 nostris.

1253 3064 1263 3080 ⁷
1285 3064 1350 3090 Vide
1370 3065 1396 3089 ll.
1416 3065 1484 3090 Sent.
1506 3064 1529 3090 d.
1551 3065 1591 3089 33.
1612 3072 1634 3090 a.
1656 3065 1678 3090 3.
1700 3073 1725 3098 q.
1747 3066 1770 3090 l.
1790 3072 1844 3097 seq.

1256 3107 1267 3124 3
1286 3109 1348 3133 Gen.
1374 3109 1410 3140 17,
1436 3109 1472 3133 ¹0.
1493 3116 1565 3140 seqq.
1586 3123 1620 3126 —
1640 3110 1698 3141 Seq.
1728 3112 1810 3134 textus
1840 3112 1878 3134 est
1903 3110 1971 3134 Ioan.
1992 3110 2021 3141 7,
2043 3110 2083 3135 22.
2105 3125 2139 3127 —

1184 3151 1265 3177 Codd.
1286 3153 1305 3176 Il
1318 3153 1335 3177 L
1355 3152 1462 3185 proprie
1480 3153 1518 3178 est
1535 3152 1628 3185 qeneri
1646 3151 1770 3178 <tbi-alme
1789 3152 1860 3178 duta.

1253 3195 1264 3212 9
1283 3196 1330 3221 los.
1351 3196 1378 3227 ὅ,
1400 3197 1423 3220 2.
1443 3210 1478 3214 -
1498 3197 1622 3227 Superius
1650 3204 1698 3228 pro
1725 3196 1879 3229 quaeritur,
1901 3204 1986 3230 quare
2005 3197 2077 3229 quod
2097 3198 2139 3222 lia-

1183 3239 1244 3265 bent
1263 3240 1339 3265 codd.
1360 3240 1412 3265 111&
1433 3247 1462 3265 cc
1482 3240 1527 3271 (El
1549 3247 1562 3265 a
1592 3240 1706 3265 secunda
1735 3240 1833 3272 manu),
1863 3240 1904 3265 alii
1930 3244 1954 3266 et
1973 3241 2033 3266 edd.
2054 3248 2138 3274 quare

1183 3283 1263 3315 αἰσία,-
1283 3284 1377 3309 deinde
1396 3284 1478 3310 verbo
1499 3283 1659 3318 confirmata
1678 3284 1736 3310 cod.
1757 3285 1777 3309 R
1805 3286 1945 3317 praemittit
1963 3285 2019 3317 rel,
2042 3285 2099 3311 cod.
2119 3286 2137 3310 Z

1182 3335 1238 3354 nec.
1260 3328 1377 3354 Fortasse
1396 3335 1444 3360 pro
1465 3327 1549 3354 latore
1569 3328 1709 3360 legendum
1730 3328 1835 3355 latione.

1255 3371 1275 3388 ¹⁰
1296 3372 1358 3397 Cod.
1378 3372 1396 3396 Z
1416 3371 1479 3405 quia
1498 3371 1550 3404 fuit
1568 3372 1731 3405 expressiva.
