2483 3882
0 335 17 357 io
27 334 47 356 2.

0 545 14 566 lu
25 543 44 564 3.

9 908 44 930 tri-

0 1118 41 1140 21.

0 2828 39 2871 Ε

718 235 811 267 DIST.
837 235 962 268 XXXIX.
986 236 1069 268 ΛΒΤ.
1094 236 1125 268 11.
1151 236 1303 278 QUAEST.
1328 237 1360 268 lt.

62 325 100 357 ad
124 325 285 365 peccatum
298 334 307 361 3
331 331 392 354 non
418 322 550 355 solvitur
574 323 829 361 matrimonium,
853 324 927 365 quia
950 332 1007 356 nec

61 375 227 409 iniuriatur
250 383 307 407 nec
334 374 406 406 facit
437 375 658 407 contumeliam
683 376 746 408 Deo
771 384 826 408 nec
851 376 1009 408 matrimo-

62 429 111 461 nio
135 436 190 460 nec
214 426 335 458 marito.
352 445 396 450 —
411 427 441 458 Si
465 430 572 459 autem
596 427 751 466 discedit,
776 428 825 460 vel
849 437 915 460 non
938 428 1007 460 vult

59 480 235 514 cohabitare
267 480 333 512 sine
364 479 553 512 contumelia
584 480 756 518 Creatoris,
781 481 829 513 vel
855 481 921 513 sine
953 481 1007 513 im-

57 533 198 576 pulsione
221 532 261 564 ad
290 531 528 570 infidelitatem3
553 532 583 564 in
608 533 656 564 his
681 533 783 565 tribus
807 533 932 566 casibus
956 543 1007 574 po-

61 590 117 619 test
139 594 157 617 a
180 584 266 617 fideli
290 584 422 623 dimitti,
439 588 470 617 et
486 593 542 626 per
563 585 784 617 contumeliam
810 586 924 618 factam
946 595 1007 618 ma-

59 637 203 671 trimonio
227 640 257 670 et
281 637 419 669 Creatori
443 637 614 669 vinculum
638 640 739 679 potest
762 638 881 679 srangi3
905 641 935 670 et
956 647 1007 680 po-

58 694 117 724 test
147 698 218 723 cum
251 690 312 722 alia
343 690 545 728 contrahere,
578 693 613 722 ut
644 690 719 722 dicit
745 690 945 729 Ambrosius,
976 694 1007 723 et

60 745 171 782 Extra,
195 743 234 775 de
265 742 430 782 Divortiis,
457 743 586 783 Quanto
611 746 638 774 tc
661 743 825 781 novimus,
849 747 895 775 et:
919 743 1006 775 Gau-

56 795 201 830 demus1.

141 848 283 880 Concedo
297 848 406 889 igitur,
423 848 508 889 quod
525 847 710 880 solutionem
730 848 920 880 matrimonii
937 857 1003 880 con-

57 901 145 934 tracti
169 900 199 932 in
225 900 407 933 infidelitate
423 901 483 933 tria
506 900 644 933 faciunt:
671 901 809 942 primum
835 904 882 933 est
899 900 1005 942 ipsius

56 953 282 991 imbecillitas;
307 953 482 986 secundum
507 957 553 986 est
577 953 685 985 cultus
717 953 903 995 disparitas
912 966 924 991 ;
947 957 1006 985 ter—

55 1007 151 1045 tium,
177 1005 345 1038 Creatoris
376 1005 424 1038 vel
454 1005 665 1038 matrimonii
694 1006 835 1038 iniuria.
865 1006 1004 1039 Primum

57 1059 164 1092 reddit
175 1059 328 1101 possibile
340 1059 380 1091 ad
398 1059 646 1099 dissolutionem,
660 1060 834 1092 secundum
848 1060 1003 1101 disponit,

55 1115 85 1145 et
108 1112 235 1144 tertium
265 1112 421 1144 dissolvit.
445 1131 489 1135 —
513 1113 699 1144 Matrimonii
724 1113 930 1145 imbecillitas
959 1116 1005 1145 est

54 1165 172 1197 ratione
196 1164 429 1206 significationis
453 1165 670 1207 imperfectae,
688 1175 782 1207 quam
808 1167 902 1198 habet
918 1167 1004 1208 apud

53 1217 208 1256 infideles,
233 1221 263 1250 et
287 1218 406 1250 ratione
431 1218 571 1250 defectus
594 1218 751 1259 baptismi.
776 1219 861 1251 Unde
879 1219 1004 1258 dicitur,

55 1271 137 1313 quod
163 1270 241 1303 illud
267 1271 502 1303 matrimonium
528 1275 575 1303 est
598 1271 790 1312 legitimum,
808 1272 862 1304 sed
880 1281 941 1303 non
958 1281 1005 1303 ra-

55 1328 139 1361 tum,
172 1323 267 1364 quia,
300 1327 334 1355 ut
366 1323 441 1355 dicit
470 1323 690 1362 Innocentius,
728 1324 1003 1356 «Sacramentum

53 1376 143 1414 fidei,
173 1375 202 1408 id
232 1380 279 1408 est
310 1376 474 1417 baptismi,
506 1376 591 1417 quod
623 1376 720 1408 semel
751 1376 924 1409 admissum
958 1381 1004 1409 est

56 1431 159 1461 ratum
184 1428 278 1461 efficit
302 1430 539 1461 Sacramentum
564 1429 747 1470 coniugii»,
772 1438 812 1461 ex
837 1433 926 1471 parte
950 1430 1005 1462 sci-

53 1481 123 1514 licet
145 1481 355 1523 suscipientis
379 1485 426 1514 est
450 1481 709 1523 intelligendum;
734 1486 765 1514 et
781 1483 840 1515 hoc
856 1486 912 1521 est,
930 1483 1003 1524 quia

53 1533 195 1566 infideles
225 1543 287 1566 non
312 1538 443 1576 possunt
466 1535 508 1566 ita
531 1534 622 1576 ligari
647 1535 677 1566 in
709 1535 936 1568 «individuam
961 1536 1003 1568 vi-

53 1590 101 1619 tae
124 1587 383 1619 consuetudinem
398 1586 409 1604 ²
426 1599 457 1626 »,
482 1587 557 1629 quin
582 1587 662 1620 alter
686 1588 782 1629 possit
807 1589 940 1621 transire
962 1589 1001 1621 ad

1956 238 2019 271 839

1071 324 1166 357 fidem
1180 337 1188 363 ;
1212 328 1242 357 et
1267 325 1325 362 ita,
1350 325 1376 357 si
1400 334 1461 357 non
1493 325 1561 357 vult
1588 326 1793 365 commutari,
1818 329 1919 367 potest
1950 326 2021 358 sim-

1072 377 1193 418 pliciter
1224 377 1379 418 separari,
1408 386 1479 409 cum
1504 378 1642 419 perfecta.
1665 378 1744 410 fides
1767 378 1894 410 advenit
1925 378 2020 411 susci-

1071 430 1185 471 piendo
1208 430 1445 462 Sacramentum
1470 430 1551 463 fidei.
1569 450 1613 454 —
1630 431 1744 463 Cultus
1765 431 1950 473 disparitas
1973 434 2020 464 est
2034 439 2096 460 Ratio
2109 439 2130 460 2.

1071 482 1209 514 secunda
1232 482 1311 514 ratio
1323 508 1330 520 ,
1347 482 1421 524 quia
1438 486 1512 515 tunc
1528 483 1655 516 advenit
1678 484 1767 516 alteri
1793 492 1945 526 personae
1961 484 2020 516 for-

1073 534 1135 566 tius
1156 534 1328 567 vinculum.
1345 553 1389 558 —
1404 535 1539 568 Iniuria
1563 536 1773 568 matrimonii
1794 536 1860 569 sive
1877 536 1937 568 Dei
1956 540 2019 575 est,
2034 543 2097 565 Ratio
2111 544 2131 564 3-

1071 595 1143 618 cum
1167 596 1228 619 non
1258 588 1325 620 vult
1356 589 1553 627 cohabitare,
1577 593 1632 621 aut
1656 598 1717 621 non
1742 590 1807 622 sine
1831 589 2021 622 contumelia

1071 639 1272 679 Creatoris³3
1297 644 1327 673 et
1354 644 1428 674 tunc
1459 641 1622 674 vinculum
1653 642 1733 674 illud
1765 642 1914 681 solvitur,
1946 642 2021 684 quia

1071 696 1226 734 repugnat
1249 693 1390 734 vinculo,
1414 703 1477 736 quo
1501 694 1602 727 fidelis
1625 695 1773 736 alligatur
1797 695 1870 727 Deo.
1888 714 1930 717 —
1947 695 2022 727 Con-

1070 746 1228 778 cedendae
1253 751 1326 778 sunt
1346 755 1420 788 ergo
1438 747 1573 780 rationes
1590 748 1767 789 probantes,
1785 748 1870 789 quod
1887 748 2020 780 solvitur

1070 797 1321 837 matrimonium,
1339 799 1387 831 his
1404 800 1683 839 concurrentibus;
1700 804 1730 833 et
1754 804 1860 842 patent
1884 801 2020 834 rationes

1069 849 1109 881 ad
1134 851 1322 891 oppositum.

1162 903 1187 933 l.
1213 903 1303 944 Quod
1327 904 1410 935 enim
1436 905 1510 937 dicit
1533 906 1714 947 Apostolus,
1736 907 1794 939 hoc
1819 916 1931 940 verum
1954 910 2018 947 est,
2047 916 2127 947 solutio
2142 922 2179 943 op.

1069 955 1196 997 quando
1221 956 1335 989 mulier
1360 957 1428 989 vult
1450 957 1593 991 habitare
1618 958 1647 990 in
1673 968 1748 1001 pace
1773 960 1838 992 sine
1862 945 2157 993 contume-p⁰⁵¹²⁰¹⁰²⁰'

1069 1007 1109 1039 lia
1133 1008 1197 1040 Dei.

1158 1063 1187 1093 2.
1212 1061 1303 1094 Aliud
1335 1065 1437 1103 patet,
1468 1063 1558 1105 quia,
1590 1064 1646 1096 etsi
1680 1064 1718 1095 sit
1750 1069 2019 1104 consummatum,

1069 1123 1130 1146 non
1154 1118 1258 1147 tamen
1283 1118 1329 1147 est
1353 1119 1457 1147 ratum
1482 1125 1538 1148 nec
1563 1116 1657 1149 habet
1684 1118 1769 1159 apud
1794 1119 1935 1152 infideles
1958 1120 2020 1161 ple-

1069 1176 1140 1198 nam
1166 1167 1422 1208 significationem
1448 1178 1504 1201 nec
1529 1169 1639 1202 stabile
1661 1170 1911 1204 fundamentum.

1158 1219 1187 1251 3.
1212 1220 1255 1251 Ad
1280 1220 1358 1252 illud
1383 1221 1466 1262 quod
1491 1221 1654 1261 obiicitur,
1678 1223 1762 1264 quod
1787 1223 1865 1256 fides
1888 1233 1949 1256 non
1978 1225 2021 1256 in-

1069 1271 1175 1304 firmat
1199 1275 1342 1312 rectum3
1368 1273 1555 1313 dicendum,
1580 1275 1663 1316 quod
1689 1284 1800 1308 verum
1818 1280 1864 1308 est
1881 1281 2020 1316 eatenus,

1068 1334 1131 1366 qua
1155 1328 1276 1357 rectum
1301 1330 1348 1358 est
1357 1338 1364 1365 3
1390 1327 1445 1359 sed
1469 1331 1617 1366 eatenus,
1642 1337 1704 1370 qua
1732 1332 1779 1360 est
1803 1329 1852 1360 via
1875 1329 1915 1361 ad
1947 1329 2022 1361 obli-

1069 1378 1237 1419 quitatem,
1255 1382 1290 1410 ut
1314 1379 1338 1411 si
1364 1380 1478 1412 mulier
1496 1381 1572 1412 nolit
1589 1381 1787 1420 cohabitare,
1805 1382 1863 1414 nisi
1887 1383 1936 1414 vir
1952 1392 2021 1424 pro-

1068 1431 1215 1463 trahatur
1239 1432 1279 1463 ad
1304 1432 1441 1471 malum,
1466 1437 1540 1465 tunc
1565 1433 1666 1465 solvit.

1156 1483 1186 1514 li.
1212 1483 1362 1516 Ultimum
1394 1488 1496 1526 patet,
1528 1486 1602 1527 quia
1630 1485 1701 1518 illae
1726 1489 1790 1518 tres
1814 1496 1927 1519 causae
1959 1497 2020 1520 non

1067 1540 1277 1576 concurrunt,
1303 1546 1376 1569 cum
1400 1538 1516 1579 aliquis
1548 1539 1659 1570 transit
1691 1539 1731 1571 ad
1762 1539 1886 1581 frugem
1917 1541 2022 1573 melio-

1066 1590 1110 1621 ris
1134 1590 1223 1622 vitae.

889 1718 1181 1759 SOHOLION

122 1832 138 1856 l.
160 1832 226 1856 Bene
246 1831 373 1857 notandae
387 1835 446 1857 sunt
460 1832 634 1857 distinctiones
648 1833 672 1856 in
687 1833 814 1864 principio
828 1833 1005 1864 responsionis

53 1875 85 1901 ad
97 1876 105 1900 t
116 1895 122 1900 .
131 1878 229 1908 quaest.
240 1876 346 1907 positae.
358 1875 433 1901 Aliud
444 1878 482 1901 est
492 1877 560 1901 enim
571 1875 698 1901 absolutio
709 1877 827 1908 coniugis
841 1878 959 1902 conversi
971 1877 1004 1902 ab

54 1921 138 1946 officio
157 1918 358 1945 cohabitationis
377 1921 401 1944 et
420 1918 498 1945 debiti
515 1919 647 1952 solvendi,
663 1923 813 1946 remanente
832 1921 910 1946 altera
932 1923 1004 1952 parte

52 1965 77 1989 in
96 1963 256 1995 infidelitate3
276 1963 345 1988 aliud
366 1967 404 1989 ost
422 1963 514 1989 solutio
535 1964 615 1995 ipsius
635 1963 736 1990 vinculi
753 1965 955 1996 matrimonialis,
970 1966 1004 1990 ita

53 2010 80 2033 ut
99 2008 192 2033 coniux
211 2014 353 2033 conversus
371 2007 404 2032 ad
423 2007 492 2032 aliud
509 2008 702 2033 matrimonium
722 2009 803 2039 possit
821 2009 936 2033 transire.
952 2009 1005 2033 Pri-

53 2059 126 2077 mum
140 2059 187 2083 per
199 2059 227 2077 se
240 2059 344 2084 semper
356 2053 441 2077 evenit
450 2072 456 2084 ,
473 2053 594 2084 quamvis
607 2052 657 2077 sub
670 2052 861 2078 conditionibus
876 2054 918 2078 hic
932 2054 1005 2079 tactis

53 2096 138 2127 liceat,
157 2097 237 2120 immo
257 2095 290 2121 ab
310 2096 432 2127 Apostolo
453 2095 606 2128 suadeatur,
626 2099 654 2121 ut
683 2096 765 2121 tidelis
784 2103 835 2121 non
855 2097 971 2122 discedat
990 2105 1004 2122 a

54 2143 126 2171 parte
144 2140 248 2165 infideli.
267 2140 318 2165 Sed
337 2139 481 2166 secundum
501 2140 529 2165 fit
547 2140 713 2166 solummodo
734 2144 807 2172 tunc,
827 2142 931 2173 quando
952 2142 1004 2166 infl-

54 2184 116 2210 delis
135 2191 196 2209 cum
215 2185 264 2210 alio
284 2192 333 2210 non
353 2186 409 2211 vult
428 2185 577 2211 cohabitare
596 2186 644 2210 nisi
663 2191 725 2211 oum
745 2185 905 2211 contumelia
925 2185 1005 2212 Crea-

54 2228 126 2254 toris.
146 2229 219 2254 Ratio
242 2229 319 2254 huius
343 2234 368 2254 et
392 2230 499 2261 egregia
524 2229 659 2261 explicatio
684 2230 757 2254 istius
782 2229 917 2255 locutionis
943 2236 1005 2256 oum

54 2272 214 2298 contumelia
237 2272 371 2299 Creatoris
390 2274 415 2298 in
435 2274 604 2305 responsione
629 2274 740 2298 auctoris
766 2274 903 2299 invenitur.
917 2288 952 2293 -—
967 2275 1005 2299 Di-

54 2317 118 2342 visio
138 2318 260 2342 materiae
286 2320 310 2342 et
335 2319 415 2342 status
434 2318 592 2350 quaestionis
612 2317 698 2350 quoad
720 2318 742 2342 t.
763 2320 787 2342 et
805 2318 828 2343 2.
849 2320 948 2350 quaest.
969 2318 1004 2344 di-

1069 1840 1145 1858 verso
1172 1833 1250 1859 modo
1279 1835 1390 1860 sumitur
1419 1842 1433 1859 a
1463 1835 1589 1867 diversis;
1614 1835 1682 1861 unde
1706 1839 1824 1862 auctores
1849 1837 1882 1862 de
1911 1841 2021 1871 utraque

1070 1877 1205 1909 loquentes
1224 1878 1300 1903 simul
1319 1878 1464 1904 laudamus.

1140 1921 1177 1946 De
1189 1922 1210 1946 l.
1224 1925 1249 1947 et
1263 1922 1285 1946 2.
1297 1923 1461 1954 quaestione:
1473 1924 1540 1948 Scot.
1553 1924 1601 1948 loc.
1617 1924 1656 1949 cit.
1672 1931 1695 1948 n.
1710 1923 1734 1949 5.
1748 1931 1820 1957 seqq.
1831 1938 1866 1943 —
1879 1926 1903 1950 S.
1916 1925 2019 1958 Thom.,

1068 1965 1110 1990 hic
1129 1972 1152 1990 a.
1175 1966 1231 1997 3-53
1252 1966 1343 1997 suppl.
1364 1974 1389 1999 q.
1418 1967 1460 1992 59.
1480 1974 1502 1992 a.
1523 1967 1574 1992 3-5.
1598 1982 1632 1985 -—
1651 1968 1677 1992 Β.
1697 1968 1801 2001 Albert.,
1822 1969 1863 1994 hic
1891 1976 1914 1995 a.
1943 1969 1967 1995 7.
1986 1984 2022 1990 —·

1069 2009 1134 2034 Petr.
1155 2017 1168 2034 a
1189 2010 1257 2041 Tar.,
1278 2011 1318 2035 bic
1338 2018 1362 2042 q.
1383 2011 1406 2035 2.
1427 2017 1449 2035 a.
1479 2011 1526 2036 v1-3.
1547 2025 1581 2028 —
1600 2011 1721 2037 Richard.
1742 2019 1756 2037 a
1776 2013 1850 2045 Med,
1873 2014 1914 2039 hic
1941 2021 1963 2039 a.
1993 2015 2018 2040 2.

1069 2061 1094 2086 q.
1116 2054 1138 2078 fl.
1160 2054 1182 2078 2.
1204 2068 1238 2071 ——
1257 2054 1381 2087 Durand.‚
1403 2056 1443 2080 bic
1462 2062 1486 2087 q.
1507 2056 1530 2080 2.

1140 2097 1165 2122 11.
1181 2098 1216 2123 De
1230 2098 1253 2122 3.
1269 2099 1433 2130 quaestione:
1447 2100 1471 2124 S.
1487 2099 1590 2131 Thom.‚
1607 2100 1668 2125 locis
1682 2101 1731 2126 citt.
1746 2108 1768 2125 a.
1783 2102 1808 2126 6.
1824 2115 1858 2119 -
1871 2102 1897 2126 B.
1912 2102 2017 2135 Albert.,

1069 2142 1110 2166 hic
1129 2149 1151 2166 a.
1172 2142 1194 2166 5.
1215 2155 1251 2160 —
1271 2143 1334 2167 Petr.
1355 2150 1369 2167 a
1389 2143 1457 2175 Tar„
1477 2144 1518 2169 liic
1538 2151 1562 2176 q.
1584 2145 1607 2169 2.
1627 2152 1649 2169 a.
1671 2144 1693 2169 4.
1715 2158 1751 2163 —
1770 2145 1887 2171 Richard.
1909 2153 1922 2171 a
1942 2146 2017 2178 Med„

1068 2187 1110 2211 hic
1128 2193 1150 2210 a.
1172 2187 1195 2211 2.
1216 2193 1240 2218 q.
1262 2187 1285 2211 3.

1139 2230 1174 2254 ΙΙΙ.
1195 2230 1231 2255 De
1251 2230 1274 2254 t.
1295 2232 1459 2263 quaestione:
1480 2232 1504 2256 S.
1519 2231 1620 2263 Thom.,
1637 2236 1748 2265 utroque
1762 2233 1817 2258 loco
1832 2241 1856 2266 q.
1871 2234 1895 2258 3.
1909 2234 1942 2259 ad
1956 2235 1979 2259 3.
1994 2234 2018 2259 4.

1069 2288 1103 2291 ——
1122 2274 1149 2299 B.
1171 2274 1275 2307 Albert.,
1297 2276 1337 2300 hic
1356 2282 1379 2300 a.
1402 2276 1426 2301 6.
1447 2289 1483 2294 -
1502 2276 1565 2301 Petr.
1587 2283 1600 2300 a
1622 2276 1689 2307 Tar„
1710 2277 1772 2302 locis
1792 2278 1841 2303 citt.

916 2443 1100 2484 QUAESTIO
1124 2444 1156 2475 lt.

145 2539 280 2578 Utrum,
305 2539 408 2572 altero
434 2543 563 2572 tantum
587 2539 770 2582 infidelium
793 2540 936 2572 veniente
958 2541 1004 2572 acl
1025 2540 1142 2583 sidem,
1167 2541 1420 2573 matrimonium
1443 2541 1593 2573 solvatur
1617 2542 1728 2584 quoad
1750 2542 1919 2584 infidelem.

139 2659 282 2692 Secundo
314 2660 496 2701 quaeritur,
527 2664 637 2692 utrum
669 2660 810 2693 solvatur
845 2660 1004 2693 matrimo-

53 2711 137 2743 nium
163 2712 266 2753 quoad
291 2712 459 2745 infidelem.
485 2713 520 2745 Et
542 2713 627 2755 quod
652 2713 713 2752 sic,
738 2713 883 2745 videtur:

144 2766 170 2796 1.
195 2765 273 2806 Quia
298 2766 532 2798 matrimonium
555 2770 601 2798 est
622 2766 785 2799 vinculum
810 2767 947 2799 duorum
972 2770 1003 2798 et

54 2826 86 2849 se
110 2817 204 2850 habet
227 2822 263 2851 ut
286 2819 397 2851 relatio
411 2819 444 2858 ‘¹3
469 2819 523 2852 sed
548 2819 709 2852 destructa
734 2820 880 2861 ligatione
901 2828 1004 2860 respe-

55 2874 107 2902 ctu
140 2871 234 2904 unius
270 2872 423 2911 extremi,
458 2872 634 2905 destruitur
671 2876 817 2914 respectu
851 2872 1003 2904 alterius:

53 2931 126 2964 ergo
149 2927 205 2956 etc.

140 2977 169 3008 2.
194 2976 287 3015 Item,
312 2977 426 3009 mulier
454 2977 529 3015 ista,
555 2980 721 3019 postquam
746 2977 889 3009 discessit
903 2976 925 3015 ⁵,
949 2980 1004 3009 aut

1068 2665 1113 2692 est
1137 2670 1244 2699 timor,
1268 2665 1323 2693 aut
1346 2670 1420 2692 non.
1445 2661 1475 2692 Si
1499 2661 1565 2693 sic.-
1591 2670 1665 2702 ergo
1682 2662 1730 2693 vir
1746 2671 1808 2694 non
1832 2666 1933 2704 potest
1949 2672 2018 2695 con-

1069 2714 1194 2745 trahere
1207 2726 1215 2752 ,
1240 2715 1264 2745 si
1289 2723 1373 2745 non:
1390 2723 1465 2754 ergo
1482 2714 1548 2755 ipsa
1565 2718 1683 2755 potest,
1701 2724 1772 2746 cum
1791 2724 1851 2747 non
1868 2715 1907 2747 sit
1924 2725 2016 2748 uxor.

1157 2766 1186 2798 3.
1210 2766 1303 2805 Item,
1328 2770 1393 2798 esto
1417 2766 1501 2807 qnod
1518 2766 1620 2798 fidelis
1636 2767 1799 2799 contrahat
1820 2771 1890 2809 post
1906 2767 2018 2800 disces-

1068 2827 1156 2856 sum,
1181 2822 1212 2850 et
1236 2818 1288 2850 illa
1312 2819 1511 2859 postmodum
1530 2822 1731 2851 convertatur
1755 2820 1794 2852 ad
1819 2820 1932 2859 fidem,
1949 2830 2018 2853 con-

1068 2875 1145 2910 stat,
1170 2871 1254 2912 qnod
1278 2880 1338 2903 non
1364 2871 1508 2903 redditur
1533 2871 1559 2903 ei
1585 2871 1674 2903 virss:
1700 2880 1774 2913 ergo
1799 2873 1823 2904 si
1848 2882 1909 2905 non
1936 2877 2018 2906 tene-

1068 2927 1120 2956 tur
1144 2924 1319 2962 continere,
1345 2927 1446 2965 potest
1470 2924 1609 2956 nubere:
1635 2933 1709 2965 ergo
1733 2925 1757 2956 si
1782 2934 1844 2957 non
1861 2929 1907 2957 est
1923 2925 1950 2958 ei
1968 2926 2017 2958 ius

1067 2976 1255 3018 acquisitum
1282 2976 1319 3008 ad
1346 2977 1420 3015 hoc,
1446 2980 1566 3017 poterat
1590 2979 1620 3009 et
1643 2977 1741 3018 prius.

124 3157 131 3172 ¹
152 3157 219 3183 Loco
239 3159 359 3189 superins
377 3166 437 3190 pag.
458 3159 516 3190 839,
538 3162 595 3183 nota
617 3160 640 3183 2.
661 3158 779 3189 allegato,
801 3165 823 3183 c.
846 3158 869 3182 8.
892 3172 924 3175 —
944 3158 1002 3184 Post

54 3199 219 3233 Ambrosius,
241 3203 264 3227 et
283 3201 342 3227 edd.
362 3202 461 3227 addunt
479 3201 656 3228 Innocentius.

123 3245 133 3260 ²
153 3245 298 3277 Respicitur
316 3247 431 3272 definitio
452 3247 607 3272 matrimonii
627 3253 705 3277 supra
726 3245 752 3271 d.
773 3245 814 3270 27.
836 3245 899 3271 dub.
922 3247 944 3270 ’1.
964 3253 1003 3271 ex-

57 3287 155 3318 plicata.
175 3288 223 3314 Csr.
245 3289 276 3314 de
296 3291 343 3315 hac
362 3290 460 3315 ratione
480 3296 559 3321 supra
579 3296 601 3314 a.
624 3289 646 3314 il.
666 3296 691 3321 q.
712 3290 735 3313 2.

124 3331 135 3348 ³
154 3332 215 3358 Cod.
236 3333 270 3365 U,
290 3334 387 3359 omisso
400 3334 448 3359 aut
465 3340 534 3365 non,
557 3333 598 3358 hic
617 3332 706 3358 addit:
725 3331 767 3358 vel
783 3332 837 3358 m'si
856 3332 947 3358 trahat
967 3333 1003 3359 ad

55 3372 243 3407 infidelitatem.

1138 3157 1148 3173 ⁴
1167 3157 1216 3183 Ctr.
1236 3165 1314 3188 snpra
1344 3158 1368 3182 d.
1396 3158 1436 3182 27.
1457 3165 1479 3182 a.
1511 3158 1532 3182 1.
1553 3165 1577 3190 q.
1609 3159 1632 3183 4,
1654 3158 1687 3183 ad
1708 3159 1731 3183 3.
1752 3173 1785 3176 —
1804 3159 1859 3184 Mox
1885 3167 1932 3191 pro
1953 3159 2015 3194 liqu-

1067 3201 1136 3227 tione
1156 3201 1212 3226 cod.
1233 3202 1254 3225 1<
1275 3200 1323 3233 (bb
1342 3208 1356 3226 a
1376 3201 1489 3226 secunda
1509 3203 1598 3234 manu)
1618 3201 1746 3228 relatione
1760 3202 1816 3235 (cfr.
1837 3203 1861 3228 d.
1882 3203 1925 3229 27.
1945 3211 1967 3229 a.
1989 3204 2014 3230 3.

1067 3253 1091 3277 q.
1113 3246 1136 3270 i,
1156 3246 1179 3269 in
1200 3246 1291 3277 coro).

1137 3288 1148 3304 ⁵
1167 3288 1248 3313 Codd.
1270 3289 1288 3313 R
1301 3289 1317 3313 S
1337 3289 1458 3320 supplent
1476 3296 1494 3315 a
1513 3288 1579 3315 viro.

1137 3331 1148 3348 ⁶
1167 3331 1216 3357 Ct'r.
1237 3335 1335 3364 quaest.
1355 3332 1476 3364 praeced.
1498 3336 1522 3358 et
1541 3333 1605 3358 infra
1625 3333 1687 3359 dub.
1709 3333 1732 3358 5.
