2483 3882
10 273 12 289 1

10 293 12 308 1

13 331 24 352 1
25 332 65 352 ota.

0 873 1 880 1
11 863 65 890 2ulpa.

9 1303 16 1318 )
29 1296 67 1317 Ma-

0 1332 1 1345 i
9 1323 68 1344 isuffi-

7 1543 68 1565 ymus.

7 1786 31 1801 lm
45 1779 64 1800 t.

6 2179 69 2195 xoom-

10 2201 68 2221 catio-

5 2711 35 2726 um
51 2706 69 2727 1.

900 229 993 260 DlST.
1019 228 1116 260 xvut.
1144 229 1171 260 P.
1197 228 1229 259 ΙΙ.

80 323 109 350 et
130 319 256 355 retinet,
279 322 307 348 et
329 321 428 347 tamen
460 317 614 347 Ecclesiae
645 317 771 347 eontulit
793 320 971 355 potestatem
1000 316 1030 345 li-

81 368 167 406 gandi
191 371 218 396 et
240 366 395 403 solvendi;
417 366 470 396 sed
493 366 579 396 aliter
602 366 666 404 ipse
688 365 778 395 solvit
799 365 846 395 vel
868 365 958 404 ligat,
981 364 1031 395 ali-

83 421 126 447 ter
140 415 284 446 Ecclesia.
301 415 367 453 Ipse
382 415 459 444 enim
474 423 529 453 per
544 423 574 443 se
589 417 701 444 tantum
718 414 841 443 dimittit
856 417 1014 452 peccatum
1024 437 1031 450 ‚

81 465 152 504 quia
174 467 203 494 et
224 463 354 494 animam
374 462 499 492 mundat
514 462 552 491 ab
569 462 701 491 interiori
719 462 838 492 macula
853 465 882 491 et
896 469 913 491 a
929 461 1031 491 debito

83 517 221 544 aeternae
244 511 348 541 mortis
370 511 467 540 solvit.

486 607 554 637 CAP.
576 607 624 636 Vl.

117 704 269 741 Quomodo
292 703 458 733 sacerdotes
480 702 588 742 ligyanc,
610 702 659 731 vel
678 701 801 731 solvam
822 710 840 730 a
858 700 997 740 peccatis.

157 801 220 830 Non
244 803 343 830 autem
367 800 425 829 boc
446 799 656 829 sacerdotibus
672 797 840 832 concessit,
865 797 977 835 quibus
993 801 1031 826 ta-

81 858 147 880 men
170 849 274 878 tribuit
305 851 482 886 potestatem
516 846 627 885 ligandi
656 851 684 876 et
716 845 872 881 solvendi,
906 846 934 874 id
968 849 1031 882 est,

80 896 257 927 ostendendi
276 897 414 926 homines
437 896 543 934 ligatos
566 895 612 925 vel
635 895 748 924 solutos
775 910 815 915 —-
840 893 920 923 unde
936 894 1031 922 Domi-

78 955 133 976 nus
153 946 305 984 leprosum
327 945 446 974 sanitati
463 945 547 982 prius
570 952 625 982 per
639 953 670 973 se
694 944 846 978 restituit,
868 943 977 972 deinde
993 943 1030 972 ad

78 994 249 1025 sacerdotes
271 994 367 1028 misit⁷
389 1001 518 1031 quorum
543 992 655 1022 iudicio
677 993 886 1023 ostenderetur
910 992 1032 1022 munda-

79 1047 142 1079 tus;
166 1044 205 1072 ita
228 1042 317 1072 etiam
346 1042 492 1071 Lazarum
516 1042 575 1070 iam
599 1041 784 1071 vivificatum
815 1041 923 1071 obtulit
945 1041 1032 1070 disci-

77 1091 156 1130 pulis
177 1090 353 1120 solvendum
383 1107 419 1111 —
443 1091 530 1128 quia,
553 1091 607 1119 etsi
631 1090 741 1128 aliquis
764 1090 844 1128 apud
869 1090 963 1119 Deum
994 1089 1033 1118 sit

79 1139 206 1174 solutus,
229 1143 402 1168 nontamen
426 1139 455 1168 in
478 1139 553 1168 facie
576 1138 730 1168 Ecclesiae
763 1138 879 1168 solutus
902 1138 1030 1167 babetur

79 1188 132 1217 nisi
156 1196 210 1226 per
225 1187 370 1217 iudicium
393 1187 568 1217 sacerdotis.
585 1187 616 1215 In
638 1186 791 1216 solvendis
817 1187 907 1225 igitur
930 1186 1030 1225 culpis

78 1237 124 1266 vel
147 1236 309 1266 retinendis
333 1236 373 1265 ita
396 1239 540 1273 operatur
562 1235 703 1264 sacerdos
726 1235 918 1272 evangelicus
941 1238 969 1264 et
992 1235 1033 1264 iu-

79 1285 172 1320 dicat,
194 1285 272 1314 sicut
292 1284 363 1314 olim
386 1283 489 1322 legalis
512 1284 540 1312 in
565 1284 622 1312 illis
649 1284 701 1322 qui
731 1283 926 1313 contaminati
947 1287 1033 1313 erant

78 1334 175 1372 lepra,
200 1341 278 1371 quae
301 1336 459 1370 peccatum
482 1332 639 1370 significat.
661 1332 747 1362 Unde
769 1332 972 1370 Hieronymus
987 1341 1035 1361 su-

79 1390 132 1421 per
160 1382 341 1411 Matthaeum
356 1381 375 1416 ¹,
399 1381 448 1410 ubi
482 1381 627 1410 Dominus
659 1381 700 1410 ait
731 1381 836 1410 Petro:
865 1379 934 1410 Tz'bz'
954 1379 1031 1409 dabo

79 1430 174 1460 claves
195 1429 285 1468 raom*
304 1430 480 1463 caelorum,
503 1434 529 1458 et
550 1428 760 1468 quodcumqae
784 1428 926 1468 lz'qaverz‘s
942 1438 1033 1468 super

80 1483 208 1512 terram,
230 1477 287 1507 crit
304 1477 430 1516 [zoaram
446 1482 472 1506 ec
488 1477 522 1507 in
536 1477 625 1507 caelis
638 1490 651 1513 ,·
666 1482 692 1507 ec
706 1476 915 1517 quodcumqae
939 1477 1034 1506 soloe-

78 1525 123 1556 rz's
142 1535 234 1565 super
260 1530 395 1560 terram,
418 1525 476 1555 erit
502 1526 635 1556 solutam
659 1530 685 1555 et
706 1525 740 1555 in
762 1524 871 1555 caelis:
901 1538 912 1551 «
927 1526 1033 1562 Hunc,

80 1576 195 1613 inquit,
216 1575 315 1605 locum
348 1575 471 1614 quidam
498 1584 556 1604 non
590 1575 808 1612 intelligentes,
841 1574 955 1613 aliquid
988 1583 1035 1604 su-

79 1628 163 1654 munt
194 1624 231 1653 de
262 1624 425 1662 supercilio
448 1624 699 1659 Pharisaeorum,
723 1627 755 1653 ut
776 1623 919 1653 damnare
952 1623 1033 1652 inno-

79 1673 144 1702 xios
167 1672 213 1702 vel
238 1672 355 1702 solvere
384 1680 416 1702 se
445 1676 549 1711 putent
583 1672 708 1707 noxios,
731 1680 800 1701 cum
827 1671 908 1710 apud
939 1672 1033 1700 Deum

80 1730 135 1751 non
158 1721 305 1750 sententia
326 1721 537 1757 sacerdotum,
560 1721 613 1750 sed
636 1729 757 1750 reorum
775 1720 834 1750 vita
858 1723 1032 1758 quaeratur.

79 1769 109 1799 In
130 1770 264 1799 Levitico
288 1769 446 1799 ostendere
462 1778 494 1798 se
516 1769 726 1798 sacerdotibus
750 1769 891 1798 iubentur
904 1768 1033 1806 leprosi.

80 1827 154 1857 quos
176 1818 218 1848 illi
241 1827 299 1848 non
321 1817 438 1856 faciam
460 1818 596 1856 leprosos
619 1818 665 1847 vel
683 1817 829 1852 mundos⁷
851 1817 903 1847 sed
926 1816 1034 1846 discer-

1985 229 2049 260 467

1094 320 1174 345 mam
1202 315 1253 354 qui
1284 315 1386 345 mundi
1423 314 1469 344 vel
1500 314 1647 344 immundi
1673 317 1760 350 sunt;
1783 314 1823 344 ita
1846 318 1874 344 et
1896 315 1988 344 hic».
2011 331 2051 337 —

1095 365 1207 402 Aperte
1229 364 1279 393 hic
1301 363 1477 399 ostenditur,
1500 363 1580 402 quod
1604 371 1661 392 non
1684 364 1821 401 sequitur
1840 364 1918 394 Deus
1951 363 2052 393 Eccle-

1096 412 1158 442 siae
1187 412 1351 448 iudicium,
1374 420 1451 450 quae
1476 420 1531 450 per
1553 412 1774 449 surreptionem
1798 415 1826 441 et
1849 412 2048 450 ignorantiam

1096 461 1247 491 interdum
1270 460 1402 497 iudicat3
1426 461 1505 490 Deus
1527 464 1626 490 autem
1656 468 1776 498 semper
1802 460 1916 490 Iudicat
1948 469 2052 490 secun-

1096 509 1168 538 dum
1202 509 1368 538 veritatem.
1394 509 1431 538 Et
1462 508 1490 538 in
1526 508 1713 538 remittendis
1745 508 1792 538 vel
1825 509 1853 537 in
1887 509 2051 538 retinendis

1097 557 1196 596 culpis
1219 557 1247 586 id
1271 557 1344 587 iuris
1366 561 1395 586 et
1416 557 1506 587 officii
1531 557 1642 587 liabent
1670 557 1834 595 evangelici
1862 557 2049 595 sacerdotes,

1096 605 1178 643 quod
1201 605 1271 634 elim
1287 605 1343 635 snb
1359 605 1437 643 Lege
1459 605 1611 634 habebant
1626 605 1736 642 legales
1753 606 1781 634 in
1797 605 1940 635 curandis
1954 605 2051 644 lepro-

1097 653 1146 682 sis.
1171 653 1205 682 111
1229 662 1299 691 ergo
1325 657 1450 691 peccata
1479 654 1632 683 dimittunt
1661 654 1707 683 vel
1737 654 1883 689 retinent,
1906 654 1977 683 dum
2007 654 2052 683 di-

1097 701 1189 730 missa
1211 710 1227 730 a
1250 702 1312 730 Deo
1335 701 1381 730 vel
1402 704 1515 730 retenta
1538 702 1673 731 iudicant
1693 705 1721 731 et
1743 702 1912 732 ostendunt.
1936 703 2052 732 Ponunt

1097 749 1176 778 enim
1209 749 1383 778 sacerdotes
1403 758 1514 778 nomen
1547 749 1676 778 Domini
1698 759 1790 788 saper
1818 749 1900 789 filios
1933 751 2051 785 Iso-ael,

1096 796 1148 825 sod
1169 796 1232 835 ipse
1256 796 1423 831 benedicit,
1446 801 1479 826 ut
1501 797 1609 834 legitur
1631 798 1659 827 in
1681 798 1821 828 Numeris
1837 798 1857 827 ².
1879 799 1965 828 Hunc
1991 807 2051 828 mo-

1097 845 1168 874 dum
1191 845 1301 882 ligandi
1327 849 1355 874 ct
1376 845 1511 875 solvendi
1534 846 1735 885 Hieronymus
1757 856 1849 886 supra
1872 848 1993 877 notavit.

1177 893 1288 932 Lz'gyam
1323 901 1445 932 quoqne
1480 894 1671 931 sacerdotes,
1707 895 1777 924 dum
1815 896 2048 926 satisfactionem
2064 901 2095 922 De
2110 907 2189 928 poena-

1096 943 1300 980 poenitentiae
1321 942 1534 972 confitentibus
1560 943 1735 980 imponunt3
1757 944 1902 979 solvant,
1925 953 1993 975 eum
2016 946 2054 976 de

1097 999 1131 1020 ea
1154 990 1268 1029 aliquid
1292 990 1465 1026 dimittunt,
1489 990 1535 1020 vel
1559 999 1612 1029 per
1634 999 1699 1020 eam
1723 996 1868 1030 purgatos
1889 993 1925 1022 ad
1950 993 2053 1023 Sacra-

1097 1042 1267 1068 mentorum
1290 1039 1533 1068 communionem
1553 1039 1732 1075 admittunt,
1754 1048 1844 1078 quem
1869 1041 1990 1071 modum
2006 1051 2054 1071 su-

1097 1088 1223 1126 perius³
1246 1088 1305 1118 Leo
1328 1088 1407 1126 Papa
1431 1088 1553 1117 notavit.
1573 1087 1745 1118 Secundum
1768 1089 1849 1118 bunc
1872 1090 1993 1120 modum
2010 1091 2052 1120 di-

1097 1140 1208 1166 cuntur
1229 1137 1318 1166 etiam
1335 1137 1508 1166 sacerdotes
1530 1136 1681 1166 dimittere
1697 1141 1821 1175 peccata
1843 1138 1888 1167 vel
1911 1139 2049 1168 retinere.

1097 1185 1182 1214 Unde
1203 1185 1345 1223 superius
1366 1185 1551 1221 Augustinus
1573 1184 1664 1214 dixit:
1686 1185 1801 1220 Quibus
1818 1186 1988 1221 remittunt,
2011 1195 2054 1216 re-

1098 1233 1188 1263 mittit
1211 1233 1289 1263 Deus
1312 1236 1368 1262 etc.
1391 1233 1473 1271 Opus
1495 1234 1574 1262 enim
1608 1234 1738 1263 iustitiae
1767 1238 1909 1264 exercent
1932 1235 1960 1264 in
1982 1243 2051 1273 pec-

1098 1286 1231 1316 catores,
1254 1289 1322 1311 cum
1346 1289 1397 1311 eos
1420 1281 1497 1311 iusta
1525 1290 1622 1319 poena
1644 1282 1755 1319 ligant3
1785 1291 1862 1320 opus
1886 1283 2052 1313 misericor-

1098 1330 1182 1365 diae,
1205 1330 1276 1359 dum
1299 1330 1336 1359 de
1359 1337 1393 1359 ea
1416 1329 1531 1368 aliquid
1554 1330 1703 1366 relaxant,
1727 1331 1773 1360 vel
1789 1331 2053 1361 Sacrameutorum

1098 1378 1302 1408 communioni
1326 1378 1506 1413 conciliant;
1537 1378 1595 1408 alia
1609 1387 1700 1417 opera
1726 1380 1754 1408 in
1777 1383 1954 1417 peccatores
1970 1388 2052 1409 exer-

1099 1435 1168 1457 cere
1190 1427 1450 1465 nequeunt—Et
1465 1427 1644 1463 notandum,
1665 1428 1735 1466 quia
1753 1437 1828 1466 quos
1850 1428 2053 1458 satisfactione

1098 1476 1301 1514 poenitentiae
1324 1475 1416 1514 ligant
1448 1484 1483 1505 eo
1513 1476 1578 1513 ipso
1612 1484 1628 1505 a
1657 1477 1791 1514 peccatis
1822 1477 1935 1506 solutos
1958 1480 2053 1506 osten-

1098 1525 1185 1560 dunt,
1208 1525 1280 1563 quia
1303 1533 1360 1554 non
1384 1524 1549 1562 imponitur
1565 1524 1655 1554 alicui
1679 1525 1843 1554 satisfactio
1860 1525 2055 1563 poenitentia-

1099 1574 1149 1609 lis,
1165 1573 1220 1603 nisi
1237 1581 1327 1612 quem
1343 1573 1486 1602 sacerdos
1502 1581 1573 1602 vere
1588 1574 1791 1611 poenitentem
1807 1573 1981 1604 arbitratur.
1997 1574 2054 1603 Alii

1099 1630 1156 1652 non
1187 1621 1368 1660 imponunt⁴
1398 1625 1427 1650 et
1449 1629 1484 1650 eo
1511 1621 1577 1659 ipso
1606 1625 1765 1659 peccatum
1795 1622 1917 1652 retineri
1948 1631 1963 1652 a
1994 1623 2056 1652 Deo

1099 1671 1242 1700 iudicant.
1265 1670 1348 1705 Quod
1376 1673 1476 1699 autem
1500 1669 1558 1699 hoc
1580 1670 1618 1699 ad
1648 1670 1749 1699 claves
1771 1671 1935 1708 pertineat,
1957 1672 2206 1708 Augu-Augustinus-

1099 1720 1194 1749 stinus
1216 1718 1347 1748 ostendit
1369 1718 1487 1747 dicens:
1514 1730 1526 1743 «
1543 1718 1678 1747 Frustrat
1705 1718 1806 1748 claves
1828 1719 1983 1749 Ecclesiae
2003 1720 2054 1758 qui

1099 1768 1164 1798 sine
1185 1767 1310 1797 arbitrio
1333 1767 1500 1797 sacerdotis
1522 1767 1737 1805 poenitentiam
1760 1768 1835 1805 agit,
1857 1768 1882 1797 si
1912 1768 1976 1798 sine
1995 1769 2056 1798 oris

1099 1816 1287 1846 confessione
1309 1816 1445 1845 criminis
1467 1809 1683 1854 indulgentiam
1707 1816 1929 1854 impetratur».

1003 1978 1083 2010 PARS
1107 1978 1139 2009 ll.

159 2118 209 2147 Est
234 2121 261 2147 et
284 2117 360 2147 alius
392 2117 500 2147 modus
532 2117 642 2156 ligandi
677 2121 705 2146 et
732 2117 882 2154 solvendi,
905 2117 955 2155 qui
979 2125 1034 2155 per

82 2166 422 2195 excommunicationem
455 2166 582 2204 geritur,
606 2166 677 2195 dum
712 2166 837 2204 aliquis,
865 2165 1032 2195 seeundum

81 2215 256 2244 canonicam
279 2214 468 2252 disprlinam
487 2215 573 2243 tertio
598 2218 722 2244 vocatus
738 2214 774 2244 ad
792 2214 1032 2244 emendationem

81 2263 226 2292 manifesti
260 2262 361 2292 delicti
395 2266 423 2292 et
454 2262 627 2292 satisfacere
660 2262 864 2301 vilipendens,
886 2262 1033 2292 sententia

82 2311 234 2341 Ecclesiae
257 2319 273 2341 a
296 2311 362 2340 loco
397 2311 540 2340 orationis
564 2314 593 2340 et
614 2310 878 2340 Sacramentorum
901 2319 1034 2340 commu-

83 2359 168 2389 nione
190 2363 218 2389 et
240 2359 374 2389 fidelium
398 2359 550 2388 consortio
583 2359 805 2397 praescinditur
818 2359 838 2396 ⁵,
862 2363 893 2389 ut
925 2359 1034 2388 erube-

81 2412 156 2445 scat,
179 2412 207 2438 et
234 2408 350 2446 pudore
379 2408 502 2437 sceleris
532 2416 713 2443 conversus,
738 2408 902 2446 poeniteat,
928 2412 961 2437 uc
990 2408 1034 2436 sic

81 2456 207 2495 spiritus
229 2457 294 2487 cius
314 2457 418 2486 salvus
440 2456 487 2486 sic.
510 2456 621 2491 Quodsi
649 2456 864 2494 poenitentiam
889 2456 1034 2494 profitens

82 2506 253 2544 resipuerit,
277 2509 401 2544 negatae
424 2505 627 2534 communioni
653 2505 820 2534 admittitur
836 2508 864 2534 et
880 2504 1035 2534 Ecclesiae

81 2553 300 2583 reconciliatur.
336 2554 416 2583 Haec
449 2557 549 2582 autem
582 2552 736 2582 Ecclesiae
769 2552 1033 2582 anathematizatio

83 2602 159 2631 banc
181 2610 308 2640 poenam
333 2602 390 2631 illis
412 2603 463 2640 qui
481 2602 570 2638 digne
587 2601 807 2640 percelluntur,
830 2600 946 2637 infligit,
963 2602 1034 2638 quia

84 2651 177 2687 gratia
199 2651 252 2680 Dei
283 2654 312 2680 et
344 2651 492 2688 protectio
526 2650 584 2679 illis
617 2650 746 2688 amplius
772 2649 975 2685 subtrabitur,
998 2657 1033 2678 ac

84 2699 138 2728 sibi
162 2700 234 2738 ipsIs
257 2699 482 2738 relinquuntur⁷
507 2702 538 2728 ut
559 2699 596 2728 sit
619 2699 662 2728 eis
684 2698 813 2727 liberum
836 2706 925 2727 ruere
949 2699 977 2726 in
996 2698 1035 2726 in-

85 2748 202 2777 teritum
225 2748 357 2786 peccati,
381 2748 409 2776 in
433 2756 509 2786 quos
526 2747 614 2776 etiam
631 2746 752 2776 diabolo
769 2746 864 2776 maior
879 2745 1033 2775 saeviendi

85 2795 172 2826 datur
193 2800 334 2835 potestas.
359 2796 515 2826 Orati0nes
538 2804 659 2833 quoque
688 2795 842 2824 Ecclesiae
866 2798 895 2824 et
918 2794 1036 2823 benedi-

88 2844 217 2874 ctionum
240 2853 276 2874 ac
298 2845 474 2874 meritorum
497 2844 637 2881 suffragia
661 2844 704 2873 eis
727 2851 918 2882 nequaquam
935 2843 1037 2873 suffra-

87 2893 149 2930 gari
171 2896 322 2931 putantur.

1502 2116 1570 2145 Car.
1594 2116 1651 2146 Vll.

1273 2213 1427 2250 Quomodo
1455 2212 1688 2252 2'72lelldoetzdzc77z
1717 2213 1757 2243 sic
1787 2213 1884 2244 iamt.-

1344 2261 1559 2301 andctmzqae
1580 2261 1732 2292 solveritis
1754 2266 1809 2292 etc.

1180 2359 1352 2389 Secundum
1388 2360 1443 2390 bos
1477 2359 1589 2397 ligandi
1619 2363 1647 2389 et
1673 2360 1808 2389 solvendi
1841 2360 1945 2390 modos
1981 2370 2055 2400 quo-

1100 2407 1189 2437 modo
1212 2416 1318 2438 verum
1341 2411 1385 2438 est
1406 2409 1487 2447 quod
1511 2408 1639 2437 dicitur:
1669 2408 1883 2447 Quodcumque
1903 2409 2055 2439 soloeritz's

1099 2465 1190 2495 saper
1213 2458 1345 2491 terram,
1368 2456 1424 2486 eric
1446 2457 1580 2486 solatum
1602 2461 1629 2486 ec
1650 2456 1683 2486 z'n
1706 2456 1812 2491 caelis,
1841 2461 1868 2486 et
1894 2457 2056 2496 quodcum-

1099 2513 1155 2544 qae
1179 2503 1345 2544 lzyavcrz'lis
1366 2513 1459 2544 saper
1482 2509 1613 2539 ceri-am,
1636 2504 1694 2534 erit
1710 2504 1837 2543 [opacam
1852 2509 1879 2534 ec
1893 2505 1925 2534 z'n
1942 2505 2055 2535 caelis?

1099 2553 1269 2592 Aliquando
1292 2553 1371 2583 enim
1394 2553 1554 2583 ostendunt
1587 2553 1701 2582 solutos
1724 2553 1769 2582 vel
1793 2553 1900 2590 ligatos
1923 2554 1975 2592 qui
1998 2563 2055 2584 non

1100 2605 1168 2631 sunt
1190 2602 1271 2640 apud
1294 2602 1407 2635 Deam,
1430 2605 1459 2631 et
1481 2610 1576 2639 poena
1609 2601 1821 2631 satisfactionis
1854 2601 1900 2631 vel
1935 2610 2057 2631 excom-

1100 2650 1312 2679 municationis
1336 2650 1485 2679 interdum
1509 2649 1645 2686 indignos
1669 2649 1760 2686 ligant
1785 2650 1832 2679 vel
1865 2650 2000 2687 solvunt,
2027 2654 2056 2680 et

1100 2698 1239 2735 indignos
1254 2697 1457 2728 Sacramentis
1473 2697 1634 2727 admittunt
1646 2701 1674 2726 et
1687 2697 1792 2735 dignos
1809 2698 1925 2728 admitti
1940 2702 2052 2728 arcent.

1099 2763 1140 2768 —
1161 2746 1219 2775 Sed
1243 2745 1468 2784 intelligendum
1501 2749 1545 2775 est
1577 2745 1635 2774 hoc
1658 2746 1686 2774 in
1711 2745 1768 2775 illis
1790 2755 1921 2784 quornm
1945 2748 2053 2778 merita
2070 2751 2163 2773 Dubium
2181 2754 2201 2774 2-

1101 2795 1176 2824 501νί
1201 2794 1246 2824 vel
1268 2794 1354 2832 ligari
1378 2794 1538 2832 postulant.
1562 2795 1644 2823 Tunc
1677 2795 1756 2824 enim
1789 2796 1936 2825 sententia
1958 2804 2054 2826 sacer-
2065 2800 2096 2821 De
2111 2800 2216 2831 iustessx-

1102 2842 1180 2872 dotis
1201 2842 1314 2872 iudicio
1337 2842 1390 2871 Dei
1413 2846 1441 2871 et
1465 2843 1554 2871 tetius
1576 2842 1714 2872 caelestis
1737 2843 1840 2873 curiae
1867 2844 2054 2882 approbatur
2075 2833 2216 2874 tcitginmumca-

1103 2895 1132 2921 et
1153 2891 1358 2927 confirmatur,
1381 2899 1450 2921 cum
1480 2892 1519 2920 ita
1552 2899 1588 2920 ex
1615 2891 1797 2922 discretione
1823 2892 2000 2930 proce<lit⁶‚
2023 2896 2055 2923 ut

157 3104 164 3120 ¹
185 3105 253 3130 Libr.
274 3106 310 3130 lll.
331 3113 352 3131 c.
378 3107 414 3130 16.
440 3113 465 3130 v.
500 3107 541 3137 19;
568 3106 726 3130 verbotenus
749 3105 783 3131 ibi
809 3107 834 3130 in
854 3106 943 3131 Glossa
966 3106 1037 3137 apud

86 3147 222 3178 Lyranum.
244 3150 388 3181 Respicitur
417 3151 497 3175 Levit.
531 3149 568 3180 14,
590 3151 613 3174 2.
634 3164 668 3167 —-
694 3150 799 3174 Inferius
818 3150 887 3175 solae
903 3150 972 3181 edd.y
994 3157 1038 3175 ex-

88 3194 166 3224 ceptis
187 3194 215 3225 1,
238 3195 267 3225 8,
287 3194 385 3219 addunt
404 3201 507 3226 semper
526 3197 584 3219 ante
603 3193 732 3226 seqnitur.

156 3237 166 3253 2
186 3237 246 3269 Cap.
267 3239 299 3269 6,
321 3239 361 3263 27.

156 3280 167 3297 3
186 3281 246 3306 Dist.
266 3282 342 3307 xvn.
363 3289 383 3307 c.
405 3282 436 3313 33
457 3281 537 3306 verba
558 3282 694 3312 Augustini
714 3281 775 3306 vide
794 3289 873 3313 supra
893 3289 915 3307 c.
936 3282 959 3307 5.

159 3323 169 3340 ⁴
188 3325 245 3350 Vat.
264 3332 323 3350 cum
349 3326 470 3356 pluribus
495 3325 553 3350 edd.
584 3332 722 3356 perperam
751 3325 937 3358 imponuntur,
960 3326 1000 3351 ed.
1022 3328 1035 3349 8

87 3367 205 3400 imponit.
225 3382 259 3387 -
277 3370 361 3394 Locus
380 3370 523 3401 Augustini,
545 3369 590 3394 sed
610 3369 698 3394 verbis
717 3370 771 3394 aliis
791 3377 942 3401 expressus,
962 3371 1037 3395 estin

1102 3107 1183 3131 Serm.
1199 3107 1257 3131 392.
1273 3106 1345 3137 (alias
1364 3106 1452 3130 homil.
1474 3105 1514 3130 49.
1534 3106 1599 3129 inter
1619 3105 1709 3129 llomil.
1731 3105 1773 3135 50)
1794 3113 1817 3130 c.
1834 3106 1857 3130 3.
1877 3113 1900 3130 n.
1917 3107 1945 3137 33
1961 3107 2056 3132 verbo-

1103 3155 1176 3176 tenus
1195 3150 1265 3182 apud
1286 3151 1396 3175 Gratiam.
1411 3150 1435 3174 in
1451 3149 1477 3174 C.
1494 3149 1558 3180 Quis
1578 3148 1723 3182 aliquando
1744 3150 1816 3181 (87),
1832 3150 1864 3175 de
1879 3150 1972 3176 Poenit.
1989 3151 2013 3176 d.
2033 3152 2053 3177 l.

1173 3194 1183 3210 ⁵
1202 3193 1284 3219 Codd.
1312 3198 1336 3219 et
1357 3193 1418 3218 edd.
1441 3193 1469 3224 3,
1490 3193 1518 3222 7,
1540 3193 1554 3216 8
1579 3192 1751 3226 praeciditur.
1772 3207 1808 3211 —
1827 3194 1890 3218 lnira
1920 3195 2056 3226 respicitur

1102 3239 1118 3264 1.
1138 3238 1197 3264 Cor.
1219 3238 1242 3269 5,
1263 3238 1287 3263 5.
1310 3251 1344 3256 -—
1365 3238 1461 3262 Deinde
1481 3244 1529 3268 pro
1549 3237 1619 3263 Haeo
1638 3238 1728 3263 (tatem
1741 3238 1809 3269 edd„
1824 3242 1930 3270 excepta
1950 3239 1969 3271 l,
1983 3239 2054 3265 Haec

1101 3284 1139 3308 esc
1158 3284 1262 3313 autem,
1282 3285 1307 3307 et
1325 3283 1362 3307 sie
1382 3289 1431 3307 non
1452 3283 1613 3313 coniungunt
1630 3282 1790 3307 vocabulum
1815 3282 2051 3310 anathematizatio

1103 3334 1162 3351 cum
1183 3326 1265 3351 verbo
1285 3325 1390 3359 insliyil.

1173 3369 1184 3385 6
1203 3369 1284 3395 Codd.
1304 3373 1329 3395 et
1348 3371 1434 3401 plures
1454 3370 1513 3395 edd.
1534 3371 1574 3395 vel
1592 3370 1690 3403 prodit,
1711 3371 1751 3396 vel
1769 3371 1898 3404 proderit.
