2483 3882
861 239 1071 271 DISTINCTIO
1095 239 1195 272 XXVI.

52 331 256 379 humiliante,
281 332 312 362 et
335 329 379 361 sic
403 332 450 361 est
472 336 556 360 unus
581 328 711 366 modus3
735 331 790 359 aut
818 336 858 359 ex
883 336 996 359 amore

0 397 37 417 ‚iex
50 384 132 418 male
155 382 395 424 inflammante,
413 384 443 413 et
466 384 540 412 tunc
558 399 601 402 —
617 389 689 412 cum
707 380 824 421 triplex
842 380 881 412 sit
896 388 995 418 amor,

0 427 36 443 101⁸-

51 437 164 471 scilicet
186 434 343 476 superbia,
366 433 470 470 vitae,
496 441 576 474 quae
600 435 685 464 amat
709 433 860 469 honores,
878 435 908 464 et
925 441 995 463 cori-

50 487 248 530 cupiscentt'ct
284 486 418 523 earnis,
443 489 472 517 et
503 485 767 526 eoncupiscentia
798 484 993 515 οωιίονῑινη1

0 557 36 572 ms.
51 560 88 565 -
113 548 206 582 penes
230 537 527 585 concupiscentiam
552 537 724 577 oculorum
748 536 900 578 accipitur
926 536 995 574 illa,

50 602 127 637 quae
150 595 195 624 est
220 591 249 622 in
274 600 428 628 nummo,
453 598 533 631 quae
558 589 797 630 comprehendit
821 597 913 621 omne
940 591 997 620 ter-

0 656 35 677 ius.
48 654 158 678 renum
182 647 212 676 et
235 642 420 684 obsequium
446 642 516 674 vile.
543 642 638 674 Penes
655 650 802 673 amorem
826 640 996 672 carnatem

48 697 196 738 accipitur
212 696 297 728 aliud
319 695 517 733 membrum,
542 694 658 726 scilicet
682 703 782 730 estro,
807 693 891 734 quod
917 701 997 725 com-

48 748 210 792 prehendit
242 747 454 779 inordinatum
487 755 627 778 amorem
661 746 726 778 sive
758 749 903 787 respectu
929 754 997 786 pro-

47 802 252 844 pinquorum,
269 799 334 832 sive
359 802 504 840 respectu
528 798 682 837 aliorum,
699 802 735 830 ut
751 798 775 829 si
794 798 864 839 quis
889 805 997 828 amore

47 853 227 887 fornicariae
250 854 450 894 promoveret
482 851 584 882 filium
615 850 809 882 fornicariae.
835 850 865 881 Si
889 853 996 881 autem

0 908 202 949 ¹nunquantum
228 905 267 937 ad
290 904 499 946 superbiam,
517 903 700 944 dupliciter:
719 907 774 934 aut
796 905 891 943 prout
907 911 998 943 appe-

0 1627 33 1649 igo-

50 959 84 991 tit
105 957 266 1000 favorem,
283 960 318 988 ut
336 956 515 998 hypocrita,
532 960 563 987 et
586 955 630 987 sic
654 958 701 987 est
714 953 815 996 favor
833 954 897 986 sive
915 954 998 985 fama

48 1010 219 1054 popularis3
244 1013 298 1041 aut
323 1012 416 1051 prout
440 1008 558 1050 appetit
582 1007 737 1045 laudari,
755 1011 785 1039 et
808 1007 852 1039 sic
869 1007 995 1048 linquet.

1948 238 2011 269 659

1061 327 1095 358 Et
1123 326 1166 358 sic
1191 329 1277 368 patet
1301 325 1496 358 sufficientia.
1515 344 1557 348 —
1581 325 1635 357 Vel
1660 328 1695 356 ut
1718 324 1930 365 distinguatur
1947 334 2106 358 init-muer.

1060 388 1124 410 uus
1155 388 1177 410 α
1207 387 1330 415 mauu,
1355 387 1377 409 a
1401 377 1517 419 linqua
1549 380 1579 409 et
1610 387 1632 408 a
1664 377 1761 409 corde
1783 376 1806 415 2,
1839 381 1870 409 et
1874 377 2013 418 sduplex

1060 431 1213 463 motivum
1240 431 1338 463 timor
1355 434 1385 463 et
1401 439 1517 468 amor,
1534 433 1564 462 et
1581 430 1624 462 sic
1641 434 1734 462 eruut
1751 430 1890 471 quinque
1916 429 2010 461 modi.

1061 484 1096 515 Et
1120 492 1176 525 per
1201 484 1259 515 hoc
1283 487 1368 525 patet
1393 492 1545 514 numerus
1570 486 1600 514 et
1624 482 1819 514 sufficientia.

1147 536 1191 568 Ad
1216 536 1295 568 illud
1331 536 1415 577 quod
1450 536 1596 568 obiicitur
1632 536 1670 567 de
1703 535 1801 573 fama,
1826 534 2014 571 dicendum,

1061 588 1145 629 quod
1169 589 1252 620 fama
1278 597 1425 630 magnum
1450 589 1568 620 honum
1586 591 1633 620 est
1655 598 1720 619 nou
1737 587 1914 629 appetenti,
1931 587 2012 619 sicut
2031 597 2160 619 Notandum.

1062 640 1130 672 viro
1154 641 1251 679 iusto,
1276 641 1331 673 sed
1355 641 1518 682 appetenti
1552 644 1582 672 et
1606 640 1760 672 laboranti
1785 640 1822 672 ad
1861 640 1920 671 hoc
1953 649 2011 671 non

1061 696 1108 724 est
1133 701 1280 734 magnum
1308 694 1443 732 honum,
1461 694 1541 725 sicut
1566 693 1762 734 hypocritae3
1780 693 1864 724 uude
1890 692 2017 724 Prover-

1062 744 1188 776 biorum
1217 745 1377 777 decimo³z
1403 745 1561 776 ilsemorict
1586 745 1668 776 tusci
1691 754 1765 776 cum
1791 744 1958 782 laudibus,
1989 749 2016 775 et

1061 806 1177 828 nomen
1204 797 1382 838 impiorum
1405 801 1577 838 putrescet.

1151 850 1241 890 Quod
1264 850 1410 881 obiicitur
1435 850 1473 882 dc
1498 851 1784 891 consanguinitate,
1809 860 1869 882 non
1906 854 1953 882 est
1978 850 2014 881 si-

1062 902 1151 934 mile:
1177 902 1251 943 quia
1275 903 1485 934 sacerdotium
1523 903 1636 934 veteris
1670 903 1746 944 legis
1778 906 1844 935 erat
1869 903 2014 940 carnale,

1062 954 1117 986 sed
1141 954 1221 986 illud
1245 963 1343 987 novae
1375 958 1421 987 est
1449 954 1611 996 spirituale
1624 955 1642 986 ·¹.
1667 974 1709 978 —
1734 956 1769 987 Et
1794 956 1836 987 sic
1857 958 1963 997 patent
1980 964 2016 986 ea

1062 1015 1142 1048 quae
1167 1011 1240 1039 sunt
1264 1007 1346 1039 circa
1371 1007 1461 1039 istam
1486 1012 1617 1048 partem.

772 1142 1099 1196 Diszrmotrio
1130 1155 1291 1195 XXVI.

460 1318 529 1348 Cap,
550 1318 570 1347 Ι.

306 1416 349 1445 De
372 1416 565 1446 Sam-amento
587 1413 731 1454 eoniugyz't'.

128 1513 224 1543 «Cum
247 1512 305 1542 alia
327 1512 521 1542 Sacramenta
547 1514 616 1550 post
637 1514 795 1548 peccatum
819 1514 847 1540 et
870 1513 994 1548 propter

47 1565 200 1602 peccatum
225 1561 382 1592 exordium
405 1561 583 1597 sumserint,
605 1560 789 1590 matrimonii
823 1559 996 1589 Sacramen-

48 1614 107 1641 tum
130 1611 218 1640 etiam
241 1613 309 1640 ante
330 1612 490 1648 peccatum
512 1609 621 1647 legitur
643 1608 811 1637 institutum
827 1616 842 1636 a
859 1607 995 1642 Domino,

47 1667 103 1689 non
123 1662 221 1689 tamen
245 1658 283 1688 ad
309 1657 499 1692 remedium,
522 1657 575 1686 sed
608 1656 645 1686 ad
678 1655 831 1696 officiuim
846 1669 872 1684 ».
896 1656 996 1685 Refert

48 1708 122 1739 enim
143 1707 299 1745 Scriptura
320 1706 459 1742 Genesis,
482 1706 511 1735 iu
534 1705 628 1735 Adam
645 1705 737 1734 misso
759 1712 882 1742 sopore,
905 1708 995 1742 atque

48 1764 103 1787 una
125 1756 162 1785 de
183 1755 274 1785 costis
296 1755 360 1784 eius
383 1758 499 1789 sumta,
522 1758 551 1784 et
571 1753 680 1783 exinde
703 1753 829 1782 muliere
852 1753 994 1789 formata,

48 1805 141 1834 virum
164 1804 193 1833 in
215 1803 324 1841 spiritu
346 1802 577 1839 intelligentem,
598 1801 636 1831 ad
659 1809 749 1839 quem
772 1809 859 1830 usum
887 1800 996 1829 mulier

48 1852 122 1883 facta
144 1855 234 1887 esset,
252 1854 319 1889 post
334 1851 472 1881 ecstasim
489 1850 667 1888 prophetice
692 1849 820 1878 dixisse:
836 1849 898 1878 Hoc
913 1857 996 1877 mmo

49 1910 77 1931 os
98 1909 133 1930 ea:
154 1899 269 1930 ossibus
290 1899 365 1929 meis
387 1903 413 1928 et
434 1908 504 1928 caro
528 1897 563 1927 de
586 1907 676 1927 ecto-ne
697 1906 787 1933 mecm
799 1900 927 1936 propter
941 1896 996 1925 ltoc

48 1948 193 1988 relinquet
214 1948 302 1978 homo
323 1951 441 1986 patrem
463 1951 490 1976 et
509 1950 638 1976 matrem
660 1950 686 1975 et
705 1944 881 1975 adhaerebit
902 1943 998 1974 >zamri

48 2006 133 2031 suae,
154 2001 180 2026 et
200 2000 290 2026 erzmc
312 1995 372 2025 duo
394 1995 428 2025 in
450 2004 541 2025 carne
563 2003 635 2025 une.

453 2092 521 2122 CAP.
548 2092 579 2121 ΙΙ.

261 2190 303 2219 De
325 2188 516 2219 institutione
538 2187 602 2218 etus
624 2192 650 2217 et
671 2197 771 2218 causa.

124 2285 257 2323 Coniugii
280 2288 379 2315 autem
403 2285 549 2314 institutio
565 2284 678 2322 duplex
694 2287 753 2314 est:
771 2292 829 2314 una
845 2287 914 2314 aute
928 2292 996 2322 pec-

50 2336 145 2364 catum
176 2334 215 2363 ad
245 2333 377 2373 officium
410 2333 486 2362 faeta
518 2336 562 2362 est
593 2333 621 2362 in
648 2332 807 2371 paradiso,
834 2332 885 2362 ubi
918 2336 996 2361 esset

50 2386 127 2413 torus
158 2382 371 2412 immaculatus
400 2386 426 2411 et
446 2381 571 2420 nuptiae
594 2380 832 2416 lwnorctbz'les2;
863 2389 900 2410 ex
933 2381 996 2419 qui-

49 2431 103 2462 bus
123 2432 185 2462 sine
207 2431 315 2462 ardore
336 2431 546 2468 conciperent,
569 2430 633 2459 siue
654 2430 757 2459 dolore
778 2433 933 2468 parerent3
958 2429 996 2459 al-

50 2483 110 2510 tera
131 2483 197 2518 post
217 2483 376 2518 peccatum
405 2479 441 2508 ad
470 2477 641 2508 remedium
672 2478 748 2508 facta
771 2477 996 2515 extraparadi-

51 2535 129 2564 sum,
149 2531 271 2566 propter
294 2527 431 2556 illicitum
453 2530 566 2568 motum
590 2525 801 2561 devitandum;
824 2525 940 2563 prima,
964 2527 995 2553 ut

49 2578 149 2605 natura
173 2575 436 2613 multiplicaretur;
452 2574 600 2609 secunda,
618 2576 650 2603 ut
670 2576 777 2602 natura
793 2572 995 2610 exciperetur,

52 2625 79 2652 et
106 2623 208 2653 vitium
240 2623 442 2653 cohiberetur.
476 2621 550 2651 Nam
584 2625 613 2651 et
644 2624 712 2651 ante
738 2624 897 2659 peccatum
920 2619 997 2649 dixit

1061 1318 1154 1347 Deus:
1179 1316 1304 1347 Crescite
1335 1321 1362 1347 et
1393 1317 1669 1356 multiplicantem}
1691 1321 1720 1347 et
1746 1316 1814 1355 post
1837 1321 2012 1355 peceatum,

1062 1365 1202 1395 omuibus
1238 1374 1315 1404 pene
1352 1366 1524 1395 hominibus
1560 1374 1614 1404 per
1648 1365 1796 1395 diluvium
1839 1365 2014 1395 consumtis.

1060 1413 1145 1448 Quod
1168 1422 1240 1443 vero
1262 1417 1331 1443 ante
1354 1418 1513 1452 peccatum
1537 1414 1703 1443 institutum
1729 1413 1815 1443 fuerit
1838 1413 2010 1450 coniugium

1061 1462 1098 1491 ad
1121 1461 1271 1501 officium,
1295 1466 1363 1500 post
1395 1466 1553 1501 peccatum
1588 1470 1659 1491 vero
1693 1462 1729 1491 ad
1756 1461 1926 1491 remedium
1948 1469 2016 1491 con-

1060 1519 1195 1547 cessum,
1211 1511 1395 1549 Augustinus
1409 1511 1418 1525 ³
1436 1514 1561 1540 testatur
1576 1511 1693 1540 dicens:
1716 1510 1824 1545 «Quod
1840 1511 1920 1540 sanis
1937 1513 2162 1551 essetAugufflfflffi,

1060 1558 1097 1587 ad
1124 1558 1256 1589 officium
1277 1559 1407 1596 aegrotis
1423 1562 1467 1588 est
1482 1558 1519 1587 ad
1535 1558 1702 1587 remedium
1717 1570 1742 1586 ».
1761 1558 1920 1587 Infirmitas
1935 1557 2014 1587 euim

1061 1606 1307 1642 incontinentiae,
1324 1614 1403 1644 quae
1418 1610 1463 1635 est
1479 1607 1505 1634 iu
1522 1614 1613 1635 carue
1629 1614 1683 1644 per
1705 1610 1864 1643 peccatum
1887 1609 2016 1641 mortua,

1059 1663 1095 1684 ne
1128 1655 1217 1684 cadat
1249 1655 1278 1683 iu
1307 1655 1425 1684 ruinam
1459 1654 1656 1691 flagitiorum,
1679 1654 1832 1691 excipitur
1859 1654 2015 1683 honestate

1060 1703 1244 1740 nuptiarum.
1267 1702 1296 1732 Si
1319 1711 1377 1732 nou
1399 1705 1577 1740 peccassent
1599 1701 1687 1739 primi
1711 1701 1857 1737 homines,
1873 1702 1938 1731 siue
1954 1709 2017 1730 car-

1059 1751 1104 1780 nis
1126 1751 1277 1780 incentivo
1300 1758 1336 1780 ac
1369 1751 1486 1780 fervore
1518 1750 1652 1779 lihidinis
1686 1750 1742 1787 ipsi
1765 1758 1801 1779 ac
1823 1758 2015 1779 successores

1059 1807 1164 1828 eorum
1187 1799 1396 1833 convenirent;
1419 1803 1448 1828 et
1468 1799 1547 1828 sicut
1573 1797 1797 1827 remunerabile
1825 1800 1870 1826 est
1891 1797 2015 1835 aliquod

1060 1847 1171 1876 honum
1188 1855 1280 1885 opus,
1296 1847 1340 1876 sic
1361 1847 1459 1876 coitus
1482 1854 1586 1876 eorum
1611 1846 1706 1875 honus
1728 1849 1806 1875 esset
1828 1849 1856 1875 et
1878 1854 2017 1875 remune-

1059 1895 1173 1925 rabilis.
1195 1894 1270 1929 Quia
1298 1903 1368 1924 vero
1400 1899 1525 1933 propter
1553 1898 1711 1932 peccatum
1744 1893 1841 1924 letalis
1872 1894 2017 1932 concupi-

1058 1944 1192 1973 scentiae.
1208 1943 1255 1973 lex
1279 1943 1422 1972 memhris
1438 1943 1547 1972 uostris
1563 1942 1705 1978 inhaesit,
1723 1943 1787 1972 sine
1803 1950 1862 1980 qua
1886 1942 2017 1971 carnalis

1033 2019 1034 2022 ,
1060 2000 1118 2021 non
1142 1992 1173 2021 fu
1187 1992 1380 2027 commixtio,
1403 1991 1650 2029 reprehensibilis
1667 1994 1711 2020 est
1734 1994 1763 2020 et
1784 1990 1882 2020 malus
1904 1991 2016 2026 coitus,

1061 2040 1115 2070 nisi
1139 2043 1300 2070 excusetur
1324 2048 1378 2078 per
1399 2039 1476 2069 bona
1499 2040 1641 2077 coniugii.

1469 2137 1538 2166 CAP.
1560 2137 1605 2166 ΙΙΙ.

1065 2233 1148 2264 Unde
1169 2233 1336 2264 secundum
1356 2238 1550 2273 praeceptum
1566 2237 1592 2262 et
1606 2232 1773 2263 secundum
1788 2232 2013 2272 indutgyeutt'rem

1310 2286 1496 2311 contractum
1518 2280 1557 2310 sz't
1578 2280 1763 2319 coniuqz'um.

1139 2379 1237 2409 Prima
1261 2379 1406 2408 institutio
1438 2378 1545 2408 hahuit
1576 2381 1790 2416 praeceptum,
1812 2376 1945 2406 secunda
1968 2373 2031 2405 m?

1060 2426 1257 2466 (titlgyentictm.
1280 2425 1446 2455 Didicimus
1468 2426 1546 2455 enim
1563 2425 1600 2454 ah
1617 2424 1759 2462 Apostolo
1773 2424 1797 2460 ⁴,
1821 2424 1953 2453 humano
1969 2431 2015 2461 ge-

1060 2476 1123 2505 neri
1146 2477 1269 2513 propter
1286 2474 1436 2503 vitandam
1453 2473 1679 2503 fornicationem
1699 2472 1846 2501 indultum
1864 2480 1928 2501 esse
1944 2480 2016 2500 con-

1061 2524 1184 2560 iugium.
1216 2522 1404 2560 Indulgentia
1432 2529 1528 2556 vero,
1560 2521 1629 2559 quia
1665 2520 1789 2550 meliora
1823 2528 1880 2549 non
1914 2519 2013 2556 eligit,

1060 2570 1228 2600 remedium
1250 2570 1357 2605 hahet,
1380 2578 1438 2599 non
1461 2569 1645 2607 praemium;
1668 2576 1683 2597 a
1707 2576 1767 2606 qua
1790 2568 1814 2597 si
1837 2568 1905 2606 quis
1926 2567 2015 2597 decli-

1062 2619 1192 2654 naverit,
1214 2621 1346 2648 meretur
1367 2617 1488 2647 exitiale
1512 2617 1667 2646 iudicium.
1682 2615 1767 2650 Quod
1790 2615 1955 2645 secundum
1974 2616 2015 2644 in—

122 2786 129 2802 ¹
148 2787 226 2818 Epist.
242 2787 256 2812 l.
272 2787 354 2817 loan„
375 2787 404 2818 2,
429 2787 466 2811 16,
482 2800 514 2803 —
529 2787 563 2811 De
583 2792 676 2811 autore
696 2786 762 2810 male
782 2786 956 2810 inflammante
976 2787 1000 2809 et

53 2828 142 2856 timore
161 2831 225 2855 male
245 2832 394 2856 humiliante
414 2831 458 2855 cfr.
482 2832 543 2855 tom.
566 2830 590 2854 ll.
611 2837 670 2861 pag.
692 2829 756 2860 1146,
784 2832 842 2853 nota
867 2829 892 2853 7.
917 2828 998 2853 verba

53 2874 157 2905 August.
178 2889 212 2892 —
231 2875 337 2900 lutei-ius
356 2882 404 2907 pro
418 2874 490 2908 quod
502 2873 699 2907 oonzprelzmza'z't
712 2873 826 2898 nonnulli
841 2873 917 2898 codd.
931 2879 999 2905 (μιαε

54 2917 250 2950 comprehendit.

121 2961 132 2978 2
148 2962 270 2994 Gregor.,
292 2963 333 2987 lx.
354 2963 439 2987 Moral.
460 2970 481 2987 c.
502 2961 543 2987 34.
564 2969 587 2986 n.
609 2962 660 2987 53:
681 2962 745 2987 Tres
764 2968 827 2986 vcro
851 2963 909 2986 sunt
928 2968 999 2986 acce-

53 3005 150 3035 ptiones
169 3012 320 3037 munerum,
340 3006 373 3031 ad
393 3013 457 3037 quas
476 3012 506 3030 ex
520 3005 611 3030 fraude
625 3006 765 3030 festinatur.
780 3005 871 3029 Munus
886 3011 999 3036 namque

54 3054 70 3072 a
94 3048 169 3074 corde
193 3052 231 3074 est
255 3052 354 3081 captata
380 3050 461 3081 gratia
486 3056 499 3073 a
527 3049 696 3080 cogitation03
723 3055 819 3073 munus
844 3047 877 3074 ab
897 3055 942 3073 ore
961 3052 1000 3073 est

54 3091 133 3122 gloria
152 3099 197 3124 per
216 3094 348 3124 favorem;
369 3100 465 3118 munus
484 3099 518 3118 ea:
537 3099 621 3118 manu
641 3095 679 3117 est
697 3093 842 3123 praemium
861 3099 908 3123 per
920 3092 999 3117 datio-

55 3141 120 3160 nem.
139 3135 188 3161 Cfr.
208 3136 269 3162 ibid.
289 3138 342 3162 Xll.
363 3144 384 3162 c.
405 3137 446 3162 54.
467 3144 491 3162 n.
512 3138 552 3169 62,
573 3140 598 3162 et
623 3137 638 3161 l.
666 3137 758 3161 Homil.
784 3138 809 3160 in
834 3136 930 3168 Evang.
956 3137 999 3161 ho-

55 3178 105 3203 mil.
125 3178 148 3204 4.
168 3186 192 3204 n.
213 3180 242 3212 4,
258 3180 302 3205 ubi
315 3181 449 3212 distinguit
461 3187 558 3205 munus
571 3179 603 3205 ab
617 3178 755 3213 obsequio,
776 3186 871 3204 munus
885 3186 902 3204 a
914 3186 999 3205 manu

56 3224 79 3246 et
96 3228 189 3247 munus
207 3230 224 3248 a
243 3223 343 3257 linqua.
365 3223 430 3249 Vide
449 3224 526 3249 etiam
540 3222 566 3249 C.
582 3222 709 3249 Salvator
721 3221 850 3255 praedicit
863 3222 919 3255 (8.)‚
933 3222 959 3248 C.
975 3224 998 3247 l.

55 3271 80 3296 q.
101 3265 123 3290 3.
142 3265 157 3297 ‘5
181 3267 200 3291 l.

122 3308 133 3325 ³
151 3309 223 3335 Vers.
242 3310 268 3336 7.

126 3351 136 3368 ⁴
154 3352 203 3378 Cfr.
222 3360 299 3386 supra
320 3361 379 3386 pag.
399 3355 464 3386 500,
484 3358 543 3380 nota
563 3354 587 3379 4.
609 3368 641 3372 —
655 3354 724 3379 ldem
739 3353 800 3378 dub.
815 3353 918 3378 solvunt
930 3353 998 3378 Alex.

1063 2784 1132 2815 not,
1155 2784 1180 2808 S.
1203 2790 1226 2814 p.
1248 2783 1274 2807 ll.
1296 2790 1320 2814 q.
1346 2782 1401 2806 169.
1421 2788 1454 2806 m.
1476 2782 1508 2807 3:
1530 2781 1554 2805 B.
1575 2780 1684 2811 Albert,
1706 2781 1746 2805 hic
1766 2787 1787 2804 a.
1808 2780 1841 2811 5;
1863 2781 1886 2805 S.
1908 2780 2012 2811 Thom„

1064 2828 1104 2852 liic
1123 2834 1148 2859 q.
1169 2827 1191 2851 3.
1212 2834 1235 2852 a.
1258 2827 1282 2851 3.
1304 2828 1328 2851 et
1347 2827 1414 2851 circa
1434 2826 1487 2856 lit.;
1508 2826 1571 2849 Pctr.
1593 2832 1606 2849 a
1627 2825 1700 2856 Tau,
1726 2825 1766 2849 hic
1785 2831 1809 2856 q.
1830 2825 1853 2848 2.
1874 2831 1896 2849 a.
1922 2825 1942 2848 t.

1256 2913 1362 2940 NOTAE
1381 2913 1422 2939 AD
1441 2912 1526 2938 LIBR.
1548 2911 1818 2938 SENTENTIARUM.

1133 3002 1140 3018 ¹
1162 3003 1228 3033 nug.
1249 3010 1262 3027 a
1283 3003 1307 3027 S.
1329 3002 1406 3032 Vict,
1428 3002 1454 3026 ll.
1477 3001 1508 3025 ‹le
1529 3001 1642 3025 Sacram.
1664 3008 1689 3032 p.
1708 3000 1749 3025 XI.
1764 3007 1784 3025 c.
1805 3001 1833 3031 l;
1853 2999 1922 3024 unde
1936 3001 2013 3025 eiiam

1062 3053 1129 3078 quae
1148 3050 1292 3078 sequuntur
1311 3048 1430 3076 excerpta
1456 3046 1522 3069 sunt.
1542 3044 1618 3075 Seqq.
1639 3044 1686 3068 loci
1707 3044 1855 3074 Scripturac
1874 3043 2013 3074 respiciun-

1063 3093 1118 3121 tur,
1140 3090 1180 3114 vel
1201 3092 1261 3113 sunt
1279 3088 1342 3113 Gen.
1365 3089 1393 3119 2,
1415 3088 1456 3112 21.
1476 3088 1517 3112 ⁶23.
1539 3086 1581 3111 24.

1132 3132 1238 3157 211ehr.
1273 3132 1316 3163 13,
1346 3131 1368 3156 4.
1398 3131 1447 3156 Cfr.
1477 3132 1552 3156 etiam
1582 3131 1694 3155 Gratian.
1720 3137 1799 3161 super
1819 3129 1845 3155 C.
1865 3128 2013 3155 Sicutizoiz

1062 3175 1148 3202 ontnz's
1168 3176 1223 3208 (2.),
1244 3175 1270 3201 C.
1291 3176 1331 3200 32.
1352 3182 1376 3207 q.
1398 3176 1422 3200 2.
1436 3189 1468 3192 —
1480 3175 1537 3206 Seq.
1558 3175 1630 3199 locus
1643 3174 1790 3205 scripturae
1804 3177 1842 3199 est
1855 3173 1918 3198 Gen.
1937 3174 1956 3204 l,
1971 3173 2012 3198 28.

1063 3224 1087 3245 ct
1107 3221 1136 3250 9,
1162 3220 1181 3244 l.

1134 3263 1144 3279 3
1163 3264 1246 3294 Super
1265 3264 1327 3288 Gen.
1353 3263 1386 3288 ad
1410 3264 1444 3288 lit.
1470 3262 1526 3288 libr.
1550 3263 1591 3287 tx.
1612 3270 1633 3288 c.
1653 3262 1677 3287 7.
1698 3269 1722 3287 n.
1754 3263 1792 3287 12.
1824 3262 1848 3286 ln
1878 3262 1927 3287 fine
1956 3268 2012 3293 cap.

1062 3309 1198 3340 respicitur
1217 3308 1291 3333 Rom.
1310 3307 1340 3339 7,
1367 3308 1402 3332 15.
1424 3307 1466 3332 23.

1133 3351 1142 3368 ¹¹
1163 3352 1239 3383 Epist.
1260 3352 1274 3376 l.
1295 3351 1352 3376 Cor.
1372 3351 1400 3383 7,
1423 3352 1446 3375 6.
