2483 3882
362 226 421 256 188

440 314 639 344 Rnsroxnno:
664 311 856 349 Dicendum,
883 312 966 353 quod
992 312 1050 344 hoc
1082 312 1208 353 proprie
1233 312 1306 344 dici-

355 370 405 398 tur
431 366 469 397 [le
494 364 702 402 eucharistia,
739 368 806 395 tum
842 364 917 404 quia
952 364 1168 405 principaliter
1192 368 1238 396 est
1262 364 1304 396 ibi

197 429 333 451 nanohoni.
352 419 432 450 ratio
468 417 560 454 boni,
592 421 657 448 tuin
693 416 785 448 etiam
830 416 904 458 quia
940 417 1018 448 ratio
1048 417 1200 459 gratiae:
1225 417 1305 449 ratio

354 471 447 508 boni,
472 470 544 512 quia
575 469 719 501 «bonum
744 473 791 501 est
815 469 998 501 diffusivum
1021 473 1051 501 et
1073 470 1305 502 communicati·
1335 485 1338 503 1

352 523 497 555 v1nn1».
523 522 608 554 Unde
633 521 739 560 cibus,
765 521 817 563 qui
843 521 1054 553 communicat
1086 530 1119 553 se
1148 522 1304 563 pluribus

350 580 380 608 et
397 584 452 617 per
470 579 589 617 partes,
603 578 649 607 est
666 574 785 613 honus;
803 574 854 616 qui
874 575 1085 607 communicat
1101 583 1134 607 se
1147 574 1304 616 pluribus

351 633 453 660 totum
478 632 508 660 et
542 628 741 665 successive,
777 631 823 659 est
859 627 979 666 melior,
1005 632 1040 659 ut
1068 627 1201 660 verbnm
1231 627 1304 665 Dei,

350 681 432 723 quod
461 681 679 722 praedicatum
704 680 756 722 qui
777 689 850 712 vero
874 681 1085 713 communicat
1102 689 1135 712 se
1148 680 1304 721 pluribus

350 738 380 767 et
410 738 512 766 totum
543 738 573 766 et
601 733 711 770 sinuit,
739 733 795 766 iste
833 737 879 765 est
915 734 1070 774 optinius3
1095 738 1124 766 et
1156 733 1226 765 talis
1258 737 1304 765 est

350 788 407 820 iste
432 787 521 820 cibus
535 786 556 818 2.
582 787 633 819 llic
657 787 750 819 etiam
776 790 822 819 est
847 786 898 818 ille
923 786 1027 823 cibus,
1062 786 1114 827 qui
1151 790 1198 818 est
1222 795 1304 818 sum—

351 849 437 872 mum
464 841 596 878 bonum,
621 839 738 872 scilicet
763 839 906 871 Christus
924 839 1092 877 Dominus-3
1110 842 1140 871 et
1156 839 1199 871 sic
1218 848 1304 880 prae-

351 892 441 934 cipue
466 892 625 933 reperitur
650 892 728 924 ratio
765 891 847 923 honi.
886 910 927 914 —
952 891 1118 932 Reperitur
1142 891 1234 922 etiam
1262 890 1303 922 ihi
1335 907 1336 931 1

352 944 567 987 principaliter
592 944 671 976 ratio
693 944 826 986 gii-cuiae
851 948 918 976 tum
944 953 999 986 per
1025 943 1155 975 modum
1181 948 1304 975 conteu-
1335 933 1337 939 Α

353 999 426 1036 tivi,
454 1002 519 1030 tum
545 1007 600 1039 per
626 998 754 1030 modum
780 997 946 1039 esl'eetiuiss.
984 998 1039 1029 Per
1076 996 1204 1029 modum
1235 1006 1305 1027 eon-

353 1051 483 1089 tentat,
508 1051 581 1092 quia
607 1051 664 1083 hoc
688 1055 735 1082 est
760 1050 861 1082 solum
887 1051 1134 1087 Sacramentum,
1159 1059 1221 1090 quo
1239 1049 1305 1090 ipsa

353 1105 453 1145 gratia
476 1108 523 1136 est
547 1107 691 1136 contenta
716 1103 889 1135 secundum
917 1103 1098 1141 veritatem,
1125 1102 1219 1134 inimo
1243 1101 1305 1143 ple-

353 1157 463 1189 nitudo
488 1156 624 1198 gratiam
650 1156 733 1188 unde
757 1156 950 1187 assimilatur
975 1155 1033 1197 ipsi
1058 1155 1199 1193 caritati,
1224 1163 1305 1196 quae

353 1210 421 1241 unit
446 1209 498 1241 fini
531 1213 562 1241 et
598 1208 692 1241 habet
728 1208 809 1240 idem
846 1218 903 1249 pro
927 1208 1047 1240 obiecto
1072 1212 1102 1240 et
1125 1216 1183 1248 pro
1208 1207 1304 1239 sme⁴¹.

354 1263 481 1294 Ratione
505 1261 660 1303 effectivi,
684 1261 833 1302 quoniam
866 1261 915 1293 hic
948 1264 995 1293 est
1030 1260 1130 1292 carbo
1159 1259 1304 1302 iynitus,

354 1324 426 1347 caro
450 1314 567 1346 scilicet
592 1314 725 1352 Christi,
749 1321 829 1355 quae
862 1313 1036 1345 inflammat
1071 1317 1101 1345 et
1132 1312 1305 1349 beatificat,

354 1376 413 1399 non
439 1371 560 1398 tantum
586 1366 757 1408 gratificat,
782 1366 835 1398 sed
869 1370 899 1398 et
928 1365 1142 1407 multipliciter
1166 1364 1304 1396 adiuvat.

354 1419 494 1451 Primum
518 1419 665 1461 quidem,
683 1419 757 1460 quia
773 1422 819 1451 est
837 1418 926 1451 cibus
950 1418 1171 1459 incorporans
1195 1416 1304 1458 capiti,

354 1473 475 1504 loannis
499 1472 628 1504 sext0⁵z
662 1472 726 1512 Qui
753 1472 936 1503 manducat
967 1479 1102 1502 carnem
1135 1479 1241 1501 meam
1271 1469 1306 1501 ἰἠ

352 1535 402 1557 me
419 1529 536 1557 munet.
562 1525 719 1563 Secundo,
737 1524 810 1566 quia
825 1522 1003 1565 fortificat,
1022 1522 1180 1555 Psalmus:
1199 1522 1306 1554 Panis

355 1588 411 1610 cor
436 1577 578 1610 hominis
613 1577 798 1619 confirmat.
832 1577 953 1615 Tertio,
990 1577 1064 1618 quia
1089 1576 1231 1613 delectat,
1257 1576 1306 1607 Sa-

355 1631 490 1672 pientiae
514 1631 636 1663 decimo
660 1635 766 1663 sexto:
794 1630 920 1662 Panem
943 1630 981 1662 de
1005 1629 1093 1661 caeto
1118 1629 1237 1661 dedisci
1259 1628 1306 1660 et's

356 1694 449 1716 omne
484 1683 651 1715 habentem
687 1683 955 1715 delectcwnentum
985 1686 1041 1715 etc.
1067 1683 1201 1723 Quarta,
1226 1682 1308 1714 valet

355 1737 401 1768 act
423 1740 639 1778 (ammentum
662 1736 758 1777 fidei,
783 1736 864 1768 sicut
881 1735 997 1767 dicitur
1014 1735 1094 1767 infra
1112 1734 1308 1767 distinctione

357 1789 543 1821 duodecima
558 1789 578 1820 ὃ.
612 1789 740 1829 Quinto,
772 1789 817 1820 (ul
847 1788 1100 1819 sublevationem
1129 1787 1213 1829 spei,
1238 1788 1309 1818 Mat-

194 954 255 975 Ratio
262 954 341 980 gratiae

206 981 327 1007 dupliciter.

194 1377 279 1403 septem
290 1376 339 1396 elle-

238 1404 293 1423 ctus.

1116 224 1399 257 SENTENTtARUM
1424 224 1491 255 ΗΒ.
1517 224 1562 255 lV.

356 1842 438 1875 thaei
464 1842 592 1874 ultimo:
614 1843 691 1874 Ecce
707 1851 763 1883 egyo
787 1841 954 1873 vobiscum
971 1844 1029 1873 etc.
1046 1841 1150 1877 Sexto,
1168 1840 1213 1871 ad
1229 1839 1309 1871 clitu-

1370 312 1523 343 tatz'onem
1549 311 1714 348 curuatis,
1732 309 1806 351 quia
1822 312 1869 341 est
1886 308 2069 340 memoriale
2090 308 2223 341 amoris:
2249 309 2317 340 Hoc
2467 309 2470 334 1

1369 363 1631 405 quotiescumque
1658 361 1804 403 feceritis
1832 364 1890 393 etc.
1915 360 2070 401 Septimo,
2087 360 2133 392 ad
2156 360 2319 392 renu'sst'o-

1368 425 1440 447 aem
1465 415 1664 452 venialium,
1690 414 1771 446 sicut
1794 413 1870 445 dicit
1893 412 2091 445 Innocentius
2106 412 2127 443 ⁷.

1771 545 1847 577 DUB.
1871 544 1917 575 lll.

1458 681 1531 712 ltem
1557 678 1721 720 quaeritur
1746 677 1785 709 de
1810 676 1869 708 hoc
1892 676 1976 717 quod
2009 676 2098 714 dicit,
2129 676 2212 717 quod
2238 682 2320 708 recte

1368 732 1492 764 (licitur
1519 730 1688 767 viaticum,
1706 729 1786 772 quia
1803 738 1862 760 nos
1880 728 1913 759 iu
1930 728 1986 760 vict
2010 728 2115 769 rejicit
2139 732 2214 766 etc.;
2232 728 2319 770 quia.

1368 785 1391 817 si
1419 785 1534 817 dicitur
1558 783 1734 819 *hiatio-um,
1759 781 1834 823 quia
1858 784 1904 813 est
1922 781 2096 818 viatorum3
2114 781 2181 822 pari
2200 781 2319 814 ratione

1368 842 1398 870 et
1421 837 1481 869 alia
1506 837 1715 868 Sacramenta.

1457 891 1653 922 Rnsroxnno:
1682 887 1872 924 Dicendum,
1898 886 1981 928 quod
2011 886 2171 918 viaticum
2203 886 2319 918 dicitur

1368 943 1482 985 triplici
1507 951 1547 974 ex
1573 950 1676 973 causa.
1703 940 1806 971 Prima
1840 944 1904 977 est,
1929 940 2003 981 quia
2038 943 2085 971 est
2120 939 2210 971 cibus
2234 939 2469 977 ltine-Triplexratio

1368 996 1525 1033 randum,
1550 994 1624 1036 quia
1648 993 1742 1025 datur
1774 993 2011 1025 transeuntibus
2046 992 2085 1024 de
2111 992 2169 1024 hac
2193 992 2256 1023 vita
2280 992 2320 1023 ad

1370 1049 1502 1090 patriam
1517 1048 1538 1078 ⁸.
1563 1046 1723 1084 Secunda,
1748 1046 1822 1087 quia
1843 1045 2006 1078 institutus
2029 1049 2075 1078 est
2100 1054 2118 1077 a
2143 1045 2266 1077 Christo
2283 1049 2318 1077 ut

1370 1101 1535 1133 itinerante
1559 1100 1624 1131 sive
1657 1101 1849 1130 transeunte.
1880 1098 2000 1136 Tertia,
2024 1097 2099 1139 quia
2123 1098 2248 1138 signum
2273 1101 2319 1129 est

1369 1153 1521 1186 transitus
1545 1152 1677 1190 Christi,
1702 1151 1784 1183 sicut
1807 1151 1905 1193 phase
1917 1151 1936 1182 ⁹.

1772 1283 1849 1314 Dnss.
1874 1282 1920 1313 lv.

2475 1010 2477 1051 1

2476 1130 2478 1143 1

2476 1146 2478 1153 r

1459 1418 1532 1449 ltem
1566 1416 1731 1458 quaeritur
1762 1415 1801 1447 de
1826 1415 1884 1447 hoc
1916 1415 1999 1456 quod
2033 1414 2123 1452 dicit,
2153 1414 2236 1456 quod
2264 1414 2321 1446 hoc

1371 1471 1626 1503 Sacramentum
1653 1468 1814 1500 Dominus
1831 1467 1992 1505 instituit,
2018 1476 2116 1510 quare
2141 1467 2240 1508 magis
2265 1467 2321 1498 Do-

1371 1523 1475 1555 minus
1500 1523 1565 1564 ipse
1590 1531 1645 1563 per
1669 1530 1702 1553 se
1726 1521 1792 1553 sive
1816 1521 1847 1552 in
1872 1521 2000 1562 propria
2032 1529 2166 1562 persona
2190 1520 2249 1552 hoc
2273 1520 2322 1551 Sa-

1369 1578 1567 1608 cramentum
1592 1578 1623 1606 et
1646 1574 1839 1615 baptismum
1865 1573 2024 1606 instituit?

1462 1629 1495 1660 Et
1519 1628 1558 1659 ad
1584 1627 1642 1659 hoc
1667 1626 1856 1665 dicendum,
1887 1626 1972 1668 quod
2004 1626 2078 1667 quia
2109 1626 2139 1657 in
2166 1625 2321 1667 baptismo

1370 1685 1417 1713 est
1442 1680 1614 1716 inchoatio,
1630 1683 1661 1711 et
1678 1679 1708 1710 in
1725 1679 1784 1711 hoc
1809 1678 2054 1717 consummati03
2079 1678 2151 1710 ideo
2176 1677 2253 1709 illud
2279 1677 2322 1708 in-

1371 1733 1472 1765 stituit
1496 1733 1525 1764 in
1552 1731 1704 1773 principio
1729 1740 1804 1764 suae
1828 1730 2087 1772 praedicationis,
2111 1730 2195 1762 istud
2214 1729 2244 1761 in
2262 1729 2322 1761 fine

1371 1790 1401 1818 et
1425 1786 1455 1817 in
1480 1794 1606 1817 recessu
1631 1794 1649 1816 a
1673 1783 1854 1826 discipulis3
1878 1787 1908 1816 ct
1932 1783 2002 1816 ideo
2026 1783 2103 1816 haec
2126 1783 2190 1815 duo
2214 1782 2325 1815 contir-

1372 1838 1482 1876 mavit,
1507 1837 1651 1869 Matthaei
1676 1837 1788 1869 ultimo
1803 1836 1839 1868 ¹⁰.

430 2561 436 2577 ¹
459 2561 608 2586 Secundum
630 2561 748 2592 Dionys,
771 2561 802 2585 de
817 2560 922 2585 Caelest.
938 2561 1068 2585 llicrarch.
1082 2567 1104 2585 c.
1120 2559 1141 2584 4.
1162 2562 1176 2591 ζ,
1199 2561 1220 2584 1.
1241 2559 1310 2584 etde

360 2606 414 2630 niv.
435 2605 508 2630 Nom.
528 2612 549 2630 c.
571 2604 594 2629 4.
614 2605 629 2637 ξ
654 2606 673 2629 1,
694 2612 747 2637 seq.
768 2604 817 2629 Cl'r.
839 2605 931 2629 licrles.
952 2604 1081 2629 llierarcli.
1101 2611 1122 2629 c.
1143 2605 1165 2628 3.
1188 2611 1211 2635 p.
1227 2604 1248 2634 1,
1266 2603 1309 2628 ulii

359 2649 390 2673 de
410 2648 580 2675 eucharistia.

429 2693 439 2708 ‘²
459 2692 508 2717 Ct'r.
522 2692 549 2718 C.
565 2691 617 2723 Qm·
634 2691 799 2717 nutiulucant
812 2691 876 2723 (58.)
897 2694 921 2716 et
934 2692 960 2716 tl.
980 2690 1078 2716 Incitat
1097 2690 1226 2716 Dominus
1246 2691 1309 2722 (70.)

359 2743 389 2761 ae
408 2736 434 2761 C.
457 2735 509 2766 Qui
528 2735 675 2762 ncamlucal
693 2743 735 2761 me
755 2736 827 2767 (75³2),
850 2735 882 2760 do
902 2735 1047 2760 Consecrat.
1069 2735 1093 2759 d.
1114 2735 1138 2759 2.

429 2780 439 2796 3
460 2780 522 2805 Edd.
545 2781 584 2805 hic
604 2783 628 2805 et
648 2781 725 2812 paulo
747 2780 853 2805 inferius
871 2779 992 2813 affecturi.

430 2824 439 2840 ⁴¹
461 2825 525 2850 Vide
547 2825 581 2849 111.
602 2826 671 2850 Scnt.
692 2825 717 2849 d.
738 2826 778 2850 27.
798 2832 820 2849 a.
843 2825 866 2849 1.
892 2832 917 2856 q.
945 2825 967 2848 ¹l.
994 2824 1026 2848 ad
1053 2823 1085 2855 ὃ,
1111 2831 1133 2848 u.
1154 2824 1177 2847 ἱ).
1198 2830 1223 2855 q.
1248 2824 1267 2847 1.
1288 2826 1312 2847 et
1341 2823 1342 2837 1

360 2869 385 2893 d.
406 2869 447 2893 3ss.
469 2876 492 2900 q.
523 2869 546 2893 6.
568 2882 601 2886 -
622 2868 767 2894 Similitudo
796 2868 828 2893 de
857 2867 971 2894 carbone
999 2867 1095 2900 iquilo,
1127 2869 1165 2891 ὃς.
1195 2867 1311 2891 Pati-ilius

360 2914 463 2938 Graccis
477 2913 619 2944 familiaris,
635 2913 744 2938 refertur
758 2920 771 2937 a
786 2913 920 2943 Damaso,
937 2913 977 2937 lv.
991 2912 1024 2937 do
1038 2911 1097 2936 Fide
1111 2911 1212 2936 orthod.
1227 2918 1248 2935 c.
1268 2911 1310 2935 13:

360 2957 522 2982 Accedamus
541 2956 573 2981 ad
593 2964 653 2981 cnm
675 2956 773 2981 ardenti
803 2956 958 2981 desiderio...
978 2955 1095 2981 Crucilixi
1120 2961 1214 2985 corpus
1234 2954 1311 2979 susci-

361 3002 488 3032 piamus...
510 3001 627 3026 (lirinum
649 3000 787 3025 carbonem
802 3007 950 3030 sumamus,
966 3004 993 3024 ut
1007 2999 1126 3025 desiderii
1141 2999 1218 3023 nostri
1233 2999 1308 3029 ignis.

360 3050 467 3077 accepto
487 3045 606 3070 carbonis
626 3045 733 3071 ardore.
758 3047 860 3075 peccata
882 3049 966 3069 nostra
987 3043 1123 3069 comburat
1146 3048 1170 3067 ct
1190 3042 1267 3067 corda
1286 3042 1311 3066 11-

361 3089 481 3116 luminet„
505 3089 638 3121 divinique
667 3089 732 3113 adeo
761 3089 826 3120 ignis
846 3089 1004 3113 commercio
1024 3087 1217 3112 inardescamus
1237 3089 1261 3111 et
1286 3087 1310 3110 in

362 3134 423 3158 deos
443 3133 595 3158 evadamus.
622 3132 767 3158 Carbonem
787 3133 852 3158 vidit
873 3133 948 3157 lsaias
968 3132 1010 3165 [6,
1033 3131 1078 3164 2.].
1099 3130 1183 3156 Carbo
1204 3137 1253 3155 non
1274 3134 1312 3155 est

361 3177 468 3207 simplex
489 3177 602 3207 lignun),
617 3177 662 3201 sed
683 3178 734 3208 igni
755 3178 872 3207 11111111111;
887 3177 923 3201 sic
937 3183 1041 3208 qnoque
1061 3176 1134 3206 panis
1154 3175 1312 3199 communio-

362 3221 400 3244 nis
426 3227 474 3244 non
500 3221 607 3251 simplex
628 3224 665 3245 cst
685 3222 773 3251 panis,
795 3220 840 3245 sed
862 3220 985 3244 divinitati
1007 3220 1092 3244 miilns
1111 3222 1158 3243 etc.
1179 3217 1228 3243 Csr.
1247 3219 1311 3242 infra

363 3263 386 3288 (1.
413 3264 449 3287 10.
471 3270 494 3294 p.
516 3264 531 3288 1,
552 3271 576 3295 q.
602 3264 620 3288 1.
641 3264 673 3288 ad
704 3264 726 3288 1,
757 3267 780 3288 et
809 3264 834 3288 d.
870 3265 905 3288 1⁶2.
936 3271 960 3295 p.
991 3264 1015 3288 ll.
1046 3270 1067 3287 a.
1103 3264 1121 3287 1.
1151 3270 1176 3294 q.
1206 3262 1229 3287 3.
1258 3262 1312 3287 sun-

363 3307 430 3331 dam.
447 3307 470 3331 si.

432 3350 442 3365 ⁵
463 3351 534 3374 Vei-s.
556 3351 600 3377 57
623 3350 666 3375 nbi
688 3351 814 3382 Vulgata:
840 3358 926 3376 ‘meum
956 3358 1064 3376 ‹frti-nem
1093 3352 1118 3376 ec
1143 3348 1204 3375 bibit
1222 3356 1312 3375 meum

1373 2559 1540 2592 sanquinem.
1556 2574 1589 2576 —
1603 2560 1661 2592 ὅρη.
1677 2562 1758 2585 textus
1772 2564 1810 2585 est
1825 2559 1862 2584 rs.
1887 2559 1946 2590 103,
1972 2559 2018 2589 ¹5;
2039 2559 2128 2584 tertius
2148 2559 2207 2589 Sap.
2227 2559 2263 2588 16,
2280 2558 2326 2582 20:

1374 2604 1494 2628 Paratum
1514 2611 1608 2635 panem
1628 2604 1660 2628 (le
1681 2604 1751 2629 caelo
1771 2604 1917 2635 praestitisti
1931 2603 1979 2628 illis
1998 2604 2053 2628 sine
2073 2602 2170 2634 labore,
2194 2610 2270 2627 omne
2286 2602 2325 2627 de-

1375 2647 1555 2672 lectamentum
1576 2648 1599 2672 in
1619 2655 1646 2672 sc
1667 2647 1813 2673 habentem.

1444 2691 1455 2707 6
1474 2692 1536 2723 (lap.
1559 2693 1582 2723 1,
1604 2695 1628 2717 et
1647 2693 1791 2717 Commeat.
1812 2699 1838 2723 p.
1858 2692 1873 2716 1.
1894 2698 1917 2716 a.
1941 2692 1965 2716 11.
1986 2699 2011 2723 q.
2032 2692 2057 2716 2.
2078 2691 2103 2715 in
2123 2698 2195 2722 corp.
2211 2704 2246 2709 —
2265 2690 2325 2723 Seq.

1375 2736 1457 2760 textus
1487 2736 1633 2766 scripturae
1661 2739 1700 2760 cst
1728 2736 1813 2761 ltlatth.
1842 2736 1889 2766 28,
1916 2735 1965 2766 ‘203
1992 2736 2081 2761 tertius
2112 2738 2149 2760 est
2183 2734 2327 2760 secundum

1375 2778 1436 2803 Luc.
1459 2780 1505 2807 22,
1534 2780 1577 2810 19,
1599 2783 1623 2804 et
1643 2780 1659 2804 l.
1681 2779 1737 2804 Cor.
1754 2780 1794 2810 11,
1809 2778 1850 2804 24.
1864 2786 1920 2812 seq.
1942 2778 2024 2804 Codd.
2046 2776 2261 2810 allegantMattlt.
2275 2775 2324 2808 26,

1376 2821 1419 2846 ubi
1448 2830 1474 2847 v.
1506 2824 1547 2847 ⁴26.
1579 2830 1652 2856 seqq.
1682 2824 1805 2848 institutio
1835 2823 2004 2848 eucharistiae
2032 2822 2138 2854 quidem
2168 2822 2327 2853 proponitur,

1375 2866 1419 2891 sed
1442 2866 1521 2891 verba
1548 2867 1678 2897 praedicta
1698 2874 1748 2892 non
1773 2868 1953 2898 inveniuntur;
1974 2868 2028 2898 ipsa
2052 2865 2180 2891 habentur
2201 2866 2225 2890 in
2247 2866 2327 2890 forma

1375 2911 1574 2935 consecrationis
1600 2911 1711 2941 (Missale
1730 2911 1897 2942 Romanum).
1919 2910 1968 2936 Csr.
1989 2911 2053 2935 infra
2073 2910 2099 2935 d.
2123 2910 2200 2941 «lOp.
2223 2910 2239 2935 l.
2256 2917 2281 2942 q.
2308 2910 2327 2934 l.

1446 2954 1455 2970 ⁷
1476 2953 1542 2979 Libr.
1564 2954 1603 2978 tv.
1630 2955 1662 2979 de
1686 2955 1764 2979 Sacro
1784 2955 1869 2979 altaris
1895 2955 2026 2985 lllysterio,
2053 2961 2073 2979 c.
2097 2953 2137 2978 44.
2158 2953 2241 2978 Verba
2266 2952 2327 2978 vide

1375 2998 1438 3022 infra
1460 2998 1484 3022 d.
1510 2998 1546 3022 12.
1568 3005 1592 3029 p.
1615 2998 1640 3023 ll.
1661 3006 1682 3023 a.
1707 2999 1726 3022 1.
1747 3006 1772 3030 q.
1793 3000 1816 3024 3.
1836 2999 1952 3023 fundam.
1975 2999 1997 3023 1.
2016 3011 2051 3016 -
2070 2997 2140 3022 taem
2164 2997 2227 3022 duh.
2248 2997 2323 3022 solvit

1377 3042 1402 3066 D.
1422 3042 1526 3073 Albert„
1547 3043 1588 3067 liic
1607 3050 1629 3067 a.
1655 3043 1673 3067 1.
1688 3046 1712 3068 ct
1727 3043 1750 3067 3.
1765 3050 1812 3068 nec
1833 3050 1881 3068 non
1897 3043 1920 3067 in
1936 3043 2071 3074 prooemio
2086 3042 2220 3067 Tractatus
2239 3042 2271 3066 de
2285 3043 2327 3066 Sa·

1376 3090 1507 3110 eramento
1526 3087 1708 3117 eiu-liaristiae;
1729 3087 1753 3111 S.
1767 3086 1876 3118 'Tliom.,
1897 3088 1938 3112 hic
1958 3094 1982 3119 q.
1998 3087 2020 3111 11.
2035 3093 2057 3111 a.
2083 3087 2101 3111 l.
2123 3086 2281 3118 quaestiunc.
2297 3086 2325 3110 3:

1376 3130 1439 3154 Petr-
1459 3137 1472 3154 a
1494 3130 1561 3160 Tau,
1583 3131 1622 3154 liic
1642 3138 1666 3162 ⁴1.
1692 3131 1710 3154 l.
1731 3137 1753 3154 a.
1779 3130 1797 3154 1.
1819 3131 1979 3162 quaestiunc.
2006 3131 2028 3154 2.
2050 3130 2123 3155 Locc.
2144 3130 2194 3154 citt.
2219 3129 2327 3154 501111111-

1376 3174 1451 3198 etiam
1472 3180 1525 3205 seq.
1546 3173 1608 3198 dul).

1445 3216 1456 3232 8
1478 3217 1541 3241 Vide
1561 3218 1600 3242 hic
1620 3218 1654 3242 lit.
1676 3218 1802 3248 Magistri.
1825 3225 1845 3243 c.
1869 3219 1893 3242 ⁶2.

1445 3260 1456 3276 ⁰
1476 3261 1553 3285 lixod.
1578 3261 1620 3289 12,
1648 3262 1670 3285 11
1688 3267 1693 3285 ;
1714 3262 1755 3286 list
1774 3262 1842 3286 enim
1863 3263 1957 3293 phase,
1979 3261 2004 3286 id
2023 3264 2061 3286 est
2075 3262 2197 3286 transitus
2218 3261 2325 3285 Domini.

1447 3304 1468 3320 ¹0
1489 3305 1560 3329 Vers.
1585 3305 1621 3329 ta.
1642 3312 1695 3337 seq.
1709 3319 1743 3323 —
1762 3305 1830 3330 ldem
1851 3305 1913 3330 dul).
1933 3306 2010 3330 solvit
2029 3305 2097 3330 Alex.
2119 3305 2185 3335 llal.,
2201 3304 2225 3328 S.
2240 3311 2265 3335 p.
2287 3304 2325 3328 tv.

1376 3356 1400 3381 q.
1421 3348 1445 3373 5.
1466 3355 1500 3373 m.
1521 3349 1543 3372 a.
1565 3357 1586 3373 a.
1607 3350 1630 3373 2.
1650 3351 1664 3380 ζ’,
1685 3349 1708 3373 3.
1728 3356 1781 3381 seq.
