2483 3882
761 204 853 236 DlST.
879 204 952 236 xlx.
976 204 1057 236 ART.
1082 204 1102 235 1.
1127 204 1279 245 QUAEST.
1304 204 1324 235 Ι.

62 296 176 330 ximus;
199 292 309 330 quibus
331 291 474 328 cognitu,
496 291 575 321 adsit
596 291 776 326 benevolus,
799 294 922 329 paratus
954 291 1008 321 cri-

62 351 131 382 gere
162 344 191 371 et
221 348 322 370 secum
356 348 431 369 onus
462 343 600 377 portare:
624 339 733 369 habeat.
765 339 955 369 dulcedinem
979 339 1007 368 in

62 390 230 424 affectione,
252 387 462 417 discretionem
496 387 525 416 in
556 387 716 423 varietate,
739 387 846 417 doceat
868 395 1008 425 perseve-

61 438 200 473 rantiam,
222 439 344 471 caveat,
367 443 402 464 ne
425 438 563 469 corruat,
586 443 621 463 ne
654 435 730 464 iuste
753 435 859 473 perdat
882 435 1008 465 iudicia-

61 487 134 517 riam
156 487 343 523 potestatem.
365 483 427 512 Etsi
451 483 528 512 enim
551 483 734 521 poenitentia
750 483 844 521 possit
860 484 885 512 ei
908 484 1009 521 acqui-

61 542 126 565 rere
147 532 286 570 gratiam,
308 540 365 561 non
399 534 496 560 tamen
519 539 590 560 mox
621 531 751 560 restituit
775 532 802 560 in
831 535 1006 569 potestatem

61 582 196 621 primam.
219 579 280 608 Etsi
302 580 406 608 Petrus
437 582 506 617 post
538 579 654 617 lapsum
678 579 832 608 restitutus
855 579 957 615 fuerit,
980 582 1009 608 et

62 636 150 667 saepe
171 627 263 665 lapsis
284 626 492 657 sacerdotibus
508 626 624 656 reddita
640 627 679 656 sit
694 626 846 663 dignitatis
861 630 1008 665 potestas;

61 684 118 707 non
141 679 239 706 tamen
260 679 304 704 est
326 683 464 711 necesse,
488 678 519 704 ut
541 674 681 704 omnihus
714 675 899 704 concedatur
921 675 1007 713 quasi

62 733 98 755 ex
118 723 304 753 auctoritate.
328 723 479 753 Invenitur
510 723 690 758 auctoritas,
716 731 793 762 quae
819 723 958 753 concedit
981 727 1009 752 et

61 772 145 811 quasi
167 772 310 810 imperat,
334 771 485 801 invenitur
509 771 581 808 alia,
604 780 682 809 quae
705 779 762 800 non
784 771 932 806 concedit,
955 771 1008 801 sed

61 823 148 850 vetat.
169 820 250 855 Quae
271 820 440 858 scripturae
462 828 520 849 non
542 823 726 858 repugnant,
742 819 794 848 sed
815 819 1007 849 concordant.

42 869 131 899 .Cum
154 869 232 898 enim
255 872 297 898 tot
315 872 383 898 sunt
405 869 456 907 qui
479 868 636 904 labuntur,
659 872 692 898 ut
713 868 870 906 pristinam
885 868 1010 905 dignita-

62 921 118 948 tem
141 925 177 947 ex
199 917 376 947 auctoritate
400 916 560 946 defendant
581 920 610 946 et
631 917 717 955 quasi
740 925 827 946 usum
861 916 1008 954 peccandi

61 965 117 996 sibi
139 965 263 1000 faciant;
286 965 448 994 recidenda
471 968 516 994 est
537 973 606 1003 spes
628 965 691 994 ista.
708 964 738 994 Si
762 973 833 994 vcro
855 965 940 994 locus
956 968 1009 1001 est,

61 1014 110 1044 ubi
132 1014 187 1043 ista
210 1022 267 1043 non
289 1016 486 1050 concurrant,
501 1013 618 1042 restitui
634 1016 760 1051 possunt
775 1013 826 1051 qui
843 1016 1007 1051 peccant».

60 1078 98 1084 —-
118 1062 162 1091 Ex
185 1061 231 1091 1115
253 1062 325 1091 satis
347 1061 553 1100 perpenditur,
576 1061 674 1099 qualis
696 1061 804 1091 debeat
825 1069 890 1090 esse
913 1069 1011 1091 sacer-

1959 205 2021 236 499

1073 291 1141 326 dos,
1158 291 1208 329 qui
1225 291 1299 321 alios
1313 291 1384 329 ligat
1400 294 1429 321 et
1443 291 1546 326 solvit,
1562 289 1708 320 discretus
1723 291 1839 321 scilicet
1861 294 1889 320 et
1904 290 2001 321 iustus
2011 302 2023 325 ,-

1073 338 1206 376 alioquin
1228 339 1389 368 mortificat
1410 347 1500 377 saepe
1522 339 1653 374 animas,
1669 347 1747 377 quae
1769 347 1827 368 non
1844 339 2021 374 moriuntur,

1073 389 1102 416 et
1125 386 1271 423 vivificat,
1294 394 1372 425 quae
1394 395 1451 416 non
1477 386 1593 424 vivunt;
1617 390 1645 416 et
1668 387 1707 416 ita
1731 387 1835 416 incidit
1851 387 1879 416 in
1903 386 2025 417 maledi-

1074 435 1180 464 ctionis
1203 435 1356 464 iudicium.
1379 435 1453 464 Illud
1476 439 1575 465 autem
1606 435 1789 471 Malachiae,
1812 435 1939 465 scilicet:
1961 435 2024 466 Ma·
2060 445 2181 471 Explicatur

1075 481 1202 512 ledaeum
1226 481 1480 512 benedictionibus
1502 482 1624 517 vesco-is,
1647 484 1710 513 sive
1742 492 1833 522 super
1855 484 2023 513 haereticos
2038 471 2105 518 {5332
2120 471 2184 492 Maia-

1075 534 1188 560 tantum
1211 534 1238 560 et
1263 532 1555 567 excommunicatos,
1578 532 1640 561 sive
1673 540 1764 570 super
1796 540 1899 561 omnes
1924 540 2023 561 sacer-

1074 578 1171 613 dotes,
1195 579 1247 616 qui
1270 579 1328 608 vita
1353 582 1380 608 et
1403 579 1528 609 scientia
1550 583 1687 609 carentes
1702 580 1881 610 benedicere
1903 588 2024 618 praesu-

1073 630 1173 661 munt,
1196 626 1309 656 dictum
1341 627 1518 665 accipiatur,
1542 629 1585 657 sic
1618 628 1739 666 intelligi
1768 631 1882 667 potest:
1904 629 2025 658 Maledi-

1074 683 1140 704 cam
1164 675 1424 705 benedictionibus
1456 676 1576 713 vestris,
1599 677 1628 706 id
1653 681 1697 706 est
1725 690 1736 703 «
1754 677 1800 706 1115
1828 686 1906 715 quae
1929 679 1958 707 in
1980 678 2023 707 eis

1074 722 1336 753 benedictionibus
1357 724 1518 761 possidetis
1531 725 1580 760 ¹»,
1602 725 1673 763 quia
1697 725 1802 755 faciam
1826 733 1859 755 ea
1877 726 1962 755 vobis
1978 734 2023 755 ce-

1074 771 1146 800 dere
1170 771 1199 800 in
1225 771 1480 807 maledictionem,
1503 781 1560 802 non
1594 774 1621 802 in
1656 773 1910 810 benedictionem,
1939 775 2025 812 quia,

1075 819 1128 848 etsi
1152 819 1334 849 benedicunt
1355 819 1485 855 Sanctis,
1508 828 1566 850 non
1582 821 1640 851 hoc
1655 822 1767 851 iaciunt
1783 830 1819 852 ex
1836 831 1906 852 vero
1922 822 2023 858 corde,

1075 872 1103 897 et
1125 868 1192 897 ideo
1215 876 1319 897 eorum
1336 868 1505 898 benedictio
1528 869 1572 898 eis
1588 870 1712 900 vertitur
1728 871 1755 900 in
1773 871 2023 901 maledictionem.

1074 916 1128 946 Vel
1150 916 1328 946 maledicam
1351 916 1613 947 benedictionibus
1643 920 1768 955 vestris,
1791 919 1821 948 id
1843 923 1887 949 est
1914 919 2022 957 «quod

1075 973 1089 994 a
1114 964 1200 994 vobis
1223 964 1411 994 benedicitur
1433 973 1448 994 a
1472 973 1519 994 me
1542 966 1598 995 erit
1623 966 1856 1002 maledictum»,
1878 968 1949 1005 quia
1978 968 2026 997 be-

1075 1013 1217 1042 nedicunt
1240 1013 1342 1051 inique
1374 1013 1531 1050 agentibus
1563 1014 1784 1053 adulanturque
1813 1016 2025 1053 peccantibuS,

1075 1061 1238 1091 dummodo
1262 1060 1370 1091 divites
1392 1061 1460 1091 sint.

388 1215 881 1270 COMMENTARIUS
920 1216 989 1269 ΙΝ
1027 1216 1522 1271 DISTINGTIONEM
1558 1217 1692 1271 XIX.

707 1328 855 1373 Quando
886 1335 918 1365 ct
947 1328 1074 1378 quibus
1102 1328 1214 1366 claves
1245 1329 1378 1366 dentur.

498 1430 677 1472 Postquam
704 1434 867 1462 ostensum
892 1433 955 1467 est,
981 1439 1066 1472 quae
1088 1430 1156 1461 siut
1180 1430 1287 1462 claves
1310 1430 1509 1472 apostolicae
1532 1434 1589 1463 etc.

885 1528 1023 1561 DIVISIO
1048 1529 1203 1561 TEXTUS.

145 1614 246 1655 Supra
270 1613 491 1646 determinavit
519 1613 664 1654 Magister
699 1613 835 1645 clavium
860 1622 953 1645 usum
979 1616 1008 1645 et

59 1667 273 1700 substantiam.
290 1666 342 1699 Hic
367 1665 573 1705 determinat,
590 1665 727 1707 quibus¹
750 1666 874 1698 dentur.
899 1666 932 1697 Et
957 1666 1009 1697 ha-

58 1720 109 1752 bet
132 1729 205 1762 pars
229 1720 288 1752 ista
311 1719 401 1751 duas.
426 1719 458 1750 ln
490 1719 593 1760 prima
624 1719 776 1757 ostendit,
801 1719 886 1760 quod
911 1719 1008 1751 clavis

59 1773 202 1806 scientiae
225 1782 287 1804 non
323 1772 416 1804 datur
448 1771 665 1813 ignorantibus
697 1775 727 1803 et
762 1771 877 1804 insciis.
907 1771 939 1803 ln
964 1780 1010 1803 se-

59 1826 160 1859 cunda
183 1825 322 1867 quaerit,
348 1829 456 1857 utrum
480 1814 618 1866 potestas
654 1824 770 1866 ligandi
806 1827 836 1857 et
866 1824 1005 1857 solvendi

60 1882 212 1920 competat
246 1878 354 1917 malis,
388 1878 446 1910 ibi:
487 1877 630 1921 Cumque
666 1877 734 1909 iam
772 1881 909 1915 constet,
941 1887 1007 1909 non

60 1941 166 1964 omnes
189 1935 247 1964 etc.

146 1985 180 2017 Et
202 1985 280 2017 haec
304 1984 442 2017 secunda
466 1993 539 2026 pars
563 1984 658 2016 babet
681 1987 755 2016 tres.
781 1984 812 2015 ln
836 1984 940 2025 prima
956 1993 1008 2025 po-

1074 1613 1119 1645 nit
1143 1616 1173 1645 et
1190 1613 1292 1645 innuit
1308 1613 1484 1655 opinionem
1502 1613 1627 1652 falsam,
1645 1613 1741 1645 immo
1758 1614 1924 1652 baeresim,
1941 1614 2024 1655 quod

1073 1666 1177 1698 claves
1200 1666 1231 1697 in
1256 1666 1318 1698 illis
1350 1666 1424 1698 solis
1449 1670 1538 1705 sunt,
1563 1667 1617 1708 (1111
1650 1667 1766 1698 habent
1798 1667 1972 1699 doctrinam
1996 1670 2027 1698 et

1072 1719 1168 1750 vitam
1183 1718 1205 1750 2.
1230 1719 1262 1750 ln
1287 1719 1426 1752 secunda
1460 1720 1547 1761 ponit
1582 1719 1759 1761 opinionem
1790 1728 1916 1757 veram,
1941 1719 2026 1760 quod

1072 1772 1200 1803 suntin
1232 1772 1373 1814 (1110111151
1404 1772 1582 1811 sacerdote,
1608 1776 1638 1804 et
1669 1772 1839 1814 respondet
1868 1772 1964 1805 falsae
1996 1774 2027 1803 et

1072 1824 1174 1856 innuit
1197 1833 1281 1864 eam,
1307 1825 1365 1857 ibi:
1391 1825 1478 1857 Aliis
1502 1829 1612 1857 aulem
1628 1825 1780 1863 videtur,
1798 1826 1885 1868 quod
1901 1829 1929 1857 et
1944 1823 2029 1856 milti

1070 1877 1200 1919 placere
1223 1881 1280 1910 etc.
1299 1878 1330 1910 ln
1355 1878 1447 1911 tertia
1472 1887 1546 1910 vero
1571 1879 1672 1920 ipsam
1696 1878 1835 1910 defendit
1858 1888 1876 1910 a
1900 1878 2032 1920 quibus-

1073 1931 1163 1969 dam,
1192 1931 1246 1972 qni
1281 1931 1429 1963 videntur
1465 1931 1564 1972 ipsam
1601 1932 1767 1964 ostendere
1802 1931 1929 1969 falsam,
1965 1930 2026 1962 ibi:

1073 1983 1286 2015 Praemissae
1309 1994 1385 2016 vero
1409 1984 1603 2022 sententiae,
1629 1994 1696 2027 qua
1721 1984 1845 2016 dicitur
1870 1988 1927 2017 etc.

788 2095 997 2128 TRACTATIO
1022 2095 1295 2136 QUAESTIONUM.

144 2195 188 2227 Ad
213 2195 447 2237 intelligentiam
473 2195 570 2227 11111115
594 2195 706 2236 partis,
724 2194 753 2226 in
776 2203 839 2236 qua
863 2193 1007 2235 Magister

61 2248 260 2287 determinat,
285 2248 401 2290 quibus
430 2248 546 2279 dantur
578 2247 682 2280 claves
713 2251 744 2279 et
775 2247 918 2289 quando,
950 2246 1008 2278 tria

61 2305 264 2342 quaeruntur.

145 2354 248 2386 Primo
272 2354 446 2396 quaeritur,
468 2353 583 2396 quibus
608 2353 725 2385 dantur
748 2353 861 2386 claves.

144 2406 286 2439 Secundo
310 2407 491 2448 quaeritur,
517 2406 653 2448 quando.

145 2459 262 2499 Tertio,
287 2468 383 2501 super
415 2468 494 2501 (11105
529 2459 578 2491 vel
613 2459 645 2491 in
678 2468 757 2501 quos
784 2458 918 2491 ministri
952 2468 1009 2500 per

61 2512 161 2545 claves
184 2513 312 2554 possint.

1162 2193 1252 2226 Circa
1275 2194 1415 2236 primum
1440 2195 1504 2227 duo
1529 2199 1737 2236 quaeruntur.

1164 2246 1265 2278 Primo
1283 2248 1462 2288 quaeritur,
1486 2251 1595 2280 utrum
1613 2248 1717 2280 claves
1741 2248 1831 2280 datae
1848 2248 1909 2280 sint
1926 2257 2025 2282 saeer-

1074 2299 1136 2331 doti
1163 2299 1268 2341 legali,
1293 2310 1333 2332 an
1358 2301 1413 2333 soli
1439 2301 1593 2333 sacerdoti
1618 2301 1806 2343 evangelico.

1163 2353 1323 2392 Secundo„
1348 2358 1457 2386 utrum
1490 2355 1519 2386 in
1545 2358 1696 2396 potestate
1728 2355 1863 2387 clavium
1888 2364 2025 2387 eommu-

1074 2406 1155 2438 nicet
1180 2406 1281 2439 bonus
1305 2407 1447 2441 minister
1471 2416 1543 2440 cum
1569 2408 1651 2440 malo
1676 2408 1827 2440 ministro.

883 2610 1148 2648 ARTICULUS
1177 2611 1202 2647 I.

833 2702 958 2743 Quibus
983 2703 1108 2735 damur
1136 2703 1252 2735 claves.

927 2801 1110 2841 (1οΑ55110
1134 2801 1154 2832 1.

672 2885 789 2917 Utrum
813 2885 968 2917 sacerdos
989 2885 1102 2927 legalis
1127 2884 1279 2917 babuerit
1300 2885 1415 2918 claves.

148 2969 249 3002 Primo
273 2978 347 3011 ergo
380 2970 559 3012 quaeritur,
588 2974 695 3002 utrum
728 2970 875 3003 sacerdos
899 2970 1007 3012 legalis

63 3021 207 3055 habuerit
230 3023 342 3056 claves.
368 3024 402 3055 Et
426 3024 511 3066 quod
536 3024 597 3062 sic,
621 3023 763 3055 videtur:

152 3077 178 3107 l.
202 3076 297 3116 Quia,
333 3076 413 3109 sicut
445 3076 614 3118 legisperiti
648 3075 781 3108 instituti
805 3076 934 3108 fuerunt
968 3076 1009 3107 ad

1073 2970 1227 3012 populum
1252 2970 1447 3009 docendum,
1472 2970 1515 3002 ita
1547 2970 1725 3002 sacerdotes
1757 2970 1797 3002 ad
1830 2969 2168 3022 saiictifiean-Adffiosi-

1074 3023 1168 3062 dum,
1192 3023 1273 3055 sicut
1303 3026 1388 3064 patet
1412 3032 1468 3064 per
1500 3026 1600 3054 totum
1625 3021 1796 3053 Leviticuin
1828 3025 1858 3053 et
1890 3023 1920 3054 in
1947 3022 2025 3054 Exo-
2125 3017 2130 3022 “

1073 3075 1152 3114 (103;
1177 3075 1232 3107 sed
1257 3075 1427 3117 legisperiti
1452 3075 1480 3107 in
1507 3075 1604 3107 veteri
1623 3078 1808 3107 testamento
1832 3078 2021 3117 aeceperunt

132 3215 140 3231 ¹
161 3216 205 3242 Hie
223 3219 248 3242 et
267 3225 320 3250 seq.
341 3218 413 3243 loeus
431 3220 468 3243 est
488 3224 518 3242 ex
538 3218 639 3242 Hieron.
666 3218 690 3242 in
721 3217 825 3242 Malacb.
847 3218 876 3249 2,
897 3218 920 3242 2.
941 3221 964 3243 et
985 3219 1009 3242 in

63 3258 150 3284 Glossa
169 3260 238 3292 apud
257 3261 348 3293 Lyran.
369 3261 431 3286 ibid.

303 3304 410 3331 NOTAE
429 3304 471 3330 AD
491 3304 766 3331 COMMENTARIUM.

134 3346 140 3361 ¹
161 3347 224 3373 Edd.
244 3348 349 3381 quando
368 3348 434 3375 istae
453 3348 540 3375 claves
560 3350 584 3374 et
601 3348 704 3382 quibus.

1145 3217 1155 3233 2
1174 3216 1236 3242 Cod.
1259 3217 1293 3241 W
1313 3216 1384 3241 addit
1402 3217 1524 3248 servant,
1555 3216 1614 3241 edd.
1643 3223 1702 3241 eum
1731 3223 1783 3241 uno
1808 3217 1939 3249 alteroque
1964 3217 2023 3242 cod.

1074 3260 1263 3294 Apostolorum
1281 3261 1402 3291 servant,
1425 3263 1452 3285 ut
1471 3259 1531 3285 dicit
1550 3260 1677 3292 Magister.

1144 3304 1154 3320 ³
1173 3304 1234 3335 Cap.
1255 3304 1296 3328 28.
1316 3311 1388 3336 seqq.
1405 3318 1438 3321 ——
1454 3304 1549 3329 'l'extus
1572 3305 1597 3328 in
1620 3303 1669 3329 sine
1692 3311 1746 3336 arg.
1770 3308 1808 3330 est
1831 3305 1891 3330 Luc.
1920 3306 1955 3335 11,
1981 3305 2023 3331 46.

1073 3351 1097 3374 51
1116 3348 1156 3372 52.
