2483 3882
763 248 856 280 DlST.
882 249 912 279 L.
937 248 966 279 P.
991 248 1010 279 1.
1035 248 1116 280 ART.
1141 248 1160 279 1.
1186 247 1336 289 QUAEST.
1362 248 1381 278 l.

95 334 203 365 mentis
225 333 433 371 intelligentia,
448 342 517 364 cum
533 334 700 373 Prophetae
722 334 822 364 adhuc
843 335 983 364 mortales
999 335 1042 364 vi-

95 382 166 412 dere
181 383 256 412 haee
269 383 368 412 omnia
381 386 562 412 meruerunt.
575 383 773 419 Egredientur
788 391 859 420 ergo
874 383 970 419 electi,
983 392 1041 413 non

94 430 179 467 loco,
201 430 253 460 sed
276 430 468 467 intelligentia
493 431 539 460 vel
562 431 675 461 visione
698 431 867 466 manifesta,
882 431 919 461 ad
944 431 1042 461 viden-

95 479 166 508 dum
189 478 350 517 impiorum
373 479 545 514 crucialus;
568 487 644 516 quos
660 478 794 508 videntes
811 487 868 508 non
885 479 988 509 dolore
1004 480 1042 508 ai'-

94 527 247 562 finientur⁷
278 527 329 556 sed
360 527 472 556 laetitia
495 527 699 564 satiabuntur,
723 531 843 564 agentes
865 528 976 564 gratias
1004 528 1041 557 de

93 583 148 605 sua
171 575 363 611 liberatione,
393 575 457 604 visa
480 575 640 612 impiorum
665 575 804 605 ineffabili
827 576 1041 606 calamitate».

93 623 178 652 Unde
200 622 290 652 Isaias
303 622 322 657 ¹,
345 623 505 660 impiorum
530 626 676 652 tormenta
698 623 873 652 describens
889 627 917 653 et
937 632 973 653 ex
997 632 1042 653 eo-

93 679 159 700 rum
183 671 297 700 visione
318 670 461 700 laetitiam
492 670 637 700 bonorum
661 672 845 709 exprimens,
868 672 927 701 ait:
950 672 1042 711 Eyre-

93 717 232 752 diemar,
261 730 272 744 τι
289 718 374 748 electi
398 718 513 748 scilicet
529 730 555 754 n,
577 723 603 748 ec
624 718 767 748 videbam
796 718 944 748 cadavera
965 718 1043 748 viro-

92 775 178 802 rum,
199 765 255 805 qui
270 765 479 806 praevaricati
495 772 565 797 sunt
587 767 620 796 in
641 776 696 797 me.
726 766 839 797 Vei-mis
861 776 964 797 eorum
979 776 1042 797 non

1967 249 2047 282 1035

1105 334 1272 369 morietur,
1288 338 1313 364 ec
1328 334 1409 373 ienis
1430 343 1492 364 non
1514 334 1738 374 eoescinyuetui·‚
1753 339 1779 365 ec
1793 339 1882 365 erunt
1902 344 1995 375 usque
2010 336 2051 366 ad

1105 382 1268 413 sacz'eeacem
1288 382 1417 413 visionis
1439 383 1525 413 omiti
1545 383 1647 418 carni,
1670 384 1699 413 id
1731 387 1775 413 est
1801 384 1912 415 electis
1948 385 2050 415 Laeca-

1107 429 1189 460 Μίαν
1210 430 1291 460 enim
1314 430 1426 465 i'uslch,
1449 440 1517 461 eum
1538 430 1648 461 viderit
1669 431 1843 461 vindictam.

1484 528 1671 559 EPILOGUS.

1185 624 1264 654 Haec
1286 624 1323 654 de
1343 623 1469 663 pedibus
1491 624 1624 654 Sedentis
1645 634 1736 664 super
1756 624 1868 655 solium
1890 625 2050 660 excelsum,
2065 632 2209 653 Dubiumuni-

1106 681 1179 712 quos
1195 671 1353 710 Seraphim
1369 671 1486 702 duabus
1502 672 1560 702 alis
1574 672 1713 702 velabant
1722 673 1745 707 ²,
1757 674 1911 711 scriptori,
1923 674 1976 703 etsi
1992 682 2048 703 non
2109 664 2164 679 ⁰⁰¹⁸*

1106 720 1246 755 auditori,
1262 728 1514 750 commemorasse
1529 720 1666 756 sufficiat,
1678 721 1729 759 qui
1745 729 1760 751 a
1778 722 1852 751 facie
1868 730 1993 751 exorsus
2008 730 2050 751 se-

1106 768 1217 803 dentis,
1232 775 1287 806 pei·
1308 767 1405 797 media
1429 767 1464 797 ad
1488 768 1580 805 pedes
1603 776 1710 806 usque,
1726 768 1779 798 Via
1795 769 1886 805 duce,
1902 770 2048 807 pervenit.

544 886 714 916 EXPLICIT
736 886 908 921 QUARTUS
929 886 975 915 ET
997 886 1158 916 ULTIMUS
1180 887 1287 916 LIBER
1310 886 1606 917 SENTENTIARUM.

465 1069 955 1124 COMMENTARIUS
994 1071 1062 1124 IN
1099 1071 1590 1126 DISTINCTIONEM
1628 1073 1677 1125 L.

1016 1187 1095 1219 PARS
1119 1188 1139 1219 l.

703 1284 750 1320 De
780 1290 870 1320 statu
900 1284 1137 1321 damnatorum
1167 1291 1244 1335 post·
1271 1285 1444 1323 iudicium.

547 1389 609 1421 Hie
633 1389 742 1421 oritur
766 1390 912 1432 quaestio
936 1400 974 1422 επ
994 1391 1191 1432 praemissis
1215 1391 1335 1423 (lucens
1359 1392 1518 1433 oriqinem
1544 1396 1600 1424 etr..

918 1500 1055 1532 DiViSiO
1079 1501 1232 1534 TEXTUS.

180 1610 282 1651 Supra
305 1610 368 1651 egit
391 1611 535 1652 Magister
560 1611 598 1643 de
622 1614 705 1643 statu
729 1610 904 1643 Beatorum.
923 1612 953 1643 ln
980 1612 1039 1643 bac

90 1665 179 1704 parte
203 1662 266 1703 agit
290 1662 329 1694 de
353 1666 435 1694 statu
460 1663 699 1702 damnatorum,
729 1663 831 1704 primo
863 1667 932 1705 post
962 1664 1039 1695 iudi-

91 1715 173 1747 cium
185 1740 192 1753 ,
217 1715 355 1747 secundo
371 1719 442 1747 ante
460 1715 628 1754 iudicium,
646 1715 706 1747 ibi:
724 1716 904 1748 Praeterea
921 1716 1040 1758 quaeri

90 1769 185 1807 solet,
209 1769 240 1800 si
262 1769 480 1810 reproborum
503 1769 638 1801 (mimae
661 1773 718 1802 etc.

179 1821 282 1853 Prima
305 1831 378 1862 pars
410 1822 504 1854 babet
533 1822 622 1855 duas.
656 1823 686 1854 In
720 1823 822 1864 prima
853 1823 1040 1855 determinat

1104 1612 1341 1644 subversionem
1368 1613 1556 1651 voluntatis3
1583 1614 1611 1645 in
1637 1615 1774 1647 secunda
1797 1616 2047 1648 excaecationem

1104 1665 1250 1703 rationis,
1275 1665 1336 1696 ibi:
1359 1661 1431 1697 >Hie
1462 1666 1581 1708 quaeri
1602 1670 1721 1707 potest.-
1745 1677 1849 1710 quare
1872 1668 1948 1700 illae
1972 1672 2049 1700 tene-

1104 1716 1182 1748 brae
1205 1722 1262 1749 eto.
1286 1717 1321 1749 Et
1345 1722 1478 1759 utraque
1503 1727 1576 1759 pars
1600 1719 1679 1751 duas
1704 1719 1807 1751 babet.
1833 1721 1862 1752 ln
1880 1721 1982 1762 prima
1998 1730 2048 1763 op-

1104 1770 1206 1810 ponit,
1231 1770 1260 1801 in
1286 1771 1423 1802 secunda
1447 1780 1522 1802 vero
1546 1771 1697 1803 dissolvit.

821 1960 1029 1991 TRACTATIO
1054 1959 1326 2001 QUAESTIONUM.

179 2069 222 2101 Ad
246 2069 481 2110 intelligentiam
506 2070 602 2101 huius
625 2070 724 2111 partis
748 2070 921 2102 seeundum
955 2070 1037 2107 duo,

89 2131 169 2164 quae
193 2123 291 2164 tangit
314 2122 475 2163 Magister,
505 2122 568 2155 duo
591 2123 805 2164 principaliter
830 2127 1036 2164 quaeruntur.

177 2175 280 2206 Primo
310 2174 474 2217 quaeritur
498 2175 536 2207 de
560 2176 765 2207 subversione
794 2175 964 2207 voluntatis
989 2176 1039 2207 da-

88 2230 278 2259 mnatorum.

178 2279 320 2311 Secundo
344 2279 383 2312 de
407 2280 625 2312 excaecatione
650 2280 788 2312 rationis.

178 2331 266 2364 Circa
290 2332 427 2373 primum
453 2336 651 2374 quaeruntur
675 2333 743 2364 tria.

1192 2070 1295 2102 Primo
1319 2071 1493 2112 quaeritur,
1511 2075 1617 2103 utrum
1643 2072 1779 2104 damnati
1805 2073 1913 2112 velint,
1930 2082 1963 2106 se
1984 2083 2051 2116 pec<

1104 2131 1200 2154 casse.

1192 2175 1353 2213 Secundo,
1376 2180 1485 2208 utrum
1509 2176 1669 2209 voluntate
1690 2177 1894 2210 deliberativa
1911 2179 2049 2211 damnati

1105 2227 1213 2259 malint
1236 2237 1295 2259 non
1321 2237 1388 2260 esse
1412 2237 1506 2269 quam
1532 2237 1599 2260 esse
1623 2229 1675 2261 sic.

1193 2281 1313 2319 TertiO,
1330 2284 1437 2312 utrum
1463 2281 1600 2312 damnati
1626 2282 1771 2320 mallent,
1787 2291 1895 2315 omnes
1915 2292 1983 2316 esse
2000 2284 2050 2316 da-

1104 2336 1243 2371 mnatos,
1260 2342 1354 2374 quain
1380 2333 1532 2374 quosdam
1557 2333 1738 2373 damnatos,
1755 2335 1907 2376 quosdam
1933 2335 2049 2367 beatos.

914 2468 1176 2506 ARTICULUS
1206 2470 1231 2506 I.

697 2570 742 2601 De
765 2569 974 2601 subversione
996 2569 1175 2601 voluntatis
1199 2570 1445 2602 (Ictmncttorrmz.

959 2692 1141 2733 QUAESTIO
1165 2693 1184 2724 1.

736 2789 852 2821 Utrum
877 2789 1030 2821 (lamnati
1052 2789 1167 2826 velim,
1191 2799 1224 2821 se
1246 2799 1404 2831 peccasse.

177 2900 334 2940 Quantum
367 2908 441 2941 ergo
473 2900 512 2932 ad
541 2900 679 2941 primum
713 2900 894 2941 proceditur
919 2900 980 2938 sic,
1008 2904 1037 2931 et

88 2952 279 2990 ostenditur,
304 2952 387 2994 quod
412 2953 550 2984 damnati
575 2952 708 2990 vellent,
733 2961 765 2985 se
790 2961 953 2994 peccasse:

179 3005 205 3035 1.
230 3004 310 3045 Quia
331 3005 523 3046 Augustinus
547 3005 586 3037 de
610 3005 682 3037 Fide
706 3005 745 3037 ad
771 3005 918 3037 Petrum¹
945 3005 1035 3043 dicit,

0 3077 74 3118 '³3¹⁰
88 3056 172 3097 quod
203 3069 217 3085 «
233 3056 346 3088 bonam
376 3057 493 3089 habere
522 3057 701 3089 nullatenus
727 3061 874 3098 poterunt
897 3057 1036 3089 volunta-

0 3103 33 3119 {a
57 3104 77 3119 Ι·-

0 3130 24 3145 va
27 3139 32 3144 .

1102 2903 1162 2931 tem
1180 2912 1210 2937 »3
1235 2900 1289 2931 sed
1315 2900 1414 2938 nolle,
1439 2909 1471 2932 se
1497 2909 1658 2941 peccasse,
1682 2905 1728 2933 est
1746 2901 1914 2934 voluntatis
1931 2902 2048 2935 bonae:

1100 2961 1175 2993 ergo
1200 2961 1259 2984 non
1284 2956 1431 2993 poterunt
1463 2953 1521 2985 lioc
1554 2953 1688 2985 babere:
1722 2963 1796 2995 ergo
1825 2954 1848 2986 si
1874 2955 2049 2987 considera-

1100 3005 1178 3037 bunt
1201 3009 1364 3046 peccatum
1388 3015 1499 3041 sunm,
1524 3016 1595 3038 cnm
1629 3016 1688 3038 non
1722 3007 1841 3048 possint
1865 3007 1966 3046 nolle,
1997 3017 2047 3041 ne-

1100 3065 1185 3089 cesse
1210 3057 1325 3089 habent
1349 3057 1439 3089 velle.

159 3267 167 3283 ¹
187 3268 246 3293 Loc.
266 3269 306 3293 cit.
327 3275 386 3293 curn
407 3269 496 3294 Glossa
515 3267 698 3300 interlineari;
718 3268 811 3293 deinde
831 3269 870 3293 Ps.
890 3269 936 3300 57,
959 3269 967 3293 fi
981 3269 999 3293 Ι.

158 3311 169 3327 2
188 3311 242 3336 lsai.
261 3312 290 3343 6,
312 3312 335 3337 1¹,
355 3319 427 3344 seqq.
448 3326 482 3330 —
502 3312 548 3337 Pro
567 3311 680 3345 sufficiat
700 3312 775 3337 codd.
790 3315 809 3336 Α
821 3312 838 3336 Β
852 3311 870 3337 C
882 3312 899 3336 E
920 3315 945 3337 et
963 3312 1005 3338 ed.
1022 3314 1031 3337 l

89 3353 194 3388 sufficit.

1344 3267 1450 3293 NOTAE
1470 3268 1511 3294 AD
1531 3268 1804 3295 COMMENTARIUM.

1172 3311 1180 3327 1
1199 3311 1260 3343 Cap.
1281 3312 1304 3336 3.
1326 3319 1350 3337 n.
1373 3313 1418 3343 38,
1439 3312 1482 3337 ubi
1503 3313 1651 3344 Fuigentius
1670 3314 1717 3339 ait:
1737 3314 1806 3339 Sicut
1826 3314 1921 3339 nullam
1941 3315 2048 3341 ulterius

1101 3355 1233 3381 habebunt
1253 3357 1384 3388 requiem,
1405 3358 1441 3381 sic
1460 3356 1554 3381 bonnm
1575 3360 1621 3382 ete.
1642 3357 1693 3383 Cir.
1716 3359 1755 3383 liic
1776 3359 1808 3383 lit.
1830 3358 1956 3391 Magistri,
1976 3366 1998 3384 c.
2022 3360 2044 3385 1.
