2483 3882
421 289 660 313 CONCLUSIO.

168 388 405 428 Contemptores
428 391 457 418 et
479 387 609 419 rebelles
633 387 920 419 excommunicare

353 439 425 471 lieet
447 443 476 471 et
499 438 641 471 debitam
665 443 719 470 est.

155 545 356 576 Respounuo:
374 544 417 576 Ad
443 544 558 576 horum
584 543 821 585 intelligentiam
845 547 892 576 est
913 547 1018 576 notan-

0 611 57 635 >nouo
71 599 163 636 dum,
188 597 272 639 quod
304 597 385 629 sicut
416 597 447 628 in
479 596 664 638 disciplinis
688 596 809 637 duplex
833 600 880 628 est
904 596 1017 628 modus

8 639 54 666 ⁹¹⁹⁸
69 650 254 684 instruendi
269 653 299 682 et
316 649 436 691 duplex
454 649 569 681 modus
585 648 767 691 aryuenai,
785 649 901 681 scilicet
918 653 1018 681 osten-

67 704 157 736 sivas
181 706 211 735 et
230 712 291 744 per
316 701 514 744 impossibile
529 702 563 739 ¹,·
587 705 617 734 et
641 702 671 733 in
689 701 941 733 medicinalibus
959 701 1017 733 du-

67 756 139 798 plex
164 758 211 787 est
234 755 348 787 modus
378 754 542 792 carendi,
568 755 685 787 scilicet
709 764 765 796 per
789 755 1017 787 medicamenta

69 807 218 840 lenierttia
242 812 272 839 et
300 816 357 848 per
389 807 618 839 medicamenta
642 807 838 848 asperantia
861 825 904 829 —
928 816 1016 839 cura-

67 866 117 894 tur
141 861 223 892 enim
247 860 362 901 aliquis
379 869 435 901 per
452 859 614 901 emplastri
639 860 883 901 appositionem,
902 859 1017 901 aliquis

66 923 120 956 per
137 914 304 946 sectionem
322 932 364 936 —-
382 913 426 945 sic
443 913 473 945 in
490 912 675 945 moralibus
699 912 820 954 duplex
837 916 884 944 est
901 912 1015 944 modus

67 966 271 1008 eorriyemli,
297 975 379 998 unus
404 975 461 1008 per
485 965 594 998 dulces
618 965 831 1003 monitiones,
856 965 936 997 alter
959 973 1017 1006 per

0 1009 55 1089 innexa
67 1028 192 1062 asperas
217 1019 457 1060 increpationes
465 1031 476 1056 ;
492 1022 522 1051 et
540 1019 598 1051 boc
615 1018 791 1051 secundum
813 1018 876 1050 duo
901 1027 1016 1059 genera

17 1063 41 1078 '¹²'
66 1072 245 1111 hominum,
270 1072 344 1113 quia
368 1071 496 1113 quidam
521 1075 595 1103 sunt
619 1071 798 1103 tractabiles
829 1075 859 1103 et
891 1071 1017 1112 plicabi-

65 1126 125 1164 les,
149 1125 278 1166 quidam
302 1124 374 1156 duri
400 1128 430 1156 et
454 1124 597 1156 rebelles.
634 1124 683 1156 Sic
715 1124 746 1155 in
771 1123 894 1156 divinis
918 1126 948 1156 et
972 1133 1016 1155 ee-

64 1178 253 1210 clesiastieis
278 1177 415 1216 iudiciis,
433 1177 463 1208 in
482 1177 598 1219 quibus
614 1180 661 1209 est
678 1176 865 1214 instructio,
883 1176 1015 1208 curatio

4 1251 52 1266 mo.
66 1235 95 1264 et
117 1230 290 1268 eorreeliO,
316 1229 436 1271 duplex
461 1230 619 1271 reperitur
644 1229 760 1262 modus
783 1229 971 1261 instruendi
986 1233 1015 1261 et

6 1272 254 1326 ⁰⁰¹⁰'eorri9ericli
274 1287 304 1315 et
328 1283 421 1315 etiam
447 1283 601 1315 curandi.
627 1282 901 1323 Quemadmodum
920 1282 1016 1324 igitur

65 1337 241 1369 nolentibus
264 1340 428 1377 acceptare
459 1337 613 1368 rationem
645 1336 833 1368 ostensivam
860 1335 894 1367 sit
925 1345 1017 1377 argu-

65 1390 211 1423 mentatio
235 1389 354 1422 ducens
378 1389 417 1421 ad
444 1388 636 1430 impossibile
651 1401 658 1427 3
675 1392 705 1421 et
722 1388 858 1427 morbis,
883 1388 1015 1430 quinon

65 1446 216 1476 curantur
240 1452 296 1484 per
321 1442 547 1483 emplastrum,
571 1441 740 1483 apponitur
765 1441 882 1473 vulnus
899 1446 929 1473 et
946 1450 1016 1473 cau-

64 1496 201 1534 terium,
226 1499 255 1528 et
280 1495 385 1527 invitis
410 1499 440 1527 et
464 1494 730 1536 incorrigibilibus
755 1494 789 1526 fit
813 1494 934 1526 curatio
959 1502 1015 1535 per

3 1561 23 1582 io
35 1561 52 1582 1.
66 1548 240 1590 flagellum:
255 1549 298 1580 sic
311 1557 379 1580 esse
391 1548 529 1590 oportuit
542 1548 572 1579 in
586 1547 739 1580 Ecclesiae
755 1547 1013 1580 correctionibus.

66 1603 99 1634 Et
122 1601 192 1633 ideo
217 1601 371 1641 Ecclesiae
395 1610 456 1633 non
481 1604 602 1633 tantum
637 1600 723 1633 dedit
754 1600 907 1632 Dominus
931 1600 1016 1633 insti-

65 1657 146 1686 tutor
171 1657 201 1686 et
224 1653 372 1685 fundator
403 1653 643 1685 medicamenta
674 1653 949 1685 Sacramentorum
974 1652 1014 1685 ad

65 1707 238 1740 curandum
263 1707 464 1745 accedentes,
489 1706 543 1738 sed
570 1706 662 1738 etiam
689 1705 841 1748 gladium
860 1705 1013 1746 spiritus,

64 1761 148 1804 qaod
171 1764 216 1792 est
240 1760 375 1792 verbam
400 1760 460 1791 Dei
472 1759 501 1797 ²,
526 1763 557 1791 et
580 1762 764 1801 potestatem
783 1758 967 1800 amputandi
985 1761 1015 1790 et

0 1817 50 1852 3102.
65 1814 223 1847 resecandi
249 1817 478 1855 contemptores
503 1816 532 1845 et
557 1812 690 1844 rebelles
704 1825 712 1851 3
737 1815 767 1844 et
791 1811 868 1843 tales
893 1811 963 1844 licet
985 1815 1015 1843 et

65 1867 205 1900 debitum
230 1870 277 1899 est
300 1866 587 1904 excommunicari,
611 1867 693 1898 sicut
717 1868 877 1897 ostensum
896 1868 942 1897 est
962 1874 1015 1897 au-

63 1920 202 1953 ctoritate
225 1920 280 1952 Dei
306 1923 336 1952 et
360 1919 507 1961 exemplo
531 1918 666 1960 Apostoli
692 1921 721 1950 et
746 1917 866 1950 ratione
890 1917 921 1949 in
947 1927 1015 1950 con-

64 1973 163 2006 simili.

152 2028 178 2058 l.
203 2027 247 2058 Ad
272 2026 450 2067 illudrergo
475 2025 558 2067 quod
590 2025 754 2063 obiicitur,
780 2024 864 2066 quod
890 2033 1015 2057 excom-

0 2080 222 2117 ›0p-municare
258 2084 304 2112 est
335 2083 427 2112 extra
459 2078 738 2111 commuuionem⁸
771 2078 901 2117 eiicere,
933 2087 1014 2120 quae

0 2122 32 2137 ’ω’
63 2136 108 2165 est
130 2141 187 2174 per
210 2133 371 2165 caritatem
386 2145 394 2170 ς
430 2131 617 2170 dicendum,
643 2131 727 2173 quod
752 2132 932 2163 communio
964 2131 1015 2163 tri-

2 2186 136 2227 tum-ulex
160 2189 225 2218 est:
251 2185 405 2227 quaedam
430 2184 620 2226 spiritualis
644 2183 795 2222 omniuo,
822 2187 851 2215 et
873 2183 952 2215 haec
968 2187 1015 2216 est

0 2238 4 2242 “
63 2242 214 2280 quantum
239 2239 278 2270 ad
304 2238 501 2270 dilectionem
538 2237 741 2274 interiorem,
767 2236 921 2277 quaedam
948 2246 1016 2268 eor-

60 2291 206 2333 poralis,
231 2295 261 2324 et
293 2292 370 2324 haec
406 2294 452 2323 est
487 2293 641 2332 quantum
666 2289 705 2321 ad
731 2288 921 2321 exteriorem
946 2298 1016 2321 con-

63 2345 291 2383 versationem3
321 2344 476 2386 quaedam
509 2343 614 2375 ii'teclio
646 2342 761 2379 modo,
797 2346 827 2373 et
859 2342 936 2374 haec
968 2346 1015 2374 est

64 2402 213 2440 quantum
238 2398 278 2430 ad
303 2399 576 2430 Sacramentorum
604 2395 851 2436 susceptionem,
877 2398 907 2426 et
923 2403 1014 2436 prae-

64 2453 152 2494 cipue
176 2456 329 2493 quantum
355 2451 392 2483 ad
419 2450 657 2482 Sacramentum
682 2448 800 2479 altaris.
826 2447 901 2479 Dico
922 2456 1013 2489 ergo,

0 2511 53 2533 σω.
68 2505 150 2547 quod
181 2515 199 2537 a
219 2505 334 2546 prima
368 2503 476 2536 nullus
512 2505 613 2544 potest
650 2510 705 2533 nec
741 2499 833 2532 debet
866 2500 1013 2539 excludi,

64 2559 211 2600 quamdiu
237 2562 284 2590 est
319 2558 437 2595 viator,
462 2565 518 2588 nec
543 2553 829 2587 excommunicatio
854 2553 928 2585 dicit
952 2554 1015 2594 pri-

65 2613 216 2646 vationem
252 2612 338 2644 illius
374 2608 613 2642 communionis.
651 2608 809 2647 Quantum
835 2605 873 2637 ad
899 2616 1013 2641 saera-

646 194 738 226 DIST.
764 193 861 227 XVllI.
887 194 916 225 P.
942 193 973 225 11.
998 194 1080 226 ART.
1106 194 1236 227 UNtCUS
1260 194 1411 235 QUAEST.
1436 194 1456 226 Ι.

1968 197 2033 229 485

1082 282 1253 314 mentalem
1277 282 1459 314 excluditur
1483 282 1632 324 quilibet,
1649 283 1702 324 qui
1720 282 1836 315 dicitur
1853 291 2035 315 excommu-

1082 334 1203 367 nicatus
1227 335 1293 367 sive
1316 335 1427 367 maiori
1441 334 1468 374 ⁴,
1494 336 1559 368 sive
1584 335 1706 367 minori.
1729 336 1888 377 Quantum
1905 336 1945 368 ad
1963 345 2036 368 eon-

1082 387 1299 419 versationem
1335 388 1529 420 exteriorem
1552 388 1725 420 attenditur
1749 388 2033 420 excommunicatio

1081 439 1204 477 maior,
1221 440 1250 471 in
1268 450 1331 482 qua
1347 441 1588 474 communicatio
1607 445 1739 483 negatur
1756 441 1930 473 secundum
1943 444 2034 474 actus

1083 491 1254 532 legitimos,
1279 493 1332 534 qui
1361 493 1568 526 attenduntur
1593 493 1623 525 in
1648 494 1826 535 quatuor⁵,
1851 488 1970 526 scilicet
2002 494 2032 526 in

1081 544 1206 583 osculo,
1231 545 1262 576 in
1286 545 1459 586 colloquio,
1484 545 1514 578 in
1532 546 1692 585 convivio,
1717 546 1748 578 in
1772 546 1919 578 oratorio.
1947 546 2032 579 Unde

1081 604 1212 628 versus:

1205 675 1253 707 Os,
1276 683 1363 708 orare,
1384 677 1455 708 vale,
1478 679 1642 709 communio,
1665 685 1753 703 mensa
1774 681 1890 710 negatur.

1171 754 1219 786 Sic
1243 754 1339 795 igitur
1363 758 1463 796 patet,
1489 757 1574 797 quod
1598 766 1669 789 cum
1695 757 1811 799 triplex
1836 758 1875 790 sit
1896 767 2034 790 commu-

1081 806 1152 838 nio:
1178 816 1241 838 uua
1265 807 1473 848 spiritualis,
1498 812 1529 840 et
1553 809 1613 841 alia
1634 811 1908 849 sacramentalis,
1926 815 1956 843 et
1973 812 2033 843 alia

1081 859 1285 900 corporali&
1312 860 1396 901 quod
1422 861 1596 893 secundum
1609 862 1760 903 primam
1777 863 1885 896 nullus
1909 872 2032 896 excom-

1081 911 1283 949 municatur;
1313 913 1488 945 secundum
1516 915 1790 947 sacramentalem
1821 917 2036 948 excommuni-

1081 968 1171 997 catur
1195 965 1296 997 omnis
1321 966 1374 1007 qui
1397 966 1512 998 dicitur
1530 969 1840 1008 excommunicatus,
1858 970 2033 1002 secundum

1082 1018 1213 1050 tertiam
1238 1019 1533 1051 excommunicatur
1558 1019 1609 1052 ille
1634 1020 1687 1061 qui
1713 1021 1837 1053 initiori
1853 1031 2034 1054 excommu-

1080 1071 1234 1104 nicatione
1258 1073 1552 1105 excommunicatus
1570 1073 1695 1112 dicitur,
1713 1074 1787 1115 quia
1803 1074 1903 1106 maior
1920 1079 1966 1107 est
1984 1075 2033 1108 liic

1081 1124 1214 1166 privatio
1238 1124 1538 1157 communicationis.
1558 1126 1592 1157 Et
1608 1125 1652 1158 sic
1673 1129 1758 1168 patet
1780 1126 1859 1159 illud
1883 1128 2032 1168 primum.

1169 1179 1198 1209 02.
1224 1177 1266 1209 Ad
1293 1177 1371 1209 illud
1401 1178 1486 1219 quod
1518 1178 1682 1218 obiicitur,
1707 1179 1792 1220 quod
1817 1180 1924 1212 nullus
1949 1189 2034 1222 sepa-

1081 1230 1200 1262 randus
1225 1233 1272 1262 est
1295 1240 1313 1262 a
1337 1230 1567 1269 Sacramentis;
1592 1231 1779 1271 dicendum,
1805 1232 1889 1274 quod
1914 1233 2033 1271 immo,

1080 1283 1251 1324 quoniam,
1283 1283 1340 1315 etsi
1372 1283 1572 1315 Sacramenta
1604 1284 1665 1316 sint
1701 1285 1896 1324 medicinae,
1929 1289 2034 1318 tamen

1080 1345 1141 1368 non
1167 1340 1299 1378 prosunt
1323 1336 1380 1369 nisi
1406 1337 1574 1378 dispositis.
1601 1338 1686 1370 Unde
1710 1340 1791 1371 sicut
1815 1338 1916 1370 bonus
1939 1339 2035 1371 medi-

1080 1398 1136 1421 cus
1153 1389 1326 1421 secundum
1349 1392 1448 1422 artem
1470 1390 1617 1431 prohibet
1634 1390 1795 1422 infirmum
1813 1400 1830 1422 a
1847 1391 2032 1428 riiedieinis,

1080 1450 1141 1473 non
1165 1444 1286 1473 tantum
1312 1450 1330 1473 a
1354 1439 1447 1480 cibis}
1472 1446 1602 1483 propter
1627 1442 1894 1484 indispositionem
1910 1455 1916 1481 3
1934 1442 1977 1475 sic
2002 1443 2033 1474 in

1080 1493 1242 1537 proposito
1271 1498 1317 1526 est
1341 1493 1590 1535 intelligendum.
1616 1495 1727 1527 Utilius
1752 1496 1834 1527 enim
1859 1499 1922 1534 est,
1940 1496 2032 1528 alicui

1080 1547 1267 1579 medicinam
1293 1547 1438 1579 subtrahi
1474 1557 1569 1589 quam
1601 1548 1694 1580 dari6
1717 1552 1825 1580 contra
1860 1548 2034 1590 dispositio-

1080 1609 1169 1639 nem,
1195 1600 1291 1632 immo
1315 1600 1369 1632 tali
1394 1600 1511 1632 diferre
1536 1601 1724 1633 medicinam
1749 1606 1795 1634 est
1820 1602 2014 1635 medicinale.

1170 1653 1198 1685 3.
1224 1653 1267 1685 Ad
1292 1653 1370 1685 illud
1407 1653 1491 1694 quod
1528 1653 1674 1686 obiicitur
1710 1655 1749 1686 de
1785 1656 2035 1687 excommunica-

1082 1706 1180 1745 tione,
1205 1709 1313 1738 utrum
1341 1706 1380 1738 sit
1405 1706 1535 1738 morbus
1566 1706 1615 1738 vel
1639 1707 1814 1745 medicina,
1847 1707 2034 1747 dicendum,

1080 1753 1164 1800 quod
1190 1758 1270 1790 sicut
1294 1758 1391 1790 sectio
1416 1758 1455 1790 de
1479 1759 1582 1800 prima
1607 1768 1665 1791 sua
1691 1759 1809 1791 ratione
1833 1759 1925 1801 plaga
1943 1762 1989 1791 est
2005 1763 2035 1791 et

1080 1811 1222 1844 dolorem
1244 1812 1334 1850 facit,
1353 1815 1455 1844 tamen
1475 1812 1506 1843 in
1524 1812 1758 1853 comparatione
1775 1812 1814 1844 ad
1832 1812 1949 1845 vulnus
1965 1822 2036 1854 apo-

1080 1864 1219 1896 stematis
1243 1867 1290 1896 est
1315 1864 1489 1903 medicina,
1515 1865 1558 1897 sic
1583 1864 1651 1906 ipsa
1674 1865 1842 1907 separatio
1864 1874 1882 1897 a
1899 1874 2036 1897 commu-

1079 1918 1171 1949 nione
1195 1917 1337 1949 fidelium
1363 1917 1438 1949 dicit
1462 1918 1580 1949 malum
1607 1923 1636 1950 et
1661 1918 1812 1950 damnum
1837 1922 1868 1950 et
1892 1927 2035 1959 poenam,

1079 1971 1109 2002 in
1135 1970 1368 2011 comparatione
1393 1974 1496 2002 tamen
1522 1971 1561 2003 ad
1588 1970 1737 2003 rebellem
1757 1971 1911 2003 medicina
1927 1974 1983 2009 est,
2001 1975 2035 2003 ut

1079 2024 1147 2056 eius
1172 2023 1302 2056 rebellio
1327 2027 1357 2055 et
1374 2025 1571 2056 contumacia
1588 2024 1762 2066 frangatur.
1782 2024 1868 2057 Unde
1885 2025 1967 2057 sicut
1984 2024 2035 2056 ille

1079 2077 1132 2118 qui
1158 2076 1319 2118 syllogizat
1341 2086 1399 2118 per
1425 2077 1642 2118 ititpossibile,
1668 2077 1707 2109 ad
1730 2077 1922 2118 impossibile
1940 2076 2036 2108 dedu-

1079 2129 1137 2168 cit,
1162 2138 1223 2161 non
1249 2133 1284 2161 ut
1311 2129 1353 2161 ibi
1386 2130 1491 2169 sistat,
1517 2130 1571 2162 sed
1597 2134 1631 2162 ut
1656 2130 1764 2162 redeat
1787 2130 1826 2162 ad
1852 2129 2035 2167 veritatem3

1080 2182 1123 2214 sic
1149 2181 1284 2214 Ecclesia
1308 2186 1433 2223 separat
1457 2186 1487 2215 et
1511 2183 1778 2221 excommunicat,
1796 2186 1831 2214 ut
1848 2182 2032 2214 redeuntem

1080 2244 1151 2267 cum
1177 2235 1355 2267 humilitate
1388 2240 1418 2267 et
1442 2236 1607 2268 confusum
1634 2236 1672 2268 de
1696 2236 1892 2268 contumacia
1916 2235 2033 2267 arctius

1080 2289 1213 2330 stringat
1237 2292 1267 2321 et
1291 2289 1423 2321 interius
1440 2289 1575 2321 claudat.
1596 2290 1630 2321 Et
1646 2289 1689 2321 sic
1706 2293 1807 2331 patet,
1825 2288 1909 2330 quod
1927 2297 2034 2330 quam-

1079 2341 1127 2373 vis
1145 2341 1184 2373 sit
1203 2341 1366 2380 medicina,
1380 2341 1454 2383 quia
1472 2346 1562 2374 curat
1581 2342 1726 2374 morbum
1746 2341 1934 2379 rebellionis,
1948 2340 2033 2381 quod

1079 2394 1186 2426 nullus
1211 2394 1292 2426 hanc
1318 2394 1506 2426 medicinam
1543 2395 1636 2426 debet
1670 2398 1834 2435 appetere,
1860 2402 1915 2425 nec
1940 2393 2032 2424 debet

1080 2447 1147 2479 dari
1181 2446 1344 2487 quaerenti
1370 2455 1477 2478 veram
1503 2447 1706 2485 medicinam,
1731 2446 1785 2478 sed
1811 2445 2030 2478 contemnenti.

1168 2500 1197 2531 li.
1223 2499 1266 2531 Ad
1292 2499 1369 2531 illud
1407 2500 1490 2540 quod
1521 2500 1685 2537 obiicitur,
1710 2499 1793 2541 quod
1819 2498 2032 2530 excommuni-

1079 2561 1150 2584 care
1174 2555 1221 2583 est
1247 2551 1370 2583 tradere
1395 2556 1542 2589 satanae;
1575 2552 1762 2590 dicendum,
1795 2551 1879 2592 quod
1908 2554 2032 2582 satanas

1078 2610 1125 2640 est
1149 2608 1272 2641 tortor,
1290 2613 1349 2636 non
1369 2607 1490 2636 tantum
1509 2604 1704 2642 animarum,
1724 2613 1833 2636 verum
1856 2603 1949 2636 etiam
1968 2612 2033 2635 cor-

133 2774 141 2791 ¹
162 2775 211 2801 Ctr.
235 2775 346 2805 Aristot.‚
372 2775 386 2799 1.
408 2774 486 2799 Prior.
516 2781 538 2799 c.
568 2774 608 2798 22.
636 2774 676 2797 30.
707 2772 772 2805 (29.)
793 2772 833 2796 40.
854 2772 917 2803 (38.)
938 2775 962 2796 ct
987 2771 1013 2795 ll.

65 2828 85 2845 c.
109 2821 146 2845 li.
167 2827 238 2852 seqq.
260 2834 293 2836 —-
312 2819 447 2851 Aliquanto
476 2819 581 2843 inferius
610 2824 657 2849 pro
687 2816 724 2843 sic
753 2816 781 2841 in
809 2814 958 2841 moralibus
978 2822 1013 2840 se-

67 2864 147 2889 cunda
173 2871 265 2888 manus
294 2865 317 2888 in
344 2863 419 2888 codd.
449 2863 494 2887 EF
520 2862 651 2887 substituit
678 2863 702 2887 et
720 2861 789 2887 sieut
811 2860 838 2885 iii
857 2858 1012 2885 moralibus.

67 2907 178 2933 Subinde
197 2915 244 2939 pro
264 2906 398 2941 plicabiles
418 2907 477 2932 cod.
499 2907 531 2931 W
548 2905 702 2938 placabiles.

133 2951 143 2967 2
162 2952 225 2983 pr.
246 2952 274 2983 6,
302 2951 339 2976 17.
361 2950 412 2976 Csr.
434 2951 493 2981 Sap.
519 2951 556 2981 16,
581 2951 625 2974 liz:
647 2950 744 2974 Etenim
769 2956 853 2980 neque
873 2947 953 2972 herba
974 2954 1014 2972 ue-

68 3001 116 3026 que
135 2995 261 3027 malagma
291 2994 349 3028 [ct'r.
375 2995 471 3025 lsidor.‚
501 2994 540 3019 lV.
570 2993 714 3024 etymolog.
737 3000 757 3017 c.
779 2991 817 3025 9.]
836 2993 936 3017 sanavit
955 2998 1011 3023 eos,

67 3039 111 3064 sed
131 3042 200 3071 tuus⁷
221 3040 342 3070 Domine,
363 3046 462 3070 sermo,
483 3039 526 3070 qui
547 3041 620 3063 sanat
649 3038 743 3062 omniu.
763 3050 798 3055 —
818 3037 943 3068 Superius
966 3042 1013 3067 pro

66 3081 93 3108 in
118 3083 248 3109 Ecclesiae
275 3082 421 3109 rectoribus
446 3082 627 3107 substituimus
652 3089 682 3106 cx
708 3081 765 3106 cod.
786 3081 805 3105 U
830 3080 858 3105 iii
883 3078 1015 3105 Ecclesiae

67 3126 278 3152 correctionibus.
300 3127 324 3151 ln
344 3126 394 3151 sine
413 3133 485 3157 corp.
507 3132 553 3157 pro
574 3124 622 3150 Dei
640 3124 697 3149 cod.
718 3125 738 3148 H
760 3123 872 3149 Domini.

134 3169 145 3186 ³
163 3169 244 3196 Codd.
265 3171 284 3195 li
297 3171 312 3195 S
324 3171 344 3195 U
364 3172 402 3195 est
419 3176 454 3195 ea‘
473 3168 657 3195 communione
677 3167 818 3194 Ecclesiae.

135 3213 146 3230 4
165 3215 189 3239 ln
205 3215 279 3240 codd.
301 3215 347 3239 FG
367 3215 503 3246 suppletur
522 3211 807 3239 eoeeommuiiicatioue.

136 3256 147 3273 ⁵
165 3258 190 3282 ln
210 3257 236 3283 C.
256 3256 511 3284 Emeommam‘eatos
531 3256 605 3288 (171),
628 3255 653 3280 C.
676 3256 715 3280 ll.
745 3262 769 3287 q.
791 3255 815 3279 3.
838 3254 944 3280 dicitur:
964 3254 1015 3279 Nec

68 3307 125 3325 cum
145 3302 181 3326 eis
200 3300 453 3334 [excommunicatis]
473 3301 497 3325 in
517 3301 640 3331 oratione,
663 3301 707 3324 aut
734 3298 792 3324 cibo
812 3302 855 3323 aut
876 3303 952 3330 potu,
972 3300 1015 3322 aut

68 3344 154 3369 osculo
174 3347 357 3377 communicet,
380 3352 426 3370 nec
454 3345 509 3370 Ave
535 3345 571 3369 eis
591 3343 658 3368 dicat
678 3343 715 3374 [11.
738 3343 805 3367 loun.
825 3349 850 3367 v.
871 3343 912 3367 110.
937 3340 1013 3374 seq.].

1078 2784 1112 2788 —
1131 2769 1203 2800 fidet,
1226 2770 1309 2800 posito
1329 2767 1459 2801 quinque,
1482 2766 1587 2790 inferius
1613 2767 1671 2796 post
1700 2763 1728 2789 in
1748 2762 1867 2789 oratorio
1888 2763 1986 2788 addunt
2005 2762 2033 2788 iii

1078 2813 1265 2843 calefaciendo.
1286 2813 1354 2837 Alex.
1376 2811 1437 2841 ilat,
1458 2811 1482 2835 S.
1503 2817 1528 2840 p.
1550 2810 1589 2834 lv.
1605 2816 1629 2841 q.
1651 2810 1693 2833 22.
1710 2815 1743 2834 m.
1763 2809 1782 2832 1.
1803 2815 1824 2832 a.
1840 2809 1869 2832 2:
1884 2808 1932 2839 Qui
1947 2806 2032 2839 [actus

1078 2857 1198 2891 legitimi]
1218 2857 1385 2882 attenduntur
1404 2856 1427 2880 in
1448 2856 1551 2885 osculo,
1574 2855 1599 2878 iu
1619 2853 1785 2884 salutatione,
1808 2859 1831 2876 ιιι
1852 2852 1986 2881 convivio,
2006 2852 2030 2876 in

1079 2904 1199 2928 oratorio.
1221 2902 1294 2926 Unde
1314 2907 1419 2925 versus:

1221 2965 1245 2988 Si
1267 2970 1314 2994 pro
1335 2962 1433 2987 delictis
1453 2961 1587 2985 anatliema
1610 2960 1667 2991 quis
1687 2960 1825 2988 efficiatur,

1221 3008 1265 3039 Os,
1287 3014 1374 3037 orare,
1395 3006 1465 3037 vale,
1487 3005 1645 3035 communio,
1666 3003 1755 3028 mensa
1770 3007 1887 3034 negatur.

1080 3081 1126 3105 Per
1145 3077 1359 3105 communionem
1380 3077 1405 3101 Β.
1420 3076 1515 3101 Albert.
1530 3074 1582 3107 (bic
1602 3082 1624 3099 a.
1645 3074 1693 3106 16.)
1707 3078 1731 3099 et
1751 3074 1775 3098 S.
1790 3073 1884 3098 Tliom.
1900 3072 1953 3104 (liic
1968 3080 1992 3104 q.
2008 3073 2030 3097 2.

1079 3131 1102 3149 a.
1129 3123 1162 3155 1.)
1182 3122 1286 3153 intelligi
1306 3122 1395 3145 volunt
1414 3119 1675 3145 communicationem
1695 3117 1723 3142 in
1746 3115 1943 3148 Socramentis,
1964 3116 2032 3142 ideo-

1080 3174 1131 3199 que
1156 3166 1244 3191 reduci
1270 3167 1357 3195 posset
1382 3163 1415 3187 ad
1441 3167 1539 3193 actum,
1568 3162 1612 3194 qui
1641 3161 1768 3186 indicatur
1796 3159 1823 3185 ίη
1851 3159 1989 3191 oratorz'0;
2010 3160 2030 3185 si

1080 3216 1142 3234 vero
1162 3215 1222 3233 cuni
1242 3208 1296 3232 aliis
1316 3206 1499 3237 intelligeretur
1519 3205 1551 3230 de
1570 3205 1650 3230 rebus
1669 3204 1846 3235 civilibussv.
1867 3211 1891 3235 g.
1919 3203 1951 3228 de
1971 3210 2032 3228 cou-

1080 3252 1214 3283 tractibus,
1229 3250 1376 3276 reducenda
1395 3253 1461 3275 esset
1481 3249 1530 3274 sub
1548 3253 1635 3274 actum
1653 3247 1786 3282 colloquii.
1798 3247 1906 3273 —Coct
1923 3249 1941 3272 A
1958 3246 2032 3273 Unde

1079 3303 1188 3323 versus:
1209 3295 1239 3321 Si
1256 3302 1305 3328 pro
1325 3294 1423 3320 delictis
1443 3293 1611 3320 anathemate
1631 3292 1689 3327 qais
1708 3291 1842 3326 feriatur,-
1861 3298 1889 3318 os
1909 3295 1957 3317 etc.

1150 3340 1160 3356 ‘³
1180 3339 1242 3365 Edd.
1263 3337 1420 3364 subtrahere
1440 3344 1522 3371 quam
1541 3337 1614 3364 clare.
1864 3337 1877 3341 ”
