2483 3882
0 1217 64 1238 luctio.

1 1535 30 1556 sp.
43 1529 62 1550 ⁶2..

1 2424 21 2446 ,ἰο
34 2424 63 2446 in-

1 2457 17 2472 s.

0 2619 18 2656 ¹1.
29 2637 67 2657 sol-

874 257 966 289 DlST.
991 257 1117 290 XXXVI.
1143 257 1263 290 DUBlA.

1988 263 2050 295 799

732 411 842 443 DUBIA
867 411 973 443 CIRCA
998 411 1185 444 LITTERAM
1209 412 1392 445 MAGISTRI.

489 519 565 551 DUB.
592 519 611 551 1.

168 624 198 655 [Π
224 626 312 665 parte
345 623 404 656 ista
436 628 509 655 sunt
533 623 744 657 dubitationes
769 625 852 657 circa
877 625 1031 664 litteram,

80 679 109 709 et
132 676 234 717 primo
258 675 297 707 de
322 675 380 707 hoc
404 675 489 716 quod
513 675 607 708 dicit:
634 675 672 708 Si
686 676 761 717 ipsa
784 675 911 718 femina
927 676 1032 719 fuerit

79 729 114 761 in
147 727 302 760 servitute
333 728 454 760 detecta
490 731 570 766 etc.;
594 728 768 770 quaeritur,
793 730 836 768 si,
861 733 1031 771 antequam

79 782 168 823 plene
193 781 374 822 detegatur,
399 784 472 813 sunt
504 781 533 813 in
568 790 662 813 causa
691 785 721 814 et
749 781 819 820 lite,
844 786 952 814 utrum
982 783 1032 815 de-

79 835 149 867 beat
173 833 233 867 sibi
263 834 397 866 reddere
429 834 581 866 debitum.
612 834 645 866 Et
670 835 754 876 quod
780 844 859 874 ΠοΠ,
884 835 1030 868 videtur:

78 886 151 928 quia
175 889 230 918 aut
254 886 419 929 coynoscic
441 895 510 919 eam
543 886 657 919 affectu
689 887 843 926 maritali,
871 891 925 920 aut
956 898 1030 920 non.

80 940 109 972 Si
132 939 197 977 sic,
224 943 353 981 generat
375 939 433 972 sibi
458 940 689 981 praeiudicium
714 943 744 973 et
768 941 965 974 consentiens
986 950 1032 974 re-

77 995 216 1034 putatur.
249 992 277 1023 Si
309 1001 375 1024 non
407 992 573 1034 coynoscz'c
600 992 714 1025 affectu
738 993 891 1031 maritali,
925 997 1032 1034 peccat

78 1044 261 1077 mortaliter·
287 1063 330 1068 —
355 1045 412 1078 Sed
439 1049 555 1077 contra
579 1045 638 1078 hoc
663 1049 726 1085 est,
751 1046 825 1088 quia
848 1046 957 1078 nullus
981 1046 1032 1078 de-

77 1098 129 1130 bet
152 1097 279 1139 spoliari
305 1097 374 1130 iure
399 1107 456 1130 suo
480 1103 552 1131 ante
577 1107 690 1131 causae
715 1099 932 1140 cognitionem.

165 1151 371 1183 RESPONDEO:
408 1151 601 1191 Dicendum,
626 1152 709 1193 quod
742 1151 812 1184 talis
843 1155 945 1194 potest
976 1152 1032 1185 du-

78 1203 201 1246 pliciter
224 1212 333 1242 nosse,
358 1204 441 1245 quod
467 1204 521 1236 illa
546 1205 584 1237 sit
608 1204 737 1243 ancilla,
770 1214 865 1246 quam
898 1205 1030 1237 liberam

78 1255 232 1289 credidit:
258 1259 312 1288 aut
335 1256 394 1288 levi
429 1257 624 1298 suspicione,
648 1260 703 1289 aut
727 1257 883 1298 probabili
908 1257 958 1290 vel
982 1266 1032 1289 ve-

78 1309 215 1342 hementi
242 1310 477 1351 praesumtione
502 1310 567 1342 sive
591 1314 676 1342 certa
701 1310 885 1352 cognitione.
910 1311 1030 1350 Primo,

57 1371 137 1394 .non
162 1362 255 1394 debet
278 1366 402 1404 petere,
420 1371 585 1404 quousque
610 1363 749 1404 inquirat
762 1364 841 1402 ;»sed
866 1367 987 1402 tamen,
1005 1365 1029 1396 si

78 1415 211 1448 Ecclesia
236 1415 418 1457 compellat,
444 1416 537 1448 debet
566 1416 718 1455 reddere,
750 1416 824 1458 quia
856 1417 1031 1458 ignorantia

76 1477 147 1500 eum
174 1472 318 1506 excusat,
344 1468 367 1500 si
394 1478 453 1500 ΠοΠ
478 1471 525 1500 est
541 1469 672 1507 uxor13
695 1469 793 1501 nescit
809 1469 903 1508 enim,
921 1473 1029 1501 utrum

78 1520 116 1553 sit
139 1530 232 1552 uxor.
249 1539 293 1543 -
309 1521 452 1553 Secundo
476 1521 586 1559 modo,
604 1521 669 1553 sive
688 1521 822 1554 Ecclesia
846 1522 1030 1563 compellat,

77 1573 142 1606 sive
165 1583 244 1612 non,
269 1583 329 1605 non
355 1574 464 1613 debet,
490 1574 564 1616 quia
581 1577 635 1606 aut
652 1578 727 1606 tunc
752 1574 809 1606 sibi
834 1575 1031 1616 praeiudicat

77 1626 269 1665 necessarie,
286 1630 341 1658 aut
357 1627 548 1664 fornicatur3
566 1630 596 1658 et
616 1630 746 1668 propter
770 1627 954 1659 mandatum
982 1627 1032 1659 Ec-

76 1679 187 1712 clesiae
205 1688 265 1711 non
282 1683 329 1711 est
349 1679 579 1711 fornicandum.
593 1679 744 1711 ——Aliter
761 1679 965 1711 iudicandum
984 1684 1031 1712 est

77 1733 114 1765 de
131 1741 232 1765 uxore
249 1732 430 1771 fornicaria,
448 1741 528 1774 quae
546 1741 619 1764 vere
639 1742 720 1764 uxor
737 1736 798 1771 est,
815 1733 880 1771 cui,
898 1742 971 1765 cum
989 1742 1029 1765 ex

76 1784 222 1816 mandato
248 1784 399 1816 Ecclesiae
424 1784 569 1816 redditur
590 1784 750 1823 debitum,
776 1794 836 1816 non
862 1788 1031 1826 generatur

76 1837 323 1879 praeiudicium,
347 1846 403 1870 nec
428 1837 602 1869 incurritur
617 1837 626 1852 '²
651 1837 777 1879 aliquod
803 1842 978 1879 peccatum.

481 1943 557 1975 Due.
583 1943 616 1974 ll.

164 2049 238 2081 [tem
264 2049 428 2091 quaeritur
453 2049 491 2081 de
515 2049 575 2082 hoc
592 2049 677 2091 quod
703 2049 797 2082 dicit:
829 2050 897 2082 Uno
921 2050 1032 2082 coniit-

76 2101 131 2144 9io
159 2105 408 2143 permanentes,
441 2102 584 2134 dominis
614 2102 687 2134 suis
715 2102 873 2134 serviant.
897 2103 1030 2135 Videtur

77 2154 157 2186 enim
184 2154 264 2186 male
289 2154 414 2187 dicere:
439 2155 514 2196 quia
537 2158 691 2196 ponatur,
717 2155 802 2197 quod
826 2164 910 2187 unus
934 2155 1032 2188 domi-

77 2216 189 2239 norum
216 2207 331 2239 vendat
354 2216 482 2239 servum
507 2208 545 2239 ad
572 2211 709 2240 remotas
734 2213 835 2240 terras
844 2220 852 2247 3
870 2208 895 2241 si
918 2209 1031 2241 ancilla

78 2260 220 2301 sequitur
244 2260 367 2298 virum,
392 2260 538 2301 privatur
562 2260 631 2292 iure
655 2269 713 2293 suo
737 2260 885 2293 dominus
901 2261 988 2299 eius;
1005 2261 1029 2293 si

78 2321 138 2344 ΠοΠ
171 2316 296 2345 tenetur
320 2314 430 2355 sequi;
455 2316 529 2345 tunc
552 2322 628 2355 ergo
652 2323 712 2345 non
739 2313 797 2345 suit
821 2323 933 2346 verum
963 2323 1032 2346 con-

76 2365 206 2406 iugium.
230 2384 275 2389 —
298 2366 391 2405 item,
416 2370 570 2407 ponatur,
606 2367 691 2408 quod
724 2376 808 2399 uxor
841 2367 880 2405 sit
913 2367 1030 2405 libera,

76 2421 106 2450 et
129 2427 241 2451 servus
266 2419 467 2451 venundetur
497 2419 666 2461 gentilibus
680 2432 688 2458 3
714 2420 896 2462 quaeritur,
920 2424 1029 2452 utrum

75 2470 186 2503 debeat
215 2472 303 2513 sequi
333 2481 415 2504 eum.
443 2472 478 2504 Et
501 2472 585 2513 quod
611 2472 672 2511 sic,
698 2472 824 2504 videtur
848 2481 905 2513 per
930 2472 1030 2513 legem

75 2524 275 2556 matrimonii.

162 2577 361 2610 RESPONDEO:
389 2577 580 2616 Dicendum,
606 2578 691 2619 quod
723 2577 747 2609 si
780 2586 892 2609 servus
920 2581 950 2610 et
981 2587 1032 2609 an-

80 2629 150 2661 cilla
181 2633 426 2669 contraxerunt,
460 2630 595 2661 dominis
627 2629 947 2667 contradicentibus,
972 2630 1031 2672 ipsi

79 2681 135 2713 sibi
159 2682 394 2723 praeiudicant,
418 2692 479 2714 non
505 2682 640 2715 dominis
665 2683 748 2720 suis;
773 2686 803 2714 et
826 2682 913 2721 ideo,
938 2683 963 2715 si
981 2683 1033 2715 do-

81 2734 183 2766 minus
211 2735 345 2776 indiget,
378 2739 480 2777 potest
506 2735 651 2768 ancillam
677 2735 832 2774 vendere,
857 2739 887 2768 et
912 2736 937 2767 si
969 2745 1030 2767 non

79 2789 179 2827 potest
202 2787 340 2820 vendere
364 2788 394 2819 in
419 2791 505 2820 terra
529 2797 603 2826 sua,
621 2790 722 2829 potest
743 2788 880 2820 vendere
906 2788 936 2820 in
960 2788 1032 2820 alie-

81 2847 128 2870 na.
154 2839 183 2871 Si
207 2842 311 2872 tamen
336 2840 366 2872 in
392 2844 477 2872 terra
502 2849 559 2872 sua
582 2840 681 2882 possit
710 2841 864 2879 vendere,
889 2844 1031 2879 tenetur,

1097 521 1236 563 alioquin
1262 523 1423 556 manifeste
1448 523 1617 556 iniuriatur
1641 525 1709 557 viro
1734 528 1764 557 et
1784 525 1926 557 abutitur
1943 534 1977 558 re
1994 534 2052 558 sua

1098 573 1128 605 in
1153 574 1382 615 praeiudicium
1407 576 1556 608 alienum.
1581 595 1625 599 —
1648 577 1677 608 Si
1710 586 1786 610 vero
1817 578 1952 610 dominis
1981 587 2166 613 con-Casum.

1096 626 1331 664 sei‘ttientz'buae
1355 631 1429 661 tunc
1453 629 1637 671 simpliciter
1662 630 1847 669 dicendum,
1872 631 1956 672 quod
1989 640 2051 662 non

1097 683 1199 721 potest
1231 680 1345 722 aliquis
1376 690 1486 713 eorum
1519 683 1611 715 vendi
1636 692 1654 714 a
1678 683 1805 715 domino
1833 684 1864 715 in
1895 683 2052 725 praeiudi-

1098 732 1183 765 cium
1206 733 1369 775 coniugis3
1394 739 1424 767 et
1448 735 1472 767 si
1498 735 1599 768 alter3
1616 736 1748 775 vendat,
1766 736 1859 769 (lebet
1875 737 1954 769 alter
1971 745 2052 769 com-

1097 784 1191 826 pelli,
1215 785 1265 817 vel
1289 787 1373 827 quod
1400 787 1549 827 redimat,
1574 789 1623 821 vel
1649 789 1742 822 debet
1765 799 1837 822 eum
1862 798 1977 829 emere,
2002 789 2051 822 vel

1097 837 1228 869 ancillae
1253 837 1408 871 licentiam
1435 840 1528 878 dare,
1553 841 1637 882 quod
1656 842 1759 874 virum
1786 846 1946 885 sequatur.

1186 890 1230 922 Ad
1255 890 1334 923 illud
1359 892 1442 933 quod
1476 894 1657 934 quaeritur,
1682 898 1789 927 utrum
1815 895 1927 927 debeat
1962 896 2048 937 sequi
2065 908 2099 939 ΛΠ
2115 911 2196 938 quaest.

1097 941 1220 980 virum,
1244 943 1268 974 si
1295 944 1496 976 venundetur
1528 945 1708 977 hominibus
1733 947 1923 988 gentilibus3
1949 947 2049 979 dicen·
2077 935 2142 956 ¹⁰⁰¹d‘

1097 994 1191 1033 dum,
1223 995 1308 1036 quod
1333 996 1481 1029 dominus
1506 1007 1583 1030 suus
1607 1007 1668 1030 non
1694 999 1786 1032 debet
1810 1009 1882 1032 eum
1912 1001 2049 1033 vendere
2095 1002 2100 1003 ⁷

1096 1047 1283 1089 gentilibus,
1315 1058 1373 1090 pro
1401 1058 1437 1081 eo
1461 1050 1546 1091 quod
1571 1054 1617 1083 est
1642 1051 1682 1083 ibi
1709 1052 1884 1093 periculum
1910 1053 1993 1086 fidei.
2019 1054 2048 1085 Si

1096 1104 1200 1132 tamen
1226 1101 1342 1133 vendat
1366 1101 1404 1134 de
1428 1102 1529 1139 sacto;
1554 1103 1579 1135 si
1603 1113 1687 1135 uxor
1721 1114 1780 1136 non
1814 1106 1902 1137 timet
1931 1106 2050 1147 pericu-

1096 1152 1162 1184 lum
1188 1153 1322 1194 peccati,
1348 1154 1432 1195 quod
1462 1154 1501 1187 sit
1525 1155 1556 1187 in
1581 1156 1801 1188 contumeliam
1828 1157 1899 1196 Dei,
1925 1158 1973 1190 vel
1998 1158 2051 1190 ali-

1096 1205 1187 1238 cuius
1211 1206 1425 1239 fornicationis
1456 1208 1605 1246 alterius,
1637 1212 1739 1250 potest
1763 1213 1793 1241 et
1818 1210 1911 1242 debet
1943 1211 2048 1243 virum

1096 1258 1206 1300 sequi;
1239 1259 1293 1291 sed
1319 1259 1373 1291 vix
1398 1260 1507 1299 video,
1532 1262 1690 1302 quomodo
1724 1262 1822 1303 possit
1854 1272 1926 1294 eum
1960 1263 2048 1305 sequi

1096 1311 1163 1343 sine
1186 1311 1328 1352 periculo
1353 1312 1444 1351 fidei,
1468 1317 1523 1345 aut
1547 1313 1653 1355 aliquo
1682 1314 1742 1346 alio
1767 1318 1893 1356 peccato
1918 1316 2014 1348 moris
2027 1316 2049 1347 ⁴.

1495 1419 1572 1450 DUss.
1596 1419 1641 1450 ΙΙΙ.

1186 1522 1259 1554 ltcm
1285 1522 1450 1563 quaeritur
1474 1523 1513 1555 de
1538 1523 1597 1556 hoc
1621 1524 1705 1565 quod
1731 1524 1825 1557 dicit:
1863 1525 1900 1557 Si
1930 1526 2050 1558 mittier

1094 1573 1207 1605 102'7210712.
1233 1574 1372 1606 liberum
1397 1575 1558 1616 acceperit
1582 1580 1657 1614 etc,
1682 1580 1790 1608 utrum
1815 1577 1929 1619 aliquis
1954 1579 2051 1619 possit

1096 1635 1129 1658 se
1154 1626 1257 1668 ipsum
1284 1627 1430 1660 vendere.
1457 1628 1491 1659 Et
1515 1629 1600 1669 quod
1618 1638 1696 1668 non,
1721 1630 1848 1662 videtur
1873 1631 1993 1672 primae
2010 1632 2050 1664 ad

1097 1679 1274 1712 Corinthios
1299 1680 1435 1712 sexto⁵t
1470 1680 1543 1712 Non
1576 1681 1652 1713 celis
1683 1682 1803 1719 vestri}
1836 1684 1935 1725 empti
1965 1684 2051 1715 cuim

1096 1732 1172 1764 estis
1192 1732 1300 1773 pretio
1325 1742 1469 1775 incipito:
1494 1742 1569 1775 ergo
1593 1739 1650 1767 etc.

1186 1785 1385 1818 Responuno:
1416 1786 1608 1826 Dicendum,
1638 1788 1721 1829 quod
1759 1792 1806 1821 est
1837 1789 1971 1831 emptio,
2003 1790 2053 1822 vel
2070 1801 2189 1822 nisenam.

1097 1838 1235 1870 venditio
1259 1839 1297 1871 ad
1324 1839 1513 1882 obsequium
1539 1839 1724 1872 lmmanmn
1751 1844 1781 1873 et
1805 1842 1844 1873 ad
1877 1842 2051 1875 servitium

1096 1891 1258 1923 divinum.
1283 1891 1403 1924 Divino
1428 1896 1533 1924 autem
1558 1893 1692 1925 servitio
1722 1903 1782 1926 non
1817 1899 1973 1936 repugnat
2004 1896 2055 1928 ob-

1096 1944 1242 1986 sequium
1268 1945 1404 1977 hominis
1429 1945 1494 1977 sive
1519 1946 1657 1978 servitus
1674 1947 1865 1988 corporalis,
1888 1948 1940 1980 sed
1960 1948 2056 1981 servi-

1097 2002 1148 2030 tus
1172 1998 1346 2039 spiritualis
1358 2024 1365 2037 ,
1383 2007 1464 2040 quae
1482 2003 1529 2031 est
1546 1999 1683 2032 servitus
1699 2001 1817 2042 peccati
1833 2001 1854 2032 ⁶.
1880 2001 2054 2034 Dicendum

1096 2059 1188 2092 ergo,
1213 2051 1298 2092 quod
1331 2052 1405 2093 quia
1434 2051 1544 2084 fideles
1568 2052 1724 2094 redempti
1750 2057 1823 2086 sunt
1847 2057 1877 2086 et
1901 2054 1955 2086 Dei
1982 2058 2056 2087 tem-

1097 2102 1148 2143 pla
1173 2103 1243 2135 facti
1270 2107 1360 2141 sunt,
1386 2113 1447 2135 non
1473 2108 1603 2145 possunt
1628 2114 1661 2137 se
1685 2105 1840 2144 vendere,
1874 2110 1908 2138 ut
1939 2106 2054 2139 faciant

1097 2155 1179 2187 mala
1193 2168 1200 2193 ;
1225 2159 1357 2197 possunt
1382 2160 1484 2189 lamen
1510 2166 1543 2189 se
1568 2157 1705 2190 vendere
1730 2158 1769 2190 ad
1794 2159 1955 2200 obsequia.

1185 2209 1271 2247 Item,
1283 2209 1372 2240 iuxta
1386 2209 1444 2241 hoc
1458 2210 1633 2251 quaeritur,
1646 2214 1754 2242 utrum
1770 2215 1857 2252 pater
1872 2212 1968 2253 possit
1982 2221 2052 2244 ven-

1096 2262 1172 2294 dere
1190 2262 1308 2303 prolem
1329 2271 1428 2301 suam,
1444 2272 1545 2294 uxore
1563 2263 1668 2295 invita.
1686 2264 1718 2295 Et
1736 2264 1819 2306 quod
1837 2265 1890 2303 sic7
1906 2265 2048 2297 videtur:

1096 2315 1170 2356 quia
1186 2315 1224 2346 ad
1243 2315 1347 2356 ipsum
1366 2318 1484 2356 spectat
1502 2316 1641 2357 regimen
1665 2316 1788 2349 domus.
1807 2336 1851 2340 —-
1868 2317 1910 2349 Ad
1928 2318 2053 2359 opposi-

1098 2372 1167 2399 tum
1183 2371 1288 2399 autem
1307 2371 1370 2405 est,
1389 2367 1463 2409 quia
1484 2372 1594 2409 partus
1618 2369 1690 2410 plus
1715 2369 1858 2411 sequitur
1880 2374 2014 2402 matrem
2030 2370 2050 2401 ⁷.

1185 2420 1388 2461 Respondeo:
1414 2420 1605 2460 Dicendum,
1639 2422 1723 2463 quod
1756 2422 1809 2453 filii
1844 2432 1904 2454 non
1937 2422 2055 2455 debent

1097 2472 1188 2505 vendi
1215 2481 1271 2504 nec
1296 2477 1427 2514 possunt
1452 2473 1543 2505 vendi
1570 2474 1636 2505 sine
1660 2474 1770 2516 culpa,
1788 2475 1845 2506 nisi
1865 2475 1904 2506 sit
1922 2484 2055 2516 pauper-

1100 2525 1169 2557 tatis
1201 2529 1231 2557 et
1261 2525 1353 2557 famis
1385 2526 1569 2563 necessitas,
1603 2526 1631 2558 in
1666 2536 1728 2568 quo
1753 2536 1828 2559 casu
1853 2537 1936 2559 uxor
1961 2528 2054 2560 debet

1097 2578 1165 2609 viro
1190 2578 1374 2610 consentire.
1394 2579 1483 2619 Quod
1509 2579 1533 2611 si
1559 2580 1589 2610 in
1614 2579 1674 2611 alio
1699 2589 1773 2612 casu
1798 2580 1890 2618 velit,
1915 2590 1976 2612 non
2001 2590 2052 2622 po-

1098 2634 1175 2669 test,
1201 2640 1272 2663 cum
1298 2640 1382 2663 uxor
1407 2631 1568 2670 dissentit,
1593 2632 1674 2664 sicut
1695 2632 1743 2664 vir
1768 2642 1827 2664 non
1854 2637 1956 2674 polest
1980 2642 2051 2665 ven-

1098 2684 1173 2715 dere
1197 2692 1254 2715 nec
1278 2684 1415 2716 alienare
1439 2684 1543 2716 dotem
1569 2685 1697 2724 uxoris,
1722 2686 1867 2727 quamvis
1892 2685 1931 2718 sit
1956 2686 2053 2718 domi-

1096 2745 1157 2767 nus
1182 2736 1316 2774 domus;
1341 2737 1384 2768 sic
1409 2736 1439 2768 in
1465 2737 1633 2778 proposito.
1667 2738 1701 2769 Et
1733 2738 1815 2779 quod
1850 2738 1880 2770 in
1910 2742 2051 2780 tempore

1097 2789 1289 2820 necessitatis
1313 2792 1343 2820 et
1366 2789 1457 2821 samis
1482 2789 1573 2821 vendi
1603 2790 1739 2831 possint,
1764 2790 1917 2831 probatur
1942 2800 1998 2831 per
2023 2791 2053 2823 id

1097 2841 1179 2882 quod
1207 2841 1356 2873 scribitur
1381 2841 1548 2874 Nehemiae
1572 2842 1681 2883 quinto
1697 2842 1716 2874 Β.

2078 2223 2166 2250 Quaest.
2181 2223 2215 2244 iu-

2067 2250 2108 2271 cid.
2116 2249 2212 2271 solvitur.

151 3033 159 3049 ¹
178 3034 240 3059 Edd.
261 3036 380 3060 omittunt
398 3035 422 3061 si
440 3042 495 3061 non
513 3037 551 3061 est
569 3042 651 3061 uoeor.

149 3077 159 3093 ‘2
179 3077 396 3104 Communissima
422 3079 496 3104 lectio
521 3079 598 3104 codd.
624 3080 695 3110 ponit
720 3078 844 3105 incurrit.
870 3093 905 3098 —
928 3079 979 3105 Cfr.
1001 3080 1034 3105 de

80 3121 128 3146 hoc
147 3121 228 3147 dubio
248 3122 343 3149 Glossa
363 3124 388 3148 in
408 3123 434 3148 C.
455 3123 598 3156 Proposuit
617 3124 677 3156 (2.),
699 3124 731 3148 X.
751 3123 784 3148 dc.
803 3123 929 3155 Coniugio
948 3131 1034 3149 servo-

80 3169 138 3188 rum
158 3164 211 3196 (lib.
232 3165 272 3190 lv.
293 3167 329 3191 tit.
345 3167 390 3198 9.)‚
406 3169 431 3191 et
449 3174 528 3198 supra
548 3174 569 3191 a.
593 3167 615 3191 l.
635 3174 660 3198 q.
681 3168 710 3197 23
732 3168 756 3191 S.
778 3167 870 3192 Thom.
891 3170 916 3192 et
935 3168 999 3193 Petr.
1019 3175 1033 3192 a

82 3206 154 3240 Ten,
175 3209 216 3234 hic
235 3210 302 3234 circa
322 3210 356 3235 lit.

150 3251 160 3268 ³
179 3253 305 3285 Intellige:
316 3255 379 3280 alter
392 3254 573 3286 d01uiuorum;
586 3255 655 3285 edd„
667 3256 716 3280 hoc
730 3262 780 3280 non
795 3255 961 3287 attendentes,
974 3263 1034 3281 mox

83 3301 130 3325 pro
148 3296 243 3322 vendat
262 3305 401 3329 perperam
421 3297 579 3323 substituunt
597 3297 737 3323 vendatur.

152 3339 161 3355 ⁴
180 3339 231 3366 Csr.
254 3340 349 3367 Glossa
369 3342 393 3366 in
413 3341 440 3366 C.
460 3340 579 3374 Diynitni
598 3343 636 3367 est
655 3341 716 3374 (L),
738 3342 770 3367 X.
790 3341 823 3367 de
842 3341 969 3373 Coniugio
983 3350 1033 3368 ser-

82 3389 174 3407 vorum
194 3383 248 3414 (lib.
269 3385 310 3409 lv.
330 3385 364 3410 lit.
385 3386 430 3417 9.)‚
450 3389 475 3410 et
494 3385 557 3410 infra
583 3385 608 3409 d.
629 3385 670 3410 39.
690 3392 712 3410 a.
735 3386 758 3410 2.
779 3393 804 3418 q.
831 3386 856 3417 ¹3
877 3386 902 3410 S.
923 3386 1030 3418 Tuom„

1099 3037 1140 3061 liic
1163 3044 1188 3069 q.
1211 3037 1232 3061 l.
1253 3045 1275 3061 a.
1296 3038 1320 3062 2.
1340 3037 1371 3062 ad
1394 3037 1422 3068 'iq
1449 3038 1514 3062 Pctr.
1536 3044 1548 3061 a
1571 3037 1644 3068 Tau,
1672 3038 1712 3062 liic
1738 3045 1762 3070 q.
1794 3038 1812 3062 l.
1839 3045 1862 3062 a.
1889 3039 1912 3063 2.
1933 3038 1965 3063 ad
1988 3038 2010 3063 l..
2030 3042 2054 3064 ct

1099 3081 1164 3105 circa
1186 3081 1234 3111 lit.;
1256 3081 1375 3105 llicliard.
1395 3088 1408 3104 ι]
1430 3080 1509 3111 Med,
1531 3081 1571 3105 liic
1591 3089 1612 3105 a.
1634 3081 1658 3106 4.
1681 3088 1705 3113 q.
1727 3082 1749 3106 2.

1170 3123 1181 3139 5
1201 3125 1272 3149 Vers.
1298 3124 1333 3148 to.
1354 3132 1408 3156 seq.

1169 3166 1180 3183 6
1200 3167 1266 3192 loon.
1288 3167 1318 3198 8,
1340 3166 1386 3199 345
1408 3168 1482 3192 Rom.
1502 3168 1531 3199 6,
1551 3168 1586 3192 16.
1607 3172 1632 3194 ct
1652 3169 1676 3193 ll.
1699 3170 1761 3194 Petr.
1783 3170 1811 3200 2,
1831 3169 1869 3194 ¹9.
1889 3183 1924 3188 —
1944 3170 1999 3195 Mox
2014 3177 2054 3195 rc-

1098 3210 1205 3241 spicitur
1226 3211 1241 3234 l.
1262 3210 1318 3235 Cor.
1340 3211 1368 3241 3,
1394 3210 1436 3234 16:
1457 3210 1578 3242 Nescius,
1599 3212 1658 3243 quia
1679 3211 1804 3243 templum
1824 3212 1869 3237 Dei
1889 3213 1950 3237 estis
1969 3217 2016 3238 etc.

1170 3253 1180 3269 ⁷
1199 3253 1248 3278 Cir.
1269 3260 1347 3284 supra
1367 3261 1390 3278 a.
1416 3254 1433 3278 Ι.
1454 3261 1478 3286 q.
1500 3254 1523 3278 3.

1171 3297 1181 3313 8
1201 3298 1260 3322 Sive
1280 3297 1306 3322 ll.
1326 3297 1422 3322 Esdrae
1442 3298 1599 3329 5‚5.1(10m
1620 3299 1681 3325 dicit
1701 3299 1844 3331 instituam,
1867 3299 1894 3325 C.
1909 3300 1950 3325 lv,
1965 3300 1997 3326 de
2011 3301 2053 3326 Pa-

1098 3342 1193 3373 tribus,
1216 3343 1260 3373 qui
1281 3342 1345 3367 lilios
1365 3345 1412 3368 ctc.
1434 3343 1479 3372 (tit.
1501 3342 1569 3375 43),
1590 3343 1629 3368 lex
1648 3343 1679 3370 Si
1697 3343 1756 3377 quis
1771 3345 1827 3376 (2,).
1842 3359 1876 3362 -
1890 3345 1925 3370 De
1942 3346 1991 3371 lioc
2010 3346 2055 3371 du-

1098 3386 1141 3411 bio
1161 3387 1207 3411 cfr.
1230 3386 1294 3411 Petr.
1316 3394 1329 3411 a
1351 3387 1424 3418 Taua,
1446 3388 1486 3413 nic
1505 3388 1572 3413 circa
1593 3388 1625 3413 lit.
1908 3381 1911 3383 ⁵
