2483 3882
0 121 3 290 l
682 229 776 261 DIST.
800 228 874 261 xxt.
898 228 929 260 P.
954 228 987 259 ll.
1010 227 1092 260 ART.
1117 227 1150 259 ll.
1175 226 1328 268 QUAEST.
1352 226 1385 258 ΙΙ.

54 320 137 363 gregi
163 318 319 352 dominico
350 317 531 360 provideat;
562 320 690 350 6111166
719 316 851 348 Domino
883 325 940 349 suo
971 318 1001 348 et

53 373 144 407 etiam
168 370 325 404 confitenti
352 370 463 409 tidem,
487 378 583 411 quam
607 369 715 408 debet,
739 373 853 401 servat.

141 424 170 457 3.
194 423 238 456 Ad
262 423 341 455 illud
358 422 442 464 quod
459 422 606 454 obiicitur
630 422 669 454 de
685 421 882 463 presbytero,
899 421 1001 454 dicen-

2 495 40 512 um.
55 479 147 517 dum,
171 476 255 519 quod
288 475 452 518 presbyter
483 474 577 507 debet
600 474 784 507 dissuadere
813 474 839 506 ei
869 474 922 516 qui
955 477 1002 506 est

55 530 227 568 confessus,
262 531 293 561 et
323 527 467 560 similiter
498 527 638 559 decanus
668 526 800 565 clerico3
829 530 859 558 et
890 526 914 558 si
947 526 1000 558 ille

53 586 153 627 petat,
176 582 269 614 debet
292 581 436 619 differre,
460 583 490 612 et
514 579 572 612 nisi
598 579 649 612 ille
673 583 803 620 cogatur
832 588 888 620 per
912 587 1002 620 supe—

53 637 181 674 rlorem,
205 634 255 667 vel
278 633 359 676 per1
384 632 567 666 scandalum
592 632 718 674 populi,
743 641 804 664 666
829 631 922 664 debet
944 639 1001 663 nec

54 687 286 722 matrimonium
311 686 372 718 tale
396 685 581 718 benedicere
613 694 669 718 nec
702 685 831 717 clericos
859 692 1003 726 praesen-

53 746 128 774 tare.
152 741 197 773 Ex
214 743 288 772 tunc
311 742 417 772 autem
435 742 552 780 potest,
577 738 651 780 quia
667 747 728 770 non
752 737 819 779 ipse
842 737 928 776 facit,
946 737 1000 769 sed

56 793 202 832 Ecclesia;
226 795 257 825 et
276 791 411 825 Ecclesia
427 791 545 824 iudicat
568 791 743 823 secundum
761 799 797 823 ea
821 799 902 832 quae
919 794 1003 822 exte-

2 862 39 878 um.
55 847 120 880 rius
136 841 217 878 sunt.
244 844 424 877 Consilium
442 847 545 876 tamen
561 846 626 882 est,
650 843 734 885 quod
755 846 785 875 et
809 842 956 875 sacerdos
972 846 1003 875 et

1952 227 2017 258 567

1065 315 1203 348 decanus
1226 315 1340 347 faciant
1363 323 1420 356 per
1444 313 1614 353 vicarium,
1632 316 1699 345 tum
1722 316 1849 355 propter
1866 313 2018 346 confusio·

1066 376 1137 401 nem
1162 367 1288 400 illorum
1313 367 1482 406 occultam,
1507 370 1574 399 tum
1599 366 1693 399 etiam
1722 369 1851 408 propter
1875 365 2016 399 criminis

1066 421 1240 453 horrorem.
1258 420 1287 452 Si
1305 423 1409 452 tamen
1427 420 1493 462 ipse
1509 419 1617 459 saciat,
1635 429 1696 452 non
1713 419 1826 458 credo,
1843 419 1927 461 quod
1949 427 2018 461 pec-

1066 477 1131 512 cet,
1148 473 1224 506 dum
1242 482 1303 505 non
1327 472 1412 505 ultro
1435 482 1468 505 se
1492 473 1618 511 offerat,
1635 473 1689 504 sed
1708 476 1834 505 coactus
1854 472 2016 505 sustineat.

1154 526 1184 558 [ι.
1208 526 1252 558 Ad
1270 525 1349 558 illud
1373 525 1457 567 quod
1475 526 1639 568 quaeritur
1663 525 1702 558 de
1719 525 1859 564 subdito,
1884 525 1937 567 qui
1954 533 2017 556 non

1066 578 1135 610 vult
1150 587 1169 610 a
1192 578 1285 620 culpa
1301 587 1439 617 cessare;
1456 578 1640 616 dicendum,
1656 578 1740 620 quod
1758 578 1904 620 superior
1925 578 2018 610 debet

1067 630 1094 662 ei
1119 631 1312 672 persuadere
1337 630 1547 663 voluntariam
1571 631 1761 670 cessionem,
1789 633 1819 663 et
1842 630 1927 672 quod
1952 630 2018 671 ipse

1066 686 1152 724 petat
1172 683 1292 716 absolvi
1317 684 1356 716 ab
1373 693 1468 716 onere
1492 684 1595 717 officii.
1613 684 1702 725 Quod
1728 683 1752 716 si
1770 693 1831 716 non
1855 683 1937 722 vult,
1955 692 2017 715 non

1067 736 1160 769 debet
1183 745 1257 769 eum
1280 737 1459 776 absolvere,
1480 738 1533 770 sed
1556 737 1649 770 debet
1673 746 1745 770 eum
1771 736 1940 776 sustinere,
1957 736 2016 769 nisi

1067 789 1106 821 sit
1131 789 1202 822 talis
1226 789 1352 831 religio,
1377 790 1407 821 in
1432 799 1495 831 qua
1523 790 1640 822 subditi
1664 790 1784 832 possint
1813 789 2018 822 transmutari

1066 845 1098 874 et
1121 841 1284 874 transferri
1309 842 1375 874 sine
1398 846 1471 874 nota
1495 843 1649 875 infamiae.

882 971 1182 1012 SOHOLION.

120 1105 136 1130 l.
157 1105 214 1130 lure
228 1103 348 1135 naturali,
362 1102 451 1128 divino
465 1105 490 1127 et
502 1102 674 1127 ecclesiastico
687 1101 859 1134 consessarius
872 1100 1003 1132 obligatur

54 1149 211 1176 strictissimo
231 1147 332 1179 debito,
351 1146 427 1179 sigilli
446 1147 501 1171 sive
514 1147 604 1171 secreti
624 1145 782 1171 observandi
796 1145 828 1170 de
842 1144 964 1169 omnibus
978 1144 1002 1169 in

54 1194 211 1219 consessione
224 1191 402 1217 sacramentali
421 1190 527 1222 auditis,
542 1197 654 1223 quorum
669 1190 791 1215 revelatio
813 1189 1002 1214 consessionem

54 1240 138 1270 posset
150 1236 260 1262 reddere
274 1235 400 1261 odiosam.
414 1235 489 1260 l‘auci
505 1234 611 1267 quidem
625 1234 723 1266 antiqui
737 1233 864 1266 quasdam
878 1233 1003 1264 exceptio-

50 1288 108 1313 nes,
127 1281 279 1313 praesertim
294 1280 318 1304 in
333 1286 408 1304 causa
424 1280 568 1310 haereseos,
583 1280 694 1303 statuere
708 1278 858 1308 voluerunt;
872 1277 919 1302 sed
935 1277 1004 1301 hunc

51 1331 164 1351 errorem
188 1324 399 1350 communissima
422 1322 537 1348 doctrina
557 1329 662 1353 semper
681 1321 803 1347 detestata
828 1323 874 1346 est.
901 1321 1003 1346 Praeter

51 1376 81 1395 ea
99 1375 165 1402 quae
189 1369 214 1393 in
240 1367 301 1393 Can.
323 1365 415 1393 Omnis
434 1366 574 1400 utriusque
594 1366 650 1398 (1116
668 1365 784 1390 fundam.
805 1366 828 1389 2.
849 1365 935 1395 citato)
955 1368 1002 1389 sta-

52 1413 119 1439 bilita
138 1415 210 1444 sunt3
231 1411 341 1437 notanda
361 1413 399 1436 est
418 1411 546 1443 quaedam
572 1411 729 1442 propositio,
752 1409 855 1435 decreto
881 1416 900 1434 s.
921 1409 1002 1441 lnqui-

53 1458 148 1483 sitionis
169 1457 200 1481 18
219 1456 284 1481 Nov.
313 1456 378 1480 1682
402 1464 413 1478 ι(
427 1455 533 1480 omnino
553 1454 680 1486 prohibita
696 1463 726 1486 n,
746 1461 813 1486 quae
839 1453 873 1478 ob
893 1460 1001 1485 gravem

52 1502 175 1527 rationem
188 1501 284 1526 licitum
298 1507 355 1525 esse
374 1499 483 1524 asseruit
496 1498 626 1531 quendam
645 1507 656 1521 <r
670 1504 751 1524 usum
764 1498 885 1523 scientiae
898 1504 928 1522 ex
942 1504 1003 1523 con—

52 1546 160 1571 sessione
173 1545 312 1577 acquisitae
325 1550 384 1569 cum
404 1544 562 1577 precamine
579 1543 745 1574 poenitentis,
765 1541 864 1567 seclusa
879 1548 1001 1574 quacum-

53 1596 102 1622 que
125 1588 297 1620 revelatione,
325 1590 401 1620 atque
426 1588 451 1612 in
477 1594 554 1619 casu,
576 1594 628 1619 quo
648 1586 729 1612 multo
749 1586 833 1611 maius
859 1592 1001 1617 gravamen

52 1633 166 1659 eiusdem
192 1633 344 1664 poenitentis
369 1639 399 1657 ex
424 1638 537 1656 non-usu
557 1634 746 1663 sequeretur».
768 1629 895 1661 Obligatio
915 1633 1001 1655 autem

52 1677 124 1709 sigilli
144 1677 260 1702 similiter
278 1676 355 1701 afficit
373 1676 450 1701 etiam
470 1676 635 1707 interpretem
655 1675 786 1707 aliosque,
802 1675 847 1706 qui
866 1675 1000 1699 materiam

52 1720 125 1752 sigilli
146 1723 253 1751 norunt;
273 1722 357 1745 tamen
378 1719 411 1745 de
430 1719 587 1752 quibusdam
608 1718 757 1744 huiusmodi
778 1717 881 1743 casibus
900 1717 1001 1742 dubita-

53 1768 105 1797 tur,
124 1767 211 1790 utrum
231 1765 262 1790 sit
280 1763 388 1798 proprie
407 1764 529 1795 obligatio
553 1763 643 1795 sigilli,
665 1763 706 1788 vel
726 1766 824 1787 tantum
848 1763 939 1787 secreti
960 1769 1001 1786 na-

53 1809 150 1841 turalis,
170 1809 227 1834 licet
242 1809 402 1834 strictissimi.
417 1822 451 1825 —-
464 1808 622 1833 Solutionem
636 1807 750 1838 plurium
764 1805 905 1831 dubiorum
925 1809 949 1831 et
962 1813 1002 1831 ca-

52 1860 127 1879 suum
146 1853 206 1878 vide
225 1853 296 1885 apud
314 1853 453 1878 Henricum
473 1852 564 1884 Gand.,
586 1851 678 1884 Quodl.
700 1851 724 1876 8.
746 1858 771 1883 q.
798 1851 839 1876 29.
859 1851 900 1875 31.
920 1853 945 1876 61
964 1857 1001 1875 re-

53 1897 175 1922 centiores
195 1896 346 1921 moralistas.

120 1941 156 1966 De
177 1941 200 1966 ¹l.
220 1941 383 1973 quaestione:
403 1940 471 1965 Alex.
491 1939 553 1970 Hal„
575 1940 599 1964 S.
621 1947 645 1971 p.
666 1939 706 1964 lV.
727 1946 753 1971 q.
774 1939 814 1964 19.
829 1945 864 1964 m.
887 1940 910 1964 2.
930 1946 953 1964 a.
975 1939 999 1964 ll.

53 1989 77 2011 et
95 1986 118 2011 2.
136 1985 151 2018 S
173 1986 194 2010 i.
218 1999 252 2003 —
271 1985 350 2016 Scot.,
371 1984 403 2009 de
423 1985 471 2009 hac
489 1987 514 2009 et
534 1984 548 2009 2
569 1991 640 2016 seqq.
662 1990 705 2016 qq.
726 1984 750 2008 in
771 1985 881 2015 utroque
900 1983 1001 2014 Scripto

1067 1101 1109 1125 hie
1128 1107 1152 1133 q.
1174 1101 1197 1126 2.
1218 1115 1251 1118 —
1270 1101 1295 1126 S.
1319 1101 1424 1132 Thom.,
1445 1101 1487 1126 hic
1503 1108 1528 1133 q.
1550 1101 1573 1126 3.
1599 1108 1622 1126 a.
1643 1101 1666 1126 ¹l.
1693 1102 1851 1133 quaestiunc.
1873 1102 1901 1133 fi,
1928 1101 2018 1133 Suppl.

1068 1151 1092 1176 q.
1115 1145 1154 1169 11.
1175 1152 1197 1169 a.
1218 1145 1242 1169 ·1.
1261 1159 1295 1162 -
1314 1145 1379 1170 Ρ61ι·.
1400 1152 1413 1170 a
1434 1145 1506 1175 Tan,
1528 1145 1568 1170 hic
1587 1152 1611 1177 q.
1632 1145 1656 1170 3.
1676 1152 1698 1170 a.
1719 1146 1742 1170 ¹l.
1762 1146 1921 1178 quaestiunc.
1943 1146 1965 1170 l.
1984 1158 2020 1164 —

1067 1189 1189 1214 Richard.
1210 1196 1223 1213 a
1244 1189 1318 1221 Med„
1339 1190 1379 1214 hic
1398 1196 1421 1214 a.
1442 1188 1465 1214 4.
1485 1197 1510 1222 q.
1532 1191 1555 1214 ’1.
1577 1190 1600 1214 2.
1621 1204 1655 1207 -
1673 1189 1709 1214 De
1729 1191 1777 1214 hac
1800 1192 1825 1214 et
1844 1190 1858 1214 2
1883 1197 1955 1222 seqq.
1976 1197 2018 1222 qq.

1067 1233 1190 1264 Durand.,
1211 1234 1251 1258 hic
1271 1241 1295 1265 q.
1317 1234 1345 1265 3;
1365 1233 1470 1264 Dionys.
1490 1233 1583 1265 Carth.‚
1604 1235 1645 1259 hic
1664 1241 1688 1266 q.
1710 1234 1734 1258 3.

1140 1277 1166 1302 11,
1187 1277 1211 1301 16
1232 1278 1255 1302 2.
1277 1278 1427 1309 quaestione
1443 1278 1603 1309 affirmanda,
1618 1277 1763 1303 dummodo
1774 1278 1945 1303 adhibeantur
1963 1285 2021 1303 cau-

1067 1320 1131 1346 telae
1151 1321 1183 1345 ad
1202 1321 1338 1346 vitandum
1357 1321 1522 1353 scandalum,
1543 1323 1708 1347 communius
1722 1322 1834 1353 theologi
1848 1323 2018 1347 consentiunt.

1067 1364 1118 1389 Sed
1138 1365 1204 1390 Scot.
1225 1364 1288 1397 (loc.
1303 1366 1342 1390 cit.
1358 1372 1381 1390 n.
1397 1366 1464 1398 ¹18.),
1479 1367 1520 1391 cui
1540 1367 1627 1391 favent
1646 1366 1714 1391 Alex.
1728 1366 1782 1391 Hal.
1797 1368 1821 1391 et
1840 1366 1962 1398 Durand„
1977 1365 2021 1391 do-

1067 1412 1119 1440 cet,
1134 1409 1226 1435 audita
1244 1408 1395 1442 formaliter
1409 1411 1432 1434 in
1448 1410 1607 1435 confessione
1621 1417 1652 1435 ne
1666 1410 1698 1435 de
1717 1410 1814 1435 licentia
1834 1410 1941 1442 quidem
1962 1417 2020 1441 poe-

1067 1453 1168 1478 nitentis
1180 1453 1288 1478 revelari
1303 1460 1387 1485 posse,
1399 1454 1445 1478 nisi
1460 1454 1500 1478 hic
1513 1454 1629 1485 explicite
1644 1457 1807 1485 protestetur,
1819 1454 1877 1478 talia
1892 1461 1919 1479 se
1934 1453 2020 1478 dicere

1065 1497 1107 1522 vel
1120 1498 1213 1523 dixisse
1226 1500 1253 1523 ut
1267 1499 1345 1524 extra
1362 1499 1559 1523 confessionem.
1574 1499 1598 1523 S.
1614 1498 1708 1523 Bonav.
1723 1498 1889 1523 solummodo
1903 1499 1927 1523 in
1942 1505 2018 1529 casu,

1066 1541 1110 1566 ubi
1130 1543 1234 1567 timetur
1252 1542 1416 1573 scandalum,
1437 1543 1563 1567 licentiam
1584 1542 1670 1567 datam
1689 1543 1845 1574 restringere
1864 1542 1976 1567 videtur.

1137 1586 1173 1610 De
1200 1587 1248 1610 hac
1276 1587 1445 1618 quaestione:
1469 1586 1539 1611 Alex.
1570 1586 1633 1617 Hal„
1657 1586 1705 1611 loc.
1729 1586 1770 1611 cit.
1801 1594 1824 1611 a.
1850 1588 1875 1611 2.
1899 1586 1915 1618 S
1941 1587 1964 1611 2.
1987 1600 2022 1605 -

1066 1630 1092 1655 S.
1114 1630 1216 1661 Thom.,
1237 1630 1284 1655 loc.
1303 1631 1343 1655 611.
1364 1637 1386 1655 a.
1408 1631 1437 1662 2,
1458 1630 1548 1661 Suppl.
1569 1630 1616 1655 loc.
1637 1631 1676 1655 cit.
1697 1637 1719 1655 a.
1741 1629 1764 1655 4.
1780 1644 1812 1648 —-
1828 1631 1894 1655 Petr.
1915 1637 1928 1655 a
1950 1631 2018 1662 Tan,

1066 1674 1115 1699 loc.
1144 1675 1183 1699 cit.
1216 1681 1238 1699 a.
1266 1675 1289 1699 2.
1322 1675 1482 1706 quaestiunc.
1513 1674 1535 1698 sl.
1560 1687 1596 1692 —
1620 1673 1742 1699 Richard.
1768 1681 1782 1699 a
1806 1674 1871 1699 tiled.
1900 1675 1966 1699 hanc
1997 1677 2022 1700 et

1065 1725 1119 1750 seq.
1141 1725 1166 1750 q.
1188 1719 1268 1749 tangit
1288 1718 1336 1743 loc.
1355 1719 1396 1743 cit.
1416 1725 1441 1750 q.
1465 1718 1488 1742 3.
1509 1717 1539 1749 4,
1559 1720 1584 1743 et
1602 1725 1625 1742 a.
1646 1717 1670 1742 5.
1690 1725 1714 1750 q.
1737 1717 1789 1742 1-4.

1137 1762 1173 1787 111.
1193 1762 1284 1794 Quoad
1303 1762 1327 1787 3.
1346 1763 1524 1794 quaestionem
1544 1762 1624 1787 tenuit
1642 1762 1791 1793 opinionem
1806 1762 1830 1787 1.
1847 1762 1872 1786 16
1893 1768 1964 1793 corp.
1984 1769 2020 1787 re-

1065 1805 1142 1831 latam
1161 1806 1251 1831 Guiiel.
1265 1806 1416 1838 Autissiod.;
1431 1806 1477 1831 sed
1494 1806 1650 1837 posteriores
1667 1806 1779 1837 theologi
1796 1812 1856 1830 cum
1870 1806 1908 1831 Ss.
1923 1806 2021 1831 Bonav.

1066 1852 1091 1875 et
1111 1850 1211 1875 Thoma
1232 1850 1255 1875 3.
1276 1851 1425 1882 opinionem
1442 1853 1594 1882 sequuntur.

1137 1894 1172 1919 De
1193 1894 1216 1919 3.
1237 1895 1401 1927 quaesti0ue:
1428 1894 1496 1919 Alex.
1518 1895 1579 1926 Hal„
1606 1894 1653 1919 loc.
1674 1895 1714 1920 cit.
1734 1893 1749 1926 S
1769 1894 1792 1918 3.
1812 1907 1848 1912 —
1866 1894 1891 1919 S.
1913 1894 2018 1926 Thom.‚

1066 1938 1113 1963 loe.
1134 1940 1174 1964 cit.
1189 1946 1211 1964 a.
1233 1939 1261 1970 3,
1276 1939 1366 1971 Suppl.
1388 1939 1435 1964 loc.
1449 1939 1490 1964 611.
1512 1946 1535 1964 a.
1555 1938 1579 1963 5.
1594 1953 1628 1956 -
1642 1939 1706 1964 Petr.
1720 1946 1734 1964 a
1755 1939 1823 1970 Tar.,
1838 1939 1885 1964 loc.
1905 1939 1945 1964 cit.
1960 1945 1982 1964 a.
1998 1939 2020 1964 11.

1065 1984 1226 2015 quaestione.
1248 1984 1271 2008 2.

914 2099 1097 2141 66165116
1122 2099 1154 2131 11.

403 2211 520 2244 Utrum
544 2210 698 2253 confitens
718 2211 824 2253 possit
847 2210 1016 2243 licentiore
1039 2210 1303 2253 confessarium,
1328 2215 1365 2243 ut
1386 2215 1522 2253 peccata
1546 2210 1669 2243 revelet.

140 2324 281 2357 Secundo
306 2324 486 2366 quaeritur,
514 2326 622 2355 utrum
655 2322 806 2355 confitens
837 2322 936 2364 possit
959 2331 1004 2355 sa-

55 2377 209 2410 cerdotem
235 2377 405 2409 licentiare.
432 2377 465 2408 Et
488 2376 573 2418 quod
598 2385 678 2415 non,
702 2376 845 2408 videtur:

142 2432 169 2462 1.
194 2430 272 2471 Quia
288 2430 327 2462 ad
345 2429 507 2462 celandam
525 2429 749 2462 confessionem
768 2432 929 2461 arctamur
946 2437 1002 2469 per

0 2484 235 2516 ›osi-mandatum
260 2483 452 2525 superioris,
478 2482 595 2514 scilicet
619 2481 762 2523 Papae²;
788 2482 842 2514 sed
875 2481 1002 2513 inferior

2 2532 6 2537 ’
55 2546 71 2569 a
89 2537 232 2569 mandato
257 2535 430 2578 superioris
445 2544 506 2567 666
531 2539 632 2577 potest
648 2535 828 2567 absolvere:
854 2543 929 2575 ergo
946 2543 1002 2567 nec

55 2590 93 2622 ad
116 2590 307 2622 contrarium
333 2589 482 2621 mandato
507 2588 675 2620 licentiare.

141 2644 169 2675 2.
205 2643 301 2681 116111,
337 2641 473 2683 sigillum
507 2640 709 2673 consessionis
741 2640 918 2672 institutum
956 2643 1002 2671 est

55 2704 114 2726 non
138 2695 238 2727 solum
264 2698 392 2736 propter
417 2693 579 2725 vitandum
602 2692 786 2725 scandalum
812 2691 1001 2730 confitentis,

55 2748 109 2780 sed
131 2749 223 2781 etiam
249 2748 343 2780 totius
376 2747 528 2780 Ecclesiae
552 2746 697 2778 unitatis:
731 2754 805 2786 ergo
838 2748 1003 2786 quantum-

55 2810 188 2843 cumque
212 2801 361 2834 confitens
386 2800 478 2838 velit,
502 2799 527 2831 si
544 2798 675 2836 revelet,
700 2798 929 2840 praeiudicium
948 2796 1002 2829 toti

58 2854 206 2886 Ecclesiae
230 2854 318 2886 facit:
344 2863 419 2894 ergo
441 2862 502 2884 non
526 2856 627 2894 potest
651 2852 690 2883 ab
715 2860 751 2883 eo
776 2850 938 2883 licentiari.

143 2907 172 2939 3.
196 2908 288 2945 Item,
313 2906 451 2948 sigillum
476 2905 558 2937 istud
592 2904 769 2936 institutum
803 2906 849 2935 est
874 2906 1002 2944 propter

56 2959 238 2992 scandalum
262 2959 444 2997 vitandum3
469 2958 523 2990 sed
548 2958 571 2989 si
593 2957 664 2999 quis
689 2956 808 2989 revelat
832 2964 887 2997 per
913 2955 1002 2988 licen-

1066 2322 1159 2360 tiam,
1184 2325 1285 2364 potest
1309 2322 1453 2355 suscitari
1469 2322 1479 2337 ³
1504 2322 1586 2355 idem
1620 2322 1818 2361 scandalum,
1843 2322 1927 2364 quod
1953 2322 2018 2355 sine

1067 2375 1209 2414 licentia,
1233 2375 1307 2417 quia
1342 2375 1493 2408 confitens
1516 2375 1677 2416 poenitere
1700 2377 1797 2416 possit
1821 2375 1859 2407 de
1884 2375 2018 2407 licentia-

1067 2428 1150 2460 tione
1167 2432 1196 2460 et
1214 2429 1374 2470 imponere
1391 2428 1545 2461 sacerdoti
1563 2428 1763 2461 confessionis
1781 2428 2001 2460 revelationem
2008 2440 2017 2467 ;

1066 2484 1097 2512 et
1121 2490 1193 2513 cum
1218 2481 1332 2513 habeat
1355 2481 1506 2513 iudicium
1532 2490 1589 2522 pro
1613 2489 1663 2519 se,
1688 2481 1769 2513 idem
1800 2484 1904 2522 posset
1932 2489 2017 2512 scan-

1067 2533 1174 2566 dalum
1200 2534 1362 2572 concitari,
1386 2534 1471 2575 quod
1495 2537 1525 2565 et
1549 2534 1615 2565 sine
1639 2533 1771 2566 licentia.

1154 2586 1185 2617 lt.
1211 2586 1302 2624 11661,
1331 2586 1356 2618 51
1390 2586 1541 2618 licentiari
1566 2589 1713 2627 possunt,
1739 2595 1813 2627 ergo
1845 2595 1916 2618 cum
1942 2586 2016 2618 mali

1066 2641 1097 2670 et
1113 2639 1200 2679 impii
1225 2639 1402 2671 sacerdotes
1418 2642 1545 2680 possent
1561 2639 1767 2680 praetendere
1784 2639 1940 2671 licentiam
1957 2639 2016 2672 sibi

1067 2692 1190 2730 datam,
1214 2692 1375 2724 videretur
1400 2695 1491 2730 tunc,
1515 2692 1599 2733 quod
1625 2692 1684 2724 sub
1702 2692 1760 2725 hoc
1783 2692 1877 2733 pallio
1902 2693 2016 2725 confes-

1067 2745 1185 2777 sionem
1211 2744 1339 2786 impune
1364 2744 1505 2777 revelare
1521 2747 1665 2786 possent3
1690 2745 1744 2777 sed
1769 2745 1828 2777 hoc
1845 2749 1892 2777 est
1916 2745 2017 2778 incon-

1068 2798 1211 2829 veniens:
1237 2806 1312 2838 ergo
1336 2801 1392 2829 etc.

1155 2849 1298 2881 CONTRA:
1339 2850 1364 2880 1.
1401 2849 1516 2881 Celatio
1552 2849 1753 2881 confessionis
1789 2853 1836 2881 est
1871 2850 1901 2881 in
1935 2849 2176 2884 favo-runaamenta.

1066 2911 1134 2934 rem
1159 2901 1348 2940 confitentis,
1365 2902 1419 2933 sed
1436 2902 1567 2943 quilibet
1584 2905 1684 2943 potest
1707 2902 1818 2934 cedere
1836 2902 1896 2934 iuri
1914 2911 1971 2935 suo
1985 2903 2013 2934 ⁴:

1067 2964 1140 2997 ergo
1166 2958 1266 2996 potest
1290 2954 1439 2986 confitens
1463 2954 1539 2986 dare
1564 2954 1719 2986 licentiam
1746 2954 1915 2987 revelandi.

126 3153 134 3169 ¹
154 3153 216 3179 Cod.
236 3154 252 3178 F
272 3153 313 3180 vet
340 3153 418 3179 etiam
445 3154 561 3186 propter.
591 3153 697 3177 lnserius
725 3159 773 3183 pro
798 3151 1001 3177 matrimonium

57 3195 107 3221 tale
127 3197 182 3222 cod.
203 3197 238 3222 bb
257 3197 429 3223 wizatrimonio
449 3196 511 3228 tali,
533 3201 557 3222 et
578 3203 624 3227 pro
648 3195 794 3222 Consilium.
823 3195 880 3220 cod.
901 3196 923 3220 Κ
938 3195 1002 3221 Con-

52 3239 163 3265 sultam.

125 3283 136 3298 2
154 3283 219 3308 Vide
239 3287 337 3316 quaest.
357 3284 477 3315 praeced.
505 3283 619 3308 fundam.
641 3283 663 3307 1.
685 3284 709 3307 2.
729 3296 764 3300 -
784 3282 818 3307 De
838 3281 938 3308 minori
957 3283 1001 3307 cfr.

53 3327 167 3354 Gratiam.
188 3328 214 3354 C.
234 3328 349 3362 Inferior
368 3328 439 3354 sedes
460 3327 516 3361 (4.),
538 3335 611 3359 seqq.
633 3327 656 3352 d.
678 3328 719 3352 21.
740 3341 774 3345 —-
795 3328 841 3352 Pro
861 3328 1003 3353 arctamur

53 3371 115 3396 edd.
134 3373 263 3398 arctatur.

1136 3150 1147 3167 ³
1165 3139 1246 3176 (iodd.
1261 3151 1280 3175 G
1292 3151 1313 3175 K
1327 3151 1346 3175 V
1368 3150 1403 3175 bb
1422 3153 1447 3175 et
1465 3149 1506 3175 ed.
1524 3150 1530 3173 1
1549 3148 1687 3175 suscitare.
1708 3148 1779 3174 Circa
1800 3149 1878 3174 finem
1898 3156 1953 3180 arg.
1967 3156 2015 3181 pro

1065 3195 1131 3220 idem
1152 3195 1239 3228 posset
1258 3194 1333 3219 codd.
1352 3195 1369 3218 Α
1384 3194 1400 3218 F
1411 3194 1431 3218 H
1452 3193 1508 3219 ideo
1526 3194 1619 3226 posset.

1137 3237 1147 3254 ⁴
1166 3238 1314 3263 Secundum
1336 3238 1478 3268 lustinian.,
1500 3237 1527 3261 D.
1548 3237 1573 3261 ll.
1595 3237 1626 3261 (le
1647 3238 1728 3262 Factis
1748 3237 1794 3268 (tit.
1815 3237 1876 3269 tlh),
1898 3237 1937 3262 lex
1964 3237 2016 3263 Ρα-

1066 3283 1138 3308 ctum
1165 3281 1253 3313 (4703
1280 3281 1342 3306 ibid.
1371 3281 1410 3305 lV.
1437 3281 1469 3305 (le
1496 3280 1635 3306 Minoribus
1661 3280 1713 3312 (tit.
1741 3281 1789 3312 4.),
1816 3281 1854 3306 lex
1881 3280 1912 3307 Si
1934 3280 2016 3307 iudex

1067 3325 1134 3356 (42.)
1161 3328 1186 3350 et
1211 3324 1237 3349 C.
1265 3325 1290 3349 ΙΙ.
1316 3324 1347 3349 de
1373 3325 1453 3349 Paetis
1480 3325 1531 3356 (tit.
1558 3324 1608 3357 3.),
1636 3325 1675 3349 lex
1700 3323 1731 3351 Si
1755 3324 1814 3358 quis
1843 3323 1871 3350 in
1898 3324 2015 3351 conscri-

1067 3369 1147 3395 bemlo
1168 3369 1248 3401 <29.).
