2483 3882
213 1757 366 1780 Fundamenta.

384 236 446 267 916
613 279 615 281 ¹
1145 236 1427 270 SENTENTIARUM
1452 239 1518 270 LlB.
1543 239 1589 271 lv.

383 322 496 355 Christi
522 332 633 355 verum
660 323 690 354 in
707 323 797 354 altari
822 332 883 354 non
908 331 984 355 esse.
1010 324 1042 355 ln
1059 324 1198 356 secunda
1222 324 1333 356 verita-

383 379 444 407 tem
471 375 635 407 confirmat
657 375 820 417 multiplici
839 375 1023 407 auctoritate
1047 376 1228 415 ostendens,
1246 377 1330 418 quod

383 437 497 469 corpus
513 428 520 442 ¹
540 436 650 459 verum
675 431 721 459 est
739 428 769 459 in
792 428 898 466 altari,
915 430 946 459 et
969 437 1032 469 qua
1052 429 1169 461 virtute
1187 429 1244 461 hoe
1262 429 1330 468 fiat,

382 479 440 511 ibi:
466 479 555 511 Scitis
579 488 772 521 responsum
796 479 945 511 arbitror
969 489 1035 512 esse
1059 479 1240 513 haereticis.

469 532 572 563 Prima
595 540 669 573 pars
695 531 787 563 habet
804 532 893 564 duas.
915 532 946 563 ln
971 532 1073 574 prima
1090 533 1176 574 ponit
1200 534 1333 566 auetori-

381 587 459 616 tates
484 588 514 616 et
539 584 683 616 rationes.
709 584 740 615 ln
766 584 904 616 secunda
932 585 1094 627 subiungit
1118 587 1330 627 expositiones

382 641 410 668 et
444 636 737 676 determinationes,
772 637 831 669 ihi:
867 638 957 678 Quae
992 648 1031 670 eac
1054 639 1166 671 eadem
1202 640 1331 672 racione

1396 326 1509 358 omnia
1532 327 1726 368 accipienda
1757 332 1843 359 sunt.
1878 328 1912 359 Et
1935 327 1988 359 illa
2012 328 2156 361 similiter
2189 330 2268 364 duas
2294 331 2346 363 ha-

1397 378 1456 410 bet.
1482 379 1512 410 ln
1529 380 1632 420 prima
1656 379 1785 421 exponit
1809 384 1839 411 et
1863 380 2051 412 determinat
2068 381 2220 422 quasdam
2242 387 2346 415 aueto-

1396 431 1516 469 ritates‚
1541 441 1619 473 quas
1645 432 1687 463 illi
1714 432 1793 463 male
1811 431 2012 473 intelligendo
2036 433 2251 474 depravabant
2266 434 2286 466 2.
2312 436 2343 467 [n

1395 484 1533 516 secunda
1559 483 1744 525 veroquasi
1771 484 1942 516 incidenter
1967 485 2096 525 exponit
2120 487 2279 527 quandam
2305 487 2346 519 lo·

1395 536 1551 567 ontionem
1577 536 1727 577 tropicam
1753 536 1929 577 Augustini,
1954 545 2034 578 quae
2052 541 2156 578 posset
2179 538 2273 571 alicui
2291 540 2345 571 mi-

1395 588 1528 620 nistrare
1553 588 1725 620 fomentum
1749 588 1881 626 erroris,
1899 588 1958 620 ibi:
1984 589 2119 621 Attencte
2136 589 2186 622 Itis
2211 591 2345 633 (titigyen-

1396 644 1454 678 ter,
1479 641 1559 683 qnid
1584 645 1676 681 tropo
1700 640 1843 682 quodam
1868 643 1925 673 ete.

1109 763 1317 795 TRACTATIO
1346 764 1618 805 QUAESTlONUM.

438 872 480 903 Ad
495 871 732 913 intelligentiam
747 873 843 905 huius
857 874 954 914 partis
966 878 1166 915 quaeruntur
1178 874 1327 916 quinque.

437 924 540 955 Primo
564 924 743 966 quaeritur,
768 929 876 957 utrum
899 935 1014 967 corpus
1038 926 1151 959 Christi
1170 927 1209 958 sit
1233 927 1262 958 in
1288 927 1329 959 al-

378 976 437 1007 tari
462 977 637 1009 seeundum
663 978 837 1010 veritatem.

436 1029 593 1068 Secundo,
618 1034 727 1062 utrum
752 1031 791 1062 sit
817 1031 856 1062 ibi
882 1031 1055 1064 seeundum
1082 1032 1299 1073 quantitatem.

1453 875 1569 912 Tertio,
1595 879 1703 906 utrum
1728 875 1767 907 sit
1792 875 1833 907 ibi
1860 875 2029 909 definitive.

1453 928 1587 968 Quarto,
1613 932 1720 959 utrum
1746 928 1929 961 dimensive.

1452 980 1579 1021 Quinto,
1605 984 1714 1011 utrum
1747 984 1844 1012 totum
1874 981 1913 1013 sit
1942 981 1971 1013 in
2001 982 2140 1024 qualibet
2172 988 2260 1025 parte
2293 985 2344 1017 ho-

1395 1036 1480 1064 stiae.

1123 1156 1387 1193 ARTICULUS
1417 1156 1598 1193 UNICUS.

756 1261 798 1292 De
824 1261 957 1293 veritate
981 1266 1009 1293 et
1033 1262 1126 1293 morlo
1150 1261 1358 1303 praesentiae
1384 1260 1509 1293 Christi
1532 1262 1566 1293 in
1590 1262 1805 1295 Sam-<onemo
1831 1263 1961 1296 altari-s.

1268 1386 1451 1428 QUAESTIO
1476 1387 1495 1418 Ι.

751 1484 867 1515 Ctrnm
895 1483 1045 1516 Christus
1068 1484 1111 1515 sit
1136 1484 1169 1515 in
1194 1483 1410 1516 Sacramento
1434 1484 1555 1516 aitaris
1583 1486 1763 1517 secundnm
1791 1487 1968 1519 vamtatem.

465 1594 498 1625 Et
522 1594 606 1635 quod
632 1594 670 1626 sit
699 1595 729 1626 in
753 1595 843 1627 altari
876 1596 1049 1628 secundnm
1085 1595 1259 1633 veritatem,
1284 1595 1325 1627 vi-

375 1646 484 1679 detur:

468 1701 492 1731 l.
510 1700 588 1741 Quia
605 1700 778 1733 Dominus³
797 1701 889 1733 dixit:
908 1701 977 1733 Hoc
993 1706 1039 1733 est
1055 1711 1176 1742 corpus
1193 1710 1321 1733 mettin.-

374 1760 448 1793 ergo
473 1752 497 1784 si
522 1753 645 1785 mentiri
671 1762 729 1784 non
759 1753 873 1794 potuit,
899 1754 982 1795 quod
1015 1753 1241 1786 demonstravit
1264 1753 1323 1785 fuit

373 1814 488 1847 eorpus
510 1814 622 1845 suum,
639 1810 669 1838 et
690 1807 776 1838 dedit
792 1807 881 1838 11111111
899 1808 1009 1845 ritum,
1027 1807 1203 1839 seeundum
1227 1816 1321 1849 quem

371 1858 437 1900 ipse
462 1859 604 1891 confecit:
630 1868 704 1901 ergo
736 1869 806 1892 cum
833 1860 925 1892 inodo
957 1860 1120 1892 eonfieitur
1145 1860 1320 1893 secundum

371 1911 460 1943 illum
487 1911 592 1950 ritum,
618 1921 728 1945 verum
754 1921 868 1954 corpus
893 1913 1007 1945 Christi
1029 1916 1075 1945 est
1100 1913 1129 1944 in
1155 1913 1256 1945 altari.
1286 1913 1323 1945 St·

372 1963 481 2002 (tiens,
506 1965 590 2006 quod
617 1964 694 1997 illud
720 1974 779 1997 non
805 1965 989 2006 intelligitur
1014 1974 1069 2007 per
1100 1966 1320 2004 identitatem,

371 2017 425 2049 sed
444 2026 499 2058 per
514 2017 799 2059 mortificationem,
814 2019 894 2050 sieut
910 2018 989 2050 illud
1000 2018 1028 2049 ⁴:
1048 2019 1150 2050 Petra
1167 2023 1213 2050 est
1231 2018 1321 2051 Citri-

370 2074 460 2108 stnsw
485 2079 559 2111 ergo
583 2071 757 2103 seeundum
783 2071 841 2103 hoe
866 2080 921 2113 per
937 2071 1214 2113 siyitz'ficcttionen't
1238 2072 1321 2103 simi-

370 2122 441 2154 liter
465 2127 569 2164 posset
593 2123 652 2155 diei
678 2123 716 2155 de
743 2132 868 2164 manna,
890 2132 970 2165 agno
987 2124 1125 2166 paschali
1152 2128 1182 2156 et
1206 2124 1321 2156 sacrifi-

370 2176 416 2207 cio
446 2175 687 2208 Melchisedech:
714 2180 787 2208 tune
811 2185 885 2217 ergo
909 2186 968 2208 non
994 2177 1053 2209 erit
1078 2177 1254 2209 differentia
1279 2177 1320 2209 in-

371 2232 416 2260 ter
440 2228 674 2261 Sacramentum
701 2237 799 2261 novae
824 2229 900 2271 legis
924 2233 954 2262 et
979 2230 1103 2262 veteris.

457 2282 485 2312 Q,
510 2281 602 2320 Item,
621 2282 740 2323 primae
757 2282 795 2314 ad
813 2282 989 2315 Corinthios
1011 2283 1133 2315 decimo
1148 2283 1172 2314 ⁵:
1200 2284 1318 2322 Panis,

369 2343 461 2375 (litem
484 2332 690 2376 fi‘ctnyimus,
717 2344 820 2366 nonne
842 2336 1058 2377 participatio
1084 2336 1235 2378 eorporis
1260 2337 1319 2368 Do-

368 2386 452 2417 mini
474 2386 541 2418 est?
573 2396 648 2428 ergo
679 2391 736 2419 etc.
761 2387 799 2419 Si
829 2387 940 2425 ‘tica-5,
972 2388 1057 2429 quod
1090 2389 1149 2421 hoc
1174 2388 1318 2421 similiter

366 2439 481 2471 dieitur
506 2448 562 2481 per
578 2440 853 2481 significationemg
871 2444 1006 2472 contra:
1030 2441 1194 2482 Apostolus
1211 2445 1319 2483 postea

367 2492 458 2524 infert
482 2492 648 2524 undecimo
673 2492 823 2533 capitulo:
849 2493 963 2535 Itaque
987 2493 1045 2535 qni
1075 2493 1260 2526 manducat
1291 2498 1319 2526 et

367 2544 443 2576 bibit
479 2544 611 2587 indique
642 2555 720 2576 rens
744 2550 788 2577 est
824 2546 975 2587 corporis
999 2550 1028 2578 et
1055 2546 1234 2588 sctityninis
1262 2548 1319 2579 Do-

366 2597 456 2628 mini.
481 2598 539 2630 Sed
565 2598 588 2629 si
615 2598 673 2629 hoe
705 2607 815 2630 verum
840 2602 935 2637 esset,
960 2599 1035 2640 quia
1062 2599 1217 2641 siynnnu
1243 2604 1315 2633 tune

366 2649 520 2688 similiter,
545 2651 619 2692 qiua
644 2651 720 2683 haee
744 2661 806 2682 vox
834 2650 986 2683 Christus
1014 2655 1061 2684 est
1084 2652 1235 2694 3191111111,
1264 2653 1317 2695 qui

364 2703 582 2743 livronuntiaret
608 2703 636 2735 in
663 2708 806 2744 peceato,
831 2707 913 2736 esset
938 2713 1012 2737 reus
1035 2705 1177 2746 eorporis
1197 2709 1228 2737 et
1252 2715 1319 2737 san-

367 2755 488 2795 guinis3
512 2756 595 2797 quod
621 2756 735 2788 falsum
761 2760 817 2789 est.

1478 1595 1506 1627 3.
1533 1596 1622 1634 ltem⁷
1648 1597 1791 1629 Matthaei
1819 1597 1965 1630 ultimo⁰z
1994 1600 2072 1631 Ecce
2096 1610 2152 1642 690
2173 1601 2341 1634 vobiscum

1387 1658 1462 1679 snm
1487 1659 1589 1692 usqne
1612 1649 1658 1681 (1ζί
1688 1651 2003 1683 consummationem
2030 1653 2165 1685 saecuti.
2194 1644 2338 1694 Constat,

1388 1702 1472 1743 quod
1490 1701 1548 1734 hoe
1573 1711 1633 1734 non
1650 1702 1724 1735 dieit
1748 1707 1902 1745 quantum
1919 1704 1959 1737 ad
1984 1706 2154 1747 Apostolos,
2177 1707 2251 1748 quia
2267 1712 2348 1748 ante*

1386 1758 1460 1786 sunt
1484 1755 1616 1787 mortui:
1642 1764 1717 1797 ergo
1742 1760 1896 1798 quantum
1920 1757 1960 1789 ad
1985 1758 2165 1797 ‹zi-edentes3
2197 1760 2252 1792 sed
2277 1769 2338 1792 non

1386 1811 1540 1849 quantum
1567 1808 1606 1840 ad
1632 1809 1778 1841 effectum
1808 1809 1980 1843 divinitatis
2004 1815 2034 1844 et
2057 1813 2175 1853 gratiae
2199 1832 2243 1835 -—
2267 1814 2340 1855 quia

1386 1861 1560 1893 secundum
1586 1861 1781 1894 divinitatem
1805 1867 1852 1895 est
1876 1872 1948 1895 cum
1973 1865 2119 1898 omnibus
2142 1866 2338 1906 hominibus,

1385 1914 1560 1946 seeundum
1592 1915 1723 1956 gratiam
1757 1924 1818 1947 non
1850 1919 1897 1948 est
1929 1925 2054 1958 semper
2083 1927 2155 1950 eum
2189 1918 2336 1953 fidelibus

1385 1967 1532 1999 omnibus
1572 1986 1612 1990 -
1654 1968 1796 2009 intelligit
1835 1977 1909 2010 ergo
1950 1970 2123 2002 seeundum
2165 1971 2341 2004 humanita-

1386 2022 1457 2051 tem.
1483 2020 1542 2052 Sed
1568 2020 1626 2052 hoe
1655 2029 1716 2052 non
1742 2020 1920 2059 visibiliter,
1949 2022 2004 2054 sed
2036 2023 2096 2054 sub
2120 2023 2336 2056 sacramento:

1385 2080 1460 2113 ergo
1482 2076 1538 2104 etc.

1473 2125 1502 2156 [1.
1528 2125 1621 2161 ltem,
1638 2125 1767 2157 ratione
1785 2126 1926 2158 videtur:
1945 2127 2018 2168 quia
2035 2136 2115 2160 est-ro
2133 2128 2246 2161 Christi
2264 2139 2337 2161 vere

1384 2182 1429 2209 est
1453 2177 1587 2215 017111εῆ
1611 2177 1664 2210 sed
1690 2178 1793 2217 cibus„
1818 2179 1949 2220 quinon
1975 2180 2145 2221 exponitur
2170 2181 2209 2213 ad
2234 2181 2336 2214 ciban-

1384 2229 1478 2268 dum,
1504 2233 1550 2262 est
1574 2230 1705 2262 frustra:
1731 2239 1806 2272 ergo
1832 2231 1857 2263 si
1881 2240 1954 2263 earo
1978 2231 2091 2264 Christi
2121 2241 2181 2264 non
2204 2237 2250 2265 est
2273 2233 2336 2265 fru-

1383 2285 1465 2321 stra,
1490 2283 1661 2325 exponitur
1693 2283 1733 2316 ad
1757 2284 1937 2316 cibandum.
1970 2284 2029 2317 Sed
2059 2294 2120 2316 non
2153 2285 2183 2317 in
2216 2295 2249 2318 se
2281 2295 2336 2319 nec

1384 2336 1566 2375 visibiliter,
1590 2346 1628 2369 ne
1645 2341 1773 2378 generet
1798 2337 1980 2369 horrorem:
2002 2346 2077 2379 ergo
2094 2342 2140 2371 est
2164 2348 2239 2371 vera
2263 2348 2336 2372 earo

1382 2390 1496 2421 Christi
1523 2390 1582 2422 sub
1607 2390 1818 2422 Sacramento.

1473 2444 1501 2474 ὃ
1535 2442 1627 2481 ltem,
1664 2443 1808 2475 Christus
1844 2452 1901 2485 pro
1933 2444 2034 2476 salute
2071 2448 2177 2476 nostra
2209 2453 2335 2477 carnem

1382 2503 1472 2526 suam
1505 2503 1613 2527 veram
1645 2496 1794 2536 exposuit
1825 2495 1865 2527 ad
1896 2496 2096 2537 patiendum,
2129 2505 2200 2529 eum
2229 2497 2335 2529 adhue

1381 2556 1524 2580 essemus
1549 2547 1653 2580 iniusti
1670 2548 1697 2580 ²³:
1723 2557 1798 2590 ergo
1827 2549 1851 2580 si
1885 2549 1984 2581 multo
2018 2549 2116 2590 magis
2149 2549 2242 2582 debet
2271 2549 2337 2581 dili-

1382 2609 1455 2642 gere
1479 2601 1592 2639 iustos,
1617 2610 1744 2633 earnem
1769 2610 1844 2643 ergo
1869 2611 1959 2634 suam
1992 2611 2100 2634 veram
2126 2606 2263 2644 exponet
2293 2603 2333 2634 ad

1381 2653 1603 2692 reficiendum,
1628 2663 1688 2686 non
1714 2658 1835 2686 tantum
1861 2654 1964 2695 signa:
1991 2663 2067 2696 ergo
2091 2659 2148 2687 etc.

1471 2708 1500 2738 6.
1525 2707 1614 2745 Item,
1645 2715 1728 2739 «ars
1760 2710 1789 2739 et
1822 2707 1922 2739 virtus
1955 2707 2037 2739 eirea
2071 2706 2220 2739 difficile-⁰
2241 2720 2272 2746 »,
2305 2711 2335 2740 et

1381 2762 1498 2800 quanto
1523 2758 1682 2791 difficilius
1713 2763 1760 2791 est
1789 2759 1936 2798 credere,
1961 2762 2046 2791 tanto
2080 2760 2178 2801 magis
2213 2760 2333 2792 merito-

436 2923 442 2938 1
463 2922 544 2949 Codd.
565 2925 584 2949 G
596 2924 615 2949 11
628 2925 647 2949 M
660 2925 679 2949 U
691 2925 708 2949 Z
728 2932 826 2957 eorpus
846 2925 952 2951 Chri-sii.

433 2966 443 2983 ²²
464 2967 567 2992 Plurimi
587 2968 664 2993 codd.
684 2969 749 2993 male
769 2969 941 2995 damnabant.

433 3010 443 3027 3
463 3012 546 3036 Matth.
568 3012 609 3043 26,
630 3012 677 3043 26;
707 3013 782 3038 Marc.
817 3013 853 3045 11,
879 3014 926 3043 22;
947 3014 1006 3038 Luc.
1029 3014 1070 3045 22,
1098 3014 1134 3038 19.
1156 3028 1189 3031 —
1211 3014 1315 3039 lnferius

363 3060 421 3086 post
440 3054 509 3081 dedit
528 3056 604 3081 codd.
625 3057 657 3081 W
670 3056 690 3081 Y
710 3057 808 3082 addunt
827 3056 881 3083 iltis
902 3057 980 3089 (Alex.
1003 3057 1055 3082 [tal.
1075 3057 1156 3090 aliis).
1171 3056 1221 3083 Cfr.
1235 3065 1314 3090 supra

364 3098 387 3122 11.
409 3099 432 3122 S,
453 3106 478 3130 11.
499 3099 514 3123 1.
537 3107 558 3123 n.
579 3100 602 3124 2.
623 3107 648 3132 (1.
669 3100 692 3124 3.

432 3141 441 3157 ⁴
462 3142 539 3173 Epist.
560 3143 575 3167 1.
595 3142 652 3168 Cor.
678 3144 721 3175 lO,
744 3143 773 3169 4:
795 3144 865 3169 Petra
886 3147 971 3169 eutem
992 3148 1045 3169 erat
1059 3143 1183 3169 Christus.
1202 3144 1252 3170 Cfr.
1274 3146 1314 3170 hic

364 3186 398 3210 lit.
418 3186 544 3218 Magistri,
565 3194 585 3211 c.
611 3188 630 3211 1.
650 3202 683 3205 —
704 3188 739 3213 De
758 3195 831 3220 seqq.
852 3188 912 3213 vide
925 3195 1003 3220 supra
1019 3188 1043 3213 d.
1058 3189 1081 3213 8.
1102 3195 1126 3220 p.
1142 3189 1157 3213 1.
1172 3195 1194 3213 a.
1214 3189 1232 3213 1.
1247 3196 1273 3220 q.
1290 3190 1313 3213 ²2.

432 3229 442 3245 ⁵
464 3230 534 3255 Vers.
560 3231 596 3254 16.
618 3231 720 3255 Plurimi
741 3232 817 3257 codd.
838 3239 898 3257 cum
922 3232 981 3257 edd.
1001 3232 1096 3264 Panis,
1117 3239 1195 3266 quem
1214 3232 1315 3266 ἴνα-1191-

365 3280 432 3305 nens,
455 3280 552 3306 corpus
571 3274 678 3300 Domini
695 3277 739 3301 est.
759 3290 793 3294 —
813 3277 870 3309 Seq.
890 3279 973 3302 textus
992 3280 1029 3302 est
1049 3277 1111 3302 ibid.
1136 3278 1179 3309 11,
1203 3278 1249 3302 27:
1271 3277 1316 3302 lta-

363 3325 415 3350 que
434 3318 593 3350 quicumque
613 3319 809 3345 niandufflverit
829 3327 923 3351 panem
944 3321 1020 3353 hunc,
1040 3322 1081 3346 vel
1102 3321 1196 3347 biberit
1209 3321 1314 3347 calicem

363 3362 463 3387 Domini
484 3362 603 3393 indigne,
626 3370 686 3387 reus
705 3364 751 3388 erit
771 3366 889 3395 corporis
907 3368 956 3390 ete.

1449 2927 1460 2943 6
1480 2927 1552 2952 Vers.
1574 2928 1615 2958 ⁶20,
1635 2927 1679 2952 ubi
1702 2928 1810 2959 Vulgata
1832 2931 1890 2960 post
1916 2927 2050 2955 vobiscum
2079 2935 2139 2954 snm
2159 2928 2230 2954 addit
2250 2928 2334 2954 omni-

1380 2970 1428 2997 bus
1447 2970 1544 2996 silebas.
1566 2985 1597 2988 —
1618 2972 1725 2997 Inferius
1746 2976 1803 3003 post
1833 2972 1972 3005 Apostolos
2001 2972 2058 2997 eod.
2079 2973 2102 2997 X
2122 2972 2257 3004 subiungit
2276 2973 2331 2997 tan-

1379 3016 1453 3046 tmn;
1472 3015 1584 3040 subinde
1603 3022 1633 3041 ex
1653 3015 1729 3041 codd.
1750 3016 1796 3040 BE
1808 3016 1824 3040 F
1836 3017 1854 3040 G
1867 3017 1886 3040 Κ
1900 3016 1917 3040 L
1938 3023 1967 3041 aa
1987 3016 2169 3048 supplevimus
2188 3017 2261 3047 unte,
2285 3023 2332 3048 1110

1379 3066 1431 3091 quo
1451 3059 1492 3083 alii
1512 3059 1587 3084 codd.
1608 3060 1649 3084 vel
1668 3061 1770 3091 nutem,
1791 3060 1831 3084 vel
1851 3059 2022 3093 quandoque,
2045 3060 2085 3085 vel
2106 3059 2260 3093 aliquando.

1448 3102 1459 3118 ⁷
1480 3103 1545 3127 lonii.
1567 3103 1594 3134 6,
1615 3103 1656 3128 56.
1677 3117 1712 3122 —
1731 3104 1838 3128 Inferius
1859 3110 1906 3134 pro
1928 3110 1973 3129 neo
2002 3102 2137 3129 visibiliter
2158 3103 2213 3128 Vat.
2234 3103 2332 3130 scilieet

1378 3145 1524 3172 visibiliter.

1448 3189 1458 3206 ⁸
1479 3190 1544 3215 Vide
1564 3191 1637 3215 Rom.
1658 3191 1681 3223 5,
1703 3191 1726 3215 6.
1747 3198 1819 3224 seqq.
1840 3194 1864 3216 et
1884 3191 1899 3216 1.
1921 3192 1984 3217 l‘etr.
2005 3192 2036 3223 3,
2059 3192 2100 3215 18.
2121 3205 2153 3209 —
2173 3191 2197 3216 111
2212 3191 2262 3216 fine
2275 3198 2329 3222 arg.

1379 3241 1426 3265 1110
1445 3233 1522 3267 siynu
1541 3235 1639 3267 aliquot
1658 3235 1734 3260 codd.
1755 3235 1878 3268 5191111111,
1900 3235 1960 3261 edd.
1980 3235 2008 3261 in
2027 3235 2142 3269 sianum.

1447 3277 1458 3293 ⁹
1477 3278 1588 3309 Ariston,
1609 3278 1634 3302 ll.
1655 3279 1734 3304 Ethic.
1755 3286 1775 3304 c.
1797 3280 1820 3304 3.
1842 3293 1875 3297 —
1895 3280 1919 3304 ln
1946 3280 1996 3305 fine
2024 3286 2078 3311 arg.
2108 3287 2155 3311 pro
2184 3280 2250 3305 esset
2279 3285 2330 3304 me·

1378 3320 1506 3347 ritorium
1535 3322 1611 3347 codd.
1640 3322 1807 3347 AEFGLV
1837 3324 1904 3348 esset
1930 3323 2057 3349 meritum
2079 3322 2151 3356 [cod.
2181 3323 2199 3347 U
2222 3322 2258 3348 (td
2279 3329 2329 3348 me-

1381 3364 1486 3397 ritum].
