2483 3882
79 783 158 816 tiale.
183 783 218 815 Et
242 783 325 815 circa
349 783 408 816 hoc
432 783 491 815 tria
516 783 730 825 principaliter
755 787 962 826 quaeruntur.

163 835 267 867 Primo
291 835 455 877 quaeritur
480 835 519 867 de
543 835 685 868 clavibus
710 835 739 867 in
765 835 914 877 generali.

75 944 119 975 est
144 941 240 974 clavis
263 941 453 983 principalis.

157 1499 244 1532 Circa
269 1500 408 1541 primum
426 1499 613 1538 ostenditur,
638 1498 723 1541 quod
740 1499 844 1531 claves
867 1499 1021 1532 Ecclesiae

70 1553 130 1586 sint
152 1553 258 1585 datae:

160 1608 186 1638 1.
222 1606 280 1638 Per
317 1605 396 1638 illud
432 1605 517 1647 quod
545 1605 681 1638 habetur
717 1606 863 1638 Matthaei
900 1605 1022 1638 decimo

2 1663 160 1693 nenasexto
174 1659 202 1691 2:
235 1658 308 1691 Tibi
330 1658 413 1690 dabo
438 1657 545 1690 claves
568 1658 665 1700 reyiii
687 1658 865 1690 caelorum.

156 1715 185 1746 Ξ).
211 1713 304 1751 Item,
329 1712 388 1744 hoc
420 1711 525 1753 ipsum
558 1711 711 1752 probatur
744 1720 801 1752 per
833 1711 912 1743 illud
937 1711 1021 1753 quod

70 1767 183 1800 dicitur
207 1765 328 1798 Ioannis
350 1764 540 1806 vigesimo³z
568 1765 718 1804 Quorum
742 1764 938 1796 remiseritis
952 1774 1022 1806 pec-

70 1824 163 1858 cata,
180 1818 397 1851 remittantur
421 1817 467 1849 eis
483 1820 553 1849 etc.:
581 1826 655 1858 ergo
672 1817 703 1848 in
728 1820 881 1858 potestate
898 1817 1022 1858 Aposto-

68 1874 171 1906 lorum
187 1873 246 1905 fuit
270 1871 471 1904 introducere
487 1871 527 1903 ad
551 1870 720 1910 iustitiam,
745 1880 820 1912 ergo
841 1871 881 1903 ad
905 1871 1020 1909 vitam:

69 1926 122 1959 sed
157 1925 259 1958 omnis
283 1924 335 1966 qui
368 1926 469 1965 potest
504 1923 689 1962 admittere,
724 1923 774 1955 vel
806 1923 979 1955 excludere
1003 1932 1021 1955 a

68 1988 180 2021 regno,
216 1978 310 2009 habet
341 1977 462 2009 clavem
498 1977 603 2018 regni:
629 1985 704 2018 ergo
740 1976 893 2018 Apostolis
930 1976 1020 2009 datae

69 2033 195 2065 fuerunt
219 2031 340 2069 claves,
364 2039 426 2062 non
451 2029 509 2062 nisi
534 2030 565 2061 in
591 2033 745 2071 quantum
774 2033 863 2062 erant
889 2030 1019 2071 praelati

70 2085 235 2118 Ecclesiae:
262 2093 336 2125 ergo
361 2088 418 2116 etc.

155 2138 183 2170 3.
209 2138 298 2176 item,
323 2137 453 2169 ratione
472 2136 609 2169 videtur:
636 2136 711 2178 quia
727 2136 835 2168 nullus
859 2140 962 2178 potest
978 2137 1021 2168 in-

68 2191 153 2233 gredi
179 2199 311 2232 regnum
337 2190 497 2222 caelorum
523 2189 579 2222 nisi
606 2198 662 2231 per
688 2189 874 2228 Ecclesiam,
899 2193 929 2221 et
961 2190 1020 2222 hoc

68 2243 273 2286 significatum
287 2247 348 2282 est,
365 2243 419 2275 ubi
437 2242 553 2275 dicitur
567 2242 694 2275 Genesis
711 2242 864 2283 vigesimo
877 2242 1018 2275 octavo⁴:

70 2296 139 2329 Non
162 2301 207 2329 est
231 2296 283 2328 liic
307 2297 402 2328 atiud
425 2296 494 2328 ‘nisi
516 2297 633 2328 domas
659 2296 718 2328 Dei
740 2301 769 2328 et
790 2300 890 2338 porta
914 2295 998 2328 caeti
1010 2308 1020 2333 ;

68 2350 120 2382 sed
145 2354 290 2383 constans
314 2354 374 2388 est,
399 2350 484 2391 quod
508 2350 548 2382 ad
573 2353 694 2382 rectum
713 2350 857 2382 ordinem
881 2350 1021 2391 oportuit

67 2403 222 2444 praelatos
239 2403 269 2434 in
296 2403 431 2435 Ecclesia
448 2403 586 2441 institui,
611 2403 665 2435 sed
695 2403 804 2435 nullus
828 2402 1020 2435 sufficienter

68 2460 173 2497 portae
196 2460 337 2498 praeest,
362 2455 419 2488 nisi
451 2456 503 2497 qui
528 2456 622 2488 habet
655 2455 775 2488 clavem
801 2455 919 2497 ipsius:
946 2464 1020 2497 ergo

68 2509 200 2548 videtur,
225 2509 309 2550 quod
335 2509 487 2541 Dominus
512 2509 615 2541 claves
640 2508 700 2540 illis
725 2508 921 2540 concesserit.

152 2562 183 2593 [ι.
208 2561 298 2600 Item,
316 2562 405 2594 decet
430 2570 536 2603 regem
555 2565 735 2599 terrenum,
753 2564 788 2592 ut
812 2560 932 2593 clavem
950 2561 1019 2592 ostii

68 2614 131 2647 sive
159 2619 266 2656 portae
299 2615 365 2647 suis
403 2615 503 2647 servis
535 2615 725 2653 committat,
751 2614 804 2655 qui
840 2614 1019 2646 ministrant

68 2667 98 2699 in
128 2668 195 2700 eius
227 2668 333 2706 curia;
359 2668 413 2700 sed
446 2676 507 2699 non
536 2670 582 2700 est
604 2667 764 2699 liberalior
790 2676 847 2699 rex
873 2670 1018 2699 terrenus

719 197 812 228 DIST.
838 197 935 230 XVIII.
961 197 990 228 Ι).
1015 197 1035 229 Ι.
1059 197 1141 230 ART.
1166 198 1185 229 Ι.
1212 198 1364 239 QUAEST.
1389 199 1408 230 I.

80 284 206 327 opponit
222 283 261 316 ad
278 286 447 325 utramque
463 286 601 325 partem,
619 284 786 316 ostendens
809 285 926 326 primo,
944 285 1028 327 quod

80 336 256 370 sacerdotes
280 344 341 367 non
365 340 498 377 possunt
521 335 643 368 solvere
667 345 684 368 a
709 341 834 377 peccato
858 341 888 370 et
912 338 1027 379 ligare:

80 389 230 428 secundo,
248 389 332 431 quod
356 391 488 430 possunt
503 398 522 420 a
541 392 668 430 peccato
693 389 815 422 solvere
838 395 869 422 et
894 391 991 432 ligare
1006 391 1027 419 ¹·

79 443 110 475 In
133 441 270 474 secunda
301 441 489 473 determinat
520 441 668 480 modum,
693 451 750 483 per
774 451 868 483 quem
901 443 1027 475 solvunt

162 677 205 709 Ad
230 677 466 719 intelligentiam
491 677 587 709 huius
604 677 702 719 partis
726 678 890 719 quaeritur
912 678 951 710 de
969 678 1028 710 cla-

78 730 185 769 vibus,
210 730 384 762 secundum
411 730 496 771 quod
520 733 661 771 spectant
685 730 725 762 ad
750 730 852 762 forum
871 730 1027 772 poeniten-

162 888 322 928 Secundo,
340 888 379 920 de
400 891 552 930 potestate
576 888 692 930 ligandi
717 892 747 921 et
771 888 926 928 solvendi,
945 898 1025 931 quae

1981 203 2044 235 469

1093 289 1124 317 et
1148 285 1261 327 ligant,
1280 286 1338 318 ibi:
1356 286 1429 318 Non
1453 290 1564 319 autem
1589 285 1647 319 ltoc
1670 288 1897 320 sacerdotibus
1922 298 2045 321 conces-

1092 338 1153 376 sit,
1178 339 1297 381 quibus
1322 343 1430 371 tamen
1462 343 1530 379 etc„
1566 340 1620 372 ubi
1646 341 1796 380 ostendit,
1829 342 1914 383 quod
1947 351 2046 375 sacer-

1093 391 1181 424 dotes
1210 391 1360 425 dicuntur
1397 393 1494 434 ligare
1518 397 1548 425 et
1582 393 1704 426 solvere
1729 394 1779 426 vel
1814 398 1967 436 quantum
2003 396 2045 438 ad

1091 445 1321 484 ostensionem,
1347 445 1396 478 vel
1421 449 1574 488 quantum
1599 446 1639 478 ad
1663 455 1795 488 poenam
1829 448 2044 489 temporalem.

806 566 1015 599 TRACTATIO
1039 568 1312 608 QUAESTIONUM.

1181 680 1302 719 Tertio,
1327 681 1365 712 de
1391 681 1518 713 scientia
1542 682 1750 715 discernendi.

1180 732 1339 773 Quantum
1364 733 1403 764 ad
1429 733 1567 774 primum
1591 738 1789 776 quaeruntur
1812 736 1886 768 duo.

1179 785 1283 816 Primo
1314 786 1493 826 quaeritur,
1530 790 1638 819 utrum
1675 788 1779 821 claves
1804 789 1957 822 Ecclesiae
1993 790 2044 822 da-

1091 839 1139 868 tae
1164 836 1234 869 sint.

1178 890 1339 930 Secundo,
1356 892 1517 933 supposito
1539 893 1623 934 quod
1644 893 1702 932 sic,
1720 894 1894 936 quaeritur,
1911 895 1950 928 ad
1967 895 2044 937 quid

1089 942 1180 974 datae
1205 946 1287 975 sunt.

895 1070 1160 1109 ARTICULUS
1189 1072 1214 1109 1.

832 1178 876 1209 De
900 1177 1048 1210 clavibus
1071 1178 1107 1210 in
1128 1179 1286 1221 qenerali.

943 1290 1127 1331 QUAESTIO
1151 1290 1171 1321 1.

731 1387 848 1419 Utrum
874 1387 980 1419 claves
1007 1388 1169 1420 Ecclesiae
1192 1388 1259 1420 sint
1284 1389 1389 1421 datae.

1087 1508 1182 1541 quam
1207 1509 1266 1532 rex
1298 1504 1463 1539 aeternus,
1499 1501 1596 1533 immo
1621 1502 1721 1534 multo
1746 1503 1872 1535 minus:
1898 1513 1972 1545 ergo
2001 1504 2043 1536 vi-

1087 1553 1195 1592 detur,
1219 1554 1305 1595 quod
1333 1553 1492 1596 aliquibus
1517 1555 1616 1587 servis
1641 1555 1706 1587 sive
1730 1556 1912 1589 hominibus
1938 1558 2042 1591 claves

1087 1607 1251 1639 commisit.

1176 1659 1231 1691 Ad
1254 1659 1439 1701 oppositmn
1471 1660 1513 1692 ita
1538 1661 1699 1702 arguitur:
1730 1663 1758 1693 1.
1790 1662 1882 1694 Nulla
1912 1664 2044 1696 necessi·
2057 1675 2091 1696 Aa
2105 1676 2190 1702 opposi-

1089 1715 1134 1744 tas
1159 1716 1205 1744 est
1229 1712 1384 1751 clavium,
1410 1713 1464 1745 ubi
1497 1714 1613 1746 ostium
1638 1723 1764 1756 semper
1796 1718 1842 1747 est
1872 1719 1982 1757 patens
2014 1720 2044 1749 et

1087 1768 1231 1806 apertum
1240 1777 1248 1804 3
1273 1766 1328 1798 sed
1353 1766 1469 1798 ostium
1501 1766 1578 1799 caeli
1602 1770 1633 1799 et
1663 1767 1816 1800 Ecclesiae
1840 1777 1966 1810 semper
1997 1773 2044 1802 est

1086 1820 1249 1859 apertum:
1276 1827 1351 1860 ergo
1375 1822 1432 1850 etc.
1457 1819 1567 1851 Minor
1591 1819 1745 1861 probatur
1770 1820 1830 1853 sic:
1856 1821 1971 1853 ostium
1993 1832 2045 1864 pa-

1087 1870 1184 1903 radisi
1215 1871 1360 1904 Christus
1392 1872 1545 1905 Dominus
1569 1876 1632 1911 est⁷
1657 1873 1711 1915 qui
1743 1873 1818 1906 dicit
1848 1874 1969 1907 Ioannis
1995 1875 2044 1908 de-

1086 1923 1203 1956 cimo⁵z
1223 1925 1290 1966 Egyo
1315 1934 1391 1956 sum
1408 1925 1545 1963 ostiatim
1571 1925 1626 1958 sed
1648 1926 1728 1958 illud
1752 1935 1878 1968 semper
1895 1931 1942 1960 est
1957 1936 2046 1969 aper-

1086 1980 1173 2017 tum,
1197 1977 1271 2019 quia
1295 1978 1418 2010 Ioannis
1443 1982 1534 2011 sexto
1559 1979 1633 2011 dicit
1657 1979 1741 2021 ipse:
1768 1981 1853 2011 Eum
1878 1981 1936 2023 qai
1958 1981 2046 2013 venit

1086 2029 1132 2061 ad
1154 2039 1222 2068 me,
1248 2040 1315 2062 non
1338 2030 1470 2063 eiiciam
1494 2030 1608 2073 foras;
1632 2036 1663 2064 et
1686 2032 1886 2074 Apocalypsis
1911 2036 2041 2075 quarto:

1092 2083 1180 2122 Vidi,
1206 2088 1235 2116 et
1258 2093 1327 2116 ecce
1351 2084 1386 2116 in
1410 2084 1498 2117 eaelo
1525 2085 1646 2117 ostium
1670 2089 1839 2127 apertam:
1865 2096 1939 2128 ergo
1964 2091 2020 2120 etc.

1175 2139 1205 2169 Ξ).
1230 2137 1323 2177 item,
1347 2138 1391 2169 illi
1418 2138 1474 2170 soli
1500 2139 1683 2171 conceditur
1716 2139 1830 2178 clavis,
1863 2140 1917 2181 qui
1942 2144 2043 2182 potest

1086 2190 1235 2223 claudere
1258 2194 1288 2223 et
1312 2191 1457 2233 aperire;
1483 2192 1538 2224 sed
1564 2192 1615 2224 bic
1639 2196 1686 2225 est
1711 2192 1797 2225 solus
1811 2193 1965 2233 Christus,
1986 2194 2044 2226 Isa—

1086 2243 1133 2275 iae
1157 2243 1309 2285 vigesimo
1326 2244 1501 2277 secundo⁰:
1529 2244 1621 2277 Dabo
1646 2245 1768 2278 clavem
1791 2246 1909 2278 doinus
1935 2247 2045 2279 David

1085 2306 1186 2338 saper
1210 2296 1386 2329 humerum
1410 2297 1496 2336 cias,
1521 2302 1551 2330 et
1574 2298 1722 2336 claudet,
1748 2302 1776 2330 et
1799 2308 1864 2330 iton
1900 2299 1963 2331 erit
1986 2300 2045 2342 qui

1086 2349 1218 2391 aperiat
1241 2354 1314 2383 etc.:
1341 2359 1416 2392 ergo
1441 2351 1538 2383 solius
1556 2351 1670 2384 Christi
1695 2355 1742 2384 est
1766 2352 1890 2394 aperire
1907 2356 1937 2384 et
1960 2352 2042 2385 clau-

1086 2402 1174 2434 dere:
1201 2411 1276 2444 ergo
1301 2406 1358 2435 etc.

1175 2455 1203 2487 3.
1230 2456 1322 2495 item,
1340 2456 1426 2488 solus
1444 2457 1495 2489 ille
1512 2457 1572 2489 fert
1589 2457 1727 2497 clavem,
1745 2458 1798 2499 qui
1823 2461 1925 2499 potest
1941 2459 2041 2490 obsta-

1085 2508 1192 2541 culum
1218 2518 1380 2548 amovere3
1405 2510 1460 2541 sed
1486 2510 1684 2542 obstaculum
1711 2511 1797 2552 regni
1817 2512 1976 2543 caelorum
1994 2521 2042 2543 so-

1085 2561 1135 2593 lus
1159 2561 1303 2594 Christus
1328 2563 1428 2603 potuit
1445 2572 1606 2595 amovere:
1632 2572 1706 2605 ergo
1724 2568 1780 2596 etc.
1806 2564 1966 2596 Probatio
1982 2565 2040 2596 mi-

1084 2614 1187 2645 noris.
1213 2614 1313 2656 Super
1338 2614 1417 2646 illud
1442 2615 1537 2647 Isaiae
1562 2615 1713 2656 vigesimo
1739 2616 1877 2648 secundo
1894 2617 1920 2648 ⁷:
1948 2617 2039 2648 Dabo

1084 2666 1208 2698 clavem.
1233 2667 1350 2699 domus
1369 2667 1494 2705 Dama,-
1519 2667 1639 2700 Glossa:
1672 2680 1686 2697 «
1703 2668 1733 2700 In
1753 2669 1897 2710 passione
1922 2678 2041 2702 resera-

137 2818 145 2833 1
165 2819 190 2843 ln
211 2819 286 2844 codd.
307 2819 469 2844 desideratur
494 2819 557 2843 baec
577 2818 735 2850 pro—positio:
761 2818 902 2844 secundo...
924 2818 1016 2851 Hyare.

69 2861 139 2892 Edd.‚
159 2870 295 2894 perperam
318 2864 400 2894 posito
427 2864 479 2888 tres
499 2861 576 2888 lambet
595 2869 642 2893 pro
662 2861 730 2888 (luas
756 2861 834 2888 habet
852 2862 964 2895 [salsitas
985 2863 1019 2887 le-

70 2905 157 2930 ctionis
176 2906 236 2931 edd.
258 2907 342 2938 colligi
362 2907 413 2931 iam
434 2909 517 2938 potest
536 2914 565 2931 cx
586 2914 650 2932 voce
670 2906 828 2938 SimiliterL
851 2907 961 2932 subinde
988 2907 1019 2932 le-

70 2952 145 2980 gunt:
161 2951 190 2975 In
210 2950 326 2976 secunda
342 2950 465 2982 ostendit,
482 2950 553 2984 quod
567 2952 710 2984 possunt...
724 2952 753 2976 ln
767 2951 844 2977 tertia
862 2951 1019 2977 determinat

70 2993 184 3019 modam.

138 3037 149 3053 2
168 3038 240 3063 Vers.
265 3040 302 3064 to.

139 3081 150 3097 ²³
168 3083 240 3107 Vers.
262 3084 302 3108 23.

138 3124 148 3141 4
168 3127 239 3151 Vers.
265 3128 301 3152 17.
322 3126 372 3152 Ct'r.
392 3127 479 3152 Glossa
501 3126 641 3152 ordinaria
662 3127 731 3158 apud
753 3127 873 3152 Strabum
900 3130 924 3152 et
944 3128 1019 3158 Lyra-

74 3175 133 3193 num
153 3171 177 3193 in
197 3171 265 3195 hunc.
285 3171 340 3202 loc„
362 3178 428 3203 qnae
448 3174 485 3195 est
505 3178 534 3195 ex
549 3170 655 3196 Rabano
675 3175 699 3195 ct
718 3172 806 3203 inqua
829 3171 933 3202 dicitur,
948 3172 1019 3203 quod

71 3213 194 3243 evigilans
219 3222 231 3239 a
259 3218 362 3246 torpore
388 3216 492 3239 inertiae
518 3218 542 3239 ct
565 3222 621 3239 sese
646 3222 767 3239 exercens
793 3216 816 3239 in
841 3215 915 3240 bonis
939 3217 1019 3247 operi-

71 3255 120 3282 bus
143 3259 192 3283 «in
211 3259 320 3284 Ecclesia
345 3260 580 3290 supereminentem
607 3260 714 3290 gratiam
741 3262 765 3283 ot
791 3260 921 3284 introitum
947 3261 1019 3291 regni

72 3301 183 3326 caelestis
203 3303 323 3334 intelliget
337 3313 359 3327 n.
380 3303 468 3328 Glossa
490 3303 669 3328 interlinearis
689 3303 758 3334 apud
785 3303 914 3333 Lyranum
935 3307 1019 3328 sumta

71 3351 98 3369 ex
111 3346 216 3377 August.
229 3347 288 3379 (Qq.
301 3349 325 3372 in
338 3348 498 3373 Pentateuch.
515 3348 529 3372 Ι.
541 3355 564 3380 q.
578 3348 644 3379 83.ss
660 3347 796 3379 Tanquam
812 3347 871 3372 inde
881 3347 923 3372 fiat
933 3348 1018 3373 aditus

1083 2819 1248 2844 credentibus
1268 2819 1300 2843 ad
1321 2818 1509 2855 capessendum
1532 2825 1642 2849 regnum
1663 2819 1801 2844 caelorum.
1817 2834 1851 2837 —
1868 2820 1892 2844 ln
1914 2820 1963 2845 tine
1983 2828 2037 2852 arg.

1084 2870 1131 2894 pro
1151 2862 1211 2893 illis,
1235 2863 1304 2894 [priod
1326 2862 1403 2887 babet
1422 2862 1478 2887 cod.
1501 2862 1527 2893 tt,
1547 2863 1588 2886 alii
1608 2862 1683 2887 codd.
1704 2862 1779 2893 aliis,
1799 2864 1858 2888 edd.
1878 2864 2018 2896 Apostolis.

1153 2908 1164 2923 ⁵
1184 2908 1256 2932 Vei-s.
1277 2908 1301 2932 7.
1316 2921 1349 2925 —
1363 2908 1421 2939 seq.
1443 2907 1514 2932 locus
1533 2911 1571 2932 est
1584 2907 1650 2932 loan.
1672 2908 1701 2939 6,
1723 2908 1770 2939 37,
1787 2907 1831 2933 ubi
1852 2908 1928 2933 codd.
1945 2908 2037 2934 Omnis

1084 2950 1131 2984 qui
1149 2958 1197 2982 pro
1223 2951 1292 2976 Eum
1319 2950 1381 2984 (mi,-
1401 2952 1489 2975 tertius
1514 2953 1595 2981 Apoc.
1618 2951 1647 2981 4,
1673 2952 1694 2975 l.
1719 2966 1752 2969 —
1775 2951 1836 2977 Cod.
1858 2952 1877 2976 O
1897 2953 1956 2976 liuic
1982 2959 2036 2983 arg.

1084 2995 1231 3026 subiungit:
1246 2995 1321 3026 ltem,
1339 2995 1447 3019 Ecclesia
1469 2995 1529 3019 nulli
1550 2995 1644 3019 claudit
1665 2996 1885 3027 g1·ominm‚crg0
1908 2997 2037 3021 nerninem

1083 3039 1208 3070 excludit⁷
1225 3043 1350 3071 qnantum
1371 3040 1394 3063 in
1415 3046 1442 3063 se
1462 3042 1512 3069 cst;
1528 3046 1590 3069 crgo
1611 3039 1651 3063 ille
1671 3040 1756 3070 potius
1775 3039 1870 3064 claudit
1890 3040 2036 3071 peccando⁷

1084 3083 1128 3114 qui
1149 3082 1198 3114 [se]
1219 3083 1342 3113 excludit,
1365 3090 1442 3114 qnam
1465 3083 1573 3107 Ecclesia
1594 3083 1634 3107 vel
1656 3083 1802 3113 praelatus:
1824 3090 1886 3114 ergo
1906 3086 1952 3108 etc.

1154 3127 1164 3142 ⁶
1185 3127 1257 3152 Vei-s.
1273 3128 1312 3151 -22
1330 3127 1438 3157 Vulgata
1459 3129 1516 3157 post
1536 3125 1591 3152 eius
1611 3127 1681 3151 addit
1702 3128 1726 3152 et
1745 3127 1853 3159 aperiet,
1876 3129 1900 3153 et
1918 3135 1972 3153 uon
1988 3128 2037 3153 erit

1084 3171 1131 3204 qui
1149 3170 1263 3197 claudat.
1284 3170 1365 3195 Codd.
1386 3172 1505 3195 omittunt
1524 3170 1626 3196 (lomus.

1155 3215 1165 3231 ⁷
1186 3215 1257 3239 Vei-s.
1279 3215 1319 3239 22.
1340 3215 1420 3239 Etiam
1441 3215 1480 3239 liic
1500 3215 1576 3239 codd.
1591 3215 1710 3240 omittunt
1729 3215 1832 3241 [lomus.
1846 3230 1881 3234 —
1894 3216 1982 3241 Glossa
1996 3223 2037 3242 or-

1084 3259 1190 3284 cliuart'n
1212 3259 1251 3287 (cx
1271 3259 1373 3284 Hieron.
1394 3259 1417 3283 in
1440 3260 1507 3283 bunc
1527 3259 1585 3290 loc.)
1606 3266 1620 3283 a
1640 3259 1731 3285 Strabo
1751 3262 1776 3285 et
1795 3260 1895 3291 Lyrano
1915 3261 1951 3286 sic
1970 3262 2036 3286 exbi-

1084 3303 1176 3328 betur:
1202 3303 1277 3334 Quod
1298 3304 1321 3327 in
1346 3304 1465 3334 passione
1486 3303 1603 3335 [Hieron.
1632 3304 1698 3328 elicit
1722 3305 1770 3329 boc
1794 3311 1823 3329 ex
1850 3304 1938 3330 vorbis
1963 3304 2035 3331 Dabo

1085 3347 1182 3373 clarem
1203 3354 1284 3379 super
1303 3346 1444 3373 tinnierunt
1466 3347 1536 3380 eius,
1564 3349 1616 3373 scil.
1643 3355 1747 3373 crucem
1773 3351 1900 3380 portatam
1929 3350 1952 3373 in
1980 3356 2036 3380 pas-
