2483 3882
0 369 26 385 sss-

863 264 1073 296 DISTINCTIO
1099 264 1182 296 XLV.

39 354 192 390 adiuvari,
215 357 246 383 ut
268 360 337 382 cun]
360 353 403 382 eis
426 351 652 382 misericordius
674 355 779 389 agatur
808 360 824 382 a
847 352 990 387 Domino,

38 411 127 443 quam
151 409 255 432 eorum
271 403 396 439 peccata
419 403 603 430 meruerunt.
625 400 688 429 Hoc
710 400 789 429 enim
812 408 828 429 a
852 400 990 430 Patribus

38 451 181 482 traditum
206 453 265 479 tota
281 448 421 478 observat
442 448 592 483 Ecclesia,
613 451 645 477 ut
661 456 716 486 pro
733 447 776 477 eis
798 448 849 486 qui
867 448 894 477 in
910 456 989 478 com-

17 497 345 535 -munione‘corporIS
375 500 404 526 et
425 496 578 534 sanguinis
608 495 717 525 Christi
747 496 878 526 defuncti
901 500 989 531 sunt,

6 1427 25 1448 lo.

38 555 106 578 cum
139 546 175 576 ad
207 546 304 584 ipsum
332 544 515 574 sacrificium
539 544 606 573 loco
629 552 683 573 suo
706 548 990 579 commemorcntur,

39 599 150 630 oretur,
172 602 208 624 ac
230 602 285 632 pro
309 593 366 622 illis
395 599 516 630 quoque
545 591 574 621 id
597 592 695 621 oilerri
726 596 989 621 commemoretur.

37 643 102 673 Non
124 646 168 672 est
190 642 280 679 igitur
308 639 539 676 ambigendum,
570 639 624 669 ista
656 639 799 677 prodesse
826 640 991 676 defunctis,

38 691 91 722 sed
114 690 239 726 talibus,
262 689 312 727 qui
336 689 376 717 ita
400 687 540 717 vixerunt
561 690 630 716 ante
655 691 799 722 mortem,
823 691 853 717 ut
876 688 991 725 possint

38 740 82 771 eis
102 739 178 768 haec
206 737 291 767 utilia
313 744 378 766 esse
406 739 474 774 post
496 738 634 765 mortem.
663 735 738 765 Nam
767 735 817 773 qui
848 736 912 765 sine
931 735 991 774 fide

38 791 180 828 operante
198 794 254 825 per
276 784 467 814 dilectionem
489 784 616 822 eiusque
638 783 840 813 Sacramentis
865 784 902 813 dc
925 792 992 814 cor-

38 844 112 876 pore
141 835 295 871 exierunt,
319 833 427 863 trustra
456 832 514 862 illis
538 841 553 862 a
576 832 639 862 suis
668 832 841 862 huiusmodi
871 833 991 870 pietatis

38 884 138 915 officia
166 882 390 921 impenduntur,
412 882 517 917 cuiuS,
540 881 611 910 dum
641 881 691 910 hic
722 885 836 916 essent,
865 881 991 919 pignore

39 935 217 967 caruerunt,
240 939 296 960 non
320 929 559 960 misericordiam
583 929 639 958 sibi
657 928 915 963 thesaurizantes,
938 929 990 959 sed

38 981 129 1011 iram.
144 980 209 1010 Non
226 987 297 1016 ergo
320 978 445 1008 mortuis
462 986 538 1007 nova
560 977 666 1007 merita
682 980 905 1014 comparantur,
921 985 990 1007 cum

38 1037 94 1068 pro
117 1028 160 1058 eis
181 1027 296 1066 aliquid
320 1026 388 1056 boni
405 1029 571 1063 operantur
592 1024 653 1060 sui,
676 1024 728 1053 sed
745 1032 848 1054 eorum
871 1033 991 1062 praece-

39 1076 179 1106 dentibus
201 1073 416 1112 consequentia
439 1073 494 1102 ista
518 1072 694 1102 redduntur.
712 1072 787 1101 Nam
812 1072 897 1101 istam
914 1073 991 1110 quis-

39 1133 98 1164 que
121 1124 226 1153 finiens
247 1123 354 1157 vitam,
377 1121 433 1151 nisi
457 1121 537 1160 quod
562 1121 590 1150 in
614 1128 648 1150 ea
672 1120 831 1155 meruerit,
861 1129 919 1149 non
943 1129 992 1158 po-

40 1173 107 1203 terit
128 1172 241 1202 habere
269 1173 336 1209 post
358 1178 423 1200 eam
441 1182 468 1199 ».
491 1186 532 1191 -
555 1169 651 1204 Ecce,
676 1168 788 1206 quibus
814 1171 842 1198 et
864 1169 992 1207 qualiter

38 1221 155 1260 prosint
177 1220 227 1250 illa
242 1227 320 1258 quae
342 1227 397 1257 pro
413 1217 561 1247 defunctis
585 1217 751 1255 frequentat
765 1216 917 1246 Ecclesia:
936 1225 993 1246 me-

39 1269 183 1299 diocriter
203 1268 295 1297 malis
325 1267 527 1304 suffragantur
549 1266 586 1296 ad
612 1273 728 1304 poeuac
756 1265 992 1304 mitigationcni;

39 1316 231 1348 mediocriter
247 1315 333 1345 taonis
349 1315 385 1345 ad
409 1315 528 1353 plenam
545 1314 779 1349 absolutionem,
802 1314 852 1352 qui
870 1322 927 1343 uon
945 1314 993 1344 ha-

42 1367 110 1397 beut
132 1370 230 1396 tantae
246 1364 439 1404 perfectionis
462 1364 582 1398 merita,
599 1366 630 1392 ut
647 1371 704 1392 non
722 1363 874 1400 indigeant
897 1364 992 1393 iuvari

39 1423 94 1454 per
107 1422 268 1454 pauperes,
290 1421 422 1452 quorum
445 1416 486 1441 esc
507 1420 636 1450 requam
652 1410 822 1445 caelorum,
845 1419 921 1448 quos
936 1411 993 1440 sibi

38 1462 170 1492 fecerunt
187 1460 299 1491 amieos
315 1460 350 1489 cle
364 1468 542 1489 mammona
558 1457 751 1498 im'qucimte's,-
767 1466 896 1496 quorum
914 1462 993 1488 tanta

0 1530 5 1532 >
40 1515 84 1541 est
105 1510 266 1549 perfectio,
289 1513 321 1538 nt
351 1509 397 1538 his
420 1507 578 1538 adiutoriis
607 1515 665 1536 non
693 1506 864 1544 indigeant,
890 1506 994 1545 quales

0 2056 28 2073 HS-

41 1563 109 1589 sunt
131 1558 263 1596 Apostoli
292 1561 319 1588 et
343 1558 498 1596 Martyres.
528 1557 566 1586 Ut
588 1557 666 1586 enim
700 1556 739 1585 ait
764 1555 947 1594 Augustinus
964 1555 993 1585 ¹:

45 1608 183 1638 «Iniuria
205 1610 249 1637 est
264 1615 320 1645 pro
342 1606 473 1644 Martyre
496 1613 583 1635 orare
607 1605 634 1634 ιιι
658 1604 809 1640 Ecclesia,
831 1604 918 1633 cuius
942 1612 994 1633 nos

40 1656 185 1686 debemus
207 1654 393 1685 orationibus
416 1653 640 1690 commendari3
662 1661 717 1691 pro
741 1652 807 1681 aliis
823 1655 923 1681 autem
947 1652 995 1681 de-

40 1704 149 1735 functis
171 1707 312 1733 oratur».
916 1706 925 1710 Χ

446 1798 514 1828 ΟΑΡ.
536 1798 581 1827 III.

328 1897 370 1925 Dc
393 1894 498 1935 officiis
520 1894 702 1934 sepulturae.

120 1995 162 2024 De
184 1993 304 2032 pompis
320 2000 391 2022 vero
407 1991 620 2030 exsequiarum
638 1990 715 2020 idem
732 1990 915 2028 Augustinus
927 1989 936 2004 ²
955 1990 994 2019 ita

42 2042 126 2072 dicu:
145 2054 156 2067 «
170 2042 282 2080 Pompa
299 2040 424 2077 funeris,
439 2041 558 2078 agmina
574 2039 803 2078 exsequiarum,
819 2042 996 2077 sumptuosa

41 2091 193 2129 diligentia
217 2089 392 2128 sepulturae
414 2089 551 2118 vivorum
575 2091 645 2118 sunt
666 2088 902 2126 qualiacumque
922 2087 996 2117 sola-

42 2140 98 2175 tia,
120 2147 177 2169 nou
193 2138 342 2169 adiutoria
359 2141 556 2167 mortuorum.
580 2136 609 2167 Si
626 2136 739 2175 aliquid
763 2136 887 2174 prodest
903 2135 994 2173 impio

41 2188 196 2227 sepultura
216 2188 366 2226 pretiosa,
389 2186 486 2216 oberit
507 2186 557 2224 pio
587 2185 655 2215 vilis
678 2185 725 2215 vel
749 2184 839 2215 nulla.
863 2184 996 2214 Praecla-

40 2245 90 2268 ras
112 2236 272 2275 exsequias
288 2236 317 2264 ιιι
340 2237 505 2273 conspectu
526 2234 683 2263 hominum
706 2236 874 2271 purpurato
898 2232 938 2261 illi
955 2231 996 2261 di-

42 2285 92 2315 viti
116 2284 254 2315 exhibuit
277 2283 364 2313 turba
388 2282 584 2318 famulorum,
607 2282 660 2312 sed
683 2282 777 2311 multo
800 2281 943 2311 clariores
966 2281 993 2310 in

41 2337 204 2372 conspectu
226 2332 344 2362 Domini
362 2331 499 2361 ulceroso
522 2331 564 2360 illi
581 2331 708 2369 pauperi
732 2330 930 2359 ministerium
945 2337 995 2358 cx-

41 2381 138 2411 hibuit
159 2381 357 2418 Angelorum,
380 2379 431 2418 qui
455 2387 523 2409 eum
546 2379 719 2409 extulerunt
735 2387 793 2408 non
817 2378 845 2407 in
869 2386 994 2407 marmo-

41 2438 125 2461 reum
156 2429 321 2464 tumulum,
344 2428 398 2458 sed
428 2428 456 2458 in
478 2428 619 2457 Abrahae
641 2427 789 2465 gremium
806 2439 832 2455 u.
862 2426 932 2456 «Sit
956 2429 996 2455 ta-

41 2486 109 2509 men
131 2486 204 2508 cura
227 2481 361 2507 mortuos
384 2476 548 2515 sepeliendi
573 2479 602 2506 et
624 2475 763 2514 sepulcra
786 2474 994 2509 construendi,

42 2527 112 2566 quia
134 2527 210 2556 haec
234 2526 261 2555 in
281 2525 446 2563 Scripturis
468 2525 580 2555 sanctis
596 2525 673 2554 inter
695 2524 772 2554 bona
789 2532 882 2562 opera
905 2523 996 2561 depu-

42 2577 102 2606 tata
123 2577 205 2610 sunt,
229 2582 284 2603 nec
306 2573 401 2603 solum
417 2573 446 2602 in
469 2572 651 2611 corporibus
667 2572 909 2602 Patriarcharum
926 2571 996 2601 alio-

43 2631 171 2661 rumque
186 2622 381 2658 Sanctorum,
404 2622 455 2652 sed
473 2622 562 2651 etiam
576 2622 604 2651 in
621 2621 717 2659 ipsius
733 2620 850 2650 Domini
867 2628 996 2658 corpore

43 2671 94 2710 qui
115 2671 170 2701 ista
187 2671 322 2700 fecerunt
344 2669 457 2700 laudati
474 2673 551 2699 sunt.
575 2669 722 2707 Impleant
738 2669 828 2706 igitur
850 2668 925 2697 haec
943 2668 997 2697 ho-

42 2719 137 2749 mines
153 2727 223 2756 erga
245 2727 316 2748 suos
332 2717 431 2748 officia
452 2718 597 2756 postremi
615 2717 748 2747 muneris
764 2720 792 2746 et
811 2716 856 2746 sui
871 2716 994 2745 humani

43 2766 200 2797 lenimenta
225 2766 380 2796 moeroris
405 2766 518 2796 Verum
541 2765 590 2795 illa
607 2773 686 2803 quae
705 2765 849 2794 adiuvant
870 2764 995 2802 spiritus

16 2849 19 2850 ⁷
44 2815 250 2845 detunctorum
261 2839 268 2852 ,
290 2814 406 2844 scilicet
421 2814 605 2850 oblationes,
621 2814 773 2843 orationes
788 2813 880 2842 multo
897 2812 996 2841 obscr-

45 2863 162 2894 vantius
184 2867 348 2902 procurent
362 2875 389 2891 n.

46 3088 130 3116 bimus
147 3097 194 3122 pro
213 3089 369 3116 astabimus.
390 3091 448 3123 Seq.
463 3090 535 3115 locus
554 3094 592 3115 cst
605 3090 733 3122 eiusdem,
749 3090 833 3114 Scrm.
850 3089 908 3114 172.
923 3089 996 3119 (alias

45 3134 96 3166 32.)
120 3134 153 3160 de
178 3134 271 3160 Verbis
296 3135 425 3166 Apostoli,
444 3141 465 3159 c.
492 3135 515 3159 2.
545 3141 569 3158 n.
591 3135 614 3165 2,
635 3133 745 3158 habetur
764 3134 841 3158 etiam
861 3133 886 3157 in
906 3132 994 3157 Glossa

46 3178 115 3210 apud
134 3178 276 3210 Lyranum,
294 3179 310 3203 1.
331 3179 422 3204 Thess.
446 3178 474 3209 4,
496 3179 536 3204 13.
557 3178 655 3203 lbidem
675 3178 849 3209 respiciuntur
862 3176 915 3201 Gal.
930 3176 954 3207 5,
969 3176 993 3207 6,

45 3224 69 3247 et
81 3222 153 3248 Rom.
168 3223 192 3254 2,
205 3221 229 3247 5.

115 3265 123 3281 ¹
143 3266 225 3291 Serm.
246 3266 304 3291 ¹159.
324 3265 397 3298 (alias
426 3266 478 3298 17.)
498 3265 530 3290 de
556 3265 650 3291 Verbis
675 3264 805 3296 Apostoli,
828 3271 850 3289 c.
886 3264 905 3288 1.
927 3270 949 3288 n.
973 3264 994 3288 1.

45 3308 122 3335 Paulo
139 3311 260 3342 superius
278 3311 450 3342 respiciuntur
470 3311 556 3335 Matth.
578 3310 611 3341 5,
633 3310 662 3340 3;
683 3309 744 3334 Luc.
771 3309 813 3340 16,
835 3308 858 3332 9.

114 3353 125 3369 2
143 3353 180 3378 De
198 3352 264 3379 Cura
284 3353 398 3385 gerenda
418 3360 465 3385 pro
487 3354 608 3385 mortuis,
631 3359 652 3377 c.
673 3353 696 3377 2.
711 3359 736 3377 ιι.
754 3351 780 3383 43
797 3352 842 3376 cfr.
858 3351 873 3376 1,
895 3351 927 3375 dc
940 3350 994 3376 Civ.

46 3394 104 3428 Dei,
124 3402 145 3421 c.
166 3397 206 3421 12.
227 3403 251 3421 ιι.
273 3398 296 3422 1.
316 3397 460 3429 Respicitur
480 3397 540 3421 Luc.
563 3397 608 3428 16,
630 3396 671 3420 22.
692 3403 764 3428 seqq.
785 3395 844 3426 Seq.
867 3394 940 3419 locus
959 3396 997 3419 est

188 3448 216 3475 S.
235 3449 335 3475 Bonav.
356 3463 390 3468 —
410 3449 485 3474 Tom.
504 3449 545 3474 lV.

1943 263 2005 295 937

1462 350 1530 380 CAP.
1553 350 1600 381 IV.

1073 448 1115 478 De
1137 447 1253 478 dnobus
1274 456 1366 487 aeque
1390 447 1493 482 bottis,
1515 456 1647 487 quorum
1670 447 1747 477 alter
1767 452 1833 486 post
1854 452 1983 478 mortem

1349 495 1445 534 plura
1467 494 1553 525 habet
1574 495 1703 525 cimilia..

1136 591 1216 621 Solct
1239 592 1352 621 moveri
1376 592 1512 630 quaestio
1533 591 1571 621 dc
1593 591 1728 627 duobus,
1751 600 1810 622 uno
1832 592 1940 629 divite,
1963 592 2004 622 al-
2020 603 2128 630 Quaestio.

1055 644 1118 669 tero
1141 648 1291 678 paupere,
1308 640 1438 678 pariter,
1453 639 1505 669 sed
1527 639 1720 669 mediocriter
1736 638 1834 674 honis,
1850 641 1901 679 qui
1924 649 2008 679 prae-

1055 688 1143 718 dictis
1166 688 1315 725 suffragiis
1339 688 1471 725 indigent
1485 692 1513 718 et
1529 691 1703 718 meruerunt
1719 689 1832 726 pariter
1846 692 1914 727 post
1928 697 2005 719 mor-

1056 740 1113 766 tem
1137 737 1250 772 iuvari;
1273 745 1328 775 pro
1351 736 1445 766 altero
1468 745 1553 771 vero,
1570 736 1598 765 id
1622 739 1665 765 est
1689 745 1743 774 pro
1768 736 1876 772 divite,
1893 737 2006 775 specia-

1054 786 1097 815 les
1119 789 1147 815 et
1175 785 1350 815 communes
1374 785 1447 814 [ituit
1468 785 1619 814 orationes
1642 784 1813 823 multaeque
1839 785 2004 824 elcemosy-

1054 841 1161 863 narum
1180 833 1368 870 largitioneS,
1385 841 1439 871 pro
1456 840 1590 871 paupere
1608 841 1677 862 vcro
1694 841 1751 862 non
1768 833 1841 863 fiunt
1856 833 1911 863 nisi
1928 842 2007 863 com—

1055 890 1160 911 munes
1182 881 1341 910 orationes.
1371 881 1531 916 Quaeritur
1562 889 1651 919 ergo,
1674 889 1710 910 an
1741 884 1854 911 tantum
1889 882 2007 912 iuvetur

1054 938 1171 968 pauper
1194 929 1390 967 paucioribus
1412 929 1569 964 subsidiis,
1588 933 1733 967 quantum
1749 929 1834 964 dives
1856 930 2007 968 ampliori-

1054 978 1119 1008 bus.
1142 977 1172 1008 Si
1195 986 1253 1007 non
1275 978 1388 1016 pariter
1402 978 1531 1013 iuvatur,
1554 986 1610 1007 uon
1634 978 1659 1007 ci
1682 978 1818 1008 redditur
1840 978 2006 1008 secundum

1055 1027 1176 1062 merita,
1199 1026 1331 1056 ιιιοιίιιι3
1354 1026 1433 1056 enim
1450 1026 1562 1064 pariter
1586 1026 1696 1063 iuvari,
1719 1027 1789 1064 quia
1807 1027 1920 1065 pariter
1936 1027 2006 1057 boni

1054 1075 1247 1110 exstiterunt;
1264 1074 1288 1103 si
1305 1082 1375 1103 vcro
1399 1077 1512 1103 tautum
1535 1074 1666 1112 suffragii
1690 1075 1894 1113 consequitur,
1917 1083 2008 1113 quan-

1056 1126 1118 1153 tum
1139 1123 1239 1158 dives;
1262 1122 1333 1161 quid
1358 1122 1549 1152 contulerunt
1571 1122 1655 1151 diviti
1680 1122 1729 1152 illa
1756 1123 1928 1160 specialiter
1950 1132 2005 1161 pro

1055 1180 1090 1202 eo
1112 1172 1213 1202 facta?
1236 1188 1276 1193 —-
1301 1171 1378 1201 Sane
1400 1171 1459 1201 dici
1483 1174 1596 1209 potest,
1624 1179 1680 1200 non
1703 1171 1730 1200 ei
1760 1172 1854 1209 magis
1878 1172 2006 1202 valuisse
2021 1178 2123 1205 ssew-1.

1055 1219 1206 1256 generalia
1223 1224 1251 1249 et
1266 1219 1427 1257 specialia,
1449 1227 1538 1257 quam
1556 1219 1681 1257 pauperi
1701 1219 1764 1249 sola
1786 1220 1937 1256 generalia
1953 1221 2009 1250 suf-

1056 1268 1158 1305 fragia.
1181 1269 1217 1297 Et
1240 1272 1337 1298 tamen
1366 1268 1541 1306 prosuerunt
1565 1267 1651 1297 diviti
1677 1268 1834 1306 specialia,
1866 1276 1924 1297 non
1946 1269 2010 1306 qui-

1056 1316 1124 1346 dem
1141 1316 1177 1345 ad
1195 1316 1276 1346 aliud
1299 1316 1345 1346 vel
1362 1316 1459 1346 maius
1481 1315 1608 1353 aliquid,
1624 1315 1677 1345 sed
1700 1316 1736 1345 ad
1756 1316 1849 1351 idem,
1873 1316 1910 1346 ad
1925 1317 2006 1355 quod

1056 1364 1223 1402 generalia,
1245 1368 1277 1394 ut
1300 1372 1337 1394 ex
1359 1364 1497 1402 pluribus
1519 1367 1547 1393 et
1569 1364 1696 1393 diversis
1713 1364 1812 1393 causis
1836 1373 1928 1394 unum
1944 1373 2009 1403 per-

1057 1413 1209 1451 ciperetur
1224 1413 1467 1443 emolumentum.
1480 1430 1520 1435 —
1534 1414 1632 1443 Potest
1649 1416 1747 1442 tamen
1764 1413 1823 1442 dici
1845 1413 1941 1448 aliter,
1957 1413 2005 1442 illa
2023 1423 2087 1449 nesp.
2102 1424 2122 1444 2.

1057 1461 1143 1499 plura
1160 1461 1295 1491 subsidia
1310 1461 1472 1491 contulisse
1488 1461 1572 1491 diviti
1589 1460 1762 1490 celeriorem
1779 1461 2007 1498 absolutionem,

1058 1518 1115 1539 non
1136 1509 1314 1549 pleniorem.
1363 1501 1367 1513 s

1470 1606 1538 1636 CAr.
1562 1606 1594 1635 V.

1140 1700 1253 1738 Quibus
1274 1701 1431 1741 szcsfi‘ctyc‘z‘s
1453 1701 1643 1732 ἰἰιυαύιιιιίιιν
1666 1701 1698 1732 ln
1718 1703 1779 1741 fine
1800 1702 1922 1741 reperii.

1138 1797 1195 1828 Sed
1219 1798 1326 1828 iterum
1350 1798 1506 1836 quaeritur
1520 1797 1558 1827 de
1580 1797 1681 1836 aliquo
1698 1797 1891 1828 mediocriter
1913 1798 2008 1834 bono⁷
2024 1809 2133 1836 Quaestio.

1058 1846 1126 1884 qui,
1149 1846 1258 1876 talibus
1274 1846 1409 1883 indigens
1431 1846 1593 1884 suffragiis,
1612 1846 1639 1875 in
1660 1847 1725 1884 ipso
1742 1846 2009 1876 consummationis

1057 1894 1170 1924 sacculi
1195 1894 1321 1924 articulo
1344 1902 1412 1924 eum
1436 1893 1583 1932 reliquis4
1605 1893 1759 1931 migrabit,
1782 1894 1805 1923 si
1829 1894 1930 1924 salvus
1953 1894 2011 1924 fue-

1058 1942 1104 1972 rit.
1127 1943 1182 1972 Pro
1205 1950 1239 1972 eo
1263 1950 1320 1971 non
1343 1942 1466 1971 offertur
1488 1941 1614 1972 ulterius
1635 1942 1817 1971 sacrificium
1845 1942 1891 1971 vel
1913 1942 2008 1972 oratio

1058 1991 1104 2020 vel
1121 1991 1324 2029 eleemosyna,
1342 1998 1395 2020 uec
1413 1990 1543 2020 habebat
1560 1993 1658 2020 tantae
1673 1991 1867 2028 perfectiouis
1887 1991 2010 2028 merita,
2027 2003 2119 2023 nubium
2136 2003 2156 2023 ο.

1058 2047 1135 2078 quae
1158 2039 1205 2068 his
1227 2039 1375 2077 suffragiis
1396 2047 1454 2068 nou
1477 2042 1607 2076 egerent.
1630 2038 1773 2077 Nunquid
1790 2047 1860 2076 ergo
1883 2039 2011 2070 salvabi-

1059 2087 1128 2116 tur?
1142 2103 1182 2108 ——
1207 2086 1367 2122 Existimo,
1384 2094 1466 2122 eum,
1482 2085 1572 2126 qzcasz'
1589 2095 1644 2125 per
1666 2086 1767 2125 {quem
1790 2091 2009 2122 transeuntem,
2025 2099 2089 2125 nesp.

1058 2134 1168 2164 salvari
1192 2134 1305 2163 meritis
1328 2138 1356 2163 et
1383 2133 1649 2163 intercessionibus
1676 2134 1815 2164 caelestis
1837 2135 2011 2172 Ecclesiae,

1058 2191 1137 2222 quae
1159 2191 1213 2221 pro
1244 2182 1381 2212 fidelibus
1403 2190 1522 2220 semper
1553 2182 1710 2212 intercedit
1740 2186 1808 2212 voto
1839 2187 1867 2212 et
1888 2184 2010 2219 merito,

1058 2232 1153 2262 donec
1176 2231 1339 2270 implectur
1364 2230 1510 2260 Christus.

1464 2328 1532 2358 CAP.
1556 2328 1603 2359 Vt.

1105 2424 1258 2462 Quomodo
1281 2424 1385 2455 Scmeci
1405 2430 1430 2455 cc
1450 2425 1615 2465 ,oleo-illecti
1633 2425 1682 2455 vel
1701 2425 1816 2464 Anqelc'
1836 2424 1968 2455 audium

1151 2483 1250 2513 preces
1271 2473 1513 2513 supplicantium
1535 2478 1560 2503 ec
1582 2473 1772 2504 intercedunt
1789 2484 1848 2514 pro
1871 2473 1921 2504 eis.

1139 2570 1195 2600 Sed
1219 2570 1292 2600 forte
1315 2570 1456 2609 quaeris:
1486 2570 1620 2609 nunquid
1642 2578 1749 2608 preces
1771 2570 2008 2609 supplicantium
2023 2581 2131 2607 Quaestio.

1059 2620 1158 2650 Sancti
1177 2619 1315 2655 audiunt,
1331 2623 1360 2649 et
1382 2622 1449 2648 vota
1466 2619 1680 2657 postulantium
1701 2619 1729 2648 in
1745 2627 1850 2648 eorum
1873 2619 2009 2649 notitiam

1059 2667 1257 2707 perveniunt?
1271 2684 1312 2689 -—
1325 2667 1389 2697 Non
1412 2671 1457 2697 est
1472 2667 1662 2702 incredibile,
1680 2667 1794 2697 animas
1816 2667 2009 2703 Sanctorum,
2025 2678 2089 2704 aesp.

1059 2724 1137 2755 quae
1159 2716 1188 2745 in
1203 2714 1376 2745 abscondito
1398 2715 1488 2755 faciei
1502 2715 1559 2745 Der?
1569 2715 1579 2730 ⁵
1595 2715 1657 2745 veri
1674 2715 1795 2745 luminis
1811 2715 2009 2746 illustratione

1059 2763 1215 2799 laetantur,
1239 2763 1268 2792 in
1285 2763 1380 2801 ipsius
1401 2762 1653 2801 contemplatione
1670 2770 1704 2792 ea
1726 2770 1804 2801 quae
1825 2762 1896 2792 foris
1918 2771 2010 2801 agun-

1059 2814 1117 2847 tur,
1140 2810 1320 2847 intelligere,
1342 2813 1487 2848 quantum
1511 2810 1556 2839 vel
1580 2809 1637 2839 illis
1659 2809 1696 2840 ad
1718 2810 1876 2848 gaudium,
1901 2810 1946 2840 vel
1963 2819 2011 2840 no-

1060 2859 1105 2889 bis
1133 2859 1170 2889 ad
1196 2859 1341 2888 auxilium
1368 2859 1507 2897 pertinet.
1534 2859 1617 2888 Sicut
1646 2859 1725 2888 enim
1758 2859 1891 2897 Angelis,
1915 2859 1955 2888 ita
1983 2863 2012 2889 et

1060 3088 1141 3112 Serm.
1162 3093 1240 3118 supra
1260 3087 1299 3111 cit.
1323 3086 1379 3111 ⁴72.
1400 3093 1421 3110 c.
1443 3087 1466 3111 2.
1487 3092 1510 3110 n.
1532 3085 1560 3117 3,
1581 3085 1625 3110 ubi
1639 3085 1711 3117 cdd,
1727 3089 1832 3117 excepta
1852 3086 1875 3115 1,
1892 3086 2013 3111 omittunt

1059 3130 1123 3156 haec
1142 3132 1200 3155 ante
1219 3129 1351 3161 homines,
1371 3129 1515 3161 refragante
1535 3129 1611 3154 etiam
1630 3129 1757 3160 originali.

1128 3173 1139 3190 ³
1160 3174 1204 3198 Ed.
1226 3174 1234 3198 1
1252 3175 1428 3205 meruerunt,-
1448 3173 1540 3198 deinde
1555 3173 1611 3198 cod.
1626 3172 1644 3197 C
1658 3175 1683 3198 ct
1696 3180 1794 3204 paucae
1808 3172 1867 3197 edd.
1882 3176 1939 3204 post
1953 3179 2012 3199 con-

1059 3217 1180 3251 sequitur
1199 3217 1298 3243 addunt
1316 3224 1427 3250 pauper.

1130 3260 1140 3277 ⁴
1159 3260 1204 3286 Ed.
1226 3262 1234 3285 l
1259 3259 1379 3294 reliquiis
1409 3260 1471 3291 (scil.
1503 3262 1688 3292 pcccatorum).
1716 3260 1813 3285 Deinde
1839 3260 1976 3291 respicitur
1996 3260 2011 3285 l.

1060 3305 1117 3331 Cor.
1138 3305 1167 3337 3,
1190 3305 1234 3336 15,
1255 3308 1294 3335 et,
1314 3308 1341 3330 ut
1359 3305 1478 3336 videtur,
1499 3305 1563 3336 Eph.
1584 3305 1611 3337 3,
1634 3305 1674 3330 st9.

1132 3349 1142 3366 ⁵
1161 3350 1304 3380 Respicitur
1324 3349 1362 3374 es.
1383 3349 1430 3381 30,
1453 3349 1499 3379 21;
1521 3348 1614 3374 deinde
1634 3349 1695 3374 Phil.
1717 3349 1745 3380 4,
1766 3349 1797 3381 6,
1813 3353 1837 3374 et
1851 3348 1916 3374 Tob.
1932 3349 1955 3381 3,
1970 3348 2011 3374 24.

1060 3393 1151 3425 Quoad
1171 3400 1225 3418 rem
1245 3393 1290 3418 cfr.
1310 3393 1399 3425 Hugo,
1420 3393 1445 3418 11,
1467 3393 1498 3418 de
1518 3394 1631 3418 Sacram.
1652 3400 1677 3424 p.
1698 3393 1764 3418 XVl.
1785 3400 1807 3419 c.
1830 3394 1869 3418 41·

1824 3445 1869 3470 118
