2483 3882
0 562 14 577 ,ο
24 555 44 576 2.

653 241 746 272 DIST.
772 241 832 273 XX.
857 241 887 272 P.
911 240 945 272 11.
969 240 1051 272 ΛΒΤ.
1077 240 1207 273 UNICUS
1231 241 1384 282 QUAEST.
1408 241 1428 272 l.

58 340 183 365 sonam.
208 330 312 362 Posset
336 332 440 361 tamen
471 328 658 361 commutari
691 329 722 360 in
754 337 886 370 poenam
913 328 1009 360 inter-

58 394 158 422 nam,
181 383 255 424 quia
278 382 413 424 gemitus
437 381 542 413 cordis
566 381 638 422 plus
662 381 843 422 frequenter
860 381 1005 413 medetur

59 440 89 470 et
111 434 259 477 reparat¹
284 434 420 466 animam
446 442 540 475 quam
566 433 758 465 diuturnitas
782 442 900 475 poenae
924 437 1008 466 exte-

58 489 159 523 rioris.
175 506 219 512 ——
234 487 263 519 Si
288 490 393 519 autem
426 486 594 528 loquamur
618 486 657 518 de
689 495 805 527 poena,
831 486 1006 518 secundum

59 542 141 585 quod
158 540 251 573 habet
266 540 420 571 rationem
433 538 536 580 pretii
540 551 551 576 ,·
567 539 626 571 hoc
645 538 737 570 modo
754 539 1007 578 concedendum,

59 594 141 638 quod
172 596 273 635 potest
296 592 501 630 commutari,
526 591 600 633 quia
624 594 725 632 potest
749 600 832 623 unus
865 600 922 632 pro
946 591 1008 623 alio

0 661 47 682 ium.
59 647 178 681 solvere
202 653 343 687 poenam.
360 663 404 667 ——
420 644 479 676 Sed
496 644 573 676 haec
595 644 798 676 commutatio
822 644 915 676 debet
939 644 1006 676 fieri

58 698 253 733 auctoritate
283 697 484 735 sacerdotis,
509 696 600 729 cuius
628 700 675 729 est
700 696 750 729 bic
774 697 838 729 duo
869 697 1009 729 conside—

57 760 145 790 rare,
169 750 286 783 scilicet
314 750 451 782 debitam
475 749 506 781 in
532 749 667 782 subditis
699 749 943 791 dispositionem
978 753 1008 781 et

6 817 46 839 ‹fis-
59 803 192 838 debitam
213 802 459 844 proportionem
477 802 508 834 10
530 811 641 843 poena.
660 802 802 834 Debitam
825 802 1008 843 ctis-positio-

0 850 15 865 ''
58 866 127 890 nem
152 865 242 894 v0c0,
266 856 351 897 quod
376 855 407 887 in
439 865 503 887 uno
535 857 575 887 sit
597 855 796 898 sufficientia
828 859 859 887 et
883 854 913 887 in
946 855 1008 887 alio

58 908 237 951 iizdzyentia
251 908 274 946 ²,
298 912 329 940 et
352 908 384 940 in
407 911 543 950 utroque
567 908 607 940 sit
631 907 779 946 caritas,
810 917 891 949 quae
915 908 1008 940 faciat

57 964 136 996 bona
159 961 355 999 communia3
380 961 405 993 si
430 969 506 993 vero
529 961 666 993 alterum
684 961 798 992 horum
824 961 918 1000 desit,
943 970 1005 993 non

0 1033 45 1056 pro-
57 1016 91 1049 fit
123 1014 325 1048 commutatio
354 1017 447 1046 recte.
484 1014 626 1046 Debitam
652 1023 727 1046 vero
758 1015 1006 1055 proportionem

56 1077 145 1107 voco,
169 1071 204 1100 ut
220 1067 322 1099 minor
346 1076 446 1108 poena
464 1067 494 1098 in
519 1067 670 1099 maiorem
692 1070 915 1106 commutetur,
933 1068 1007 1109 quia

56 1121 126 1164 plus
150 1120 297 1152 satisfacit
322 1120 384 1152 Deo
400 1129 500 1161 poena
524 1120 653 1161 propria
669 1129 764 1161 quam
790 1120 905 1159 aliena,
927 1121 1008 1153 sicut

56 1173 211 1207 efficacius
235 1173 329 1204 homo
353 1176 494 1205 meretur
512 1172 570 1205 sibi
595 1182 689 1214 quam
709 1172 761 1204 alii
777 1172 797 1204 ³.
825 1173 909 1205 Unde
926 1173 1008 1206 sicut

55 1235 153 1269 poena
187 1229 340 1257 assumta
375 1228 590 1257 commutatur
618 1225 649 1257 in
685 1226 836 1258 maiorem
874 1235 1007 1267 poenam

53 1278 305 1321 purgatoriam,
323 1287 359 1310 eo
376 1278 461 1319 quod
482 1278 583 1310 multo
601 1278 705 1310 minus
726 1281 773 1310 est
790 1278 842 1310 illa
859 1282 1006 1320 accepta,

56 1341 111 1374 pro
134 1341 170 1364 eo
194 1331 279 1373 quod
300 1331 359 1363 ista
383 1334 430 1363 est
447 1331 625 1363 voluntaria
648 1330 854 1372 simpliciter,
879 1331 933 1363 illa
950 1332 1008 1363 mi-

54 1385 140 1417 nime
156 1383 348 1421 voluntaria;
374 1383 518 1416 similiter
533 1383 676 1424 propria
700 1392 800 1425 poena
817 1384 910 1416 debet
927 1393 1008 1416 com-

54 1437 167 1470 mutari
200 1437 232 1468 in
264 1437 414 1468 maiorem
448 1436 593 1468 alienam
621 1437 661 1469 ad
690 1437 764 1474 hoc,
787 1440 822 1469 ut
848 1437 902 1469 flat
926 1446 1007 1469 corn-

55 1490 184 1523 mutatio
208 1493 302 1522 recta.

141 1543 190 1575 Sic
214 1542 310 1584 igitur
333 1542 588 1581 concedendum,
614 1542 695 1574 sicut
725 1543 861 1584 probant
886 1543 1007 1584 primae

55 1596 206 1634 rationes,
231 1595 315 1637 quod
340 1604 440 1637 poena
465 1595 671 1627 satisfactoria
695 1596 882 1628 commutari
906 1600 1007 1637 potest

55 1649 171 1681 ratione
196 1648 324 1680 unitatis
341 1647 493 1687 caritatis,
518 1652 672 1689 quantum
689 1648 729 1680 ad
755 1648 785 1680 id
802 1649 886 1690 quod
912 1649 1007 1682 habet

54 1701 85 1734 in
108 1710 140 1734 se
164 1702 256 1743 pretii
281 1701 437 1739 solvendi,
462 1701 517 1733 sed
543 1710 603 1733 non
627 1705 781 1743 quantum
799 1702 839 1734 ad
863 1702 895 1734 id
921 1703 1006 1744 quod

54 1755 147 1787 habet
170 1755 201 1786 in
225 1763 258 1786 se
283 1754 512 1786 medicamenti.

144 1809 171 1839 1.
189 1809 218 1840 9..
235 1807 278 1839 Ad
297 1807 375 1839 illud
401 1817 476 1848 ergo
499 1807 584 1849 quod
609 1807 765 1846 obiicitur,
783 1808 867 1849 quod
885 1808 1005 1840 unicui-

0 1874 41 1916 Πξη»
54 1870 113 1903 que
136 1861 288 1893 reddetur
305 1861 479 1893 secundum
504 1867 601 1902 opera
625 1870 699 1898 sua3
718 1860 902 1899 dicendum,
919 1861 1005 1902 quod

0 2502 42 2523 ol.

54 1913 164 1946 caritas
180 1922 276 1955 opera
296 1913 407 1945 aliena
427 1913 500 1946 facit
520 1922 601 1951 sua,
622 1913 761 1945 maxime
781 1913 908 1955 quando
930 1913 1007 1945 cari-

54 1970 100 1999 tas
123 1966 254 1999 alterius
277 1966 455 1999 voluntarie
478 1967 562 2008 quod
592 1975 685 1998 suum
711 1969 758 1999 est
781 1966 871 1999 alteri
900 1967 1005 1998 donat.

139 2020 170 2052 3.
194 2020 237 2052 Ad
262 2020 340 2051 illud
358 2020 442 2061 quod
460 2020 607 2052 obiicitur
630 2020 669 2051 de
690 2020 845 2057 remedio,
868 2020 930 2052 iam
955 2030 1008 2062 pa-

35 2076 96 2106 -tet
123 2073 304 2115 responsio:
330 2073 478 2114 quoniam
503 2076 797 2114 quantumcumque
821 2073 935 2114 aliquis
957 2082 1006 2105 su-

55 2135 110 2168 pra
134 2135 166 2159 se
190 2135 322 2168 poenam
347 2126 477 2167 recipiat
501 2126 646 2165 alterius,
667 2129 771 2158 tamen
795 2126 848 2159 ille
872 2136 933 2158 non
959 2130 1006 2159 est

54 2179 177 2211 omnino
213 2179 365 2211 liberatus
399 2188 417 2210 a
451 2188 572 2220 poena,
597 2188 763 2220 quousque
798 2184 1005 2212 consumatur

54 2232 168 2273 peccati
186 2232 303 2271 scoria,
328 2241 423 2274 quam
442 2232 599 2264 contraxit
623 2241 663 2265 ex
681 2233 788 2274 culpa,
813 2241 893 2274 quae
911 2233 1004 2264 etiam

55 2294 115 2317 non
138 2289 238 2327 potest
262 2285 361 2317 deleri
392 2285 451 2317 nisi
476 2294 533 2327 per
556 2294 689 2327 poenam
722 2286 929 2324 exteriorem,
954 2286 1005 2318 vel

55 2347 109 2380 per
133 2339 348 2371 contritionem
374 2338 540 2370 internam.

140 2392 170 2423 [1.
195 2391 238 2423 Ad
274 2391 353 2423 illud
389 2391 474 2433 quod
510 2391 671 2430 obiicitur,
704 2391 789 2433 quod
815 2400 875 2423 non
904 2394 1007 2432 potest

56 2445 171 2477 conteri
195 2453 252 2477 nec
283 2445 442 2482 confiteri;
475 2445 663 2483 dicendum,
696 2445 780 2486 quod
805 2454 865 2476 non
898 2448 946 2476 est
970 2445 1007 2476 si-

56 2497 143 2530 mile:
180 2498 253 2539 quia
284 2498 419 2539 prima,
445 2497 562 2530 scilicet
590 2498 742 2530 confessio
778 2501 809 2530 et
844 2497 1006 2536 contritio,

56 2554 127 2582 sunt
150 2551 313 2589 ordinata,
345 2554 380 2583 ut
416 2551 612 2592 ingrediatur
644 2551 797 2583 unitatem
822 2550 1008 2582 ecclesiasti·

58 2611 140 2642 cam,
164 2612 220 2645 per
245 2613 340 2645 quam
358 2603 408 2642 fit,
433 2607 469 2635 ut
486 2603 567 2635 bona
590 2603 686 2635 unius
703 2603 765 2635 sint
789 2603 934 2642 alterius,
954 2612 1006 2634 sa-

1959 240 2018 273 531

1074 327 1219 371 tisfactio
1244 338 1319 361 vero
1342 332 1511 371 utramque
1528 328 1749 370 consequitur;
1773 332 1803 361 et
1819 329 1893 371 quia
1916 329 2026 361 funda-

1074 385 1215 413 mentum
1240 381 1331 414 istius
1354 381 1645 414 communicationis
1668 385 1715 414 est
1739 381 1769 414 in
1794 382 1935 414 caritate:
1954 382 2024 414 ideo

1074 443 1134 465 non
1159 437 1206 466 est
1229 434 1340 466 simile.
1357 453 1400 457 ——
1417 434 1481 465 Alia
1505 434 1584 466 ratio
1616 437 1679 473 est,
1711 434 1784 476 quia
1810 435 1839 466 in
1871 437 2023 476 potestate
2038 444 2100 466 natio
2114 445 2135 466 2.

1073 487 1242 519 cuiuslibet
1265 491 1312 519 est
1335 487 1493 526 confiteri,
1518 487 1549 519 in
1573 487 1692 519 nuliius
1709 490 1861 529 potestate
1885 490 1931 519 est
1955 496 2025 519 con·

1074 539 1149 577 teri,
1174 539 1231 571 nisi
1256 540 1324 571 eius
1349 540 1402 581 qui
1427 539 1513 572 novit
1536 540 1659 572 occulta
1682 540 1804 578 cordis,
1829 539 1946 572 scilicet
1967 539 2026 581 spi-

1074 591 1153 623 ritus
1184 591 1367 631 hominis⁴3
1392 592 1447 625 sed
1480 602 1609 634 poenam
1640 593 1703 634 pati
1732 596 1779 624 est
1814 593 1845 624 in
1873 595 2025 636 potestate

1074 644 1242 677 cuiuslibet
1267 648 1329 677 tam
1352 654 1412 686 pro
1436 654 1469 677 se
1493 654 1587 686 quam
1619 654 1677 687 pro
1701 645 1772 677 alio.
1796 646 1937 677 Attamen
1963 654 2025 677 non

1073 700 1120 728 est
1144 697 1253 729 inutile
1278 706 1335 729 nec
1359 707 1377 729 a
1401 698 1609 730 satisfactione
1626 698 1782 737 alienum,
1807 699 1832 730 si
1857 699 1905 731 vir
1922 698 2026 731 iustus

1073 752 1200 790 peccata
1224 749 1338 782 defleat
1361 750 1466 782 minus
1491 750 1574 782 iusti.

1163 803 1191 833 5.
1216 802 1259 834 Ad
1284 802 1363 834 iliud
1387 803 1471 844 quod
1496 804 1671 844 quaeritur,
1695 807 1803 836 utrum
1829 804 1932 836 statim
1957 813 2026 836 evo-

1073 854 1115 886 let
1133 854 1184 886 ille
1201 855 1292 887 culus
1308 855 1476 887 satisfactio
1493 860 1720 895 commutatur;
1738 857 1923 895 dicendum,
1940 857 2025 899 quod

1073 916 1152 938 non:
1178 911 1245 939 tum
1263 908 1336 949 quia
1352 912 1488 949 oportet,
1506 909 1588 950 quod
1608 910 1709 941 scoria
1726 910 1842 951 peccati
1859 913 2024 952 purgetur,
2041 918 2171 940 Notandum.

1073 963 1141 991 tum
1166 960 1259 992 etiam
1284 960 1359 1001 quia
1382 961 1490 993 nullus
1521 962 1695 1002 ingreditur
1726 963 1928 1004 paradisum,
1953 972 2028 1005 quo-

1073 1021 1175 1054 usque
1199 1013 1239 1045 sit
1262 1016 1355 1045 extra
1379 1013 1520 1045 debitum
1553 1023 1644 1046 omne
1659 1014 1680 1053 ⁵,
1706 1015 1748 1047 ita
1772 1016 1856 1057 quod
1880 1025 1937 1048 nec
1960 1016 2027 1058 ipse

1073 1065 1113 1097 sit
1136 1065 1274 1105 debitor,
1298 1075 1355 1098 nec
1372 1066 1453 1098 alius
1469 1076 1527 1108 pro
1543 1076 1588 1098 eo.
1614 1067 1653 1099 Si
1667 1078 1744 1109 erpo
1768 1068 1922 1107 obiiciaS,
1940 1070 2025 1111 quod

1073 1120 1148 1150 tunc
1171 1118 1219 1150 bis
1243 1119 1334 1159 punit
1361 1118 1446 1151 Deus
1470 1119 1500 1151 10
1526 1119 1556 1151 id
1582 1120 1704 1161 ipsum,
1729 1121 1916 1160 dicendum,
1941 1122 2026 1163 quod

1072 1171 1187 1203 falsum
1205 1175 1265 1211 est,
1282 1172 1369 1213 quia,
1388 1172 1561 1205 secundum
1580 1173 1664 1214 quod
1682 1173 1725 1205 illi
1744 1174 1877 1206 celerius
1894 1175 2026 1214 faciunt,

1073 1223 1139 1265 ipse
1164 1224 1333 1263 liberatur,
1357 1229 1388 1256 et
1408 1229 1568 1266 computat
1586 1226 1737 1258 Dominus
1761 1227 1791 1258 in
1817 1230 1933 1259 sortem
1957 1237 2028 1269 poe-

1073 1285 1163 1315 nam,
1188 1286 1284 1318 quam
1309 1277 1360 1310 ille
1385 1278 1517 1310 sustinet
1541 1287 1598 1320 pro
1623 1288 1669 1317 se,
1694 1283 1724 1311 et
1741 1289 1836 1321 quam
1861 1280 1913 1312 alii
1938 1281 2028 1313 susti-

1072 1333 1147 1362 nent
1170 1339 1228 1372 pro
1252 1339 1307 1370 eo,
1332 1331 1416 1363 unde
1441 1331 1466 1374 si
1491 1331 1600 1363 debuit
1623 1341 1755 1373 poenam
1781 1333 1918 1365 duorum
1943 1343 2029 1366 men-

1073 1383 1174 1421 sium,
1199 1383 1302 1416 taliter
1326 1384 1441 1426 poterit
1466 1384 1585 1423 iuvari,
1611 1385 1695 1427 quod
1729 1386 1916 1418 liberabitur
1948 1387 2028 1418 infra

1073 1443 1223 1468 mensem.
1240 1436 1407 1478 Nunquam
1426 1441 1529 1469 tamen
1555 1437 1627 1469 inde
1645 1438 1835 1477 extrahitur,
1860 1448 2027 1480 quousque

1073 1488 1215 1521 debitum
1240 1489 1279 1521 sit
1303 1490 1395 1531 plene
1428 1490 1584 1528 solutum3
1617 1500 1679 1532 quo
1704 1491 1823 1529 soluto,
1856 1491 1917 1523 iam
1948 1492 2028 1523 illud

1072 1543 1157 1584 quod
1192 1543 1336 1581 solvitur,
1372 1543 1519 1584 deinceps
1555 1547 1601 1575 est
1638 1543 1735 1584 ipsius
1771 1544 1825 1585 qui
1861 1544 2028 1583 satisfacit3

1072 1596 1181 1628 oratio
1205 1596 1292 1627 enim
1316 1596 1351 1627 in
1375 1595 1453 1627 sina
1476 1605 1536 1627 sao
1561 1597 1764 1628 convertitur
1779 1596 1801 1635 ⁶,
1831 1597 1881 1629 vel
1910 1597 1935 1629 si
1961 1597 2026 1639 ipse

1072 1658 1134 1680 000
1158 1648 1290 1689 indiget,
1315 1648 1510 1680 convertitur
1533 1648 1564 1680 in
1590 1649 1661 1680 sinu
1687 1649 1849 1681 Ecclesiae.

1162 1702 1190 1733 6.
1215 1701 1259 1733 Ad
1283 1701 1363 1733 illud
1392 1701 1477 1742 quod
1501 1701 1659 1740 obiicitur,
1688 1702 1772 1743 quod
1805 1702 1859 1744 qui
1884 1705 2026 1734 meretur

1071 1754 1141 1793 alii,
1167 1758 1197 1786 et
1233 1754 1309 1792 sibi3
1345 1754 1533 1791 dicendum⁷
1570 1754 1654 1795 quod
1690 1764 1752 1786 non
1777 1759 1823 1787 est
1855 1755 1957 1787 simile
1988 1755 2027 1787 de

1071 1815 1166 1848 opere
1198 1806 1368 1838 meritorio
1400 1810 1430 1838 et
1460 1806 1699 1849 satisfactorie.
1733 1807 1820 1849 Opus
1852 1809 1935 1840 enim
1966 1818 2027 1840 mc-

1071 1860 1230 1891 ritoriam
1265 1863 1312 1892 est
1336 1868 1373 1891 ea
1408 1859 1546 1898 ratione,
1570 1869 1633 1901 qua
1668 1863 1780 1892 estex
1817 1860 1922 1893 radice
1954 1861 2031 1893 cari-

1072 1912 1144 1944 tatis
1160 1931 1204 1935 —
1220 1921 1301 1954 quae
1325 1921 1451 1954 semper
1475 1912 1576 1954 placet
1602 1913 1664 1944 Deo
1688 1916 1719 1945 et
1743 1913 1812 1952 ille,
1837 1913 1867 1945 in
1892 1924 1955 1955 quo
1982 1918 2029 1947 est

1071 1965 1125 1997 illa
1160 1965 1412 2006 radix—quae
1447 1974 1556 1997 omnes
1592 1966 1804 1998 communiter
1837 1967 1965 2008 respicit
1999 1971 2029 2000 et

1071 2018 1176 2050 omnia
1211 2018 1391 2050 communia
1419 2018 1513 2057 facit;
1545 2019 1643 2051 ideo⁷
1680 2029 1741 2051 non
1777 2024 1879 2062 potest
1914 2021 2028 2062 aliquis

1071 2072 1187 2104 mereri
1212 2071 1281 2110 alii,
1306 2071 1382 2113 quin
1399 2072 1465 2112 ipse
1489 2072 1611 2113 placeat
1627 2073 1712 2114 apud
1738 2073 1853 2112 Deum,
1879 2074 1953 2116 quia
1971 2074 2029 2107 hoc

1071 2125 1175 2167 ipsum
1201 2125 1265 2157 Deo
1288 2124 1390 2166 placet
1415 2126 1564 2157 maxime.
1578 2144 1621 2149 —-
1637 2126 1725 2167 Opus
1749 2136 1824 2159 vero
1840 2126 2028 2169 satisfacto-
2043 2132 2171 2180 Deetossisssssa‘

1070 2178 1162 2210 riam
1187 2182 1234 2211 est
1257 2178 1377 2211 ratione
1400 2187 1533 2220 poenae,
1558 2182 1588 2210 et
1613 2182 1698 2211 tanta
1722 2189 1823 2221 poena
1847 2180 1940 2212 solvit
1964 2184 2028 2212 tan·
2127 2174 2132 2180 ’

1071 2235 1139 2263 tum
1164 2231 1324 2270 debitum,
1357 2235 1388 2264 et
1423 2231 1522 2263 maior
1547 2232 1649 2264 maius
1682 2232 1838 2271 debitumg
1876 2233 1951 2265 ideov
1970 2242 2027 2274 per

1071 2285 1203 2317 eandem
1229 2293 1361 2325 poenam
1394 2294 1454 2316 non
1480 2288 1582 2326 potest
1609 2285 1680 2326 quis
1712 2284 1743 2316 in
1769 2285 1927 2326 integrum
1963 2286 2027 2318 duo

1072 2338 1177 2370 debita
1201 2337 1345 2375 solvere3
1369 2340 1400 2370 et
1424 2337 1511 2376 ideo,
1533 2338 1557 2369 si
1584 2337 1732 2370 satisfacit
1756 2347 1814 2379 pro
1838 2338 1913 2376 alio,
1931 2347 2026 2379 quan-

1071 2394 1140 2422 tum
1163 2390 1203 2422 ad
1229 2394 1331 2422 totam
1359 2400 1421 2422 000
1446 2390 1595 2423 satisfacit
1619 2400 1677 2432 pro
1702 2399 1749 2429 se;
1782 2394 1812 2422 et
1844 2391 1869 2422 si
1894 2400 1951 2432 pro
1976 2399 2023 2430 se,

1071 2453 1133 2475 000
1164 2453 1222 2485 pro
1247 2443 1326 2482 alio;
1356 2443 1412 2476 sibi
1439 2444 1567 2485 quidem
1601 2447 1741 2475 meretur
1774 2446 1933 2475 aeternam
1963 2444 2025 2485 glo-

1072 2497 1167 2534 riam,
1184 2497 1258 2538 quia
1275 2506 1358 2538 opus
1384 2496 1462 2528 illud
1492 2496 1642 2538 placitum
1668 2500 1715 2528 est
1739 2496 1819 2535 Deo,
1845 2500 1874 2528 et
1898 2495 2028 2538 faciens

1072 2549 1150 2581 illud
1169 2549 1232 2581 Deo
1256 2549 1357 2590 placet
1374 2549 1405 2580 in
1430 2549 1587 2587 faciendo,
1604 2558 1640 2581 ac
1657 2557 1714 2590 per
1732 2549 1789 2581 hoc
1808 2549 1922 2590 dignus
1939 2549 2026 2581 retri-

1072 2602 1200 2634 butione
1224 2611 1243 2633 a
1259 2602 1323 2634 Deo
1345 2602 1512 2634 iudicatur.

2050 1815 2082 1836 De
2093 1821 2162 1846 'opere

2045 1844 2162 1863 meritorio.

125 2951 133 2967 ¹
154 2951 234 2977 Codd.
254 2953 275 2976 R
286 2953 302 2976 S
321 2953 453 2984 meretur,
468 2953 499 2977 ut
511 2953 617 2984 reparet
639 2951 738 2983 (plures
752 2952 792 2977 alii
807 2951 883 2976 codd.
899 2954 923 2976 et
936 2951 977 2976 ed.
994 2952 1003 2976 sl

56 2996 130 3020 etiam
151 2996 245 3021 habent
263 2997 295 3022 ut
311 2997 438 3029 reparet).

124 3039 136 3056 2
154 3040 213 3065 Lev.
235 3041 280 3072 25,
302 3041 349 3065 25:
369 3042 411 3065 Sin
432 3043 577 3066 attenuatus
607 3041 683 3065 frater
702 3043 762 3065 tuus
785 3040 931 3065 vendiderit
950 3047 1007 3071 pos-

56 3083 239 3108 sessiunculam
259 3091 345 3116 suam,
370 3087 395 3108 et
422 3084 532 3108 voluerit
561 3085 726 3115 propinquus
750 3084 818 3115 eius,
841 3083 1007 3115 11010511οᾶ1-

56 3132 126 3152 mere
145 3128 215 3160 quod
234 3128 275 3153 ille
293 3127 455 3153 vendiderat.
477 3141 512 3145 —-
530 3128 567 3152 De
592 3127 703 3153 caritate
722 3128 768 3152 cfr.
790 3129 844 3152 Act.
867 3126 897 3159 4,
920 3127 962 3151 32.
983 3129 1008 3151 et

56 3169 73 3194 1.
92 3169 149 3195 Cor.
170 3172 215 3203 13,
236 3171 259 3196 5.
280 3186 313 3189 —
332 3171 413 3197 Codd.
428 3172 448 3196 R
460 3172 476 3196 S
489 3170 674 3205 insufficientia
687 3170 741 3196 sive
753 3170 906 3203 indicantia.
928 3171 1006 3195 iidem

57 3213 133 3239 codd.
151 3221 210 3239 cum
230 3215 305 3240 codd.
327 3216 347 3240 T
367 3215 404 3240 bb
423 3218 447 3240 et
467 3215 507 3240 ed.
530 3215 539 3239 ’1
564 3215 670 3239 inferius
688 3220 788 3247 poenae
808 3221 856 3245 pro
874 3215 952 3240 recte.

127 3256 137 3273 ³
155 3258 220 3283 Vide
240 3261 301 3283 tom.
321 3259 347 3284 11.
368 3266 428 3290 pag.
449 3259 512 3290 661,
533 3261 591 3283 nota
612 3259 636 3283 6.
656 3258 773 3283 Glossam
796 3257 887 3283 nedae.
909 3272 943 3275 —
962 3258 1006 3282 Su-

56 3301 142 3331 perius
162 3305 219 3333 post
236 3303 267 3328 ut
285 3302 342 3328 cod.
363 3303 381 3327 E
400 3303 477 3334 legit:
496 3301 603 3335 quando
616 3301 731 3327 minor...
746 3302 935 3327 commutatur.
951 3302 1006 3326 Mox

56 3350 104 3375 pro
123 3347 304 3372 commutatur
322 3346 382 3371 edd.
403 3353 540 3377 perperam
560 3346 713 3371 commutat.
728 3345 844 3370 Subinde
864 3345 920 3370 Vat.
934 3346 1007 3370 omit-

57 3388 85 3413 tit
102 3387 270 3422 sz'mpticiter,
292 3389 340 3415 illa
359 3389 468 3415 minime
486 3388 641 3415 voluntaria
660 3389 717 3421 (cfr.
739 3396 819 3420 supra
839 3396 864 3420 p.
878 3389 894 3413 l.
914 3396 939 3421 q.
961 3389 1004 3420 3.).

1144 2949 1154 2966 ⁴
1174 2950 1251 2981 Epist.
1271 2950 1287 2974 l.
1307 2949 1365 2975 Cor.
1386 2950 1414 2979 2,
1437 2949 1445 2973 rl
1459 2950 1483 2973 l:
1502 2949 1565 2980 Quis
1584 2950 1652 2973 enim
1673 2949 1808 2973 1101010010
1828 2949 1874 2974 scit
1888 2956 1955 2981 quae
1968 2952 2029 2974 sunt

1073 2995 1196 3025 hominis,
1212 2995 1259 3019 nisi
1273 2994 1378 3025 spiritus
1391 2993 1515 3023 110011015,
1532 2993 1574 3025 qui
1590 2994 1614 3017 in
1630 2993 1686 3023 ipso
1706 2994 1761 3017 est?
1776 3006 1810 3009 —
1822 2992 1906 3017 Locus
1925 2996 1963 3017 est
1983 2992 2026 3017 ob·
2071 3007 2075 3010 ·

1072 3045 1177 3069 scurus⁷
1192 3039 1286 3069 11111110,
1301 3041 1329 3062 01
1342 3037 1453 3069 videtur,
1468 3040 1613 3068 corruptus.
1629 3036 1737 3061 Videtur
1753 3036 1886 3061 excidiisse
1900 3042 1954 3061 non
1968 3039 2027 3067 post

1071 3082 1141 3115 quia.
1163 3082 1282 3107 Secunda
1308 3088 1401 3106 manus
1420 3082 1444 3105 in
1465 3081 1524 3105 cod.
1544 3080 1579 3105 bb
1600 3081 1743 3112 transponit
1762 3080 1842 3105 verba
1863 3079 1985 3113 confiteri
2002 3084 2027 3106 et

1071 3125 1179 3152 conteri.
1199 3126 1239 3150 Ad
1259 3129 1399 3157 utrumque
1421 3125 1534 3156 supple:
1555 3132 1602 3156 pro
1629 3124 1686 3149 alio.
1701 3138 1735 3142 —
1748 3124 1873 3155 Superius
1892 3130 1940 3155 pro
1959 3130 2027 3150 com-

1070 3168 1274 3200 municationis,
1296 3169 1354 3194 cod.
1375 3168 1393 3193 N
1413 3167 1623 3200 communionis,
1646 3167 1705 3193 edd.
1726 3167 1953 3194 commutationis.

1141 3213 1152 3229 ⁵
1171 3213 1222 3238 Csr.
1244 3213 1328 3238 Matth.
1350 3212 1378 3243 5,
1401 3213 1442 3237 26.
1462 3214 1487 3237 et
1511 3212 1553 3243 18,
1575 3211 1616 3237 34.

1141 3257 1152 3273 ⁶
1171 3257 1262 3281 Psalm.
1283 3256 1329 3288 34,
1351 3257 1398 3281 113:
1419 3255 1505 3281 Oratio
1525 3263 1582 3281 nica
1602 3257 1627 3280 in
1648 3256 1705 3281 sinu
1726 3263 1784 3281 1000
1805 3258 1977 3282 convertetur.
1993 3270 2027 3274 —

1071 3301 1125 3326 Mox
1146 3308 1193 3332 pro
1213 3300 1241 3325 in
1259 3299 1321 3325 sina
1340 3300 1399 3325 edd.
1420 3303 1444 3325 et
1463 3300 1551 3331 plures
1571 3300 1647 3325 codd.
1667 3299 1694 3326 in
1714 3299 1813 3326 sinam.

1140 3343 1151 3360 ⁷
1171 3343 1256 3368 Verba
1276 3342 1335 3375 ille,
1357 3342 1385 3369 in
1404 3350 1455 3376 quo
1475 3344 1513 3369 est
1531 3342 1579 3369 itta
1599 3343 1682 3370 radix
1706 3351 1720 3369 a
1750 3344 1808 3370 Vat.
1837 3345 2027 3370 transferuntur

1070 3389 1120 3413 huc
1139 3390 1198 3419 post
1215 3387 1279 3413 ideo.
