2483 3882
688 248 782 280 DIST.
807 249 934 282 XXXIV.
959 250 1040 282 ART.
1066 250 1098 282 tt.
1124 251 1276 291 QUAEST.
1302 252 1333 283 ΙΙ.

30 336 176 378 septima,
202 335 253 367 ubi
281 335 341 368 tale
358 336 529 377 capitulum
550 336 731 368 inscribitur
748 341 778 369 et
803 336 832 368 in
853 337 975 370 littera¹

28 391 172 434 ponitur:
204 401 218 418 «
235 388 278 420 llli
304 389 357 430 qui
384 389 617 421 matrimonium
644 390 709 421 sani
734 394 974 428 contraxerunt,

27 447 57 477 et
80 443 131 475 uni
156 451 195 474 ex
221 441 346 473 duobus
369 445 423 473 aut
447 442 595 479 amentIa,
629 446 683 473 aut
715 442 821 479 furor,
836 446 900 474 ,aut
923 443 976 474 ali-

27 505 88 539 qua
111 494 275 527 infirmitas
299 494 435 531 accedit,
460 494 499 525 011
524 494 603 525 hanc
628 503 754 526 causam
773 495 917 536 coniugia
936 499 975 526 ta-

28 549 101 582 lium
127 547 203 580 solvi
234 556 294 578 non
328 551 467 588 possunt.
492 547 639 579 Similiter
664 547 901 588 intelligendum
935 548 973 580 de

25 602 73 634 his
104 600 154 642 qui
188 599 227 631 ab
258 599 448 631 adversariis
480 603 707 637 excaecantur,
739 603 794 631 aut
824 600 974 632 membris

25 657 226 691 truncantur,
251 656 305 684 aut
321 661 339 683 a
356 652 499 684 barbaris
524 651 598 683 secti
623 656 738 683 sunt».
759 652 791 682 131
808 651 851 683 510
869 660 974 683 conce-

26 706 161 740 dendum
173 731 180 744 ,
197 705 281 747 quod
298 723 341 728 —
358 705 438 737 sicut
456 705 569 743 sectio,
593 713 673 746 quae
697 704 801 736 reddit
825 704 974 745 impoten-

25 763 85 791 tem
103 758 140 790 ad
160 758 274 790 coitum
289 776 332 780 —
345 757 417 789 facit
434 766 598 798 personam
617 756 821 797 illegitimam,
839 756 862 788 si
879 766 973 798 prae-

25 811 115 845 cedat
146 811 406 848 contractionem,
439 819 499 841 non
530 809 618 847 facit,
644 809 667 841 si
693 812 873 851 sequatur,
898 809 972 850 quia

23 864 254 897 matrimonium
280 872 339 895 non
365 867 466 904 potest
491 863 567 894 solvi
594 862 650 894 nisi
678 871 733 903 per
757 866 887 894 mortem
923 861 971 894 vel

21 916 231 960 spiritualem,
256 915 305 948 vel
330 915 506 953 carnalem;
531 915 614 946 unde
641 915 752 953 Extra,
777 915 815 946 de
840 914 973 946 Conver-

21 971 103 1004 sione
128 969 405 1011 coniugatoruin2‚
440 969 489 1001 Ex
517 972 614 1010 parte
643 972 720 1006 tua,
751 967 804 999 ubi
829 967 904 1000 dicit
927 967 971 998 In-

20 1023 199 1057 nocentius:
231 1035 245 1052 «
265 1023 307 1054 Ex
341 1031 404 1064 quo
436 1021 672 1053 matrimonium
704 1021 785 1053 inter
817 1020 971 1062 legitimas

21 1085 168 1120 personas
186 1085 242 1118 per
261 1075 356 1108 verba
373 1075 411 1107 de
430 1074 585 1116 praesenti
602 1074 816 1112 contrahitur,
835 1073 863 1105 in
877 1073 970 1108 ,nullo

21 1133 118 1173 potest
141 1138 216 1162 casu
241 1128 387 1166 dissolvi,
412 1131 446 1159 ut
471 1128 595 1159 vivente
620 1127 758 1169 reliquo,
777 1126 856 1158 alter
872 1126 970 1167 possit

21 1183 58 1216 ad
83 1182 220 1215 secunda
245 1186 316 1213 vota
340 1181 522 1213 transire».
547 1180 576 1211 Si
602 1180 696 1221 igitur
725 1183 876 1221 sequatur
901 1187 970 1210 con-

19 1236 218 1274 tractionem,
244 1244 304 1267 non
330 1234 478 1276 impedit,
508 1234 531 1266 si
562 1242 636 1265 vero
660 1232 845 1275 praecedat,
875 1232 970 1273 impe-

20 1290 78 1328 dit,
104 1291 127 1321 si
154 1289 192 1321 sit
218 1291 368 1330 perpetua
383 1287 404 1318 ⁸.

104 1341 277 1383 Dupliciter
301 1344 406 1372 autem
431 1340 463 1371 fit
481 1339 670 1371 maleficium
689 1342 895 1381 perpetuum:
914 1340 968 1369 aut

0 1399 159 1438 -respectu
182 1394 288 1426 onmis
309 1393 471 1430 mulieris,
489 1396 519 1425 et
536 1393 579 1425 510
604 1392 708 1424 reddit
733 1391 901 1423 inhabilem
927 1391 966 1423 ad

18 1457 139 1482 omnem
155 1460 162 1485 ;
179 1451 233 1480 aut
251 1451 394 1489 respectu
420 1446 550 1484 uxoris,
568 1449 597 1478 et
615 1446 658 1478 sic
676 1445 779 1478 reddit
797 1444 966 1476 inhabilem

18 1503 56 1536 ad
80 1502 181 1540 illam,
200 1501 254 1533 sed
280 1510 340 1532 non
365 1501 402 1532 ad
429 1508 559 1537 omnes;
577 1502 606 1531 et
625 1502 697 1531 tunc
715 1498 794 1530 tales
818 1497 968 1539 separati

0 1555 188 1596 ›sec-undum
215 1555 284 1587 iura
308 1557 439 1595 possunt
463 1552 533 1584 aliis
554 1552 704 1593 copulari.
722 1551 786 1583 Non
804 1551 847 1583 sic
865 1554 911 1583 est
927 1550 966 1582 de

8 1604 162 1651 ,s'rtgyz'dis
187 1607 277 1649 quia,
302 1607 326 1639 si
352 1606 541 1648 copulantur
565 1605 651 1643 aliis,
674 1605 731 1637 seit
757 1604 908 1642 Ecclesia,
933 1612 966 1635 se

17 1658 81 1695 esse
102 1661 281 1702 deceptam,
299 1664 329 1692 et
347 1660 416 1692 ideo
438 1663 586 1692 retractat
611 1657 744 1691 devortii
770 1657 965 1690 sententiam.

19 1734 57 1753 ὴ-
74 1713 295 1746 Concedendae
309 1713 404 1754 igitur
418 1716 490 1745 sunt
506 1712 640 1744 rationes
658 1711 866 1748 ostendentes,
880 1709 964 1751 quod

16 1766 202 1807 maleficium
229 1769 367 1808 praestat
393 1764 652 1807 impedimentum
679 1762 887 1795 matrimonio.

23 1855 26 1857 ,
42 1850 45 1853 ,
104 1821 129 1851 1.
156 1819 198 1852 Ad
224 1819 299 1851 illud
319 1827 411 1859 ergo,
429 1817 512 1859 quod
531 1816 686 1855 obiicitur,
704 1816 789 1857 quod
807 1815 965 1857 potentius

0 1877 61 1906 ·est
95 1873 149 1905 Dei
186 1872 392 1910 beneficium;
430 1870 616 1909 dicendum,
652 1869 735 1911 quod
773 1878 885 1901 verum
918 1872 965 1901 est

18 1926 116 1968 quoad
141 1925 191 1965 id,
209 1929 317 1957 contra
341 1924 425 1966 quod
450 1921 632 1961 ordinatur,
656 1926 692 1954 ut
717 1921 963 1960 matrimonium,

16 1987 107 2021 quam
139 1978 269 2010 morbus
305 1976 590 2018 concupiscentiae,
628 1975 701 2017 quia
734 1974 864 2006 morbus
902 1983 962 2006 non

16 2032 99 2064 vitiat
129 2031 384 2069 matrimonium,
418 2030 471 2062 sed
498 2029 731 2061 matrimonium
759 2031 891 2060 excusat.
923 2027 964 2058 vi-

15 2085 90 2117 tium
103 2085 122 2116 ⁴.
147 2084 205 2116 Sed
231 2083 465 2115 matrimonium
492 2091 552 2114 non
577 2084 624 2114 est
648 2081 827 2113 ordinatum
854 2081 893 2112 ad
919 2090 963 2112 re-

16 2131 201 2170 stituendam
226 2136 394 2178 potentiam
421 2135 575 2174 coeundi,
608 2140 638 2167 et
670 2134 740 2166 ideo
773 2133 962 2166 maleficium

14 2200 71 2231 non
97 2190 191 2222 vincit
215 2199 270 2222 nec
295 2189 445 2230 expellit.;
471 2197 527 2220 nec
551 2197 590 2220 ex
616 2187 675 2220 hoc
699 2187 860 2229 sequitur,
877 2187 960 2228 quod

15 2244 199 2276 maleficium
226 2243 264 2275 sit
289 2242 455 2284 potentius.

99 2298 127 2329 2.
152 2297 195 2329 Ad
221 2296 299 2328 illud
324 2295 406 2337 quod
426 2294 587 2333 obiicitur,
605 2294 688 2336 quod
715 2293 841 2326 dissolvi
861 2296 962 2335 potest

15 2358 68 2391 per
90 2359 215 2382 causam
241 2353 316 2386 etc.;
341 2348 528 2387 dicendum,
554 2347 638 2389 quod
663 2356 756 2379 omne
786 2346 845 2378 tale
870 2347 963 2379 male-

0 2402 117 2435 xficium
142 2402 268 2435 dissolvi
296 2405 396 2444 potest
420 2410 476 2443 per
502 2401 620 2439 Deum,
646 2400 775 2432 dissolvi
800 2400 894 2432 etiam
912 2409 963 2442 po-

0 2449 73 2488 ·test
95 2465 149 2497 per
174 2455 350 2492 diab01um3
368 2454 421 2487 sed
448 2463 508 2486 non
526 2462 617 2485 omne
635 2453 769 2485 (1155011νί>
790 2456 889 2494 potest
906 2462 962 2494 per

15 2503 217 2548 maleficium,
242 2508 292 2540 vel
316 2507 493 2539 humanum
518 2506 701 2545 consilium,
719 2506 792 2548 quia
817 2505 962 2544 malefici,

15 2561 91 2593 sicut
115 2570 169 2603 per
193 2561 416 2593 consessionem
451 2568 560 2591 eorum
599 2559 715 2596 scitur,
739 2558 844 2600 aliqua
870 2558 962 2590 male-

15 2613 81 2646 ficia
104 2614 204 2646 sciunt
227 2614 346 2652 facere,
372 2622 452 2654 quae
477 2612 553 2654 ipsi,
578 2612 616 2644 ad
648 2611 868 2653 poenitentiam
894 2621 963 2644 0011-

81 2772 89 2788 ¹
109 2772 170 2805 Cap.
191 2773 219 2804 4,
240 2773 284 2798 ubi
305 2773 430 2804 allegatur
450 2773 542 2797 Nicolai
563 2773 647 2803 Papae
667 2771 693 2797 C.
714 2771 748 2796 Ηί
765 2771 963 2805 quintam-imo-

18 2814 89 2842 m'um
109 2817 181 2850 (25).
202 2818 237 2842 De
256 2825 332 2842 sensu
353 2818 426 2842 vocis
444 2817 626 2842 emt-necantur
638 2816 683 2840 ctr.
698 2815 829 2841 Forcelliui
844 2816 961 2840 Lexicon.

80 2860 91 2877 ²
109 2861 176 2886 Libr.
197 2861 232 2886 lll.
252 2862 287 2887 tit.
309 2862 349 2886 32.
370 2868 393 2886 c.
419 2860 456 2885 14.
477 2861 535 2885 Post
555 2859 725 2886 contrahitur
750 2863 831 2885 textus
851 2860 963 2891 origina-

14 2903 42 2929 lis
60 2905 129 2930 addit
146 2905 199 2931 iltis
217 2904 371 2931 uiuentibus.

80 2947 91 2964 ³
108 2949 141 2974 lta
156 2949 213 2974 cod.
229 2950 247 2974 Z
261 2949 379 2981 (supple:
396 2948 564 2981 impotentia);
578 2949 601 2973 in
617 2949 672 2973 aliis
686 2950 710 2973 et
722 2948 959 2981 eddperpetztum,

13 2993 95 3017 minus
115 2993 186 3024 bene,
206 2995 264 3026 quia
287 3001 336 3018 non
357 2993 428 3018 l'acile
448 2994 600 3024 suppletur:
615 2992 778 3017 maleficium.
794 2992 900 3017 luterius
914 2999 961 3023 pro

14 3037 37 3061 ct
49 3037 122 3068 tunc,
144 3037 213 3069 quod
234 3045 283 3062 non
304 3039 378 3069 pauci
399 3037 474 3062 codd.
495 3038 627 3067 omittunt,
648 3037 706 3061 cod.
734 3036 755 3067 Q
776 3036 827 3065 (Ea
848 3036 960 3061 secunda

14 3082 98 3112 manu)
118 3080 200 3112 uncle,
223 3082 263 3106 ed.
288 3082 294 3106 1
313 3088 372 3106 cum
387 3081 514 3106 nonnullis
527 3080 603 3105 codd.
619 3079 831 3113 Chrysoslomus.
846 3079 961 3104 Subinde

14 3129 60 3154 pro
78 3125 206 3157 separati,
227 3126 297 3158 quod
318 3125 442 3157 praebent
462 3125 537 3150 codd.
558 3125 617 3155 FL,
638 3125 678 3149 alii
699 3124 774 3149 codd.
795 3128 819 3149 ct
838 3123 897 3148 edd.
923 3130 962 3148 se-

12 3167 118 3200 parari,
149 3170 302 3200 incongrue,
333 3170 379 3194 uisi
410 3176 469 3194 cum
489 3168 546 3193 cod.
573 3168 578 3191 l
605 3168 630 3199 (a
651 3167 764 3192 secunda
789 3167 878 3198 manu)
904 3169 962 3197 post

11 3213 120 3242 possunt
137 3213 246 3238 addatur
265 3214 295 3238 et.

81 3254 91 3270 ⁴
108 3255 157 3281 Csr.
177 3264 254 3288 supra
275 3257 299 3282 d.
321 3258 361 3282 3t.
382 3264 406 3282 a.
429 3258 452 3281 2.
473 3264 497 3288 q.
523 3257 541 3280 1.
562 3258 587 3280 et
606 3255 669 3280 dub.
690 3255 712 3280 5,

81 3298 91 3315 ⁵
110 3298 191 3326 Codd.
213 3301 232 3325 T
244 3301 263 3325 U
276 3301 298 3326 X
315 3303 427 3334 propter
444 3301 581 3333 peccatum
602 3301 625 3325 et
641 3299 759 3331 propter.
782 3298 829 3323 Pro
848 3297 881 3323 Et
900 3304 961 3331 quo-

13 3340 85 3367 nium
103 3343 178 3368 codd.
197 3344 247 3368 LY
266 3344 337 3370 Num
356 3343 510 3377 aliquando.

81 3385 91 3402 ⁶
110 3386 159 3412 Cir.
179 3395 256 3420 sopra
277 3395 336 3420 pag.
363 3389 405 3420 19,
426 3392 484 3413 nota
504 3388 529 3414 7.

1929 255 1992 288 ‘773

1042 339 1142 377 versi,
1167 348 1226 371 non
1251 343 1382 381 possunt
1418 340 1599 379 destruere,
1626 350 1681 374 nec
1719 342 1861 374 homines
1890 343 1992 375 sciunt

1041 392 1204 424 consilium
1229 392 1397 432 adhibere,
1416 398 1544 435 propter
1570 394 1626 426 hoc
1651 395 1735 436 quod
1754 394 1908 427 industria
1930 395 1993 427 dia-

1040 444 1140 476 uoltca
1176 445 1400 486 superexcellit
1434 446 1614 478 humanam.
1641 447 1674 479 Et
1698 448 1844 489 quoniam
1883 448 1991 480 liuma-

1039 506 1115 529 num
1148 498 1311 530 consilium
1345 499 1465 538 deficit,
1490 504 1520 531 et
1556 499 1639 532 Deus
1664 502 1817 542 propter⁵
1842 501 1989 533 meritum

1039 551 1155 591 peccati
1183 551 1341 591 praeteriti
1367 552 1548 593 frequenter
1573 562 1634 584 non
1659 554 1807 592 exaudit,
1832 557 1862 586 et
1887 554 1991 585 diabo-

1040 602 1089 634 lus
1113 603 1150 634 ad
1179 603 1235 635 hoc
1260 613 1321 635 11011
1339 604 1432 636 debet
1449 605 1605 643 invocari,
1623 614 1678 638 nec
1696 606 1764 638 eius
1782 606 1989 647 patrocinium

1039 654 1218 696 implorari,
1243 656 1315 688 hinc
1347 661 1411 695 est,
1436 657 1519 698 quod
1557 658 1616 690 tale
1650 658 1839 691 maleficium
1873 659 1988 691 dicitur

1037 715 1105 739 esse
1130 711 1328 750 perpetuum.

1125 761 1168 792 Ad
1194 761 1272 793 illud
1297 770 1371 803 ergo
1408 763 1491 804 quod
1517 763 1663 796 obiicitur
1688 764 1727 796 de
1751 763 1861 805 culpa,
1886 765 1987 797 dicen·

1037 813 1131 853 dum,
1156 815 1239 855 quod
1276 823 1338 846 non
1375 824 1499 856 semper
1536 817 1666 848 remotio
1698 826 1816 858 poenae
1847 818 1990 860 sequitur

1036 868 1240 899 remotionem
1267 867 1388 909 culpae.
1404 886 1449 891 —
1467 869 1500 900 Et
1517 869 1660 901 similiter
1678 879 1717 902 ex
1737 874 1824 912 parte
1849 870 1989 903 facientis

1037 919 1135 951 multa
1161 923 1292 961 possunt
1316 920 1454 959 destrui,
1479 930 1559 962 quae
1584 932 1644 953 non
1663 927 1793 964 possunt
1810 923 1988 961 construi⁶;

1035 977 1065 1005 et
1090 973 1233 1005 similiter
1257 982 1297 1005 ex
1325 977 1411 1015 parte
1446 974 1632 1012 exorcismi;
1658 984 1719 1007 non
1744 976 1826 1007 enim
1864 985 1989 1017 semper

1035 1026 1129 1058 habet
1154 1026 1322 1058 efficaciam
1349 1026 1379 1058 in
1403 1026 1622 1068 expulsionem
1640 1027 1771 1066 diaboli,
1790 1029 1988 1070 permittente

1035 1078 1117 1111 iusto
1142 1079 1257 1111 iudicio
1281 1078 1346 1111 Dei.

1124 1131 1152 1163 3.
1178 1131 1221 1163 Ad
1246 1131 1324 1164 illud
1361 1132 1445 1173 quod
1482 1131 1646 1171 obiicitur,
1671 1133 1754 1174 quod
1791 1133 1987 1175 sortilegium

1034 1183 1157 1215 nullum
1176 1184 1278 1216 aufert
1295 1184 1462 1225 potentiam
1481 1185 1682 1223 comedendi,
1700 1185 1885 1225 dicendum,
1902 1186 1987 1227 quod

1034 1237 1114 1269 sicut
1138 1237 1263 1269 diabolo
1287 1237 1441 1279 permissa
1465 1242 1511 1269 est
1535 1247 1552 1269 a
1577 1238 1640 1270 Deo
1658 1242 1794 1279 potestas
1811 1248 1907 1281 super
1925 1249 1986 1272 ser-

1034 1295 1141 1332 pentes
1166 1290 1265 1332 magis
1289 1300 1385 1332 quam
1420 1299 1516 1332 super
1549 1291 1609 1323 alia
1641 1292 1789 1324 animalia
1814 1292 1843 1324 in
1868 1293 1984 1334 prioris

1032 1341 1103 1375 facti
1129 1344 1313 1375 memoriam
1331 1343 1473 1375 -1111110
1494 1343 1567 1385 plus
1592 1353 1648 1386 per
1674 1344 1898 1377 incantationes
1923 1354 1986 1377 ser-

1032 1400 1140 1437 pentes
1165 1405 1258 1438 quam
1284 1405 1358 1428 aves
1383 1396 1573 1438 capiuntur⁷
1590 1415 1632 1419 »-
1650 1397 1711 1435 510,
1729 1397 1802 1439 quia
1826 1402 1914 1430 actus
1933 1398 1985 1430 ille

1032 1449 1163 1481 vitiosus
1188 1453 1234 1481 est
1258 1453 1288 1481 et
1313 1449 1448 1490 quodam
1476 1449 1568 1481 modo
1600 1450 1736 1489 foetens,
1761 1454 1791 1482 et
1823 1453 1857 1482 ut
1888 1450 1986 1492 pluri-

1032 1510 1120 1533 mum
1144 1502 1379 1542 coniunguntur
1403 1501 1546 1533 homines
1570 1502 1609 1534 ad
1635 1502 1723 1533 illum
1755 1505 1858 1535 actum
1885 1502 1986 1535 libidi-

1031 1564 1122 1587 nose:
1148 1554 1217 1587 ideo
1250 1554 1396 1586 diabolus
1427 1554 1499 1596 plus
1524 1554 1618 1587 habet
1653 1555 1693 1586 ibi
1717 1565 1832 1596 posse,
1857 1559 1887 1588 et
1912 1556 1984 1597 plus

1031 1608 1056 1639 ei
1083 1607 1286 1649 permittitur.
1312 1608 1346 1639 Et
1371 1607 1429 1639 hoc
1452 1607 1606 1649 probatur
1631 1608 1778 1649 exemplo
1803 1608 1984 1650 Scripturae

1030 1665 1060 1692 et
1083 1660 1285 1698 auctoritate,
1303 1660 1451 1701 quoniam
1469 1659 1585 1691 dicitur
1609 1660 1637 1691 in
1664 1660 1791 1698 Tobia⁸‚
1809 1661 1891 1702 quod
1916 1661 1985 1692 dae-

1032 1714 1190 1751 monium,
1216 1713 1340 1745 nomine
1365 1713 1574 1752 Asmodaeus,
1597 1717 1715 1754 septem
1743 1713 1826 1745 viros
1851 1713 1881 1745 in
1907 1713 1984 1745 lecto

1031 1767 1204 1807 interfecit,
1231 1775 1291 1798 non
1318 1766 1347 1797 in
1372 1766 1530 1798 conuiuio.

1117 1819 1148 1851 li.
1173 1819 1217 1850 Ad
1242 1818 1318 1851 illud
1346 1819 1430 1860 quod
1456 1818 1567 1851 ultimo
1584 1818 1741 1858 obiicitur,
1765 1819 1850 1860 quod
1873 1828 1984 1860 aequa-

1029 1872 1100 1904 liter
1125 1881 1157 1904 se
1182 1871 1277 1904 habet
1301 1871 1346 1904 vis
1370 1871 1424 1903 illa
1448 1872 1486 1903 ad
1517 1880 1644 1910 omnes3
1681 1872 1850 1904 dicendum
1884 1872 1984 1904 brevi-

1029 1928 1092 1964 ter,
1118 1925 1203 1967 quod
1239 1933 1351 1957 verum
1378 1928 1441 1963 est3
1465 1928 1495 1957 et
1531 1925 1555 1957 si
1591 1925 1798 1967 impediretur
1831 1925 1986 1957 naturali

1029 1978 1271 2020 impedimento,
1296 1978 1469 2019 aequaliter
1505 1978 1715 2019 impediretur
1750 1981 1903 2019 quantum
1942 1978 1983 2010 ad

1028 2040 1155 2067 omnes;
1180 2031 1235 2063 sed
1260 2031 1333 2072 quia
1359 2031 1573 2063 daemoniaco
1598 2031 1771 2073 impeditur
1794 2050 1837 2054 —
1861 2032 1915 2073 qui
1939 2040 1985 2063 as-

1029 2085 1109 2117 sistit
1134 2088 1163 2117 et
1188 2093 1221 2117 se
1245 2084 1351 2116 obiicit
1386 2085 1560 2117 secundum
1599 2085 1778 2126 petitionem
1816 2085 1983 2126 sortilegae

1029 2138 1188 2175 mulieris,
1221 2138 1408 2179 impetrante
1442 2137 1499 2169 hoc
1526 2137 1636 2169 merito
1666 2137 1875 2177 infidelitatis,
1902 2137 1982 2170 sicut

1027 2191 1106 2223 fides
1130 2191 1295 2232 impetrat,
1321 2195 1355 2222 ut
1379 2190 1463 2222 Deus
1492 2191 1617 2222 assistat
1653 2191 1692 2222 ad
1726 2191 1866 2223 facienda
1891 2191 1982 2222 mira-

1028 2243 1099 2275 cula
1123 2262 1166 2266 ——
1190 2243 1286 2275 cum⁹
1311 2243 1455 2275 sortiaria
1481 2248 1627 2285 respectu
1660 2252 1812 2285 personae
1836 2243 1983 2275 determi-

1028 2296 1133 2328 natae
1150 2296 1222 2328 facit
1247 2296 1454 2337 sortilegium,
1479 2296 1624 2328 diabolus
1643 2297 1672 2328 in
1697 2300 1770 2328 actu
1787 2296 1840 2327 illo
1858 2300 1982 2337 praesto

1027 2353 1074 2381 est
1098 2352 1128 2380 et
1153 2357 1213 2379 non
1239 2349 1268 2380 in
1294 2348 1381 2386 aliis3
1407 2351 1436 2380 et
1460 2352 1534 2380 tunc
1561 2348 1608 2380 vel
1634 2348 1763 2390 propria
1789 2349 1914 2387 virtute,
1933 2349 1981 2381 vel

1027 2410 1083 2443 per
1119 2401 1270 2440 herbam,
1296 2401 1346 2434 vel
1383 2401 1535 2442 lapidem,
1561 2401 1611 2433 vel
1640 2402 1791 2433 'naturam
1825 2401 1980 2433 occultam

1028 2454 1089 2485 vim
1116 2454 1264 2495 impedit,
1289 2463 1327 2486 110
1354 2455 1511 2486 inactum
1538 2458 1644 2493 exeat,
1670 2463 1730 2485 11011
1768 2458 1911 2496 respectu
1937 2454 1981 2486 al-

1028 2507 1131 2538 terius
1156 2507 1315 2545 mulieris,
1343 2507 1417 2548 quia
1441 2507 1478 2538 ad
1505 2507 1563 2538 hoc
1588 2506 1738 2539 invitatus
1756 2516 1816 2538 non
1842 2507 1908 2545 suit,
1926 2511 1980 2539 aut

1027 2560 1100 2601 quia
1123 2559 1277 2592 Dominus
1301 2569 1361 2592 non
1387 2560 1557 2602 permittit,
1575 2560 1732 2592 occultum
1757 2560 1839 2592 enim
1864 2560 1917 2592 Dei
1937 2560 1980 2592 iu-

1026 2612 1143 2644 dicium
1169 2612 1218 2644 hic
1245 2612 1334 2651 latet,
1361 2613 1440 2645 sicut
1465 2617 1549 2654 patet
1573 2613 1602 2644 in
1629 2622 1729 2645 uxore
1755 2613 1912 2645 Tobiae'l.

1094 2772 1104 2788 ⁷
1126 2773 1247 2804 August„
1269 2773 1310 2797 Xl.
1331 2772 1363 2797 de
1388 2772 1450 2797 Gen.
1477 2772 1509 2797 ad
1536 2772 1568 2796 lit.
1595 2779 1616 2797 c.
1638 2772 1678 2797 28.
1699 2779 1722 2797 n.
1744 2772 1791 2804 35,
1813 2772 1887 2803 dicit,
1908 2773 1978 2804 quod

1031 2825 1041 2837 n
1054 2816 1102 2841 hoc
1123 2817 1205 2846 magis
1226 2815 1319 2841 habeat
1338 2822 1414 2846 usus,
1437 2818 1569 2847 serpentes
1595 2817 1694 2841 moveri
1721 2816 1879 2841 carminibus
1899 2817 1978 2841 homi-

1027 2866 1101 2891 num,
1115 2866 1194 2892 quarn
1210 2860 1289 2884 ullum
1305 2859 1373 2884 aliud
1388 2866 1470 2891 genus
1484 2860 1661 2884 animantium.
1676 2859 1754 2884 Etiam
1771 2860 1834 2884 haec
1845 2860 1912 2883 enim
1928 2866 1978 2884 non

1027 2910 1106 2934 parva
1128 2904 1226 2928 testatio
1246 2908 1297 2934 est,
1318 2907 1435 2928 naturam
1456 2904 1574 2934 primitus
1594 2904 1734 2928 humanam
1759 2904 1885 2934 serpentis
1904 2903 1979 2927 scdu-

1027 2952 1092 2973 ctam
1113 2955 1169 2973 esse
1188 2948 1325 2980 colloquio.
1345 2947 1463 2972 Gaudent
1487 2948 1555 2972 enim
1582 2947 1735 2978 daemones,
1756 2948 1821 2972 lianc
1841 2947 1889 2972 sibi
1909 2950 1978 2978 pote-

1026 2995 1116 3017 statem
1137 2992 1205 3023 (lari,
1227 2995 1254 3016 ut
1272 2992 1303 3016 ad
1325 2992 1522 3016 incantationem
1543 2992 1677 3016 hominum
1698 2994 1831 3022 serpentes
1844 2993 1975 3021 moveant,

1026 3039 1053 3060 ut
1071 3036 1187 3068 quolibet
1207 3035 1285 3061 modo
1305 3036 1391 3060 fallant
1410 3042 1476 3067 quos
1496 3038 1611 3066 possunt.
1629 3035 1683 3059 Hoc
1697 3037 1781 3059 autem
1796 3035 1978 3066 permittuntur

1025 3079 1058 3105 ad
1078 3080 1154 3111 primi
1174 3080 1231 3105 t'acti
1251 3080 1403 3104 memoriam
1424 3079 1674 3110 conuuenrlaiulam,
1697 3079 1768 3111 quod
1793 3080 1824 3103 sit
1844 3080 1880 3103 eis
1899 3086 1978 3110 quae-

1025 3124 1085 3148 dam
1106 3131 1165 3149 cum
1185 3125 1233 3149 hoc
1254 3131 1349 3155 genere
1369 3124 1533 3148 familiaritas.
1554 3123 1604 3148 Csr.
1626 3123 1664 3148 Ps.
1687 3123 1733 3154 57,
1754 3123 1777 3147 5.
1798 3130 1852 3155 seq.

1096 3166 1106 3183 8
1126 3166 1187 3198 Cap.
1208 3168 1237 3198 3,
1259 3167 1282 3191 S.
1302 3181 1336 3184 —
1356 3167 1481 3197 Superius
1507 3170 1565 3197 post
1588 3165 1753 3199 permittitur
1778 3166 1834 3191 cod.
1861 3166 1881 3190 U
1907 3165 1977 3191 addit

1025 3209 1049 3235 in
1072 3209 1117 3235 illo
1137 3211 1199 3235 ucttt
1218 3216 1299 3242 quum
1319 3209 1345 3234 in
1366 3209 1427 3235 alto.

1094 3253 1105 3269 ⁹
1125 3253 1187 3278 Edd.
1207 3253 1245 3279 sic
1265 3260 1340 3285 cum,
1364 3254 1468 3278 inferius
1497 3257 1555 3285 post
1583 3253 1748 3286 sortilegium
1777 3253 1864 3278 addito
1893 3253 1977 3286 quta,-

1025 3297 1084 3323 cod.
1104 3297 1138 3322 bu
1158 3296 1226 3323 sicut
1245 3304 1314 3323 cum.
1335 3298 1459 3328 Superius
1486 3301 1544 3328 post
1568 3296 1740 3323 daemoniaco
1764 3297 1820 3323 Vat.
1844 3297 1977 3329 subiungit

1024 3342 1181 3368 ministerio.

1098 3385 1118 3401 ¹0
1139 3385 1202 3410 Vide.
1222 3386 1336 3410 scholion
1356 3385 1389 3410 ad
1410 3386 1432 3410 1.
1453 3385 1630 3417 praecedentis
1652 3385 1750 3411 articuli
1771 3393 1851 3418 quaes

2007 831 2134 853 Notandum.

2004 1254 2130 1276 Notandum.

1999 2152 2130 2173 Notandum.
