2483 3882
0 2745 35 2766 ›1.

715 230 808 262 DlST.
833 230 906 262 XXI.
932 230 961 262 1³.
985 230 1007 262 l.
1030 230 1112 262 ΛΒΤ.
1137 230 1158 262 Ι.
1183 229 1334 272 QUAEST.
1361 230 1380 262 i.

69 319 234 354 nexionem
257 321 288 351 et
317 317 572 356 similitudinem,
595 321 680 350 tanto
715 317 881 359 specialius
910 321 1012 359 potest

69 380 150 406 unus
173 371 239 403 sine
262 370 322 402 alio
346 369 466 407 curari;
490 370 544 402 sed
577 370 698 402 veniale
726 371 877 403 maiorem
902 379 1012 402 conve-

68 423 214 458 nientiam
235 422 329 454 habet
353 430 424 454 cum
449 421 554 463 alique
579 422 691 454 veniali
716 431 811 464 quam
836 431 907 454 cum
931 431 1012 454 mor-

69 476 160 513 tali¹;
183 475 237 507 sed
272 483 372 506 unum
397 473 517 506 veniale
549 477 650 515 potest
686 475 802 513 deleri,
827 474 888 506 alio
913 483 1012 506 rema-

68 531 172 561 nente:
197 535 271 567 ergo
296 525 395 558 multo
418 525 531 558 fortius
555 529 656 567 potest
681 526 779 558 deleri
804 526 940 565 veniale,
965 535 1011 558 re-

67 582 208 613 manente
232 578 372 610 mortali:
397 586 472 619 ergo
496 581 553 610 etc.

153 634 180 664 5.
205 631 292 669 Item,
318 630 342 662 si
370 630 487 662 veniale
510 640 571 662 non
596 634 697 672 potest
728 630 826 663 deleri
851 631 916 663 sine
945 640 1012 672 gra-

66 686 123 723 tia3
139 687 203 716 esto
227 683 311 725 quod
335 683 448 724 aliquis
472 683 504 714 in
529 683 594 715 solo
611 683 723 715 veniali
749 683 913 721 moriatur,
931 683 1010 715 illud

65 745 223 779 nunquam
256 735 430 774 delebitur,
455 736 509 768 sed
538 736 691 777 quamdiu
723 735 868 774 durabit,
904 735 1011 777 punie-

64 794 128 823 tur:
152 798 225 830 ergo
249 788 448 821 aeternaliter
472 797 513 820 ex
538 797 571 820 se
595 788 663 830 ipso
686 789 831 830 punitur:
857 797 931 829 ergo
948 796 1010 819 000

65 842 166 876 differt
187 850 205 873 a
229 841 362 873 mortali.

149 894 291 927 CONTRA:
312 896 339 926 1.
356 894 565 935 Augustinus,
583 894 622 926 de
639 894 768 926 Civitate
786 893 841 926 Dei
859 893 1010 935 vigesimo

3 947 200 991 .enua.primo²:
231 947 318 979 «Nec
343 956 455 988 magna
480 955 536 979 nec
568 956 665 988 parva
697 950 829 988 possunt
853 947 942 978 nobis
967 946 1010 978 di-

63 999 158 1038 mitti,
182 999 239 1031 nisi
273 1007 329 1031 nos
360 998 576 1031 dimiserimus
607 998 807 1030 debitoribus
838 998 1009 1036 uostri3»;

62 1054 118 1085 hoc
140 1061 201 1084 non
236 1055 283 1084 est
316 1051 355 1083 ob
379 1051 484 1090 aliud,
508 1051 567 1083 nisi
604 1052 694 1093 quia,
727 1051 803 1083 dum
828 1051 923 1083 homo
946 1060 1008 1083 non

62 1104 200 1142 dimittit,
225 1107 272 1136 est
296 1112 421 1145 semper
445 1103 476 1135 10
501 1107 643 1144 peccato:
669 1112 744 1144 ergo
761 1103 884 1135 nullum
902 1112 1009 1145 pecca-

60 1161 124 1190 tum
149 1160 248 1198 potest
273 1157 389 1188 homini
415 1157 547 1194 dimitti,
572 1156 725 1198 quamdiu
750 1160 796 1188 est
820 1157 851 1188 in
880 1159 1008 1198 peccato

59 1209 197 1242 mortali:
221 1218 296 1251 ergo
320 1209 345 1241 si
381 1209 447 1241 sola
479 1209 579 1250 gratia
607 1218 625 1241 a
648 1213 776 1250 peccato
805 1209 934 1248 liberat,
959 1218 1008 1241 ve-

59 1262 138 1295 niale
160 1271 221 1293 000
245 1261 414 1293 dimittitur
439 1262 505 1294 sine
529 1262 639 1302 gratia.

143 1316 171 1346 Ξ).
196 1315 289 1352 Item,
313 1315 337 1346 si
363 1314 481 1356 aliquid
515 1315 598 1346 delet
630 1314 750 1356 aliquid
783 1314 887 1354 aliud,
912 1314 1007 1346 habet

58 1368 280 1410 oppositionem
304 1367 344 1399 ad
368 1367 447 1399 illud
471 1367 577 1409 aliquo
603 1367 713 1405 01011ος
746 1367 801 1399 sed
825 1376 882 1399 nec
906 1376 1006 1409 poena

57 1430 111 1453 nec
134 1424 247 1452 natura
272 1420 365 1452 habet
388 1420 615 1461 oppositionem
639 1420 678 1452 ad
696 1420 839 1462 culpam:
857 1429 931 1462 ergo
949 1429 1005 1453 nec

56 1483 111 1516 per
141 1482 272 1515 poenam
304 1482 361 1505 nec
393 1473 471 1515 per³
495 1476 641 1505 naturam
675 1473 821 1506 delentur
852 1474 1004 1513 venialia,

56 1527 113 1559 nisi
137 1526 218 1558 adsit
241 1526 349 1567 gratia.

141 1579 170 1611 3.
194 1579 287 1617 item,
311 1587 403 1610 omne
429 1581 590 1619 peccatum
615 1583 705 1611 nocet
728 1583 758 1611 et
782 1579 906 1618 adimit,
924 1580 1005 1612 sicut

56 1631 122 1664 vult
143 1631 335 1672 Augustinus
358 1630 389 1662 in
416 1630 615 1662 Encliiridio‘*
633 1635 663 1663 et
687 1631 792 1663 multis
818 1632 909 1663 locis:
928 1641 1003 1673 ergo

55 1684 173 1717 veniale
208 1684 327 1725 aliquid
365 1683 404 1715 de
439 1684 521 1715 bono
558 1684 712 1725 spirituali
749 1688 779 1716 01
815 1685 1002 1717 rectitudine

55 1736 160 1769 adimit
169 1748 177 1775 3
195 1736 250 1769 sed
272 1736 357 1768 solus
381 1736 465 1769 Deus
488 1740 590 1777 potest
613 1737 736 1768 animae
760 1737 926 1769 restituere
951 1737 1004 1769 ho-

53 1798 144 1828 num,
168 1789 248 1822 sicut
272 1788 358 1821 solus
381 1788 483 1830 potuit
506 1798 575 1821 eam
600 1797 723 1828 creare,
741 1791 770 1821 et
794 1790 853 1822 1100
878 1793 924 1822 051
945 1799 1001 1831 per

54 1842 198 1883 gratiam:
225 1850 299 1883 ergo
324 1845 381 1873 etc.

136 1895 166 1926 [1.
190 1894 283 1933 Item,
308 1894 391 1926 Deus
415 1894 505 1935 punit
528 1903 586 1936 pro
621 1894 753 1933 veniali,
778 1895 837 1927 hoc
862 1898 999 1928 constat:

53 1956 123 1989 ergo
146 1947 266 1989 aliquid
282 1947 401 1979 invenit
417 1947 631 1988 displicentiae
649 1947 679 1979 10
696 1947 828 1987 veniali3
846 1948 900 1980 sed
922 1948 1000 1980 011111

52 2000 173 2032 omnino
197 2003 338 2032 removet
362 1999 590 2041 displicentiam
615 2000 687 2038 Dei,
712 2000 770 2032 nisi
800 2001 883 2042 quod
918 2001 1002 2033 inve-

51 2053 95 2085 nit
116 2053 300 2095 placentiam
338 2056 368 2084 01
402 2053 545 2091 veniam;
570 2053 625 2085 sed
649 2053 715 2085 sola
747 2053 847 2094 gratia
872 2058 998 2094 gratum

50 2105 161 2138 faciens
184 2109 231 2138 est
253 2106 307 2137 illa
331 2115 411 2147 quae
437 2106 499 2138 Deo
523 2106 648 2148 placere
673 2106 784 2138 faciti:
810 2114 885 2147 ergo
910 2110 966 2139 010.

136 2160 163 2191 5.
188 2160 262 2191 Item
274 2185 281 2197 ,
298 2159 469 2201 perfectius
485 2163 532 2191 est
549 2168 657 2191 carere
675 2159 788 2191 veniali
807 2169 901 2201 quam
920 2169 1000 2192 mor-

50 2212 115 2244 tali:
132 2221 205 2254 ergo
228 2221 327 2254 aeque
351 2212 464 2244 nobilis
488 2212 560 2244 doni
586 2213 652 2244 sive
675 2221 775 2254 aeque
792 2213 931 2254 perfecti,
950 2213 999 2245 vel

50 2264 145 2305 magis
169 2264 296 2306 perfecti
320 2267 409 2296 actus
433 2267 479 2296 est
502 2264 609 2296 delere
633 2264 754 2296 veniale
772 2274 867 2306 quain
892 2265 998 2297 delere

49 2317 193 2355 mortale;
218 2317 272 2349 sed
298 2317 429 2349 mortale
454 2317 551 2349 deleri
577 2326 638 2348 000
664 2320 765 2358 potest
788 2317 847 2349 0151
872 2327 890 2348 a
916 2318 998 2350 dono

50 2370 163 2410 gratiae
186 2374 312 2411 gratum
336 2370 515 2402 facientis&
540 2379 616 2412 ergo
640 2375 697 2402 etc.

398 2467 638 2491 CONCLUSIO.

91 2546 231 2578 Peccata
254 2546 399 2578 venialia
422 2546 492 2577 sine
513 2546 630 2587 pratia
650 2550 789 2588 pratum
812 2545 954 2588 faciente

396 2608 462 2630 11011
485 2598 642 2630 delentur.

135 2687 331 2719 Raspounssoz
356 2687 548 2725 Dicendum,
573 2686 657 2728 quod
681 2686 861 2728 aliquorum
886 2686 997 2728 positio

49 2738 122 2778 fuit,
145 2740 229 2781 quod
253 2739 388 2772 venialia
412 2740 478 2772 sine
503 2739 603 2781 gratia
624 2743 763 2781 pratum
786 2738 926 2781 faciente
948 2739 997 2771 de-

50 2791 106 2824 leri
128 2797 258 2835 possunt
281 2802 337 2834 per
362 2793 494 2834 gratiam
510 2792 621 2835 gyratis
644 2793 768 2824 datam.
788 2793 821 2824 Et
843 2792 996 2824 rationem

116 2967 125 2983 ¹
146 2969 211 2994 Vide
231 2976 310 3001 supra
330 2969 354 2994 d.
377 2970 417 2994 16.
437 2977 462 3001 ρ.
484 2970 510 2994 ll.
530 2977 554 2994 a.
577 2970 599 2994 3.
620 2977 644 3002 q.
670 2970 691 2994 1.

115 3011 127 3027 ²
144 3011 205 3044 Cap.
226 3013 266 3038 27.
287 3021 311 3038 n.
332 3013 355 3038 4.
376 3014 521 3044 Respicitur
548 3014 633 3039 Matth.
656 3014 684 3045 6,
711 3014 748 3039 1⁶2.
768 3028 802 3031 -—
821 3013 892 3039 Circa
918 3014 995 3039 finem

49 3060 101 3086 arg.
121 3060 178 3087 post
196 3064 213 3082 a
230 3059 335 3090 peccato
355 3059 379 3082 in
400 3058 475 3083 codd.
496 3057 563 3082 bene
583 3057 602 3082 O
614 3058 633 3081 R
646 3058 661 3082 S
673 3058 693 3082 T
715 3058 818 3083 additur
836 3057 953 3084 mortali.

115 3098 125 3115 ³
144 3099 208 3125 Cum
228 3101 303 3126 codd.
325 3101 394 3126 lKL
406 3101 429 3126 X
448 3101 489 3126 bis
508 3101 689 3126 substituimus
707 3108 755 3133 per
775 3108 821 3132 pro
840 3102 958 3134 propter.

118 3141 128 3158 ⁴
146 3142 206 3175 Cap.
231 3145 267 3169 12.
288 3152 311 3169 n.
335 3145 358 3170 4.
380 3148 404 3169 et
422 3151 444 3169 c.
470 3144 506 3169 17.
528 3151 552 3169 0.
570 3144 592 3168 5.
607 3143 658 3169 Csr.
676 3144 711 3169 lll.
727 3144 758 3169 de
772 3144 826 3169 Lib.
840 3144 901 3169 Arb.
916 3152 937 3170 c.
954 3145 994 3169 i3.

49 3191 72 3209 n.
92 3186 133 3211 36.
161 3187 224 3213 Vide
252 3189 329 3213 etiam
349 3192 411 3214 tom.
433 3189 460 3213 il.
480 3195 541 3219 pag.
564 3189 628 3219 8⁵22,
648 3191 706 3212 nota
732 3189 757 3218 1,
777 3188 822 3213 ubi
843 3189 905 3214 alios
932 3189 994 3214 loce.

49 3228 223 3261 allegavimus.
243 3246 278 3249 —
296 3233 352 3257 Mox
372 3236 430 3263 post
449 3233 474 3257 ct
491 3231 583 3257 multis
603 3231 660 3256 cod.
682 3231 701 3256 U
721 3231 792 3257 addit
812 3231 880 3258 aliis.

117 3273 128 3290 ⁵
146 3275 177 3300 Ut
195 3278 326 3301 ostensum
346 3279 384 3301 est
404 3276 430 3300 ll.
451 3276 519 3300 Sent.
541 3275 565 3300 d.
586 3276 627 3300 29.
648 3282 670 3300 a.
692 3275 714 3299 1.
736 3282 760 3307 q.
782 3275 804 3300 1.

116 3316 127 3333 ⁶
146 3316 194 3342 Cir.
213 3325 292 3350 supra
313 3319 338 3344 d.
361 3319 401 3343 17.
422 3326 448 3350 p.
470 3319 487 3343 1.
509 3326 532 3343 a.
553 3320 576 3343 1.
597 3326 621 3350 q.
643 3319 665 3343 1.

116 3360 127 3376 7
146 3360 225 3387 Codd.
246 3363 265 3387 R
277 3363 293 3387 S
305 3363 325 3387 T
346 3363 412 3388 bene
432 3362 554 3394 supplent
572 3363 683 3395 qratiam
701 3361 848 3395 facientem.

1965 234 2028 267 547

1075 318 1172 351 huius
1195 318 1361 351 ostendere
1385 318 1569 358 voluerunt,
1596 328 1652 360 pro
1688 328 1724 351 00
1759 320 1918 358 videlicet,
1942 322 2026 363 quod

1075 371 1197 403 veniale
1221 375 1382 412 peccatum
1407 380 1468 403 000
1498 375 1651 413 repugnat
1675 373 1794 413 gratiae
1815 377 1953 415 yratum
1977 373 2029 416 fci-

1075 424 1187 462 cieuti,
1220 424 1273 456 sed
1296 424 1408 466 graiis
1438 424 1555 462 datae;
1586 433 1643 457 nec
1674 425 1803 458 offendit
1834 426 2025 459 Maiestatem

1075 476 1231 515 divinam,
1256 477 1330 517 quia
1354 476 1395 508 ibi
1421 486 1481 508 non
1506 477 1647 518 diligitur
1664 478 1781 519 aliquid
1800 487 1898 520 supra
1914 479 2026 518 Deum,

1075 529 1129 561 sed
1153 528 1385 570 aliquantulum
1411 529 1586 562 inordinate
1610 530 1669 562 sub
1693 530 1766 562 Deo.
1787 531 1820 562 Et
1843 530 1926 570 ide0,
1945 532 2025 564 sicut

1076 581 1207 613 mortale
1231 585 1332 622 potest
1356 582 1453 614 deleri
1490 591 1546 623 per
1582 583 1754 623 gratiam⁷‚
1786 584 1860 625 quia
1884 584 1910 616 ei
1936 593 2027 626 repu-

1075 636 1165 673 gnat,
1189 637 1220 664 et
1243 634 1316 674 quia
1340 634 1439 674 gratia
1464 634 1527 666 Deo
1550 635 1667 667 offenso
1691 636 1887 674 reconciliat,
1905 640 1935 669 et
1952 637 2026 678 quia

1075 684 1174 716 Deum
1198 690 1411 727 contemptum
1437 696 1543 719 amare
1567 688 1640 719 facit
1656 697 1751 729 super
1768 689 1889 727 omnia;
1915 690 1959 722 sic
1975 699 2026 722 ve-

1074 736 1156 767 niale
1179 740 1280 777 potest
1296 737 1393 769 deleri
1419 747 1474 779 per
1502 739 1634 779 gratiam
1653 741 1764 781 pratis
1788 741 1918 779 datam,
1943 751 2024 783 quae

1074 788 1161 820 illam
1185 789 1340 821 modicam
1365 790 1627 823 inordinationem
1652 797 1793 825 removet
1816 797 1846 825 et
1870 794 1956 826 illam
1977 803 2026 826 00-

1074 841 1230 873 casionem
1255 842 1361 874 minus
1384 843 1509 875 amandi
1533 844 1633 876 Deum
1650 845 1690 876 ab
1708 845 1774 886 ipsa
1798 846 1903 878 anima
1927 847 2025 885 tollit;

1074 901 1130 924 nec
1154 897 1294 934 oportet,
1319 894 1361 925 ibi
1385 903 1452 926 esse
1477 895 1610 936 gratiam
1634 896 1808 929 elevantem
1830 898 1967 930 animam
1985 899 2025 931 ad

1074 945 1272 978 dilectionem
1296 946 1350 978 Dei
1375 955 1471 988 super
1495 948 1615 987 omnia,
1633 949 1706 990 quia
1730 959 1787 991 per
1809 950 1929 982 veniale
1946 951 2024 982 nihil

1073 1001 1198 1029 amatur
1222 1007 1319 1039 supra
1343 999 1454 1031 Deum.

1161 1051 1219 1083 Sed
1247 1051 1322 1083 haec
1346 1052 1476 1092 positio,
1505 1051 1577 1084 licet
1611 1053 1783 1094 probabilis
1817 1055 1980 1095 videatur,
2004 1065 2172 1094 0001100111»-

1072 1104 1203 1136 veritate
1221 1108 1325 1137 tamen
1349 1105 1470 1143 deviat,
1494 1105 1518 1137 51
1544 1106 1615 1146 quis
1640 1106 1792 1148 inspiciat.
1818 1108 1916 1141 Omne
1941 1109 2023 1141 enim
2087 1097 2127 1115 Μ’

1072 1160 1253 1197 peecatum,
1277 1166 1313 1189 eo
1339 1157 1405 1198 ipso
1429 1157 1513 1199 quod
1539 1162 1701 1198 peccatum
1727 1163 1790 1198 est,
1808 1160 1912 1202 aliquo
1931 1162 2023 1193 modo

1071 1209 1207 1241 animam
1236 1208 1370 1251 focclctt³
1394 1214 1424 1242 et
1447 1211 1552 1253 aliquo
1585 1212 1678 1243 modo
1707 1212 1805 1253 ipsam
1834 1214 2023 1252 (leot-(lindi,

1071 1265 1101 1293 et
1124 1271 1251 1294 necesse
1275 1268 1321 1295 est
1346 1272 1386 1295 ex
1412 1263 1486 1302 hoc,
1512 1264 1595 1305 quod
1628 1264 1733 1306 aliquo
1764 1266 1856 1298 modo
1889 1267 1953 1298 Deo
1978 1267 2023 1298 (li-

1069 1314 1213 1355 splicectl.
1239 1315 1392 1355 Quoniam
1417 1315 1513 1356 igitur
1538 1320 1610 1348 nota
1634 1316 1850 1358 displicentiae
1875 1318 2022 1358 minima,

1070 1375 1150 1408 quae
1174 1375 1241 1399 esse
1268 1368 1381 1408 possit,
1406 1367 1472 1400 sine
1498 1367 1627 1406 habitu,
1653 1369 1706 1410 qui
1732 1370 1854 1402 reducit
1878 1371 1916 1403 ad
1943 1381 2024 1404 com-

1071 1419 1255 1460 placentiam
1281 1423 1311 1452 et
1334 1421 1373 1452 ad
1398 1421 1585 1460 amicitiam,
1609 1422 1726 1453 auferri
1751 1432 1812 1454 non
1836 1427 1954 1464 potest3
1980 1428 2020 1457 te·
2034 1437 2109 1464 Opinio
2123 1438 2142 1468 2,
2157 1441 2178 1461 et

1069 1472 1208 1504 nendum
1244 1476 1290 1504 est
1325 1473 1451 1505 omnino
1476 1474 1515 1505 de
1550 1474 1633 1505 omni
1666 1479 1792 1516 peccato
1817 1476 2021 1517 generaliter,
2049 1465 2163 1485 ⁶⁰¹³⁰¹⁰⁵¹⁰'

1069 1526 1153 1566 quod
1180 1526 1302 1558 nullum
1327 1527 1453 1558 omnino
1477 1531 1579 1568 potest
1603 1527 1700 1560 deleri
1727 1529 1792 1561 sine
1824 1530 1924 1570 gratia
1944 1540 2022 1572 yrci-

1062 1568 1138 1610 'tum
1161 1577 1311 1620 faciente.
1337 1579 1385 1611 Sic
1409 1580 1493 1611 enim
1518 1580 1657 1612 decrevit
1690 1590 1746 1612 005
1778 1590 1889 1614 sanare
1914 1583 2019 1615 divina

1067 1631 1300 1669 misericordia;
1324 1636 1354 1664 et
1386 1633 1444 1664 1100
1468 1632 1576 1664 dicunt
1611 1633 1728 1672 Sancti,
1753 1638 1783 1666 et
1819 1640 1909 1666 sonat
1944 1636 2022 1668 Scri-

1067 1688 1161 1725 ptura
1172 1684 1193 1722 ⁹,
1217 1693 1297 1725 quae
1322 1684 1461 1716 maxime
1490 1686 1593 1726 ponit,
1625 1685 1757 1726 gratiam
1787 1695 1855 1719 esse
1884 1696 2024 1720 necessa-

1066 1737 1146 1768 riam
1168 1737 1207 1769 ad
1233 1737 1367 1769 delenda
1391 1741 1528 1778 peccata.

1158 1791 1184 1821 l.
1208 1790 1252 1821 Ad
1278 1790 1356 1822 illud
1381 1799 1456 1831 ergo
1473 1791 1557 1832 quod
1574 1791 1737 1831 obiicitur,
1755 1793 1839 1833 quod
1861 1793 2020 1827 sufficiens
2048 1806 2127 1836 santio
2142 1813 2178 1834 op-

1065 1842 1187 1883 punitio
1212 1842 1347 1874 absolvit
1370 1852 1388 1874 a
1412 1843 1522 1885 culpa;
1547 1843 1734 1883 dicendum,
1760 1845 1844 1886 quod
1882 1846 1906 1878 si
1939 1846 2019 1879 illud
2034 1837 2157 1859 ¹³⁰⁵“0‘um'

1065 1895 1258 1936 intelligatur
1283 1896 1314 1927 in
1338 1896 1415 1928 facie
1440 1895 1629 1935 homiuum,
1655 1898 1707 1939 qui
1741 1898 1884 1931 iudicant
1915 1909 2023 1932 secun-

1065 1949 1141 1981 dum
1175 1950 1334 1981 exteriora
1347 1949 1377 1988 ¹⁰,
1403 1953 1503 1991 potest
1534 1950 1651 1983 hahere
1685 1951 1860 1984 veritatem.
1889 1953 1947 1985 Sed
1985 1954 2014 1986 in
2032 1964 2158 1986 Notandum.

1064 2001 1141 2033 facie
1166 2001 1243 2039 Dei,
1266 2002 1320 2043 qui
1345 2002 1523 2034 considerat
1539 2003 1650 2035 faciem
1667 2004 1790 2036 animae
1815 2005 1970 2038 internam
1988 2010 2018 2038 et

1065 2054 1210 2086 decorem
1244 2055 1387 2096 imaginis
1420 2064 1513 2094 suae,
1542 2060 1797 2098 quantacumque
1834 2058 1873 2090 sit
1902 2067 2018 2100 poena,

1064 2116 1126 2138 non
1149 2111 1251 2149 potest
1274 2107 1400 2139 omuino
1424 2108 1588 2140 absolvere
1612 2112 1826 2150 peccatorem,
1844 2110 1902 2143 nisi
1920 2120 2019 2143 remo-

1063 2163 1175 2192 veatur
1199 2160 1338 2192 interior
1363 2159 1579 2202 deformitas,-
1602 2166 1632 2193 et
1656 2162 1726 2194 ideo
1751 2163 1781 2194 in
1799 2163 1867 2195 foro
1891 2163 1943 2196 Dei
1964 2164 2017 2195 im-

1063 2213 1210 2254 possibile
1234 2218 1281 2245 est
1305 2212 1467 2255 peccatum
1500 2214 1692 2246 sufficienter
1724 2215 1830 2256 puniri
1861 2219 2017 2257 quantum

1062 2266 1102 2298 ad
1127 2270 1270 2307 tempus,
1294 2267 1353 2299 uisi
1379 2267 1521 2298 deleatur
1547 2276 1603 2308 per
1628 2267 1771 2308 gratiam.

1152 2320 1181 2350 Ξ.
1205 2319 1248 2350 Ad
1274 2319 1353 2351 illud
1377 2319 1461 2361 quod
1486 2319 1650 2358 obiicitur,
1675 2321 1760 2361 quod
1793 2321 1912 2353 veniale
1942 2322 2017 2354 dicit

1062 2371 1161 2403 solam
1186 2371 1391 2412 pronitatem;
1409 2372 1593 2410 dicendum,
1611 2373 1695 2414 quod
1712 2372 1826 2404 falsum
1843 2377 1901 2412 est,
1918 2373 2013 2405 immo
2029 2385 2156 2407 Notandum.

1062 2424 1198 2464 amplius
1223 2423 1297 2456 dicit
1321 2424 1480 2465 quandam
1505 2428 1618 2455 uota-m
1654 2424 1895 2465 displicentiae,-
1918 2428 1949 2457 et
1974 2425 2015 2457 ita

1062 2484 1187 2517 semper
1213 2480 1317 2508 manet
1345 2477 1375 2507 in
1408 2476 1529 2514 anima,
1554 2477 1647 2508 etiam
1684 2477 1709 2509 51
1747 2477 1850 2509 veniat
1875 2478 2016 2518 pronitas

1062 2529 1100 2561 ad
1125 2529 1322 2570 oppositum,
1348 2529 1406 2561 nisi
1432 2529 1619 2560 interveniat
1643 2529 1786 2567 caritas,
1812 2539 1895 2572 quac
1912 2530 2016 2571 operit

1061 2581 1304 2613 multitudinem
1325 2585 1538 2622 peccatortmi
1552 2582 1581 2612 ¹¹.

1151 2633 1179 2665 3.
1204 2634 1247 2665 Ad
1272 2633 1351 2665 illud
1376 2634 1460 2675 quod
1478 2633 1639 2672 obiicitur,
1656 2634 1740 2675 quod
1759 2634 1789 2665 in
1807 2635 1926 2667 morbis
1948 2645 2015 2676 par-

1062 2686 1108 2718 vis
1131 2689 1245 2717 natura
1269 2695 1330 2717 nou
1366 2686 1484 2727 indiget
1515 2686 1688 2724 medicina3
1713 2687 1900 2724 dicendum,
1929 2689 2014 2729 quod

1061 2747 1173 2770 verum
1197 2742 1261 2776 est;
1286 2742 1316 2770 et
1340 2738 1483 2770 similiter
1508 2739 1539 2770 in
1564 2738 1783 2780 spiritualibus
1804 2744 1864 2778 est,
1882 2740 1907 2772 si
1928 2745 2012 2773 recle
2029 2754 2156 2777 Notandum.

1063 2791 1115 2823 fiat
1139 2791 1354 2824 similitudinis
1390 2791 1560 2824 translatio.
1592 2792 1711 2824 Natura
1742 2792 1838 2833 igitur
1863 2793 1958 2826 habet
1981 2795 2013 2826 in

1128 2969 1139 2985 8
1160 2969 1246 2994 Plures
1265 2968 1342 2994 codd.
1364 2971 1389 2993 et
1407 2968 1466 2993 edd.
1486 2967 1619 3000 defoedet,
1643 2968 1700 2993 cod.
1721 2969 1739 2993 A
1761 2968 1901 3001 deformat.

1129 3012 1141 3029 9
1160 3012 1210 3037 Cir.
1230 3013 1303 3037 Rom.
1324 3013 1353 3043 3,
1374 3011 1414 3036 24.
1435 3019 1522 3043 seqq.;
1543 3011 1570 3042 ὃ,
1597 3011 1634 3036 15.
1650 3019 1739 3043 seqq.;
1755 3012 1819 3043 Epli.
1837 3013 1866 3041 2,
1881 3012 1905 3037 5.
1921 3019 2012 3044 seqq.;

1060 3057 1109 3082 Tit.
1132 3058 1160 3088 3,
1181 3057 1205 3081 7.
1226 3056 1359 3086 Ambros„
1386 3056 1465 3087 Epist.
1489 3056 1531 3080 26.
1559 3063 1582 3080 0.
1611 3055 1635 3087 7,
1662 3055 1750 3087 docet,
1773 3057 1882 3087 gratiam
1909 3056 2012 3081 abolere

1059 3104 1204 3132 peccatum.
1227 3101 1347 3131 August,
1369 3100 1401 3124 de
1421 3100 1516 3130 Spiritu
1536 3102 1560 3124 01
1579 3100 1612 3124 111.
1633 3106 1655 3124 c.
1678 3100 1719 3124 30.
1749 3107 1772 3124 0.
1800 3100 1850 3124 5-2:
1881 3100 1927 3125 Per
1954 3107 2013 3131 gra-

1060 3145 1119 3169 tiam
1139 3145 1236 3169 sanatio
1256 3145 1356 3168 animae
1376 3151 1389 3167 a
1410 3144 1471 3168 vitio
1491 3144 1598 3174 peccati.
1620 3143 1685 3168 Vide
1705 3144 1782 3168 etiam
1804 3144 1829 3168 11.
1846 3144 1913 3168 Sent.
1929 3144 1954 3168 d.
1970 3145 2010 3169 26.

1059 3196 1085 3220 q.
1108 3190 1130 3213 2,
1151 3192 1175 3213 et
1195 3188 1219 3212 ‹l.
1240 3188 1280 3212 28.
1301 3195 1323 3212 a.
1349 3188 1368 3212 1.
1391 3194 1415 3219 q.
1441 3188 1459 3211 1.
1481 3201 1515 3204 -
1536 3187 1581 3211 Pro
1601 3193 1700 3212 sanare
1719 3187 1778 3212 cod.
1800 3187 1819 3211 H
1839 3186 1954 3213 salvare.

1130 3231 1151 3248 10
1170 3231 1238 3256 Libr.
1260 3232 1275 3256 1.
1296 3231 1358 3262 Reg.
1380 3231 1426 3261 io,
1441 3231 1471 3255 7:
1486 3230 1568 3255 Homo
1588 3232 1656 3255 enim
1676 3230 1747 3256 videt
1767 3238 1795 3255 ea
1816 3238 1883 3263 quae
1900 3236 2009 3264 parent,

1060 3276 1184 3301 Dominus
1212 3278 1298 3300 aulem
1324 3275 1435 3299 intuetur
1460 3281 1513 3299 cor.
1532 3288 1567 3292 —
1586 3275 1641 3299 Mox
1667 3278 1726 3306 post
1754 3274 1806 3301 Sed
1834 3275 1891 3300 cod.
1918 3276 1938 3300 H
1965 3275 2011 3301 ad-

1061 3320 1096 3345 dit
1114 3319 1145 3345 si.

1131 3363 1150 3379 11
1172 3363 1248 3394 Epist.
1261 3363 1276 3388 l.
1289 3363 1352 3388 Petr.
1363 3362 1385 3394 4,
1395 3363 1423 3387 8:
1438 3363 1502 3394 Quia
1514 3364 1605 3389 caritas
1615 3364 1699 3395 operit
1709 3366 1756 3388 etc.
1768 3362 1818 3389 Csr.
1829 3364 1903 3389 Prov.
1920 3364 1956 3395 10,
1970 3365 2009 3389 12.
