2483 3882
11 937 115 959 Numerus
121 937 156 958 Sa-

35 966 151 985 eramento-

35 996 88 1011 rum.

24 1129 115 1150 Dubium
130 1129 149 1150 1.

10 1278 99 1305 Tempus
117 1278 149 1299 in-

21 1304 144 1325 stitutionis.

20 1422 111 1444 Dubium
125 1424 146 1445 2.

19 2185 109 2207 Dubium
124 2186 143 2207 3.

1024 250 1235 282 DlSTlNC'rto
1260 250 1291 281 lt.

950 478 1278 520 DISTINCTIO
1309 481 1364 520 Π.

587 692 655 722 ΟΑΡ.
677 693 697 723 Ι.

396 790 438 819 De.
460 789 663 820 Sam-amentis
685 799 780 820 novae
804 789 884 829 lepis.

246 886 305 916 Iam
329 886 366 916 ad
389 886 581 916 Sacramenta
606 896 701 918 novae
723 888 797 925 legis
820 887 1018 925 accedamus,
1040 895 1118 926 quac

166 937 235 964 sunt
257 934 440 972 baptismus,
471 935 676 972 confirmatio,
698 936 785 974 panis
807 936 1025 966 benedictionis
1039 936 1064 971 ¹,
1089 936 1118 965 id

166 986 210 1012 cst
225 982 424 1018 eucharistia,
442 984 640 1021 poenitentia,
658 984 759 1013 unctio
775 988 926 1019 extrema,
942 984 1032 1021 ordo,
1048 992 1119 1013 con-

165 1030 298 1068 iugium3
321 1039 450 1069 quorum
473 1031 530 1061 alia
553 1032 720 1062 remedium
741 1036 844 1062 contra
861 1035 1018 1070 peccatum
1035 1040 1118 1071 prae-

164 1079 235 1108 bent
258 1082 286 1109 et
307 1080 434 1116 gratiam
457 1079 635 1109 adiutricem
666 1080 839 1115 conserunt,
870 1084 902 1110 ut
930 1080 1116 1118 baptismus;

165 1127 224 1157 alia
246 1128 275 1157 in
300 1128 467 1157 remedium
491 1131 604 1158 tantum
620 1133 706 1164 sunt,
722 1133 754 1159 ut
769 1129 958 1167 coniugium3
982 1129 1039 1159 alia
1055 1137 1119 1166 gra-

164 1175 202 1205 tia
227 1179 255 1206 et
278 1176 387 1206 virtute
411 1185 463 1206 nos
486 1177 627 1214 fulciunt,
650 1181 682 1207 ut
704 1177 887 1207 eucharistia
910 1181 938 1207 et
961 1177 1044 1207 ordo.

242 1225 271 1254 Si
296 1233 367 1255 vero
389 1226 561 1264 quaeritur,
585 1234 680 1264 quare
704 1234 760 1255 nou
784 1226 893 1256 fuerint
915 1226 990 1256 haec
1012 1226 1119 1257 Sacra-

163 1277 262 1304 menta
286 1274 420 1304 instituta
443 1282 513 1304 mox
536 1278 604 1311 post
626 1274 756 1304 homiliis
771 1274 905 1313 lapsum,
928 1283 996 1304 cum
1020 1275 1048 1304 in
1072 1275 1118 1304 his

163 1322 201 1352 sit
223 1323 336 1352 iustitia
360 1326 388 1352 et
410 1322 510 1359 salus;
533 1322 678 1359 dicimus,
701 1331 759 1352 non
776 1327 844 1352 ante
860 1322 1021 1353 adventum
1038 1323 1119 1353 Chri-

162 1371 215 1406 sti,
231 1372 282 1410 qui
299 1372 426 1409 gratiam
442 1371 550 1406 attulit,
565 1371 681 1409 gratiae
694 1371 887 1401 Sacramenta
900 1371 991 1401 fuisse
1007 1372 1116 1409 danda,

161 1428 239 1458 quae
261 1429 297 1450 ex
321 1420 416 1458 ipsius
438 1423 534 1450 morte
556 1423 584 1449 et
606 1420 745 1458 passione
762 1420 901 1449 virtutem
918 1421 1021 1450 sortita
1038 1425 1115 1450 sunt.

161 1469 298 1499 Christus
320 1472 420 1498 autem
444 1468 547 1498 venire
569 1468 673 1505 noluit,
695 1471 856 1506 antequam
880 1468 970 1498 homo
993 1469 1030 1498 de
1051 1469 1116 1508 lege

160 1516 290 1546 naturali
313 1520 342 1546 et
363 1517 475 1555 scripta
498 1516 746 1553 convinceretur,
776 1516 858 1555 quod
887 1521 993 1546 neutra
1017 1517 1114 1547 iuvari

159 1568 271 1603 posset.

239 1613 306 1642 Fuit
330 1617 428 1643 tamen
442 1612 452 1627 ²
474 1613 648 1651 coniugium
665 1616 733 1643 ante
748 1616 907 1651 peccatum
931 1613 1113 1649 institutum,

164 1670 249 1692 «non
272 1662 377 1700 utique
398 1665 523 1700 propter
545 1662 729 1698 remedium,
750 1661 801 1691 sed
824 1661 861 1691 ad
884 1661 1112 1692 Sacramentum

158 1713 187 1739 et
210 1709 247 1740 ad
271 1709 403 1739 officium
419 1719 446 1745 »3
469 1713 537 1748 post
555 1713 714 1748 peccatum
731 1717 803 1739 vero
820 1709 874 1739 suit
890 1709 926 1739 ad
944 1710 1111 1740 remedium

157 1761 261 1788 contra
289 1757 419 1788 carnaiis
446 1758 712 1796 concupiscentiae
740 1758 964 1796 corruptelam;
992 1758 1029 1788 de
1051 1768 1111 1798 quo

157 1814 212 1836 suo
234 1806 301 1836 loco
324 1806 530 1836 tractabimus.

569 1902 637 1933 CAP.
659 1903 692 1932 11.

519 2001 560 2030 De
583 1999 741 2040 baptismo.

234 2096 320 2126 Nunc
356 2105 427 2127 vero
460 2097 497 2127 de
531 2097 673 2136 baptismi
707 2098 903 2129 Sacramento
937 2099 1109 2135 videamus,

159 2156 171 2170 «
188 2145 269 2183 quod
297 2145 373 2175 inter
403 2154 498 2176 novae
527 2147 641 2183 gratiae
671 2146 865 2178 Sacramenta
894 2148 1025 2186 primum
1055 2151 1107 2178 est.

154 2193 339 2231 Baptismum
356 2194 465 2224 Christi
482 2194 606 2224 Ioannes
621 2203 675 2224 suo
696 2195 847 2234 baptismo
867 2197 1108 2234 praenuntiavit,

153 2241 205 2279 qui
227 2241 344 2279 primus
365 2242 534 2280 baptizasse
555 2243 679 2281 legitur,
696 2244 748 2273 sed
765 2244 794 2273 in
810 2252 905 2283 aqua,
927 2253 984 2274 non
1000 2245 1030 2275 in
1046 2245 1110 2284 Spi-

154 2289 231 2325 ritu,
253 2290 331 2319 sicut
353 2290 418 2328 ipse
440 2291 499 2320 ait:
522 2292 584 2330 Eyo
608 2290 728 2331 baptizo
750 2302 802 2322 vos
824 2293 859 2322 in
879 2302 961 2332 aqua
986 2293 1019 2323 in
1043 2303 1109 2333 poc-

153 2337 323 2368 m'tentiam.
346 2338 413 2368 Sola
436 2339 515 2368 enim
532 2348 662 2378 corpora
677 2340 836 2378 abluebat,
853 2350 868 2371 a
885 2343 1020 2380 pcccatis
1036 2351 1107 2373 vero

153 2395 212 2416 non
234 2386 421 2416 mundabat³
439 2399 464 2415 ».

559 2484 627 2513 CAr.
650 2484 695 2515 ΙΙΙ.

257 2579 300 2608 De
322 2578 496 2618 diffwentia
519 2578 664 2618 baptismi
682 2579 809 2610 Ioannis
832 2585 858 2610 ct
881 2581 1003 2612 Christi.

234 2676 404 2714 Baptismus
420 2676 537 2705 Ioannis
559 2680 624 2706 crat
647 2677 675 2706 in
697 2677 928 2715 poenitentiam,
945 2687 1002 2708 non
1020 2679 1047 2708 in
1065 2688 1108 2708 rc-

152 2724 345 2760 missionem;
376 2724 545 2762 baptismus
574 2733 645 2755 vero
678 2725 787 2755 Christi
820 2726 848 2756 in
879 2728 1106 2764 remissionem;

152 2773 223 2810 quia
250 2773 375 2802 Ioannes
405 2773 561 2811 baptizans
583 2773 719 2804 homines
747 2774 783 2804 ad
818 2775 1031 2812 poenitentiam
1057 2785 1107 2805 vo-

152 2820 256 2856 cabat,
273 2825 301 2850 ct
316 2830 393 2859 quos
410 2821 583 2859 baptizabat
598 2823 753 2860 poenitere
771 2823 916 2859 docebat,
938 2824 1105 2854 secundum

153 2868 246 2898 iliud:
274 2868 436 2898 remotam
458 2869 498 2899 ad
518 2870 662 2900 Ioannem
687 2869 720 2900 in
737 2870 919 2906 Iordanem,
936 2873 1105 2911 confitentes

1179 697 1301 732 peccata
1323 703 1379 724 sua
1391 694 1411 723 ⁴¹.
1434 694 1490 724 Sed
1508 695 1536 724 in
1554 695 1703 734 baptismo
1722 691 1839 726 ioannis
1855 705 1912 726 non
1929 696 2059 727 dabatur
2074 706 2142 736 pec-

1183 744 1321 771 catorum
1344 742 1497 778 remissio,
1520 752 1598 781 quae
1620 744 1690 774 data
1713 748 1757 773 cst
1781 744 1808 773 in
1831 744 1940 774 Christi
1964 745 2124 784 baptismo.

1585 839 1653 869 Car.
1676 841 1722 871 lv.

1299 935 1379 971 Quia
1399 935 1542 966 utilitatis
1565 936 1672 967 ltabait
1694 936 1862 976 baptismus
1883 938 2018 969 Ioannis.

1269 1046 1281 1058 «
1297 1033 1341 1063 Ad
1365 1034 1437 1072 quid
1461 1042 1531 1072 ergo
1554 1034 1635 1064 utilis
1650 1038 1714 1064 erat
1730 1035 1897 1073 baptismus
1913 1036 2050 1066 loannis?
2066 1036 2140 1072 Quia

1182 1081 1320 1111 homines
1352 1090 1408 1111 usu
1442 1082 1613 1121 baptizandi
1650 1083 1854 1122 praeparabat
1886 1084 1923 1113 ad
1956 1084 2140 1122 baptismum

1183 1128 1291 1159 Christi
1310 1142 1336 1160 n.
1358 1147 1397 1152 —
1419 1130 1476 1160 Sed
1507 1132 1677 1169 quaeritur,
1706 1140 1801 1170 quare
1823 1132 1922 1162 dictus
1949 1136 1993 1162 est
2015 1132 2141 1162 loannis
2158 1137 2259 1167 Quaestio
2274 1137 2300 1158 de

1183 1177 1368 1215 baptismus,
1397 1179 1477 1208 sicut
1505 1179 1624 1209 Veritas
1653 1180 1727 1209 dicit
1744 1180 1773 1209 ⁵:
1803 1180 1980 1220 Baptismus
2013 1181 2139 1211 Ioamiis
2169 1169 2261 1184 nomm

1182 1225 1263 1256 ande
1284 1226 1350 1256 est?
1377 1226 1450 1262 Quia
1481 1227 1521 1257 ibi
1552 1228 1670 1258 Ioannis
1700 1229 1836 1267 operatio
1867 1229 1994 1259 visibilis
2025 1233 2139 1259 tantum

1182 1278 1247 1304 erat
1276 1276 1409 1305 exterius
1431 1275 1575 1313 lavantis,
1597 1284 1655 1306 nou
1679 1277 1839 1307 invisibilis
1861 1278 1958 1316 gratia
1990 1278 2044 1308 Dei
2067 1278 2140 1308 inte-

1182 1323 1245 1353 rius
1268 1324 1429 1362 operantis.
1454 1324 1511 1354 Sed
1529 1328 1627 1354 tamen
1644 1328 1672 1354 ct
1688 1325 1736 1355 illa
1755 1326 1873 1355 Ioannis
1888 1327 2025 1364 operatio
2041 1334 2058 1356 a
2074 1327 2135 1356 Deo

1182 1375 1261 1408 crat,
1285 1375 1313 1401 et
1336 1371 1504 1410 baptismus
1533 1373 1582 1402 iiie
1604 1382 1621 1403 a
1643 1374 1705 1403 Deo
1728 1377 1807 1409 erat,
1830 1382 1887 1403 non
1904 1367 1950 1404 'ab
1973 1374 2136 1412 homine⁰;

1180 1419 1233 1448 sed
1256 1418 1390 1449 hominis
1412 1420 1511 1450 dictus
1534 1424 1594 1458 cst,
1617 1422 1688 1459 quia
1711 1421 1786 1451 nihil
1803 1421 1842 1451 ibi
1860 1421 2038 1459 gerebatur,
2054 1423 2135 1462 quod
2153 1427 2246 1449 Dubium
2261 1429 2282 1451 4.

1181 1475 1238 1497 non
1261 1471 1363 1507 ageret
1383 1469 1483 1498 homo.

1595 1567 1722 1597 Camv.

1332 1662 1366 1692 Si
1383 1662 1444 1702 fait
1466 1663 1697 1694 Sacramentum
1720 1663 1888 1703 baptismus
1911 1664 1971 1695 ille.

1257 1759 1288 1789 Si
1310 1767 1381 1789 vero
1404 1760 1577 1798 quaeritur,
1607 1769 1644 1791 an
1674 1761 1902 1792 Sacramentum
1924 1762 2033 1798 fuerit;
2062 1763 2135 1793 satis

1176 1809 1275 1844 potest
1303 1807 1429 1836 concedi
1452 1815 1488 1837 ex
1512 1816 1547 1838 eo
1570 1817 1674 1845 sensu,
1700 1818 1760 1848 quo
1785 1810 1895 1850 leqalia
1916 1810 2006 1850 siqua
2027 1811 2134 1841 dicun-

1176 1858 1225 1884 tur
1252 1854 1455 1886 Sacramenta.
1484 1856 1680 1894 Significabat
1708 1858 1787 1888 enim
1818 1858 1986 1897 baptismus
2015 1860 2134 1890 Ioannis

1175 1911 1238 1932 rem
1261 1911 1396 1946 sacram,
1419 1904 1536 1935 scilicet
1559 1905 1744 1944 baptismum
1767 1907 1893 1943 Christi,
1916 1909 1967 1947 qui
1992 1917 2049 1938 non
2074 1913 2134 1939 tan-

1175 1955 1237 1981 tum
1260 1956 1305 1982 est
1327 1953 1546 1991 poenitentiae,
1568 1955 1621 1984 sed
1643 1959 1672 1985 et
1694 1956 1880 1986 remissionis
1907 1961 2111 1995 peccatorum.

1583 2052 1651 2082 CAP.
1674 2053 1722 2084 VI.

1405 2150 1447 2179 De
1467 2150 1569 2188 forma
1593 2149 1740 2189 baptismi
1758 2152 1895 2193 [oamzis.

1254 2245 1309 2275 Hic
1330 2247 1585 2278 considerandum
1613 2252 1673 2285 est,
1695 2250 1720 2279 si
1744 2249 1887 2288 baptizati
1910 2260 1926 2281 a
1948 2251 2058 2282 Ioanne
2081 2252 2132 2282 ite-

1174 2302 1239 2323 rum
1263 2294 1407 2333 baptizati
1429 2300 1498 2326 sunt
1521 2296 1671 2334 baptismo
1695 2298 1821 2336 Christi,
1837 2302 1940 2338 etqua
1957 2300 2052 2331 forma
2068 2309 2132 2331 ver-

1173 2341 1280 2372 borum
1311 2352 1384 2373 usus
1411 2344 1450 2373 sit
1478 2345 1611 2375 Ioannes.
1633 2347 1737 2376 —Ilii
1768 2348 1821 2385 qui
1852 2348 1994 2386 baptizati
2017 2353 2086 2379 sunt
2115 2354 2176 2380 aDe
2200 2351 2293 2399 itggfffi

1173 2390 1300 2426 Ioanne,
1329 2392 1515 2428 nescientes,
1545 2394 1690 2432 Spiritum
1713 2400 1850 2426 sanctum
1874 2405 1955 2435 csse,
1980 2406 2016 2427 ac
2043 2407 2127 2437 spem
2162 2385 2277 2427 Hg'forma.

1173 2444 1319 2477 ponentes
1333 2441 1360 2470 in
1379 2441 1458 2471 iliius
1475 2442 1641 2480 baptismo,
1658 2447 1761 2482 postea
1779 2444 1921 2483 baptizati
1944 2450 2014 2476 sunt
2035 2447 2130 2485 bapti-

1173 2496 1238 2517 smo
1255 2488 1423 2518 Christi.—
1439 2490 1608 2528 Baptismus
1624 2496 1724 2521 autem
1740 2492 1858 2522 Ioannis
1874 2493 1908 2523 in
1922 2493 2046 2524 nominc
2061 2504 2131 2525 ven-
2146 2494 2239 2515 Dubium
2254 2495 2274 2516 ''⁶'-

1174 2535 1239 2565 tari
1253 2537 1437 2567 tradebatur.
1455 2538 1539 2568 Unde
1554 2539 1757 2578 Hieronymus
1771 2541 1779 2555 ⁷
1796 2550 1888 2579 super
1903 2542 2028 2572 Ioelem:
2050 2544 2129 2579 «Qui

1173 2583 1261 2620 dicit,
1285 2593 1317 2614 se
1340 2585 1368 2614 in
1392 2585 1542 2615 Christum
1566 2587 1707 2624 credere,
1731 2592 1759 2617 ct
1782 2597 1839 2618 non
1863 2590 1959 2619 credit
1988 2591 2015 2620 in
2039 2591 2130 2629 Spiri-

1173 2635 1234 2661 tum
1258 2637 1412 2668 sanctum,
1442 2634 1573 2664 nondum
1602 2635 1691 2665 habet
1715 2636 1814 2666 claros
1836 2637 1950 2668 oculos.
1974 2638 2057 2669 Unde
2081 2639 2129 2669 ba-

1173 2680 1275 2717 ptizati
1299 2689 1314 2710 a
1338 2681 1446 2711 Ioanne
1462 2681 1494 2711 ia
1510 2682 1634 2712 ‘nomine
1651 2684 1790 2719 centuri,
1809 2686 1837 2714 id
1854 2690 1899 2715 est
1914 2687 2030 2716 Domini
2048 2688 2127 2723 lesu,

1171 2729 1243 2766 quia
1266 2729 1425 2758 dixerunt:
1449 2730 1507 2760 Sed
1526 2739 1640 2771 neque,
1662 2731 1691 2761 si
1712 2732 1846 2771 Spiritus
1864 2739 1987 2765 sanctus
2001 2740 2060 2770 est,
2077 2746 2129 2766 az(-

1171 2776 1323 2811 (licinms,
1348 2778 1454 2807 iterum
1480 2778 1726 2818 baptizabantur,
1749 2782 1840 2812 immo
1857 2791 1960 2813 verum
1978 2784 2127 2823 baptisma

1170 2825 1402 2863 accipiebant».
1426 2826 1469 2856 Ilii
1494 2836 1581 2862 vero,
1604 2829 1654 2866 qui
1675 2838 1759 2867 spem
1778 2839 1835 2860 non
1852 2837 2019 2869 posueruut
2035 2833 2062 2862 in
2079 2833 2128 2863 ba-

1170 2874 1279 2911 ptismo
1292 2874 1419 2910 Ioannis,
1435 2878 1464 2904 et
1478 2876 1595 2906 Patrem
1612 2880 1640 2906 et
1656 2877 1763 2907 Filium
1780 2882 1808 2908 ct
1824 2879 1967 2918 Spiritum
1988 2886 2125 2912 sanctmn

222 3028 229 3044 1
250 3029 327 3059 Echi,
357 3031 469 3061 exceptis
499 3031 526 3062 t,
556 3032 585 3063 2,
615 3030 755 3058 benedictio
783 3032 881 3066 panis,
913 3034 1103 3065 refragantibus

151 3072 240 3103 codd.;
262 3073 335 3097 lectio
354 3077 440 3098 autent
461 3078 546 3099 nostra
567 3076 707 3107 respondet
726 3077 846 3102 locutioni
862 3078 888 3109 (1.
903 3077 958 3103 Cor.
979 3079 1021 3108 10,
1048 3078 1101 3110 16);

152 3116 230 3142 Galim
248 3115 446 3150 benedictionis,
469 3120 509 3143 cui
524 3119 715 3151 bencdiCimtiS,
731 3128 815 3146 nonne
829 3123 1029 3147 communicatio
1047 3130 1102 3147 san-

150 3160 235 3190 guinis
255 3159 346 3185 Christi
367 3164 412 3191 cst,
432 3165 456 3186 ct
474 3161 567 3194 panis,
590 3169 667 3195 quem
686 3162 840 3197 sranqimus
859 3167 924 3190 etc?
939 3179 972 3182 —-
986 3166 1057 3197 Quae
1077 3167 1100 3191 in

149 3204 197 3228 hac
217 3204 273 3229 dist.
294 3208 438 3237 sequuntur
459 3206 511 3230 scre
531 3207 639 3231 totaliter
658 3210 741 3232 sumta
762 3212 821 3233 sunt
846 3216 875 3234 ex
901 3210 1017 3241 Hugonis
1036 3218 1049 3235 a
1076 3211 1101 3235 S.

148 3247 214 3272 Vict.
234 3248 250 3272 1.
271 3248 303 3273 de
322 3249 435 3274 Sam-am.
458 3257 481 3280 p.
504 3250 562 3275 Vilt.
583 3257 603 3275 c.
625 3251 653 3282 3,
674 3252 718 3276 cfr.
739 3253 809 3277 Sum.
831 3254 898 3278 Sent.
919 3257 947 3278 tr.
969 3254 991 3278 5.
1013 3262 1033 3279 c.
1060 3255 1078 3279 Ι.

218 3291 229 3307 3
248 3291 329 3317 Codd.
350 3292 368 3318 C
381 3293 428 3317 DE
447 3297 471 3318 et
491 3294 532 3319 cd.
558 3295 563 3318 1
588 3294 675 3320 etiam.
695 3309 730 3314 —
749 3296 845 3328 Locus,
866 3298 909 3329 qui
925 3299 1049 3330 sequitur,
1063 3302 1102 3324 cst

148 3335 264 3366 lingonis
278 3335 339 3361 ibid.
355 3343 378 3361 c.
402 3337 438 3361 13.
451 3352 483 3355 —
497 3338 551 3363 Vat.
573 3339 665 3363 omittit
679 3338 715 3364 acl
727 3339 934 3366 Sacramentum
948 3343 979 3367 et.
1002 3357 1034 3359 —
1055 3343 1099 3367 lte-

148 3380 254 3410 spicitur
273 3380 334 3405 Gen.
350 3381 372 3411 ⁶2,
388 3381 429 3405 21..
451 3396 483 3398 —
504 3382 538 3407 De
559 3383 723 3408 matrimonio
743 3387 865 3410 tractatur
884 3386 947 3410 iufra
968 3386 991 3411 d.
1007 3386 1099 3411 XXVt.

1238 3034 1249 3051 3
1267 3036 1343 3067 Hugo
1363 3044 1375 3060 a
1397 3037 1420 3061 S.
1443 3038 1520 3068 Vict.‚
1542 3039 1613 3062 Sum.
1635 3039 1702 3063 Scnt.
1724 3039 1770 3064 loc.
1792 3041 1846 3071 cit.,
1868 3041 1913 3065 ubi
1934 3042 2010 3066 eliani
2031 3050 2123 3068 omnes

1167 3086 1240 3111 seqq.
1261 3080 1317 3105 ioci.
1337 3094 1372 3098 -
1392 3080 1417 3104 in
1438 3081 1486 3105 hoc
1506 3088 1562 3112 cap.
1583 3081 1655 3106 locus
1679 3083 1827 3113 Scripturac
1852 3088 1891 3108 est
1916 3084 2000 3109 Matth.
2023 3085 2051 3117 3,
2080 3087 2122 3117 11;

1167 3124 1211 3149 cfr.
1232 3124 1310 3149 Marc.
1333 3125 1356 3155 i,
1378 3125 1406 3156 8;
1427 3125 1487 3150 Luc.
1509 3126 1537 3156 3,
1564 3126 1603 3156 16;
1625 3126 1691 3151 ioan.
1717 3127 1741 3158 t,
1763 3128 1808 3158 263
1830 3129 1882 3153 Act.
1909 3130 1932 3160 t,
1954 3129 1977 3154 5.
1993 3134 2017 3155 ρῑ
2037 3131 2078 3163 ta,
2100 3131 2123 3156 4.

1238 3167 1248 3184 ⁴
1267 3169 1352 3193 Mattli.
1374 3170 1402 3200 3,
1424 3170 1452 3200 ὓς
1474 3170 1549 3195 Marc.
1576 3170 1600 3202 i,
1621 3170 1644 3195 5.

1236 3212 1247 3229 5
1268 3213 1352 3238 Matth.
1374 3214 1421 3245 21,
1442 3213 1483 3238 25.

1236 3256 1247 3272 θ
1268 3257 1324 3281 Vat.
1345 3264 1404 3282 cum
1425 3258 1516 3288 paucis
1535 3258 1594 3283 cdd.
1615 3259 1702 3284 adiicit
1721 3260 1835 3285 tantum.

1236 3301 1247 3316 ⁷
1266 3300 1410 3326 Commeat.
1432 3302 1455 3326 in
1477 3302 1524 3326 ioci
1546 3309 1567 3327 c.
1588 3303 1610 3327 2.
1631 3303 1690 3328 Loci
1711 3304 1857 3335 Scripturac
1878 3309 1937 3330 sunt
1955 3306 2008 3331 Act.
2034 3308 2076 3338 19,
2098 3307 2120 3332 4.

1166 3348 1190 3369 et
1210 3346 1233 3369 2.
1253 3344 1304 3370 Ctr.
1324 3346 1400 3370 etiam
1421 3345 1447 3370 C.
1469 3345 1550 3371 Alina
1561 3348 1599 3372 est
1613 3347 1690 3380 (39.)‚
1712 3348 1743 3374 dc
1758 3349 1904 3375 Consecrat.
1920 3351 1976 3376 dist.
2000 3351 2022 3376 t.
2038 3366 2071 3369 —
2085 3352 2120 3377 De

1165 3389 1329 3420 impositione
1349 3396 1475 3414 manuum
1494 3398 1574 3422 super
1593 3390 1735 3423 baptizatos
1755 3393 1814 3418 vide
1836 3395 1888 3419 Act.
1910 3395 1937 3427 3,
1967 3395 2003 3420 17.
