2483 3882
334 1905 433 1932 Quaestio

330 1937 431 1953 connexa.

287 2378 339 2399 Tres
350 2377 432 2404 species

297 2405 432 2434 circumstan-

298 2433 381 2451 tiarum.

288 2483 399 2504 Conclusio
412 2484 431 2503 1.

288 2589 399 2610 Conclusio
411 2589 431 2609 2.

441 236 506 268 2462

532 324 561 355 Ξ).
586 323 678 359 ltem,
703 319 956 353 circumstantiae
980 320 1053 349 sunt
1077 316 1215 348 infinitae
1238 315 1327 347 nobis
1336 327 1344 353 3
1361 318 1391 346 et

442 375 550 407 nullus
574 377 697 405 tenetur
721 372 761 404 ad
784 371 863 403 illud
887 369 971 412 quod
996 369 1055 400 sibi
1079 371 1126 400 est
1154 365 1389 408 impossibile¹:

443 436 518 469 ergo
540 436 601 459 non
626 429 750 458 tenetur
774 421 1025 456 circumstantias
1056 420 1174 462 peccati
1206 419 1390 460 recolligere

443 483 473 512 et
496 479 624 511 referre.

532 531 561 563 3.
584 531 676 567 Item,
701 537 762 560 non
786 531 833 560 est
864 535 1007 565 necesse,
1040 525 1125 568 quod
1157 523 1311 566 peccatori
1337 523 1391 554 im-

442 587 537 625 ponat
571 581 717 614 sacerdos
752 580 795 612 ita
828 587 957 620 gravem
992 586 1142 619 poenam,
1177 576 1258 609 sicut
1294 574 1392 616 exigit

443 636 552 677 culpa,
577 634 673 666 immo
697 637 760 665 tota
784 633 834 665 die
865 632 1071 673 imponuntur
1104 629 1203 662 multo
1236 628 1389 660 minores:

442 697 517 730 ergo
542 688 609 729 pari
634 686 752 718 ratione
783 695 844 717 non
876 689 923 717 est
954 692 1098 722 necesse,
1130 682 1215 724 quod
1246 685 1390 723 peccator

442 740 645 778 confiteatur,
670 748 702 771 se
728 739 768 770 ita
793 737 930 779 graviter
953 744 1116 778 peccasse,
1141 735 1221 767 sicut
1243 733 1391 775 peccavit.

531 794 561 824 [ι.
586 793 678 830 Item,
703 791 727 823 si
753 794 876 822 tenetur
905 789 1046 822 confiteri
1077 787 1328 821 circumstantias
1352 787 1391 818 ad

443 846 601 879 sciendam
626 844 830 886 quantitatem
856 843 992 885 peccam
1016 842 1069 874 sed
1095 841 1253 883 quantitas
1274 840 1391 882 peccati

444 907 504 930 non
529 898 643 935 scitur,
668 896 727 928 nisi
752 895 892 928 sciantur
916 893 1170 927 circumstantiae
1201 885 1392 925 attentantes

443 952 524 984 sicut
547 953 770 992 aggravantes,
795 952 825 981 et
849 948 1101 981 circumstantiae
1131 946 1332 979 defendentes
1356 945 1393 977 si-

444 1007 496 1036 cut
519 1006 718 1035 accusantes:
751 1011 825 1043 ergo
858 1001 951 1032 homo
983 1003 1106 1032 tenetur
1138 999 1169 1030 in
1201 998 1393 1030 confessione

444 1065 477 1089 se
501 1057 603 1098 ipsum
629 1064 800 1092 excusare,
826 1054 879 1086 sed
905 1054 963 1085 hoc
988 1056 1034 1085 est
1058 1052 1189 1084 falsum:
1214 1059 1288 1091 ergo
1313 1054 1369 1082 etc.

533 1110 560 1140 5.
578 1109 671 1147 Item,
689 1108 831 1145 videtur,
849 1106 933 1147 quod
951 1104 1186 1137 circumstantia
1202 1112 1263 1135 non
1280 1105 1393 1143 augeat

444 1162 667 1203 quantitatem,
692 1160 766 1202 quia
789 1160 819 1191 in
844 1158 933 1190 bonis
950 1157 1107 1199 quantitas
1124 1155 1226 1188 meriti
1245 1164 1305 1187 non
1323 1164 1393 1187 cau-

445 1218 532 1247 satur
557 1223 597 1246 ex
622 1211 881 1249 circumstantiis,
907 1210 961 1242 sed
989 1219 1030 1241 ex
1055 1209 1228 1251 quantitate
1259 1208 1393 1246 amoris,

444 1276 507 1308 quo
531 1265 723 1298 convertitur
748 1264 851 1303 homo,
865 1263 904 1295 ad
922 1263 1022 1294 Deum
1037 1261 1065 1292 2z
1084 1270 1158 1303 ergo
1175 1261 1243 1302 pari
1261 1260 1394 1298 ratione,

445 1327 516 1351 cum
541 1321 703 1360 peccatum
728 1317 768 1349 sit
792 1316 931 1353 aversio,
963 1314 1121 1356 quantitas
1150 1313 1264 1355 peccati
1299 1312 1396 1345 consi-

444 1372 497 1404 stit
520 1371 551 1402 in
577 1370 705 1402 libidine
729 1370 794 1401 sive
819 1371 999 1409 contemptu
1023 1366 1143 1399 cordis:
1177 1375 1238 1398 non
1263 1374 1337 1407 ergo
1363 1365 1391 1397 in

445 1422 680 1456 circumstantia
703 1421 863 1454 exteriori.

533 1477 562 1508 6.
588 1476 680 1514 item,
705 1475 849 1511 videtur,
881 1473 965 1514 quod
990 1482 1051 1504 non
1084 1472 1136 1504 det
1168 1471 1303 1513 speciem
1328 1480 1396 1513 pec-

444 1533 530 1567 cato,
546 1528 620 1570 quia
644 1537 736 1560 omne
761 1527 854 1565 illud,
872 1526 955 1568 quod
974 1526 1026 1557 dat
1044 1525 1177 1566 speciem
1196 1528 1227 1556 et
1243 1524 1394 1562 sormam,

444 1582 537 1615 debet
566 1590 633 1614 esse
665 1579 829 1612 essentiale
860 1582 890 1611 et
922 1578 1127 1610 intrinsecum
1159 1580 1189 1609 et
1221 1577 1395 1615 unicum³;

445 1634 499 1667 sed
524 1633 778 1666 circumstantiae
802 1635 875 1664 sunt
907 1630 1103 1663 extrinsecae
1134 1634 1164 1662 et
1188 1629 1395 1662 accidentales

444 1691 474 1720 et
498 1686 680 1719 variabiles:
700 1694 774 1726 ergo
792 1684 878 1716 nulla
895 1683 1118 1716 circumstantia
1136 1682 1231 1714 trabit
1248 1682 1278 1714 in
1296 1691 1395 1724 genus

444 1739 561 1781 peccati
598 1747 731 1770 novum:
764 1746 825 1768 non
857 1745 932 1777 ergo
963 1736 1106 1773 videtur,
1139 1735 1223 1776 quod
1254 1738 1395 1776 oporteat

446 1791 696 1825 circumstantias
720 1790 870 1823 confiteri.

536 1845 586 1876 Est
611 1844 705 1885 igitur
729 1842 890 1884 quaestio,
915 1850 993 1883 quas
1017 1844 1159 1882 oporteat
1182 1840 1340 1879 confiteri,
1365 1843 1395 1873 et

448 1906 526 1939 quas
550 1906 621 1928 nou.

801 2008 1041 2032 CONCLUSIO.

448 2106 613 2149 Confessio
650 2105 984 2138 etrenmstanastrum
1019 2104 1157 2145 spectem
1194 2103 1396 2135 mutantium

532 2158 722 2191 necessaria
757 2162 821 2195 est,
851 2157 1113 2199 agyffl'avantz'nm
1148 2160 1193 2188 est
1228 2166 1394 2199 conyraa,

534 2211 760 2244 attrectantium
784 2219 861 2242 vero
881 2210 993 2251 potins
1019 2209 1213 2251 incongrua.

534 2317 733 2349 RESPONnno:
772 2315 964 2354 Dicendum,
1004 2315 1088 2357 quod
1124 2315 1395 2354 circumstantiae,

446 2379 526 2412 quae
550 2370 706 2411 attingunt
730 2372 910 2411 peccatum,
927 2368 1082 2410 quaedam
1101 2372 1174 2400 sunt
1190 2368 1395 2406 alleviante&

446 2423 601 2465 quaedam
627 2423 656 2455 in
682 2422 777 2454 atiud
797 2432 901 2464 penas
919 2421 1100 2459 trahentes,
1118 2421 1273 2463 quaedam
1291 2421 1396 2463 aliquo

446 2476 540 2508 modo
564 2479 797 2517 adgravante&
821 2474 1078 2506 Circumstantias
1109 2474 1139 2505 in
1172 2474 1268 2506 atz'itct
1292 2483 1397 2516 penas

448 2528 610 2560 trahentes
634 2528 773 2560 confiteri
798 2531 845 2559 est
869 2527 1100 2565 necessarium,
1124 2526 1272 2568 quoniam
1297 2536 1396 2568 genus

446 2581 563 2623 peccati
589 2581 727 2613 confiteri
753 2584 883 2621 oportet.
903 2599 942 2602 —
960 2580 1217 2612 Circumstantias
1234 2588 1309 2611 vero
1325 2579 1397 2611 atte-

445 2634 572 2666 ntantes
596 2633 736 2666 confiteri
760 2642 821 2664 non
847 2636 894 2665 est
916 2633 1051 2671 bonum,
1084 2632 1143 2664 nisi
1168 2635 1296 2674 propter
1322 2633 1396 2671 hoc,

446 2690 481 2718 ut
505 2686 635 2718 satisfiat
658 2686 776 2717 alienae
801 2685 1012 2726 inquisitioni,
1045 2685 1095 2717 vel
1126 2689 1161 2716 ut
1193 2684 1396 2726 provideatur

447 2739 515 2771 eius
539 2738 685 2770 scandalo
709 2743 739 2769 et
762 2738 1008 2779 perturbationi,
1040 2741 1148 2779 utpote
1172 2737 1197 2769 si
1230 2737 1396 2776 timeret&

448 2790 656 2823 consessorem
681 2799 719 2822 ex
746 2790 805 2821 hoc
829 2790 970 2831 accipere
993 2790 1187 2822 occasionem
1205 2790 1242 2821 ad
1263 2790 1397 2828 malum,

449 2843 499 2875 vel
524 2843 548 2875 si
574 2843 664 2874 etiam
692 2845 811 2874 tantum
837 2842 1009 2880 diminuat,
1038 2846 1072 2873 ut
1097 2842 1135 2873 sit
1158 2842 1189 2873 in
1215 2850 1328 2883 genere
1351 2851 1397 2873 ve-

448 2895 567 2933 ntalts,
593 2895 672 2927 sicut
696 2894 860 2926 comedere
884 2903 994 2926 carnes
1018 2894 1048 2925 in
1066 2893 1313 2935 Quadragesima
1329 2902 1397 2935 pro-

448 2952 518 2990 pter
542 2947 774 2986 infirmitatem,
799 2947 841 2979 ita
866 2951 988 2985 tamen,
1013 2947 1097 2988 quod
1120 2955 1138 2977 a
1162 2946 1259 2978 latere
1280 2955 1341 2978 non
1359 2946 1398 2978 sit

1200 227 1483 261 SENTENTIARUM
1506 226 1574 258 ΗΒ.
1599 226 1645 258 ιν.
2463 208 2465 232 ³

1455 313 1605 355 gulositas
1629 312 1744 354 aliqua.
1770 312 1804 344 Et
1827 312 1907 344 ratio
1930 311 2026 344 huius
2050 315 2113 350 est,
2138 313 2212 354 quia
2236 313 2265 344 in
2288 314 2402 346 confes-

1455 365 1541 398 sione
1564 374 1625 397 non
1643 365 1736 397 debet
1752 367 1895 405 peccator
1912 373 1944 396 se
1959 374 2137 403 excusare,
2160 366 2214 398 sed
2231 375 2400 398 accusare.

1455 436 1498 441 —
1521 418 1565 450 De
1597 417 1839 449 circumstantiis
1869 421 1993 456 autem,
2024 426 2105 458 quae
2136 422 2343 460 aym-avant,
2375 419 2400 451 si
2413 426 2483 454 eona„

1455 479 1554 512 genus
1579 469 1696 511 peccati
1720 478 1782 501 non
1804 472 1960 501 mutatum
1985 473 2049 508 est,
2081 472 2128 502 est
2155 470 2236 502 inter
2260 471 2401 504 doctores

1455 523 1560 564 opinio
1584 523 1718 555 diversa.

1545 575 1679 616 Quidam
1703 575 1784 607 enim
1810 575 1934 614 dicunt,
1966 575 2050 616 quod
2082 575 2275 616 poenitentes
2303 579 2403 608 tenen·
2415 583 2483 611 optut.

1457 632 1512 660 tur
1537 628 1694 665 confiteri;
1727 628 1781 660 sed
1805 631 2007 669 praeceptum
2040 628 2263 660 affirmativum
2296 632 2343 661 est
2374 632 2403 662 et

1456 680 1573 721 obligat
1596 688 1657 711 non
1682 679 1728 711 act
1748 688 1893 720 semper,
1926 680 1981 711 sed
2001 689 2065 720 pro
2095 679 2161 711 loco
2185 684 2213 712 et
2247 684 2403 721 tempore,

1457 733 1573 765 scilicet
1596 732 1722 774 quando
1746 741 1799 764 eas
1823 732 1996 773 cognoscit,
2013 732 2077 764 sive
2102 741 2157 774 per
2182 742 2232 772 se,
2255 734 2319 765 sive
2348 743 2402 775 per

1457 785 1688 827 inquisitionem
1721 785 1864 817 alienam.
1897 785 1983 817 Unde
2015 785 2138 826 sapiens
2170 789 2200 818 et
2228 786 2402 827 intelligens

1457 842 1581 871 tenetur
1611 847 1663 870 eas
1695 837 1836 870 confiteri
1867 838 1987 879 absque
2019 837 2234 880 inquisitione,
2267 838 2402 880 simplex

1457 894 1598 929 tenetur,
1623 891 1648 922 si
1672 890 1711 922 ab
1736 899 1772 923 eo
1797 890 1984 932 inquiratur.

1546 944 1601 975 Alii
1626 944 1750 982 dicunt,
1775 944 1859 985 quod
1875 953 1941 975 non
1958 947 2103 975 tenemur
2124 944 2164 975 ad
2182 944 2404 977 confessionem
2418 949 2466 976 Opin

1457 997 1573 1028 harum
1598 995 1906 1028 circumstantiarum
1938 997 2074 1028 tentione
2105 996 2325 1034 necessitatis,
2350 998 2404 1030 sed

1458 1049 1495 1080 (le
1520 1049 1599 1080 bono
1623 1053 1651 1080 et
1675 1057 1797 1090 aequm
1821 1052 1851 1080 et
1867 1052 1984 1090 quanto
2002 1049 2100 1089 magis
2122 1049 2277 1090 sapientes
2294 1053 2323 1081 et
2340 1059 2406 1091 per-

1458 1102 1546 1140 fecti,
1571 1105 1656 1133 tanto
1680 1101 1779 1142 magis
1804 1101 1918 1133 debent
1942 1101 2118 1133 distinctius
2150 1111 2202 1134 eas
2230 1102 2389 1143 explicare
2398 1115 2406 1142 ;
2474 1104 2477 1132 l

1459 1155 1514 1186 sed
1537 1163 1599 1186 non
1622 1157 1769 1186 tenentur
1791 1154 1831 1186 ad
1855 1154 1931 1192 hoc,
1955 1154 2013 1186 nisi
2039 1154 2117 1187 forte
2138 1163 2178 1186 ex
2195 1155 2323 1196 propria
2340 1164 2408 1187 cou—
2476 1192 2477 1202 ἵ

1459 1206 1587 1239 scientia
1611 1206 1798 1247 obligentur.
1822 1225 1866 1229 —
1890 1206 1971 1238 Hanc
2002 1207 2187 1248 positionem
2219 1207 2314 1239 credo
2337 1211 2483 1249 pro-cmi

1459 1259 1653 1291 habiliorem.
2317 1252 2322 1257 ’
2476 1247 2478 1277 ³

1549 1311 1634 1343 Unde
1659 1311 1844 1350 dicendum,
1877 1311 1961 1353 quod
1986 1312 2137 1344 confessio
2161 1312 2483 1345 circumstantia-Erue·

1460 1373 1531 1396 rum
1557 1364 1588 1396 iu
1612 1364 1708 1396 attuit
1727 1374 1832 1406 yentts
1857 1363 2059 1396 trahentium
2083 1368 2201 1406 spectat
2228 1365 2269 1397 ad
2294 1366 2409 1398 confes-

1460 1417 1577 1449 sionem
1613 1420 1767 1458 quantum
1803 1417 1842 1449 ad
1875 1417 2116 1455 necessitatenz;
2148 1418 2300 1450 confessio
2332 1427 2406 1451 vero

1460 1470 1720 1512 agyqravanttam
1753 1473 1905 1511 quantum
1938 1471 1977 1502 ad
2006 1471 2270 1512 conyrztttatenz;
2295 1471 2410 1503 confes-

1460 1523 1505 1555 sio
1529 1531 1604 1554 vero
1628 1522 1855 1554 alleviantiam
1889 1522 1993 1564 potius
2024 1522 2096 1554 facit
2128 1522 2406 1564 incongruitatem3

1460 1579 1491 1608 et
1514 1575 1571 1607 hoc
1596 1575 1798 1616 intelligatur,
1823 1574 1963 1616 exceptis
1987 1575 2112 1607 casibus
2136 1575 2312 1616 praedictis.
2480 1607 2481 1612 ,

1549 1628 1664 1660 Omnes
1680 1628 1775 1668 igitur
1797 1627 1932 1659 rationes
1953 1627 2138 1668 probantes,
2155 1628 2407 1661 circumstantias
2421 1629 2483 1680 ΑᾱἻέ

1460 1690 1528 1714 esse
1552 1681 1759 1719 confitendas,
1778 1683 1850 1713 sunt
1871 1681 2090 1723 conyrttitatt's
2113 1684 2266 1722 quantum
2291 1682 2330 1714 ad
2355 1691 2408 1724 ay·
2433 1665 2483 1708 3³31?

1457 1738 1658 1776 gravantes,-
1674 1733 1774 1772 aliter,
1792 1733 1817 1765 si
1842 1733 1939 1766 velint
1960 1734 2095 1775 probare
2119 1734 2352 1773 necessitatem,
2369 1735 2407 1767 ab

1460 1786 1658 1819 insufficienti
1682 1787 1875 1827 procedunt,
1899 1787 1952 1819 illa
1975 1790 2121 1828 excepta,
2139 1796 2219 1829 quae
2236 1791 2283 1819 est
2299 1787 2337 1819 de
2354 1788 2410 1820 cir-

1459 1839 1647 1871 cumstantia
1671 1839 1814 1871 trahente
1838 1839 1869 1871 in
1894 1839 1979 1871 aliud
2006 1848 2113 1881 genus.

1551 1893 1577 1923 1.
1596 1893 1624 1923 Ξ).
1641 1892 1671 1923 [ι.
1691 1893 1718 1923 5.
1737 1893 1765 1923 7.
1784 1892 1870 1924 Unde
1893 1892 2026 1924 verbum
2056 1892 2218 1934 Augustini
2242 1893 2409 1925 consilium

1458 1948 1514 1977 est.
1538 1963 1581 1967 ——
1610 1945 1645 1976 Et
1673 1944 1757 1986 quod
1789 1944 1934 1977 obiicitur
1966 1945 2005 1977 de
2036 1945 2208 1986 quantitate
2240 1948 2270 1977 et
2301 1946 2409 1978 erube-

1460 1998 1576 2030 scentia
1607 2001 1638 2030 et
1667 1997 1865 2029 accusatione
1897 2001 1927 2029 et
1958 1997 2118 2039 diligentia
2154 1998 2316 2037 habenda,
2348 2008 2408 2030 non

1460 2050 1652 2083 concludunt
1666 2050 1687 2087 ⁵,
1712 2050 1770 2082 nisi
1800 2050 1884 2092 quod
1909 2050 2136 2091 competentius
2161 2051 2230 2090 fiat,
2255 2051 2280 2083 si
2305 2052 2408 2093 expri-

1459 2106 1565 2135 matur
1589 2102 1756 2135 cuiuslibet
1778 2102 1895 2144 peccati
1920 2103 2164 2135 circumstantia.

1549 2156 1638 2197 Quod
1662 2155 1808 2187 obiicitur
1825 2155 1856 2186 in
1874 2155 2067 2187 contrarium
2079 2181 2086 2194 ,
2108 2156 2193 2197 quod
2211 2165 2272 2188 non
2289 2160 2409 2198 oportet
2432 2160 2476 2181 ΛΦ

1460 2217 1513 2241 eas
1536 2208 1695 2246 confiteri,
1720 2208 1976 2240 concedendum⁶
2001 2211 2056 2240 est.
2421 2193 2477 2240 322³?

1548 2262 1577 2293 lt.
1603 2261 1719 2293 Tamen
1744 2260 1821 2293 illud
1846 2261 1931 2302 quod
1955 2260 2076 2299 obiicit,
2101 2262 2185 2303 quod
2210 2262 2410 2294 circumstan-

1461 2314 1520 2346 tiae
1537 2313 1726 2346 atteot'antes
1742 2316 1816 2345 sunt
1832 2313 2026 2346 confitendae
2039 2317 2111 2350 etc.;
2129 2314 2308 2354 dicendum,
2325 2315 2409 2357 quod

1460 2376 1521 2399 non
1546 2370 1592 2398 est
1617 2366 1733 2398 simile:
1760 2366 1834 2408 quia
1857 2371 2081 2408 ctyqravantes
2105 2376 2166 2399 non
2184 2371 2304 2399 tantum
2322 2378 2409 2409 opor-

1461 2423 1504 2451 tet
1539 2419 1679 2451 confiteri
1718 2422 1847 2460 propter
1885 2419 2091 2460 quantitatem
2127 2421 2262 2461 peccati,
2298 2430 2409 2453 verum

1461 2472 1554 2504 etiam
1579 2476 1707 2513 propter
1732 2472 1980 2504 erubescentiam
2005 2475 2035 2504 et
2058 2473 2298 2506 accusationem.

1551 2527 1578 2557 5'.
1604 2526 1647 2556 Ad
1672 2525 1751 2556 illud
1776 2525 1859 2566 quod
1891 2525 2054 2564 obiicitur,
2087 2526 2171 2567 quod
2204 2535 2265 2558 non
2296 2530 2410 2567 augent

1462 2578 1685 2619 quantitatem,
1711 2577 1896 2616 dicendum,
1928 2578 2012 2619 quod
2037 2587 2098 2609 non
2115 2583 2230 2619 augent
2243 2579 2411 2620 principa-

1462 2631 1553 2669 liter,
1578 2631 1632 2663 sed
1658 2631 1731 2672 quia
1755 2634 1870 2672 augent
1895 2634 2127 2672 contemptum,
2160 2632 2209 2663 vel
2240 2632 2409 2664 libidinem.

1461 2684 1521 2716 Nec
1545 2687 1592 2716 est
1624 2683 1724 2715 simile
1757 2683 1795 2715 de
1828 2683 1926 2721 bon03
1958 2684 2031 2724 quia
2062 2684 2145 2716 euim
2178 2684 2250 2716 boni
2282 2690 2479 2724 sumus,Notat

1461 2736 1543 2767 bona
1565 2735 1737 2774 facimus⁷;
1768 2735 1853 2767 unde
1885 2736 2041 2777 quantitas
2074 2736 2227 2768 bonitatis-5
2259 2737 2343 2769 venit
2371 2737 2409 2769 ab

1462 2787 1576 2819 ltabtta
1600 2788 1796 2826 intrinseco,
1821 2788 1875 2820 sed
1900 2788 2057 2829 quantitas
2081 2789 2229 2821 malitiae
2252 2789 2292 2821 ab
2316 2794 2409 2827 actu,-

1461 2841 1535 2882 quia
1559 2841 1641 2872 enim
1668 2840 1749 2872 mala
1772 2840 1921 2878 facimus,
1947 2840 2019 2872 mali
2045 2850 2165 2873 sumus.

1551 2894 1579 2924 6.
1605 2893 1647 2925 Ad
1678 2893 1755 2925 illud
1788 2894 1872 2935 quod
1904 2893 2067 2933 obiicitur,
2100 2895 2185 2936 quod
2217 2904 2277 2926 non
2311 2897 2409 2927 mutat

1462 2946 1616 2987 speciem,
1648 2946 1833 2984 dicendum,
1866 2946 1950 2987 quod
1982 2950 2028 2978 est
2052 2956 2119 2978 esse
2141 2951 2286 2979 naturae
2309 2951 2339 2980 et
2362 2950 2480 2980 estnistifl

2473 952 2482 974 s-

520 3146 527 3162 l
550 3147 613 3172 Vide
633 3154 710 3178 supra
732 3154 792 3178 pag.
813 3146 875 3178 234,
896 3149 953 3171 nota
974 3147 997 3171 6.

519 3190 529 3206 2
549 3189 598 3215 Csr.
619 3197 697 3221 supra
718 3198 776 3221 pag.
798 3190 862 3221 353,
885 3194 943 3215 nota
964 3191 989 3215 6.
1010 3192 1034 3215 et
1053 3197 1112 3221 pag.
1133 3190 1197 3221 378,
1219 3193 1276 3215 nota
1297 3190 1320 3214 3.

519 3233 530 3249 3
549 3233 598 3258 Csr.
620 3238 679 3259 tom.
700 3234 725 3258 ll.
746 3242 804 3265 pag.
826 3235 888 3265 225,
910 3238 967 3259 nota
982 3235 1005 3259 6.
1021 3248 1054 3251 —
1068 3235 1155 3260 Plures
1169 3234 1244 3259 codd.
1264 3233 1378 3259 unitum.

519 3275 529 3291 ⁴
549 3275 629 3301 Codd.
651 3277 731 3301 RSX
758 3277 838 3303 ttnzor
857 3278 907 3309 cst,
932 3278 988 3302 cod.
1010 3277 1026 3302 F
1047 3276 1173 3303 timerem.
1200 3278 1324 3309 Superius
1349 3283 1397 3308 pro

449 3319 564 3352 satisfiat
581 3320 656 3344 codd.
677 3321 695 3344 Α
707 3321 739 3345 W
760 3325 783 3346 et
803 3321 843 3345 cd.
863 3322 868 3345 1
893 3320 1048 3354 satisfaciat.
1069 3322 1205 3353 Aliquanto
1225 3321 1330 3346 inferius
1349 3328 1397 3352 pro

449 3363 583 3387 mutatum
602 3364 640 3388 est
658 3363 714 3388 cod.
735 3364 755 3388 G
774 3365 887 3389 mutant.

1531 3145 1542 3162 ⁵
1560 3145 1641 3171 Codd.
1661 3146 1731 3171 All<
1752 3149 1776 3170 et
1795 3146 1835 3171 ed.
1861 3146 1866 3170 l
1891 3145 2030 3172 concludit.

1532 3189 1542 3206 ⁶
1563 3190 1617 3214 Vat.
1637 3189 1678 3215 Act
1696 3189 1764 3215 illud
1777 3189 1848 3223 quod
1866 3189 1988 3215 obiicitur
2006 3189 2034 3215 tn
2047 3189 2228 3221 contrarium,
2252 3189 2402 3220 dicendum,

1461 3233 1532 3266 quod
1548 3240 1603 3258 non
1623 3234 1723 3266 oportet
1742 3240 1787 3259 eas
1811 3233 1942 3267 confiteri,
1969 3240 2119 3267 conqramn
2138 3235 2177 3259 est
2202 3235 2297 3259 tamen.
2317 3233 2358 3259 Ad
2375 3232 2405 3258 z'l-

1463 3277 1509 3303 lud
1527 3277 1598 3310 qaod
1616 3276 1750 3309 obiicitur,
1773 3277 1844 3311 qaod
1862 3277 2077 3304 circumstantiae
2091 3277 2246 3304 attentantes
2265 3280 2312 3303 etc.

1530 3320 1541 3336 ⁷
1562 3320 1626 3345 Vide
1645 3327 1724 3352 supra
1745 3328 1804 3352 pag.
1825 3321 1888 3353 352,
1911 3325 1968 3346 nota
1990 3321 2031 3346 lO.
