2483 3882
0 1494 37 1516 lnio
51 1493 70 1514 1.

0 1520 71 1542 distin-

0 2020 73 2048 proba·

0 2052 28 2068 ur.

0 2387 39 2410 inio
53 2389 72 2410 2.

0 2415 33 2445 iiia
43 2415 74 2436 ai-

0 2447 49 2463 ione.

653 240 746 272 DlST.
772 240 867 272 XLIX.
894 240 922 271 P.
948 240 968 271 Ι.
993 239 1074 272 ART.
1099 238 1230 272 UNICUS
1254 239 1407 280 QUAEST.
1432 238 1476 270 ΙΙΙ.

169 329 199 360 li.
224 328 317 366 Item,
342 327 367 359 si
392 327 496 369 aliqua
520 327 623 369 passio
648 327 727 360 inest
751 327 911 369 aliquibus
933 327 1033 360 subie-

83 381 155 420 ctis,
179 380 259 412 inest
283 380 457 412 secundum
482 380 609 422 aliquod
635 380 843 418 commune¹3
868 380 922 412 sed
941 379 1034 412 beati-

84 433 159 466 tudo
187 431 267 465 ine'st
297 432 412 473 Angelo
436 435 466 465 et
490 432 630 464 bomini:
657 441 731 474 ergo
755 433 835 465 inest
859 432 1033 465 secundum

82 485 207 527 aliquod
233 493 399 517 commune
424 484 537 525 Angelo
562 488 592 516 et
616 485 744 516 bomini.
762 485 820 517 Sed
838 494 897 517 non
920 488 966 517 est
982 484 1034 516 ali-

82 537 167 579 quod
191 545 357 569 commune
383 536 496 577 ‚angelo
520 539 550 568 et
574 536 692 568 homini
709 537 767 569 nisi
790 537 919 578 spiritus
937 540 967 569 et
983 546 1033 578 po-

83 590 195 622 tentiae
219 589 419 631 spirituales:
445 597 519 629 ergo
544 589 705 621 beatitudo
729 593 774 622 est
796 593 917 622 tanturn
936 590 966 621 in
984 598 1034 630 po-

82 643 177 675 tentia
200 641 365 684 spirituali.

172 696 199 727 5.
226 695 318 733 Item,
343 694 366 726 si
392 694 497 735 aliqua
522 694 585 726 duo
610 694 842 727 communicant
873 695 902 726 in
928 695 1033 736 aliqua

82 751 195 780 natura
219 750 249 779 et
272 755 334 778 non
359 750 490 788 possunt
514 746 681 778 convenire
706 746 736 778 in
761 755 797 778 eo
821 746 905 788 quod
923 755 1033 788 super-

83 799 226 832 additum
250 802 297 831 est
320 801 469 836 naturae,
499 798 577 830 illud
604 798 843 840 superadditum
868 808 928 830 ΠοΠ
954 799 1034 831 ]Πθεῖ

83 851 256 885 secundum
275 855 437 890 naturam,
456 850 486 882 in
504 860 567 892 qua
584 851 836 888 communicant3
860 851 915 883 sed
940 851 1034 883 bomo
1068 862 1070 865 ’

83 904 293 937 communicat
317 913 388 936 cum
414 903 516 936 brutis
548 904 578 935 in
612 913 743 945 corpore
774 907 805 936 et
833 904 864 935 in
888 904 1033 946 potentiis

83 957 235 990 sentiendi
259 960 289 989 et
306 965 365 988 non
384 959 486 998 potest
502 957 735 988 communicare
752 956 782 988 in
800 957 1031 989 beatitudine²1

83 1018 157 1051 ergo
182 1018 242 1040 non
266 1009 346 1041 inest
369 1009 542 1041 secundum
569 1018 694 1050 corpus.

439 1123 678 1146 CONCLUSIO.

89 1220 263 1253 Beatitado
287 1224 332 1252 est
356 1220 390 1251 in
414 1220 485 1252 sola
509 1221 626 1252 anima
650 1225 686 1253 ut
710 1221 744 1252 in
768 1221 909 1253 subiecto
923 1221 1034 1263 primo

168 1282 229 1314 per
245 1271 506 1311 inhaerentiam,
524 1273 559 1305 in
575 1283 711 1315 corpore
722 1284 798 1306 vero
812 1279 947 1316 propter
965 1283 1035 1305 eon-

172 1325 369 1367 iunctionenz
392 1335 451 1366 per
475 1326 644 1368 quandam
670 1327 938 1358 redundantiam.

172 1432 370 1463 RESPONDEO:
396 1431 440 1463 Ad
466 1431 523 1463 hoc
547 1431 699 1464 dixerunt
719 1431 833 1473 aliqui,
859 1432 943 1473 quod
968 1432 1037 1464 bea—

87 1484 186 1516 titudo
219 1484 333 1516 dicitur
366 1483 554 1525 dupliciter:
584 1484 721 1526 proprie
752 1488 782 1517 et
810 1485 1035 1516 communiter.

86 1536 227 1578 Proprie
251 1539 298 1568 est
321 1537 472 1578 gaudium
498 1537 537 1569 de
562 1537 799 1578 participatione
823 1537 876 1568 Dei
900 1537 1037 1577 perfecta

84 1599 140 1631 per
165 1590 371 1631 cognitionem
401 1593 431 1622 et
462 1599 624 1629 amorem3
654 1590 871 1622 communiter
896 1599 970 1622 vero
994 1590 1038 1622 di-

85 1642 167 1675 citur
184 1642 285 1674 omnis
303 1643 517 1675 remuneratio
534 1643 708 1675 excludens
725 1652 849 1675 omnem
869 1643 1036 1674 miseriam.

85 1695 187 1727 Primo
225 1695 317 1727 modo
350 1695 589 1736 comprehendit
620 1696 796 1736 praemium
821 1695 1037 1727 substantiale

85 1751 224 1786 tantum,
243 1748 382 1779 secundo
400 1748 493 1780 modo
510 1748 729 1786 accidentale,·
754 1749 857 1789 primo
881 1748 975 1780 modo
992 1751 1038 1780 est

85 1803 207 1832 tantum
233 1799 261 1831 in
287 1799 424 1838 anima,
458 1800 596 1833 secundo
626 1800 718 1832 modo
743 1803 790 1832 est
814 1800 845 1831 in
869 1800 986 1831 anima
1010 1804 1039 1831 et

85 1861 221 1894 corpore
245 1855 275 1885 et
299 1856 362 1885 toto
387 1852 560 1885 coniuncto.
578 1872 621 1876 —
638 1853 673 1885 Et
693 1861 750 1894 per
766 1852 825 1884 boc
850 1852 976 1884 solvunt
992 1861 1039 1883 ra—

85 1905 185 1938 tiones
209 1905 249 1938 ad
274 1909 380 1947 partes
404 1905 572 1947 oppositas.

174 1958 232 1991 Sed
257 1958 316 1990 ista
341 1958 454 1990 solutio
479 1967 540 1989 non
569 1958 695 1990 videtur
728 1957 933 1996 conveniens,
966 1966 1040 1998 quo-

85 2011 187 2050 niam,
219 2011 300 2043 sicut
332 2011 406 2043 dicit
438 2011 669 2052 Augustinus³‚
708 2011 829 2043 «beate
861 2011 969 2042 vivere
993 2013 1040 2042 est

85 2064 175 2096 bonis
209 2064 293 2096 veris
328 2063 485 2105 certisque
521 2063 660 2104 gaudere
676 2075 707 2102 »3
743 2063 797 2095 sed
833 2063 985 2104 gaudium
1010 2066 1040 2095 et

91 2116 230 2156 «dolor,
254 2117 334 2149 sicut
359 2116 433 2149 dicit
457 2117 578 2148 decimo
602 2116 779 2158 quartopde
804 2116 971 2154 Trinitate,
994 2119 1041 2148 est

86 2170 185 2211 ipsius
202 2170 324 2201 animae
340 2181 370 2200 »z
395 2178 470 2211 ergo
495 2173 525 2201 et
542 2169 693 2210 gaudium
718 2169 920 2201 beatitudinis
944 2168 1039 2201 estin

86 2222 190 2254 anima
210 2222 292 2254 sicut
315 2222 345 2253 in
371 2222 528 2260 subiecto,
554 2222 620 2254 sive
643 2222 683 2254 sit
707 2222 747 2254 de
772 2221 853 2253 bono
885 2221 1040 2259 increato,

86 2275 170 2317 quod
195 2278 242 2307 est
265 2275 367 2313 Deus,
392 2275 457 2307 sive
481 2275 520 2307 de
544 2275 633 2306 bonis
658 2274 807 2316 corporis.

178 2328 213 2360 Et
235 2328 305 2360 ideo
330 2328 438 2360 dicunt
462 2327 512 2360 alii
531 2327 638 2366 aliter,
657 2327 740 2369 quod
757 2327 922 2369 §attiliani
947 2326 1038 2358 etiam

89 2380 289 2413 accidentale
320 2384 351 2412 et
383 2380 543 2413 beatitudo
574 2379 775 2412 accidentalis
803 2379 904 2411 estin
937 2379 1041 2410 anima

88 2434 169 2466 sicut
193 2433 223 2465 in
249 2433 407 2471 subiecto,
432 2433 486 2465 sed
512 2433 608 2464 liuius
629 2432 752 2474 gaudii
774 2431 918 2464 materia
942 2435 988 2463 est
1010 2431 1040 2463 in

89 2495 237 2528 corpore.
269 2485 343 2527 quia
371 2485 487 2527 gaudet
512 2485 616 2517 anima
641 2485 679 2517 de
704 2484 794 2517 bonis
818 2483 979 2525 corporisg
1012 2487 1042 2515 et

89 2539 160 2572 ideo
183 2539 344 2572 beatitudo
368 2548 429 2570 non
454 2542 500 2571 est
525 2538 555 2569 in
573 2546 704 2579 corpure
730 2537 811 2569 sicut
834 2537 863 2568 in
888 2536 1041 2573 subiecto,

1968 239 2050 270 1005·

1098 327 1152 359 sed
1178 327 1258 359 sicut
1288 326 1318 358 in
1348 326 1492 358 materia
1516 329 1547 358 et
1570 325 1708 363 obiecto,
1734 334 1793 357 non
1820 325 1982 367 principali
2009 329 2051 357 ta-

1100 387 1180 411 men.
1204 397 1248 401 —
1270 378 1329 411 Sed
1354 378 1439 410 istud
1463 387 1523 410 non
1542 377 1657 410 sufficit
1674 377 1795 416 dicere,
1813 378 1886 419 quia
1903 377 2045 409 similiter
2063 389 2206 411 Nonsuffien.

1099 432 1241 464 materia
1263 431 1386 473 yanclii
1414 435 1461 464 est
1485 431 1515 463 in
1540 431 1687 463 omnibus
1711 431 1865 463 creaturis
1890 439 2052 462 remanen-

1099 485 1182 517 tibus
1206 488 1276 526 post
1300 485 1472 517 iudicium:
1498 493 1573 525 ergo
1596 492 1657 515 non
1683 484 1782 524 magis
1818 483 1977 516 diceretur
2008 491 2052 515 se-

1099 537 1238 570 cundum
1264 537 1339 575 boc,
1364 546 1479 578 corpus
1505 540 1645 569 nostrum
1672 536 1843 568 beatificari
1860 545 1954 577 quam
1972 536 2051 568 aliae

1098 594 1284 627 creaturae3
1317 589 1401 631 quod
1434 599 1494 621 nou
1526 593 1573 622 est
1597 589 1784 621 conveniens
1808 589 1921 621 dicere.
1948 607 1991 611 —
2016 588 2053 621 Si

1102 646 1136 674 tn
1160 642 1273 679 dicae,
1299 642 1382 684 quod
1410 642 1507 683 magis
1525 645 1653 683 propter
1671 641 1746 678 hoc,
1763 641 1846 683 quod
1872 641 1966 673 babet
1983 650 2051 673 con-

1099 695 1232 727 ditiones
1263 694 1453 731 nobiliores;
1486 694 1543 726 boc
1576 703 1637 725 ΠοΠ
1670 693 1770 732 valet,
1802 694 1875 735 quia
1907 694 2051 726 similiter

1099 756 1214 789 corpus
1238 747 1312 779 solis
1341 746 1467 779 easdem
1501 746 1709 784 conditiones,
1743 755 1822 787 quas
1853 755 1968 787 corpus
2001 755 2051 778 no-

1099 803 1218 838 strum,
1242 799 1378 831 babebit.

1188 853 1223 884 Et
1246 852 1316 884 ideo
1341 851 1510 884 dicendum
1534 851 1642 890 aliter,
1667 851 1750 892 quod
1776 851 1954 889 beatitudo,
1977 859 2049 883 cum
2098 859 2175 886 opinio
2190 859 2209 893 3.

1100 905 1139 937 sit
1162 905 1313 946 gaudium
1338 904 1377 936 de
1402 904 1508 943 bonis,
1534 907 1581 936 est
1604 904 1635 935 in
1660 904 1765 946 aliquo
1789 904 1870 936 sicut
1894 904 1924 935 in
1948 903 2050 935 subie-
2065 886 2211 933 {imffissi'iif'

1101 962 1149 989 eto
1171 957 1282 998 primo
1303 966 1364 998 per
1388 955 1649 994 inhaerentiam,
1673 959 1702 988 et
1727 956 1770 988 sic
1799 956 1885 995 dico,
1903 956 1987 997 quod
2004 959 2051 988 est

1102 1011 1130 1042 in
1156 1010 1221 1042 sola.
1245 1010 1369 1047 animag
1395 1013 1425 1041 et
1449 1013 1494 1041 est
1519 1009 1549 1040 in
1574 1009 1680 1050 aliquo
1712 1009 1791 1040 sicut
1824 1009 1853 1040 in
1879 1009 2050 1040 coni-aneto

1096 1072 1156 1104 per
1174 1062 1342 1105 quandam
1361 1061 1641 1099 redundantiam,
1659 1065 1689 1093 et
1705 1061 1765 1099 sic,
1783 1062 1856 1102 quia
1874 1070 1988 1101 corpus
2005 1065 2051 1092 cst

1100 1115 1301 1148 coniunctum
1327 1115 1466 1153 animae,
1491 1114 1641 1155 gaudium
1668 1114 1825 1146 redundat
1849 1114 1879 1145 in
1904 1114 2050 1155 corpus⁴.

1189 1168 1411 1200 Concedendae
1429 1176 1503 1208 ergo
1520 1171 1593 1199 sunt
1612 1166 1746 1198 rationes
1770 1166 1948 1208 probantes,
1966 1166 2051 1208 quod

1100 1220 1261 1252 beatitudo
1293 1229 1353 1251 non
1379 1220 1472 1251 sitin
1505 1228 1636 1261 corpore
1668 1223 1817 1260 tanquam
1850 1219 1879 1250 in
1913 1219 2053 1251 subiecto

1100 1273 1218 1314 primo,
1243 1273 1296 1305 sed
1324 1277 1426 1305 tamen
1451 1276 1497 1305 est
1521 1273 1561 1304 ibi
1586 1276 1713 1314 propter
1730 1272 1978 1304 coniunctionem
1996 1280 2052 1313 per

1101 1325 1259 1367 quandam
1285 1325 1527 1357 redundantiam
1552 1329 1582 1357 et
1606 1324 1956 1366 comparticipationem.

1193 1379 1219 1409 1.
1244 1378 1287 1409 Ad
1310 1378 1387 1409 illud
1405 1386 1479 1418 ergo
1496 1377 1579 1419 quod
1598 1376 1760 1414 obiicitur,
1778 1376 1861 1418 quod
1880 1385 1920 1408 ex
1937 1376 2052 1409 utrius-
2079 1384 2161 1414 santio
2176 1389 2213 1410 op-

1101 1439 1162 1472 que
1186 1430 1275 1462 bonis
1298 1434 1418 1462 constat
1444 1430 1624 1468 beatitudo;
1646 1429 1832 1467 dicendum,
1851 1429 1933 1470 quod
1953 1429 2053 1470 Augu·
2069 1413 2191 1437 mmmmm

1102 1483 1202 1514 stinus
1226 1482 1300 1514 dicit
1323 1482 1400 1514 illud
1428 1483 1601 1514 secundum
1627 1482 1802 1523 opinionem
1830 1481 1920 1513 Tullii
1934 1482 1954 1513 ⁵.

1191 1538 1219 1567 2.
1246 1536 1286 1567 Ad
1313 1535 1389 1567 illud
1416 1535 1499 1576 quod
1524 1535 1687 1573 obiicitur,
1712 1538 1746 1566 ut
1772 1538 1869 1566 totum
1894 1535 2053 1566 bominem

1103 1588 1294 1621 beatificaret
1303 1600 1311 1627 3
1337 1588 1524 1626 dicendum,
1553 1588 1637 1628 quod
1662 1587 1705 1619 ibi
1730 1591 1775 1619 est
1807 1587 1961 1628 quaedam
1987 1594 2199 1618 con-Notandum.

1103 1642 1261 1684 gruenba,
1279 1641 1353 1682 quia
1370 1641 1478 1679 etiam,
1499 1640 1555 1672 etsi
1573 1649 1634 1672 non
1651 1644 1733 1672 esset
1750 1640 1943 1677 incarnatus,
1962 1639 2054 1671 bomo

1103 1697 1185 1727 esset
1207 1694 1333 1732 beatus.
1358 1693 1434 1725 dum
1459 1697 1563 1725 tamen
1581 1696 1662 1725 esset
1687 1692 1869 1733 redemptus
1894 1696 1924 1724 et
1947 1692 1986 1723 ad
2015 1691 2056 1722 vi-

1104 1747 1221 1779 sionem
1246 1746 1302 1778 Dei
1320 1745 1492 1787 perductus
1505 1745 1524 1776 ⁶.

1193 1798 1221 1830 3.
1247 1798 1288 1830 Ad
1322 1798 1400 1830 illud
1434 1798 1518 1839 quod
1550 1797 1625 1829 dicit
1656 1796 1833 1835 Anselmus‚
1866 1796 2056 1834 dicendum,

1103 1851 1188 1893 quod
1207 1851 1284 1883 bene
1301 1850 1436 1883 continet
1453 1850 1533 1882 bona
1557 1849 1697 1891 corporis
1704 1862 1712 1888 3
1730 1849 1783 1881 sed
1798 1849 1958 1881 beatitudo
1975 1857 2034 1880 non
2048 1849 2058 1864 ⁷

1104 1904 1220 1937 dicitur
1244 1912 1312 1936 esse
1336 1903 1390 1935 illa
1414 1903 1509 1942 bona,
1534 1903 1589 1935 sed
1614 1902 1764 1943 gaudium
1791 1902 1829 1934 de
1850 1901 1911 1933 illis
1936 1901 2034 1933 bonis.

1193 1957 1223 1988 li.
1249 1957 1289 1988 Ad
1309 1956 1387 1988 illud
1406 1956 1490 1998 quud
1507 1956 1653 1987 obiicitur
1670 1955 1709 1987 de
1725 1955 1852 1993 merito,
1870 1954 2056 1993 dicendum,

1105 2009 1189 2051 quod
1207 2009 1311 2041 anima
1327 2017 1388 2040 uon
1410 2012 1511 2050 potest
1528 2008 1641 2040 mereri
1659 2011 1751 2039 extra
1768 2015 1896 2048 corpus,
1913 2016 1974 2039 ΠοΠ
1991 2015 2059 2047 pro-

1105 2067 1175 2104 pter
1200 2062 1354 2094 desectum
1380 2061 1520 2099 virtutis,
1546 2061 1601 2093 sed
1626 2064 1754 2102 propter
1778 2060 1933 2092 defectum
1959 2063 2057 2091 status

1105 2119 1136 2147 et
1159 2115 1332 2156 temporisS
1356 2114 1507 2146 merendi.

1197 2169 1224 2199 5.
1244 2167 1285 2199 Ad
1312 2167 1390 2199 illud
1408 2167 1492 2208 quod
1517 2166 1672 2204 obiicitur,
1690 2166 1773 2207 quod
1800 2165 1924 2197 miseria
1948 2169 1994 2196 est
2018 2173 2058 2196 ex

1106 2224 1195 2262 parte
1222 2219 1381 2261 corporis3
1407 2219 1592 2256 dicendum,
1618 2218 1700 2259 quod
1732 2217 1857 2250 miseria
1887 2217 2059 2248 subiectare
2074 2224 2204 2249 Notandum,

1107 2277 1137 2305 et
1157 2272 1293 2314 proprie
1317 2276 1363 2304 θεῖ
1388 2272 1418 2303 in
1442 2275 1555 2303 natura
1580 2271 1741 2307 rationali3
1759 2270 1813 2302 sed
1841 2269 2059 2301 materialiter

1107 2328 1208 2366 potest
1231 2333 1298 2356 esse
1323 2324 1443 2355 ratione
1471 2323 1629 2364 corporis,
1661 2323 1741 2355 sicut
1765 2322 1839 2354 dicit
1868 2322 2059 2363 Augustinus

1107 2382 1216 2410 octavo
1240 2377 1279 2409 de
1303 2376 1432 2408 Civitate
1455 2376 1509 2408 Dei
1523 2376 1542 2407 ⁹.

1197 2431 1225 2461 (5.
1251 2429 1295 2461 Ad
1319 2429 1404 2461 aliud
1438 2432 1522 2470 patet
1546 2428 1722 2469 responsio,
1754 2427 1838 2469 quod
1872 2436 1986 2468 corpus
2010 2436 2059 2459 ne-

1107 2491 1193 2515 cesse
1217 2486 1263 2515 est
1286 2490 1468 2523 resurgere,
1501 2485 1537 2514 ut
1567 2481 1622 2513 fiat
1653 2481 1779 2513 beatum
1813 2489 1868 2521 per
1899 2480 2057 2521 quandam

1107 2534 1447 2576 comparticipationem
1472 2538 1502 2566 et
1519 2533 1770 2566 redundantiam.
1789 2533 1823 2565 Et
1840 2537 1886 2565 est
1910 2532 2010 2564 simile
2028 2532 2058 2564 in

158 2752 166 2768 ¹
191 2752 257 2778 Vide
284 2755 344 2777 tom.
375 2752 400 2777 ll.
428 2759 486 2783 pag.
508 2752 554 2781 26,
576 2753 634 2776 nota
661 2750 685 2775 5.
705 2764 740 2768 —
760 2751 808 2775 Pro
832 2749 920 2783 passio
946 2749 1003 2774 cod.
1024 2749 1044 2774 Ο

90 2796 180 2829 forma
203 2796 266 2828 (per
284 2794 436 2829 passionem
456 2794 600 2820 secundum
615 2794 717 2819 Aristot.
732 2794 881 2825 intelligitur
901 2794 1046 2825 proprietas

90 2839 130 2864 vel
151 2839 322 2871 attributum).

160 2883 171 2899 ²
191 2883 241 2909 Cir.
261 2890 340 2915 supra
361 2890 420 2914 pag.
443 2883 518 2914 iOOO,
539 2884 598 2907 nota
618 2883 642 2907 Ξ).
656 2896 689 2899 -
705 2881 759 2906 Mox
780 2884 838 2912 post
856 2887 919 2914 eryo
933 2886 986 2906 non
1006 2879 1044 2905 in-

91 2929 131 2953 est
148 2928 205 2953 cod.
225 2928 243 2952 L
263 2929 288 2952 ct
307 2927 364 2952 Vat.
384 2926 506 2958 supplent
525 2925 664 2952 beatitudo.

160 2971 170 2987 ³
192 2971 260 2996 Libr.
281 2971 298 2996 l.
327 2971 358 2995 de
384 2970 438 2995 Lib.
458 2969 518 2995 Arb.
540 2976 560 2994 c.
583 2970 623 2994 13.
653 2976 676 2994 Π.
708 2970 748 2994 29.
768 2983 801 2986 ——
823 2970 880 3001 Seq.
910 2969 981 2993 locus
1009 2971 1047 2993 est

91 3015 160 3040 XlV.
182 3015 215 3040 de
228 3014 282 3040 Civ.
296 3015 355 3046 Dei,
370 3021 391 3039 c.
417 3015 454 3040 15.
475 3021 498 3039 n.
521 3015 544 3038 2.
565 3013 614 3039 Cl'r.
630 3017 690 3038 tom.
711 3013 748 3038 lll.
770 3020 831 3044 pag.
852 3012 917 3044 346,
939 3016 997 3038 nota
1016 3012 1046 3043 7,

93 3058 137 3084 ubi
157 3060 235 3084 etiam
255 3059 295 3084 alii
315 3059 362 3084 loci
382 3058 482 3090 allegati
501 3060 569 3083 sunt.
583 3071 618 3075 —
631 3057 687 3082 Mox
710 3062 767 3088 post
788 3055 834 3082 sed
852 3063 882 3081 ex
902 3056 978 3081 codd.
1001 3056 1046 3080 ΕΙ.

94 3103 128 3127 W
139 3103 159 3127 Y
192 3103 375 3134 supplevimus
406 3101 543 3135 qaudiam.
575 3101 691 3126 Subinde
724 3104 782 3132 post
813 3099 979 3126 beatitudinis
1010 3100 1048 3125 est

93 3146 168 3171 codd.
189 3147 235 3171 ΕΙ,
256 3146 411 3172 subnectunt
431 3147 543 3172 tantam.

164 3189 175 3206 ⁴
194 3191 314 3222 August„
336 3191 412 3222 Epist.
436 3191 493 3215 118.
516 3190 588 3221 (alias
601 3189 654 3222 56.)
674 3196 696 3214 c.
717 3189 740 3213 3.
762 3195 787 3213 n.
804 3187 853 3212 114:
868 3188 933 3212 Tam
948 3188 1046 3219 potenti

94 3235 163 3259 enim
182 3237 273 3259 natura
292 3234 361 3260 Deus
380 3235 439 3260 fecit
458 3235 586 3265 animam,
607 3236 634 3258 ut
653 3240 683 3258 ex
703 3233 759 3258 eius
779 3232 927 3263 plenissima
942 3231 1047 3256 beatitu-

95 3278 179 3304 dine...
199 3278 327 3304 redundet
346 3280 422 3304 etiam
443 3279 467 3303 in
482 3278 628 3303 interiorem
649 3280 781 3308 naturam,
803 3275 873 3308 quod
888 3278 926 3300 est
939 3282 1046 3306 corpus.

96 3329 145 3347 non
166 3322 312 3354 beatitudo,
333 3330 399 3355 quae
429 3322 535 3347 fruentis
563 3323 588 3346 et
615 3321 778 3352 intelligentis
806 3323 844 3345 est
862 3319 980 3351 propria,
1001 3318 1047 3344 sed

95 3366 228 3397 plenitudo
247 3367 376 3397 sanitatis,
396 3365 421 3390 id
441 3368 479 3390 est
498 3364 698 3396 incorruptionis
717 3365 801 3395 vigor.
816 3377 850 3381 —
868 3362 933 3388 Cod.
952 3362 974 3387 Y
992 3369 1047 3388 ma-

1108 2755 1194 2782 ynam
1212 2747 1343 2781 §audiam
1362 2747 1468 2773 (inlatae
1489 2746 1621 2772 redundat
1638 2745 1667 2771 in
1685 2752 1790 2778 corpas.
1805 2746 1911 2770 Inferius
1925 2752 1971 2777 pro
1992 2751 2059 2771 com-

1105 2791 1339 2826 participationem
1359 2792 1446 2822 plures
1466 2791 1542 2816 codd.
1560 2789 1798 2823 participationem.

1179 2837 1190 2853 ⁵
1210 2837 1276 2861 Vide
1303 2843 1382 2868 supra
1407 2842 1466 2867 pag.
1489 2834 1569 2867 too-t,
1593 2839 1650 2859 nota
1670 2834 1694 2859 7.
1708 2847 1744 2852 —
1757 2834 1804 2859 Pro
1827 2833 1968 2867 utriusque
1988 2833 2059 2858 multi

1110 2880 1185 2905 codd.
1206 2884 1230 2905 ct
1249 2879 1290 2904 cd.
1315 2880 1320 2903 1
1347 2878 1472 2912 utrisque.

1180 2923 1190 2940 ⁶
1210 2923 1259 2949 Csr.
1281 2923 1316 2948 lll.
1330 2923 1398 2948 Sent.
1420 2922 1444 2947 d.
1466 2923 1489 2947 vl.
1509 2929 1530 2947 a.
1552 2923 1575 2946 2.
1596 2929 1619 2954 q.
1641 2922 1664 2946 2.
1684 2921 1717 2946 ad
1742 2922 1760 2946 1.
1780 2935 1815 2939 —-
1835 2921 1867 2945 Ita
1888 2920 1963 2945 codd.
1985 2920 2060 2944 DSY

1111 2967 1140 2998 (E
1154 2974 1168 2992 a
1187 2966 1301 2992 secunda
1320 2965 1419 2998 manu),
1440 2965 1480 2990 alii
1493 2965 1569 2990 codd.
1582 2964 1729 2998 perfectus,
1746 2964 1805 2989 edd.
1819 2963 1945 2997 perfecte,
1962 2963 2018 2988 cod.
2038 2963 2060 2988 Κ

1110 3010 1127 3042 (Ι
1149 3018 1161 3035 a
1183 3009 1297 3035 secunda
1317 3009 1406 3040 manu)
1426 3008 1491 3034 duni
1510 3009 1575 3034 esset
1593 3007 1728 3034 actinissus
1746 3006 1782 3033 ad
1800 3006 1926 3033 visionem
1939 3006 1987 3032 Dei
2004 3012 2062 3039 per-

1110 3055 1214 3085 fectam.
1245 3055 1292 3079 Pro
1321 3055 1424 3085 tamen,
1452 3053 1523 3085 quod
1552 3052 1678 3084 praebent
1706 3051 1783 3077 codd.
1804 3051 1922 3082 ELPS,
1945 3050 2002 3076 cod.
2031 3057 2061 3075 aa

1111 3098 1203 3129 modo,
1224 3099 1263 3123 alii
1284 3097 1353 3124 enim
1360 3107 1371 3129 ‚·
1385 3100 1443 3129 post
1462 3096 1612 3130 redemptas
1632 3104 1662 3122 ex
1676 3096 1751 3121 codd.
1765 3097 1784 3120 G
1796 3096 1813 3120 S
1832 3095 2013 3127 supplevimus
2026 3095 2059 3120 et.

1182 3143 1193 3159 ⁷
1212 3142 1274 3168 Cod.
1295 3144 1313 3167 Α
1333 3148 1387 3167 non
1406 3143 1444 3167 est
1464 3140 1504 3168 rel
1523 3148 1582 3167 non.
1604 3142 1687 3172 Supra
1708 3147 1756 3172 pro
1770 3139 1832 3166 bene
1851 3140 1908 3165 Vnt.
1923 3137 2061 3164 beatitudo.

1181 3186 1192 3203 ⁸
1213 3186 1277 3212 Cum
1298 3186 1372 3211 codd.
1393 3186 1413 3210 M
1426 3185 1470 3210 OS
1490 3185 1670 3210 substituimus
1691 3183 1817 3216 temporis
1837 3190 1884 3214 pro
1904 3183 2014 3215 tempas.

1181 3230 1192 3246 9
1213 3230 1273 3261 Cap.
1299 3230 1343 3261 16,
1366 3229 1410 3254 ubi
1431 3236 1461 3254 ex
1481 3228 1697 3260 proprietatibus,
1719 3235 1787 3260 quae
1807 3227 1876 3252 Plato
1891 3225 2063 3251 daemonibus

1112 3274 1237 3305 attribuit,
1260 3273 1375 3298 deducit:
1395 3272 1434 3298 Ad
1455 3273 1503 3298 boc
1522 3271 1682 3303 rationalia,
1704 3277 1732 3296 ut
1758 3272 1851 3296 misera
1870 3277 1927 3296 esse
1946 3271 2061 3302 possint;

1112 3318 1143 3343 ad
1164 3318 1213 3342 boc
1231 3316 1354 3350 passiva,
1377 3320 1405 3342 ut
1424 3317 1518 3341 misera
1537 3317 1599 3347 sint;
1620 3315 1652 3341 ad
1672 3316 1722 3340 hoc
1740 3316 1863 3347 aeterna,
1886 3317 1914 3340 ut
1932 3315 2062 3340 miseriam

1112 3362 1184 3386 finire
1205 3368 1253 3386 non
1275 3361 1381 3393 possint.
1400 3359 1451 3385 Csr.
1473 3359 1534 3385 ibid.
1555 3360 1621 3385 XlV.
1643 3366 1664 3384 c.
1686 3359 1726 3384 115.
1746 3366 1770 3384 n.
1791 3360 1815 3383 2.
