2483 3882
310 819 460 840 Fundamenta.

324 1507 357 1528 Ad
371 1506 455 1534 opposi-

363 1536 413 1554 tum.

310 2298 421 2321 Conclusio
435 2299 454 2320 1.

326 2353 455 2380 Explicatur.

468 276 530 307 902

1227 266 1512 303 SENTENTIAR'UM
1536 269 1602 301 LIB.
1627 270 1674 301 IV.

1324 436 1507 478 QUAEsrio
1535 437 1579 468 in.

1036 536 1153 567 Utrum
1177 535 1290 567 omnia.
1314 535 1491 566 videantur
1514 534 1615 565 simul
1639 533 1680 565 ab
1705 534 1865 565 ommibus.

558 649 661 680 Tertio
686 648 864 689 quaeritur,
882 651 990 680 utrum
1009 647 1113 679 omnia
1129 646 1297 678 videantur
1320 646 1421 677 simui

468 702 507 733 ab
531 700 686 732 omnibus.
713 701 747 732 Et
771 701 855 742 quod
880 700 942 737 sic,
967 700 1108 731 videtur:

562 756 586 785 l.
604 754 683 795 Quia
700 762 796 795 super
813 753 889 785 illud
909 753 961 785 lob
978 756 1087 785 octavo
1102 752 1128 784 ¹:
1148 752 1332 784 [militemur
1350 761 1421 783 coiz-

467 806 620 849 fusiouc,
646 806 768 838 Glossa:
805 805 913 838 «Viso
946 805 1065 843 iudice,
1099 804 1181 836 mala
1213 805 1318 836 omnia
1349 807 1421 836 ante

468 860 574 892 oculos
607 859 719 891 mentis
745 862 958 891 versantur».

557 914 585 944 ἱ).
612 912 704 950 item,
728 912 858 944 ratione
882 912 1027 944 videtur:
1054 911 1128 953 quia
1153 910 1280 943 insimul
1305 910 1421 951 inflige-

468 969 520 997 tur
544 968 608 997 tota
631 974 746 1006 poena,
771 974 846 1006 ergo
871 964 965 997 simul
991 964 1107 996 scietur
1131 967 1161 995 et
1192 963 1421 1005 ponderabitur

468 1018 576 1060 culpa:
602 1027 676 1058 ergo
701 1017 724 1049 si
752 1017 935 1058 magnitudo
960 1017 1071 1058 cnlpae
1096 1016 1210 1057 pendet
1234 1016 1273 1048 ab
1299 1016 1421 1048 actibus

469 1075 498 1104 et
521 1071 766 1103 circumstantiis
791 1075 821 1103 et
845 1080 954 1102 earum
970 1070 980 1084 '³
1007 1070 1185 1108 iteratione,
1211 1069 1315 1101 omnia
1344 1069 1420 1101 haec.

467 1124 659 1156 manifestari
686 1124 800 1156 dehent
825 1123 928 1155 simul.

558 1176 586 1209 3.
602 1176 690 1215 [tem.
709 1176 808 1207 maior
826 1176 965 1208 confusio
982 1179 1071 1207 estet
1088 1175 1178 1207 dolor
1196 1175 1224 1206 in
1244 1175 1397 1207 memoria
1411 1174 1421 1189 ³

469 1230 606 1262 duorum
632 1240 726 1272 quam
751 1229 862 1266 unius,
894 1232 924 1260 et
949 1228 1089 1259 omnium
1120 1236 1214 1269 quam
1240 1227 1419 1269 aliquorum

468 1283 643 1320 malornm;
668 1287 795 1316 econtra
830 1282 869 1314 de
905 1281 994 1313 honis
1018 1281 1120 1312 maius
1152 1280 1322 1321 gaudium:
1348 1289 1423 1322 orgo

469 1336 492 1367 si
512 1336 582 1368 honi
602 1336 764 1368 habebunt
780 1335 954 1377 perfectum
973 1333 1124 1375 gaudium
1136 1358 1143 1371 ,
1160 1333 1234 1364 mali
1251 1333 1422 1374 perfectam

469 1388 702 1426 confusionem
727 1391 827 1430 patet,
853 1387 936 1429 quod
969 1386 1116 1418 omnibus
1141 1386 1235 1417 simul
1261 1386 1421 1427 patebunt.

559 1441 701 1473 CONTRA:
731 1443 757 1472 1.
788 1453 803 1470 «
820 1441 920 1473 Unum
939 1439 1041 1471 solum
1061 1438 1265 1480 intelligimus
1282 1451 1316 1477 n,
1342 1438 1424 1471 sicut

470 1494 544 1526 dicit
560 1494 769 1535 Philosophus
783 1493 808 1524 ⁴:
834 1502 909 1534 ergo
935 1502 993 1524 non
1019 1492 1112 1534 plura
1133 1491 1244 1523 simul:
1270 1501 1330 1523 ηοη
1349 1500 1423 1532 ergo

469 1547 573 1578 omnia
597 1549 745 1588 poterunt
770 1546 869 1578 videri
895 1545 999 1577 simul.

558 1601 587 1631 Ξ).
612 1599 704 1637 Item,
731 1599 760 1630 in
797 1598 953 1630 damnatis
989 1607 1049 1629 ηοη
1074 1593 1133 1629 erit
1169 1606 1279 1629 eorum
1310 1601 1424 1629 natura

470 1652 598 1691 melior>
622 1661 716 1694 quam
753 1661 836 1684 nunc
861 1655 924 1683 est:
950 1660 1025 1692 ergo
1049 1651 1074 1682 si
1099 1659 1209 1682 eorum
1247 1650 1423 1682 intellectus

469 1715 553 1738 nunc
576 1715 637 1737 non
655 1709 756 1747 potest
781 1705 872 1746 plura
890 1704 1064 1746 intelligere
1082 1703 1191 1742 simul,
1209 1712 1265 1736 nec
1282 1707 1357 1735 tunc
1375 1713 1425 1745 po-

469 1757 563 1795 terit;
587 1758 671 1799 quod
697 1757 719 1789 si
747 1760 821 1789 tunc
846 1757 972 1799 poterit,
997 1766 1072 1797 ergo
1096 1756 1286 1788 sublimatus
1310 1756 1378 1788 erit.

560 1810 588 1842 3.
614 1810 710 1849 Item,
744 1811 774 1841 in
807 1810 923 1842 iudicio
954 1809 1013 1842 erit
1045 1809 1199 1841 discussio
1214 1809 1236 1848 ⁵,
1266 1818 1346 1851 quae
1378 1812 1425 1841 est

470 1864 559 1906 prius
583 1863 622 1895 de
647 1873 709 1895 uno
734 1872 828 1905 quam
854 1863 893 1895 de
916 1862 997 1894 alio:
1024 1871 1098 1904 ergo
1124 1862 1213 1903 prius
1237 1862 1297 1894 erit
1328 1862 1424 1894 unius

471 1916 647 1949 recordatio
672 1925 766 1957 quam
791 1916 932 1948 alterius.

826 2012 1064 2036 CONCLUSIO.

561 2092 677 2125 Omnes
701 2096 846 2134 repente,
871 2092 920 2124 vel
941 2091 1045 2123 simul
1068 2091 1180 2123 onmia
1200 2096 1337 2133 peccata

653 2145 825 2183 videbunt,
851 2150 879 2177 et
899 2144 1109 2187 probabilius
1131 2144 1242 2176 simul.

559 2235 758 2266 RnsroNnEo:
784 2233 957 2266 Dicendum
969 2259 976 2272 ‚
994 2233 1079 2275 quod
1096 2242 1204 2265 omnes
1220 2237 1359 2274 repente,
1376 2232 1427 2265 vel

469 2287 571 2319 simul
598 2287 703 2319 omnia
732 2290 858 2328 peccata
890 2286 1060 2325 videbunt,
1093 2290 1123 2318 et
1154 2286 1348 2318 credendum
1381 2289 1428 2318 est

470 2341 587 2382 magis,
605 2340 689 2382 quod
713 2339 823 2371 simui.
842 2358 884 2362 ——
901 2340 944 2371 Ad
962 2339 1045 2381 quod
1064 2339 1303 2381 intelligendum
1321 2342 1428 2371 notan-

472 2393 548 2425 dum
578 2397 641 2431 est,
666 2393 750 2434 quod
775 2391 877 2424 simut
899 2392 1009 2424 videre
1035 2392 1133 2424 multa
1158 2395 1193 2424 ut
1218 2391 1335 2430 multa,
1369 2391 1427 2423 hoc

1128 2516 1239 2549 DUBlA
1265 2516 1371 2548 (ΗΒΕΑ
1395 2516 1582 2548 ΙᾸΤΤΕΗᾹΜ
1606 2515 1788 2547 MAGISTRI.

887 2629 962 2660 ΗΠΒ.
993 2628 1013 2659 l.

561 2736 593 2767 ln
619 2739 708 2777 parte
732 2735 791 2767 ista
808 2738 882 2767 sunt
898 2735 1110 2767 dubitationes
1127 2735 1209 2766 circa
1227 2734 1379 2772 litteram,
1397 2737 1428 2766 et

471 2788 574 2830 primo
599 2788 763 2820 dubitatur
788 2788 827 2820 de
848 2788 907 2820 hoc
924 2788 1009 2829 quod
1027 2788 1119 2826 dicit,
1137 2787 1221 2829 quod
1238 2797 1302 2819 vox
1319 2787 1354 2818 in
1372 2787 1427 2818 (td-

472 2846 569 2872 oemti
593 2840 715 2872 iudicis
739 2840 897 2872 audietur
929 2839 971 2872 ab
1000 2839 1161 2872 omnibus.
1187 2839 1319 2872 Videtur
1343 2839 1426 2871 enim

1484 649 1586 687 potest
1610 654 1677 677 esse
1703 645 1886 687 tripliciter:
1917 649 1972 676 ant
1996 645 2115 677 ratione
2139 644 2223 683 eius,
2249 644 2284 675 in
2307 653 2370 686 quo
2394 644 2434 675 vi·
2448 660 2481 682 θὶς

1485 699 1553 736 det,
1579 698 1652 739 quia
1676 698 1761 730 videt
1787 698 1885 730 multa
1908 706 1993 736 un03
2010 698 2100 730 etsie
2118 697 2146 729 in
2165 697 2293 738 speculo
2309 700 2434 729 aeterno

1485 755 1532 783 est
1554 751 1662 783 videre
1688 750 1804 789 multa,
1829 751 1903 792 quia
1928 759 1983 792 per
2009 750 2089 782 idem
2109 750 2148 782 ibi
2172 750 2266 782 homo
2292 750 2376 782 videt
2392 750 2434 782 di-

1485 812 1586 836 versa.
1612 805 1670 835 Aut
1695 804 1813 835 ratione
1837 803 2082 835 sublimationis
2105 803 2293 841 intellectus,
2318 803 2370 845 qui
2396 805 2435 837 es-

1485 857 1589 889 ficilur
1607 856 1768 888 deiformis
1786 864 1841 897 per
1859 855 1988 896 gloriam
2004 868 2011 894 3
2030 856 2113 887 unde
2131 856 2215 888 videt
2232 856 2339 898 plura,
2357 857 2436 889 sicut

1486 901 1515 941 et
1541 910 1640 947 Deus,
1665 909 1736 941 licet
1760 918 1820 940 non
1845 909 2046 946 omnimode;
2070 909 2151 941 sicut
2175 910 2309 951 Angelus
2325 909 2435 942 beatus

1486 963 1580 995 simul
1605 962 1761 1003 cognoscit
1785 962 1884 994 Deum
1910 962 1943 993 in
1968 971 2001 993 se
2024 965 2054 994 et
2078 966 2255 994 creaturam
2274 963 2308 994 in
2327 963 2390 994 Deo
2407 968 2435 996 et

1487 1017 1516 1048 in
1539 1016 1678 1058 proprio
1699 1026 1816 1058 ιςγθηθνθ
1830 1016 1851 1047 ⁵.
1869 1017 1926 1047 Aut
1945 1016 2063 1048 ratione
2081 1016 2213 1048 divinoe
2229 1015 2362 1047 virtutis
2380 1015 2436 1048 boc

1486 1067 1664 1110 facientis;
1688 1077 1769 1109 quae
1794 1072 1897 1100 tamen
1920 1077 1979 1099 non
1999 1067 2092 1100 efficit
2116 1068 2264 1109 gloriam,
2290 1072 2324 1099 ut
2340 1071 2437 1100 osten·
2456 1106 2460 1107 ⁷

1487 1121 1540 1153 dat
1564 1121 1590 1152 ei
1616 1121 1781 1162 exemplar
1805 1124 1987 1159 aeternum,
2005 1120 2059 1152 sed
2079 1121 2160 1152 levat
2178 1120 2387 1159 intellectum,
2403 1124 2437 1153 ut

1488 1174 1584 1215 possit
1597 1173 1716 1215 aliquid
1732 1182 1828 1214 supra
1842 1182 1884 1212 se,
1899 1173 1948 1205 vel
1962 1173 1999 1205 ad
2015 1173 2158 1214 glori-aim
2173 1173 2221 1205 vel
2239 1173 2276 1205 ad
2297 1182 2436 1214 poenam.

1576 1227 1627 1258 His
1652 1226 1757 1257 tribus
1783 1226 1884 1258 modis
1909 1226 2061 1257 videbunt
2086 1226 2179 1257 simul
2197 1225 2319 1257 animae
2338 1225 2436 1258 bonae
2449 1237 2483 1259 cor

1488 1279 1523 1311 iii
1545 1279 1687 1317 iudicio,
1710 1279 1833 1320 primis
1858 1278 1985 1310 (luobus
2011 1279 2112 1310 modis
2136 1278 2170 1310 iv.
2191 1278 2309 1319 patrici
2326 1278 2360 1315 ⁷,-
2384 1279 2435 1311 sed

1489 1333 1581 1364 tertio
1596 1333 1812 1364 tantummodo
1826 1332 1948 1363 animae
1961 1332 2070 1363 malae
2084 1332 2117 1363 in
2133 1332 2266 1364 iudicio.
2276 1350 2318 1354 ——
2329 1332 2436 1364 Utrum

1488 1390 1594 1418 autem
1615 1390 1689 1427 post
1713 1386 1756 1417 sic
1786 1385 1912 1417 videant
1936 1385 1966 1416 in
1991 1385 2132 1424 infernog
2159 1385 2216 1417 hoc
2248 1394 2308 1417 non
2340 1385 2437 1417 deter-
2471 1395 2483 1425 ¹i

1490 1439 1591 1477 mino,
1622 1438 1767 1480 quamvis
1800 1447 1859 1469 non
1894 1437 2143 1479 improbabiliter
2175 1437 2234 1469 dici
2261 1437 2374 1479 possit,
2405 1422 2483 1470 ut31¹e¹i

1489 1501 1587 1533 poena
1612 1491 1729 1523 vermis
1754 1491 1792 1523 sit
1816 1494 2033 1523 consummata
2057 1494 2086 1522 et
2111 1490 2285 1522 uniformis.
2452 1476 2483 1496 ω’

1580 1546 1606 1576 ’1.
1633 1544 1675 1576 Ad
1709 1543 1785 1575 illud
1819 1543 1903 1584 quod
1932 1543 2090 1582 obiicitur,
2121 1543 2205 1584 quod
2239 1543 2438 1585 intelligimus
2463 1553 2483 1574 s<

1489 1607 1588 1630 unum
1614 1597 1738 1633 solum;
1763 1597 1951 1635 dicendum,
1968 1596 2053 1638 quod
2076 1596 2153 1628 illud
2179 1605 2290 1629 verum
2315 1600 2362 1629 est
2381 1585 2483 1639 ρηενροε

1488 1653 1650 1681 naturam
1663 1661 1674 1687 ;
1699 1649 1753 1681 sed
1780 1649 1836 1681 iste
1860 1649 1974 1680 modus
2000 1648 2190 1690 intelligendi
2217 1649 2276 1681 erit
2299 1658 2356 1691 per
2379 1649 2440 1681 vir-

1491 1707 1589 1734 tutem
1614 1702 1799 1734 divina-172⁸.

1578 1757 1606 1787 ⁹2.
1634 1755 1673 1787 Ad
1702 1755 1780 1787 illud
1812 1755 1896 1797 quod
1926 1755 2090 1793 obiicitur,
2115 1755 2198 1796 quod
2225 1755 2379 1797 cognitiva
2410 1756 2437 1788 in

1490 1809 1646 1841 damnatis
1670 1818 1731 1840 non
1755 1808 1848 1840 debet
1872 1808 2036 1840 sublimari
2051 1820 2059 1846 3
2076 1808 2263 1847 dicendum,
2281 1809 2365 1850 quod
2390 1809 2440 1840 illa

1490 1861 1670 1894 sublimatio
1695 1862 1798 1903 potius
1822 1865 1869 1893 est
1885 1861 2068 1902 depressio,
2086 1861 2203 1893 scilicet
2220 1861 2249 1893 in
2267 1862 2440 1894 ostensione

1489 1915 1631 1946 omnium
1664 1914 1909 1956 turpitudinum.
1942 1914 2028 1946 Sicut
2052 1914 2135 1946 enim
2161 1915 2341 1956 recogitatio
2366 1915 2440 1947 mul-

1490 1971 1596 1999 torum
1622 1968 1777 1999 honorum
1802 1967 1973 2008 amplificat
1998 1967 2164 2005 laetitiam,
2198 1967 2239 1998 ita
2263 1967 2439 2009 recogitatio

1491 2020 1664 2052 multorum
1692 2019 1846 2051 malorum
1871 2019 2042 2060 amplificat
2065 2019 2231 2051 tristitiam.
2288 2054 2292 2060 ⁸

1580 2072 1609 2104 3.
1634 2072 1678 2104 Ad
1703 2072 1781 2104 illud
1807 2072 1891 2113 quod
1909 2072 2072 2110 obiicitur,
2090 2073 2174 2114 qnod
2192 2072 2251 2104 erit
2269 2072 2438 2111 discussio;

1491 2125 1679 2163 dicendum,
1705 2125 1788 2166 quod
1814 2125 1871 2157 etsi
1889 2125 2069 2166 singillatim
2088 2125 2142 2157 siat
2159 2125 2313 2158 discussio
2330 2125 2368 2158 de
2385 2125 2439 2157 sin-

1491 2179 1590 2221 gulis,
1615 2178 1689 2220 quia
1706 2187 1766 2210 non
1785 2181 1915 2219 possunt
1932 2178 2036 2209 omnia
2060 2177 2155 2210 simul
2179 2178 2258 2216 dici3
2283 2182 2385 2210 tamen
2402 2177 2439 2210 ad

1491 2232 1705 2265 confusionem
1732 2232 1792 2263 erit
1815 2231 1909 2263 simul
1936 2231 2088 2263 memoria
2112 2231 2151 2263 de
2177 2231 2292 2263 multis.
2315 2231 2374 2264 Nec
2390 2231 2483 2267 sni-Nc}

1492 2294 1563 2317 rum
1574 2311 1581 2324 ,
1596 2284 1670 2326 quia
1682 2284 1838 2326 potentior
1851 2288 1898 2316 est
1912 2284 2013 2316 virtus
2027 2284 2192 2325 cognitiva
2206 2294 2299 2326 quam
2318 2294 2439 2326 expres-
2482 2315 2483 2318 ,

1491 2338 1565 2369 siuti
1597 2337 1662 2369 sive
1695 2337 1955 2378 interpretativa3
1980 2336 2183 2378 intelligimus
2215 2337 2297 2369 enim
2330 2337 2438 2375 statim,
2482 2369 2483 2372 ,

1492 2390 1576 2432 quod
1602 2400 1662 2421 non
1688 2399 1857 2431 possumus
1881 2389 2062 2431 exprimere
2092 2393 2232 2431 tempore
2257 2390 2404 2422 diuturno
2417 2389 2437 2421 ⁹.
2481 2393 2482 2397 ’

1491 2627 1573 2659 male
1597 2627 1719 2665 dicere,
1750 2626 1824 2668 quia
1848 2626 1963 2659 delatio
1988 2626 2072 2659 vocis
2098 2635 2153 2668 per
2178 2627 2315 2659 medium
2341 2631 2385 2659 est
2409 2626 2436 2658 in

1491 2684 1646 2721 tempore:
1672 2688 1747 2721 ergo
1769 2679 1943 2712 secundum
1963 2680 2021 2712 hoc
2039 2680 2230 2712 resurrectio
2247 2680 2305 2712 erit
2322 2680 2350 2711 in
2370 2683 2437 2711 tem-

1491 2741 1567 2774 pore
1582 2733 1610 2763 ¹⁰.
1625 2750 1667 2755 -—
1683 2733 1715 2764 Et
1740 2732 1854 2764 iterum
1866 2758 1873 2770 ‚
1892 2741 1953 2763 vox
1972 2732 2060 2772 prius
2077 2732 2220 2773 pervenit
2236 2732 2274 2764 ad
2293 2732 2357 2764 loca
2373 2740 2436 2772 pro·

1491 2786 1624 2827 pinqua:
1643 2794 1718 2826 ergo
1743 2785 1832 2826 prins
1861 2788 2027 2826 resurgent
2051 2785 2193 2817 homines
2223 2785 2252 2816 in
2274 2794 2336 2817 una
2352 2786 2435 2826 parte
2477 2786 2479 2805 ⁴

1492 2839 1600 2871 mundi
1627 2840 1731 2880 quam
1747 2838 1777 2869 in
1802 2838 1872 2870 alia.

544 3008 551 3024 ¹
573 3009 647 3034 Vcrs.
668 3009 709 3033 22.
731 3023 763 3026 —
783 3009 871 3033 Glossa
892 3007 1033 3033 ordinaria
1061 3008 1131 3038 apud
1160 3007 1281 3033 Strabum
1310 3010 1335 3033 et
1354 3008 1428 3039 Lyra-

474 3060 535 3077 nun]
556 3056 593 3078 est
613 3052 758 3078 secundnm
779 3053 903 3083 Gregoi‘.‚
924 3052 984 3076 Vlll.
1005 3052 1091 3077 Moral.
1112 3058 1133 3076 c.
1154 3051 1197 3076 53.
1219 3059 1242 3076 η.
1264 3052 1304 3076 90.

543 3096 554 3112 ²
574 3096 655 3121 Codd.
676 3097 737 3121 Gan
757 3102 859 3122 eorum.

543 3139 554 3155 ³
574 3141 605 3165 lta
626 3140 682 3166 cod.
704 3141 724 3165 k
747 3140 764 3171 (l
785 3148 798 3165 a
818 3140 932 3165 secunda
953 3140 1057 3172 manu),
1085 3140 1125 3164 alii
1152 3139 1227 3164 codd.
1254 3143 1279 3165 et
1298 3139 1357 3164 edd.
1378 3146 1428 3165 me-

473 3185 530 3215 dio,
551 3187 592 3210 cni
611 3186 635 3210 in
650 3185 708 3210 cod.
728 3185 746 3209 F
765 3185 878 3210 secunda
894 3191 986 3210 manus
999 3184 1099 3210 addidit
1113 3183 1154 3209 vel
1166 3183 1194 3209 in
1207 3183 1427 3216 manifestatione.

475 3228 499 3252 ln
521 3228 570 3253 fine
590 3236 644 3260 arg.
665 3228 776 3253 vocibus
789 3227 912 3253 omnibus
925 3227 1009 3254 simul
1022 3228 1078 3253 cod.
1100 3228 1117 3252 L
1138 3228 1168 3259 (E
1183 3235 1195 3253 a
1210 3227 1323 3253 secunda
1338 3228 1427 3259 manu)

474 3272 600 3297 interserit
620 3271 718 3297 omnia.

546 3314 555 3330 ⁴¹
574 3315 642 3340 Libr.
664 3316 689 3340 ll.
710 3316 800 3347 Topic.
821 3323 841 3341 c.
864 3315 886 3340 4.
903 3316 934 3347 (c.
954 3316 1002 3348 10.)
1014 3323 1020 3340 :
1034 3315 1163 3347 Contingit
1176 3317 1245 3341 enim
1259 3315 1333 3347 plura
1347 3317 1425 3347 scire,

476 3359 588 3389 cogitare
608 3358 788 3392 [διανοεῖσθαι]
808 3362 894 3384 autem
915 3367 974 3385 ηοη.

544 3401 554 3417 5
575 3401 624 3426 Cir.
646 3403 729 3427 Matth.
750 3403 797 3433 25,
818 3403 859 3427 34.
880 3410 953 3435 seqq.

1563 3007 1574 3023 ⁶
1596 3007 1660 3032 Vide
1679 3007 1704 3032 ll.
1725 3008 1794 3032 Sent.
1816 3007 1840 3031 d.
1862 3006 1884 3031 4.
1912 3014 1935 3032 a.
1964 3007 1987 3032 3.
2014 3014 2039 3039 q.
2062 3008 2085 3031 2.
2106 3021 2139 3024 —
2159 3007 2282 3037 Superius
2308 3012 2353 3036 pro
2372 3002 2436 3030 unde

1495 3051 1563 3077 videt
1581 3051 1637 3076 cod.
1658 3051 1674 3075 F
1693 3053 1724 3077 ut
1742 3050 1836 3077 videat.
1859 3052 1914 3076 Mox
1936 3058 1982 3082 pro
2001 3050 2117 3084 gloriam
2136 3050 2193 3075 cod.
2214 3050 2230 3074 Ρ
2247 3057 2297 3083 per
2308 3047 2432 3082 yloriam,

1493 3096 1533 3120 cui
1553 3095 1667 3120 secunda
1688 3102 1780 3120 manus
1799 3095 1898 3120 addidit
1916 3094 1945 3120 in
1964 3094 2078 3120 homine.

1563 3138 1573 3154 ⁷
1593 3138 1642 3163 Cir.
1663 3139 1698 3163 lll.
1719 3139 1786 3163 Sciit.
1808 3138 1832 3163 d.
1857 3138 1894 3163 14.
1915 3146 1936 3163 a.
1958 3139 1981 3163 1.
2002 3142 2026 3163 ct
2045 3139 2068 3163 2.
2091 3138 2125 3163 De
2144 3139 2216 3163 lertio
2230 3137 2308 3163 modo
2321 3135 2379 3161 vide
2391 3136 2435 3159 Au-

1493 3187 1574 3214 gust,
1604 3183 1662 3207 XX.
1692 3183 1723 3208 de
1749 3182 1803 3207 (liv.
1834 3182 1891 3212 Dei,
1921 3189 1942 3207 c.
1965 3181 2004 3206 14.
2027 3196 2058 3199 —-
2079 3182 2184 3207 Inferius
2205 3184 2262 3213 post
2281 3180 2328 3206 hoc
2347 3178 2402 3205 cod.
2418 3176 2434 3201 F

1492 3226 1564 3251 addit
1583 3226 1624 3252 hic·
1645 3226 1700 3257 (cfr.
1720 3227 1782 3251 insi-a
1804 3226 1828 3251 d.
1849 3226 1890 3251 50.
1911 3233 1935 3257 p.
1957 3226 1982 3250 ll.
2002 3233 2024 3250 a.
2046 3227 2070 3250 2.
2090 3233 2114 3257 q.
2135 3225 2178 3257 3.).

1563 3270 1573 3287 Β
1592 3270 1642 3295 Cir.
1663 3271 1697 3295 lll.
1718 3271 1785 3295 Scnt.
1807 3270 1831 3295 d.
1852 3270 1875 3294 4.
1896 3277 1918 3294 a.
1939 3270 1962 3295 3.
1983 3277 2007 3302 q.
2029 3270 2052 3294 2.
2072 3270 2096 3294 in
2117 3276 2187 3300 corp.

1562 3314 1573 3330 ⁹
1593 3314 1658 3339 Vide
1678 3314 1792 3340 scholion
1813 3311 1846 3339 ad
1871 3315 1889 3338 l.
1911 3315 1987 3338 liuius
2007 3313 2105 3338 articuli
2126 3315 2224 3345 quaest.

1564 3359 1584 3375 ¹⁰
1605 3360 1660 3384 Vat.
1676 3366 1734 3384 cum
1756 3359 1845 3390 paucis
1865 3358 1939 3383 codd.
1955 3358 2045 3383 omittit
2064 3358 2129 3382 hanc
2149 3357 2336 3382 conclusionem
2350 3358 2432 3386 erqo..-

1492 3402 1520 3428 in.
1540 3404 1664 3435 tempore.
