2483 3882
764 247 856 278 DlST.
882 246 1007 278 xxxix.
1032 246 1170 280 Divisio
1194 247 1348 279 TEXTUS.

77 333 172 363 fidelis
201 333 390 363 matrimonio
420 333 539 363 iunctus
562 337 621 369 est,
644 337 673 363 et
694 337 761 372 post
782 334 857 363 alter
879 342 982 363 eorum
1006 342 1022 364 a

76 381 134 411 fide
156 380 327 410 discesserit
350 385 378 411 et
400 381 469 411 odio
497 381 566 411 fidei
595 382 753 419 coniugem
781 382 953 421 reliquerit,
982 382 1024 411 di-

77 429 185 459 missus
207 428 410 458 discedentem
434 437 492 458 non
515 429 726 466 comitabitur;
750 438 805 459 nec
829 433 940 467 tamen,
973 430 1022 460 illa

76 477 209 513 vivente,
231 476 355 505 alteram
378 476 489 506 ducere
512 477 635 514 poterit,
660 478 729 514 quia
754 478 831 507 inter
853 486 904 507 eos
926 478 1023 508 suerat

74 528 170 555 ratum
193 524 382 562 coniugium,
404 524 486 563 quod
508 532 567 553 non
589 528 687 562 potest
708 525 783 555 solvi
798 526 806 540 ¹
822 538 850 555 n.

476 619 544 650 CAP.
568 620 615 650 VI.

233 718 340 747 Utrum
362 716 538 756 conizcyium
560 717 639 747 inter
661 715 797 755 infideles
819 716 867 747 sit.

151 814 225 844 Sunt
247 817 345 844 tamen
367 814 517 850 nonnulli,
540 814 592 853 qui
622 814 698 844 inter
727 813 862 843 infideles
884 818 1021 844 asserunt

70 871 128 893 non
152 871 216 892 esse
238 862 429 899 coniugium,
457 863 529 901 quia
558 871 613 892 nee
640 866 709 892 rata
730 870 786 892 nec
815 861 949 902 leyitima
977 866 1021 892 est

70 919 173 942 eorum
195 911 313 950 copula.
336 911 412 941 Rata
443 919 501 941 non
531 914 591 947 est,
620 911 691 950 quia
720 911 796 941 solvi
825 914 941 949 potest;
966 920 1020 941 nec

71 958 222 999 leyitima,
245 959 316 998 quia
338 959 501 997 Apostolus
514 959 524 974 ²
546 958 638 989 dicit:
667 971 679 985 «
696 959 790 989 Omne
805 958 887 999 quod
902 968 964 989 non
980 964 1021 989 esc

69 1016 106 1037 ex
125 1006 203 1046 fide,
222 1011 377 1046 peccalum
398 1011 448 1037 est.
472 1008 582 1037 Eorum
598 1011 697 1037 autem
714 1007 886 1037 coniunctio
903 1015 960 1037 nou
976 1010 1021 1036 est

69 1064 107 1086 ex
129 1055 203 1092 fide,
226 1058 255 1085 et
277 1055 345 1084 ideo
367 1059 526 1093 peccatum
551 1059 614 1092 est;
647 1064 704 1085 non
735 1059 779 1084 est
807 1055 896 1093 igitur
917 1055 1020 1085 coniu-

70 1105 165 1142 gium,
188 1104 259 1142 quia
282 1104 395 1134 nullum
426 1105 598 1142 coniugium
621 1108 780 1142 peccatum
804 1108 856 1134 est.
880 1104 1020 1142 Augusti-

70 1161 126 1183 nus
148 1153 236 1182 etiam
262 1153 351 1189 dicit,
379 1153 451 1191 quia
483 1161 540 1182 non
564 1156 608 1182 est
629 1161 701 1182 vera
722 1153 868 1191 pudicitia
892 1153 1019 1182 infidelis

11 1234 14 1237 ,
67 1210 135 1231 cum
159 1201 247 1231 fideli.
271 1201 329 1231 Sed
350 1210 423 1231 vera
446 1205 571 1239 negatur
593 1210 658 1231 esse
680 1201 843 1239 pudicitia,
863 1210 921 1230 non
937 1201 1019 1239 quod

67 1249 232 1279 infidelium
256 1249 429 1287 coniugium
452 1257 510 1279 non
533 1249 571 1278 sit
593 1257 714 1285 verum,
735 1249 787 1279 sed
809 1249 879 1287 quia
897 1257 954 1278 nou
970 1249 1020 1278 ha-

66 1298 117 1327 bet
139 1297 211 1327 illud
236 1297 345 1336 triplex
369 1297 497 1333 bonum,
513 1297 595 1336 quod
613 1301 738 1327 excusat
758 1297 869 1327 coitum
886 1300 914 1326 et
928 1305 1021 1327 mere-

68 1349 116 1375 tur
138 1346 315 1383 praemium.
338 1345 420 1381 Item,
442 1345 516 1375 illud
545 1345 700 1383 Apostoli:
732 1344 826 1375 Omne
847 1344 929 1385 quod
956 1354 1019 1375 non

68 1398 109 1424 est
131 1403 167 1424 em
185 1393 264 1433 fide,
286 1397 441 1433 peecatum
462 1398 529 1429 est,·
550 1402 609 1423 non
640 1394 681 1424 ita
711 1393 935 1431 intelligendum
959 1397 1018 1429 est,

65 1446 97 1472 ut
119 1442 267 1481 quidquid
290 1442 322 1471 fit
343 1442 381 1472 ab
404 1442 576 1472 infidelibus
598 1445 759 1480 peccatum
781 1443 834 1478 sit;
855 1441 907 1471 sed
931 1450 1019 1471 omne

1971 247 2031 280 831

1087 334 1167 373 quod
1192 334 1223 363 iit
1244 337 1348 364 contra
1370 334 1475 371 fidem,
1508 335 1536 364 id
1568 338 1612 365 est
1638 335 1868 370 conscientiam,
1898 334 1975 364 male
2005 335 2036 364 fit

1088 386 1116 412 et
1138 383 1175 413 ad
1196 382 1364 421 ‚qehermam
1386 382 1530 423 aedificat.
1546 383 1613 420 Vel,
1632 384 1659 412 111
1677 383 1755 412 0111111
1773 391 1822 418 eo,
1838 382 1919 421 quod
1936 383 2036 413 infide-

1087 431 1123 460 lis
1146 431 1229 467 iacit,
1252 434 1375 468 peccat,
1409 440 1467 461 non
1495 432 1565 470 quia
1588 430 1670 461 illud
1693 431 1778 467 facit,
1800 431 1853 461 sed
1873 431 1946 470 ‘quia
1977 439 2034 461 uon

1086 488 1117 508 eo
1140 478 1230 509 modo
1252 479 1326 509 illud
1349 479 1434 516 iacit,
1456 488 1516 518 quo
1539 479 1644 516 debet,
1667 488 1724 509 non
1748 479 1879 509 reserens
1901 479 1937 509 ad
1954 479 2036 509 debi-

1087 530 1148 556 tum
1172 527 1270 557 finem.

1482 624 1550 654 Car.
1574 624 1632 655 Vll.

1287 720 1372 756 Quod
1393 720 1568 760 eoniuqium
1589 721 1628 751 sic
1651 720 1826 761 leyilimum.

1165 814 1280 853 Copula
1303 816 1394 853 igitur
1414 817 1576 855 maritalis,
1606 826 1683 857 quae
1714 821 1758 848 est
1784 818 1860 848 inter
1882 817 2034 854 infideles,

1085 862 1259 899 coniugium
1282 867 1326 892 est
1350 862 1536 902 leqilimum,
1559 865 1612 895 sed
1634 874 1692 895 non
1707 870 1830 896 ratum:
1854 864 2033 905 leyilimzcm,

1085 911 1156 949 quia
1179 914 1223 940 est
1245 911 1321 940 inter
1342 911 1492 950 legitimas
1514 922 1675 951 personas;
1692 914 1742 944 sed
1760 923 1817 943 non
1832 918 1947 948 ratum,
1963 914 2034 952 quia

1084 959 1149 988 sine
1171 958 1239 989 fide.
1268 959 1445 996 Coniugium
1468 969 1539 990 vero
1569 962 1701 992 fidelium
1734 961 1902 1001 leyitimum
1930 966 1975 992 est
2006 965 2034 992 et

1084 1011 1206 1041 ratum,
1229 1007 1253 1036 si
1277 1011 1376 1037 tamen
1397 1007 1548 1046 legitimae
1570 1013 1638 1039 suut
1660 1018 1815 1048 personae.
1831 1010 1916 1045 Quod
1932 1014 2032 1040 autem

1086 1054 1220 1094 leqilima
1234 1057 1272 1086 sit
1288 1056 1452 1086 infidelium
1474 1057 1661 1094 coniunctio,
1678 1059 1861 1096 Augustinus
1874 1059 1883 1073 ³
1907 1062 2032 1089 testatur
2044 1070 2181 1097 Augustinus.

1084 1104 1208 1133 dicens:
1237 1104 1346 1134 «Uxor
1375 1104 1506 1141 legitima
1534 1106 1677 1135 societate
1699 1106 1858 1136 coniuncta
1880 1107 1944 1137 sine
1972 1106 2032 1136 ulla

1084 1151 1174 1190 culpa
1197 1152 1394 1190 relinquitur,
1422 1152 1446 1181 si
1479 1161 1548 1182 cum
1580 1153 1644 1183 viro
1670 1154 1834 1184 christiano
1856 1162 2033 1192 permanere

1085 1200 1216 1230 noluerit
1230 1212 1258 1230 ».
1273 1217 1312 1222 —
1326 1200 1370 1230 Ex
1393 1201 1450 1230 hoc
1473 1201 1562 1231 etiam
1586 1202 1747 1240 probatur,
1770 1202 1851 1241 quod
1868 1202 1978 1232 infideli
1995 1202 2033 1232 ad

1084 1249 1174 1278 iidem
1197 1256 1344 1278 converso
1366 1248 1528 1287 Apostolus
1550 1250 1679 1279 consulit
1699 1250 1847 1280 infidelem
1864 1260 1921 1280 non
1937 1251 2033 1280 dimit-

1084 1300 1166 1333 tere3
1189 1297 1270 1335 quod
1294 1305 1352 1326 non
1375 1297 1503 1333 faceret,
1525 1297 1548 1326 si
1573 1306 1630 1327 nou
1654 1302 1731 1328 esset
1760 1299 1836 1329 inter
1864 1307 1914 1329 eos
1941 1299 2033 1337 legiti-

1084 1353 1167 1374 mum
1196 1345 1379 1382 coniugium.
1413 1345 1593 1383 Legitimum
1623 1349 1667 1375 est
1695 1346 1775 1384 quod
1805 1347 1891 1385 legali
1920 1347 2033 1377 institu-

1085 1394 1166 1423 tione
1189 1393 1235 1422 vel
1264 1393 1440 1431 provinciae
1468 1394 1618 1431 moribus,
1649 1403 1706 1424 non
1736 1398 1841 1425 contra
1870 1396 2032 1426 iussionem

1083 1441 1200 1471 Domini
1224 1441 1421 1471 contrahitur.

348 1619 840 1674 COMMENTARIUS
878 1620 948 1673 IN
984 1619 1480 1674 DISTINGTIONEM
1515 1620 1742 1674 XXXIX.

536 1750 586 1787 De
615 1750 857 1801 impedimento
887 1750 1066 1788 dirimente
1095 1750 1138 1788 ob
1167 1750 1279 1788 cultus
1309 1750 1554 1801 disparitatem.

652 1871 733 1902 Post
756 1868 835 1902 llaec
859 1870 897 1902 de
920 1870 1054 1912 dispari
1077 1870 1168 1902 euleu
1191 1870 1369 1902 videndum
1395 1875 1449 1903 est.

892 1995 1030 2028 DIVISIO
1054 1996 1209 2028 TEXTUS.

154 2107 256 2148 Supra
281 2107 488 2139 determinata
513 2110 586 2139 sunt
609 2107 835 2149 impedimenta
864 2107 1022 2139 matrimo-

68 2160 129 2198 nii,
154 2168 234 2201 quae
258 2159 434 2201 impediunt
466 2163 611 2201 respectu
643 2160 745 2192 omnis
774 2169 936 2202 personae.
969 2160 1022 2193 Hic

69 2212 320 2244 determinantur
345 2212 585 2253 impedimenta,
610 2222 692 2254 quae
720 2213 892 2254 respiciunt
920 2222 1023 2254 perso-

69 2274 126 2297 nas
142 2265 376 2298 determinatas.
395 2266 429 2297 Et
445 2265 598 2298 dividitur
615 2266 692 2298 baec
709 2275 782 2307 pars
798 2266 829 2297 in
847 2265 936 2305 duas,
950 2276 1024 2308 quo-

70 2318 153 2350 niam
186 2318 309 2359 aliquae
342 2327 494 2360 personae
526 2328 585 2350 non
616 2322 689 2351 sunt
713 2319 870 2360 legitimae
894 2323 1023 2361 propter

68 2371 197 2403 nimiam
223 2371 419 2411 distantiam,
444 2375 479 2404 ut
508 2371 596 2411 illae,
628 2372 659 2404 in
691 2372 807 2414 quihus
839 2376 886 2405 est
918 2373 1024 2405 cultus

69 2424 246 2466 disparitas.
273 2425 437 2465 Quaedam
463 2429 591 2466 propter
615 2425 743 2457 nimiam
762 2425 1024 2464 convenientiam,

70 2481 106 2510 ut
130 2478 217 2517 illae,
242 2478 273 2510 in
299 2478 415 2519 quibus
439 2481 486 2510 est
511 2478 702 2520 spiritualis,
728 2478 778 2510 vel
802 2478 937 2511 carnalis
956 2488 1024 2520 pro-

74 2530 212 2562 ximitas.
244 2530 316 2563 Ideo
348 2530 425 2563 haec
449 2540 523 2572 pars
548 2531 643 2563 habet
667 2531 756 2564 duas.
780 2531 813 2563 ln
837 2531 940 2573 prima
963 2531 1026 2572 agit

71 2582 110 2615 de
142 2582 383 2624 impedimento,
409 2583 493 2625 quod
525 2583 610 2615 venit
633 2592 674 2616 ex
698 2583 803 2616 cultus
832 2583 1024 2625 disparitate.

69 2635 100 2667 ln
126 2636 264 2668 secunda
296 2635 335 2668 de
367 2635 609 2677 impedimento,
638 2637 723 2678 quod
748 2637 832 2669 venit
856 2645 896 2669 ex
921 2636 1026 2678 proxi-

70 2687 196 2727 mitate,
214 2688 294 2720 infra
311 2688 508 2721 distinctione
525 2689 782 2731 quadragesima:
801 2689 898 2721 Nune
914 2699 1026 2731 super-

73 2745 118 2773 est
142 2741 179 2773 de
203 2742 395 2783 eoqncttione
417 2745 475 2775 etc.

47 2828 50 2830 ,
159 2793 262 2826 Prima
284 2803 358 2836 pars
383 2794 476 2827 babet
501 2795 590 2827 duas.
614 2795 647 2827 ln
662 2795 766 2837 prima
782 2795 845 2837 agit
861 2796 900 2828 de
918 2796 1023 2828 cultus

72 2846 254 2889 disparitate
279 2856 335 2889 per
357 2848 622 2889 comparationem
639 2849 679 2880 ad
696 2849 888 2881 matrimonii
906 2852 1025 2881 contra-

72 2899 215 2932 ctionem.
240 2899 273 2931 111
297 2900 435 2932 secunda
459 2909 515 2942 per
540 2901 804 2942 comparationem
829 2901 869 2934 ad
894 2901 1024 2934 dissolu-

74 2951 188 2984 tionem
201 2978 208 2991 ,
232 2952 275 2984 ibi
289 2964 295 2984 :
314 2953 425 2985 Potest
441 2957 550 2985 tamen
567 2953 651 2986 licite
667 2953 830 2986 dimittere
846 2957 904 2986 etc.
921 2954 1024 2986 Prima

73 3013 146 3045 pars
171 3004 264 3037 habet
289 3005 377 3037 duas.
404 3005 435 3037 ln
459 3006 562 3047 prima
587 3006 776 3039 determinat
800 3006 974 3039 veritatem.
992 3006 1024 3037 ln

1088 2108 1225 2140 secunda
1250 2107 1392 2140 dissolvit
1417 2108 1662 2147 dubitationem,
1686 2108 1746 2140 ibi:
1768 2108 1855 2140 Huic
1872 2113 1983 2141 (tutem
2002 2109 2039 2141 vi

1087 2160 1182 2192 delur
1208 2160 1340 2192 obviare
1364 2164 1443 2199 etc,
1468 2161 1523 2192 ubi
1544 2161 1696 2199 ostendit,
1713 2161 1796 2203 quod
1816 2162 1960 2203 quamvis
1977 2171 2039 2193 ma-

1088 2213 1271 2245 trimonium
1296 2223 1355 2245 non
1382 2213 1479 2255 possit
1503 2214 1644 2246 contrahi
1671 2214 1752 2245 inter
1777 2213 1902 2246 fidelem
1926 2217 1957 2246 et
1974 2214 2039 2246 infi-

1088 2266 1208 2306 delem,
1225 2270 1327 2308 potest
1344 2271 1447 2299 tamen
1464 2275 1550 2305 esse,
1569 2267 1593 2299 si
1611 2267 1700 2308 prius
1725 2271 1920 2300 contractum
1944 2272 2000 2300 est.

1177 2320 1286 2351 Potest
1320 2325 1428 2352 lamen
1460 2319 1544 2352 licite
1575 2320 1754 2358 dimittere,
1789 2320 1869 2363 quia
1901 2321 1936 2352 in
1968 2320 2038 2362 infi-

1089 2371 1153 2404 deli
1175 2376 1232 2405 etc.
1254 2373 1333 2405 Haec
1358 2382 1431 2414 pars
1455 2372 1593 2405 secunda
1618 2373 1681 2414 agit
1705 2372 1743 2404 de
1768 2373 1957 2404 matrimonii
1980 2373 2039 2405 dis-

1089 2425 1260 2464 solutione,
1286 2428 1316 2458 et
1339 2426 1416 2458 baec
1440 2435 1514 2467 pars
1538 2425 1618 2457 duas
1642 2425 1745 2457 habet.
1764 2425 1915 2467 [aprima
1939 2425 2039 2457 deter-

1089 2478 1187 2510 minat
1215 2478 1388 2511 veritatem.
1414 2478 1446 2510 ln
1472 2478 1610 2510 secunda
1634 2478 1811 2509 manifestat
1835 2477 2037 2517 mentientes,

1089 2531 1151 2562 ibi:
1178 2531 1264 2563 Sunt
1288 2535 1396 2563 tamen
1420 2530 1588 2569 nonnulli,
1613 2530 1671 2573 qui
1694 2530 1778 2562 incer
1803 2530 1946 2572 infideles
1962 2534 2037 2569 etc.,

1089 2584 1142 2616 ubi
1161 2584 1364 2625 reprehendit
1380 2592 1449 2622 eos,
1467 2583 1521 2625 qui
1539 2583 1700 2621 dicebant,
1722 2583 1802 2615 inter
1820 2582 1960 2615 infideles
1977 2592 2036 2614 non

1089 2645 1157 2668 esse
1183 2636 1373 2677 coniugium.
1398 2635 1500 2667 Prima
1525 2644 1598 2676 pars
1629 2635 1723 2667 habet
1754 2635 1842 2667 duas.
1872 2635 1905 2666 lu
1936 2635 2038 2676 prima

1088 2693 1177 2730 parte
1201 2689 1264 2730 agit
1288 2689 1326 2720 de
1347 2688 1550 2721 dissolutione
1574 2687 1763 2719 matrimonii
1788 2687 1892 2729 quoad
1917 2687 2039 2719 cohabi-

1088 2742 1237 2773 tationem
1254 2741 1337 2773 inter
1350 2750 1403 2772 eos
1420 2741 1471 2782 qui
1491 2744 1564 2773 sunt
1581 2740 1715 2781 disparis
1728 2740 1842 2772 cultus.
1856 2740 1886 2771 ln
1901 2740 2039 2773 secunda

1088 2794 1151 2835 agit
1168 2794 1206 2826 de
1224 2793 1428 2826 dissolutione
1452 2792 1642 2824 matrimonii
1664 2793 1767 2834 quoad
1786 2792 1901 2825 vinculi
1918 2792 2039 2825 fractio-

1088 2856 1159 2879 nem
1182 2847 1247 2879 sive
1264 2846 1476 2878 omnimodam
1494 2845 1737 2887 separationem,
1755 2846 1936 2884 ostendens,
1954 2845 2039 2888 quod

1089 2899 1114 2931 si
1139 2899 1274 2931 infidelis
1302 2908 1363 2930 non
1395 2898 1462 2930 vult
1490 2898 1687 2936 cohabitare,
1711 2898 1815 2930 fidelis
1840 2901 1940 2940 potest
1971 2907 2040 2931 con-

1088 2953 1231 2991 trahere,
1257 2952 1318 2983 ibi:
1345 2951 1407 2983 Hie
1430 2951 1617 2993 quaeritur,
1635 2951 1666 2982 si
1680 2950 1786 2992 fidelis
1809 2950 1969 2992 infidelem
1994 2951 2039 2983 di-

1087 3005 1197 3037 mittat
1218 3009 1275 3037 etc.

148 3238 155 3254 ¹
176 3239 287 3264 Gratian.
308 3247 387 3271 super
407 3247 462 3265 ean.
482 3241 522 3265 cit.
538 3254 571 3257 —
584 3241 632 3264 Pro
651 3239 758 3266 iunctus
777 3241 815 3265 esi
833 3242 858 3264 et
876 3247 924 3270 pro
940 3241 1025 3273 potest

76 3281 145 3308 solvi
162 3283 230 3313 edd„
250 3287 354 3315 excepta
375 3284 403 3314 ll,
424 3283 581 3309 coniunctus
601 3284 652 3314 est,
674 3285 699 3308 et
717 3282 826 3308 dissolvi
842 3284 934 3316 potest.

147 3326 157 3342 ’Ζ
176 3327 250 3351 Rom.
272 3326 317 3359 44,
338 3328 388 3358 23;
408 3327 453 3352 cfr.
482 3327 593 3352 Gratian.
621 3333 701 3358 super
726 3326 752 3351 C.
784 3325 880 3352 Omnes
905 3326 1024 3359 deinceps

78 3369 150 3401 (14,),
171 3370 232 3395 ibid.
253 3378 277 3403 q.
299 3372 322 3395 ll.
341 3385 376 3389 —
394 3371 478 3396 Locus
497 3372 605 3402 August.
624 3374 663 3396 est
682 3371 697 3395 l.
718 3370 750 3395 de
778 3370 909 3402 Coniugiis
929 3371 1024 3396 adulte-

1054 3239 1058 3396 l

1089 3240 1150 3264 rinis
1169 3246 1190 3264 c.
1216 3240 1252 3264 18.
1272 3246 1295 3263 11.
1311 3240 1352 3263 ⁴20.
1366 3238 1458 3270 Quoad
1477 3239 1672 3270 explicationem
1692 3240 1769 3264 buius
1788 3239 1835 3264 loci
1855 3239 1887 3264 ad
1908 3239 2039 3265 Romanos

1089 3284 1134 3308 cir.
1157 3283 1183 3307 ll.
1203 3283 1271 3307 Scnt.
1292 3283 1317 3307 d.
1340 3283 1401 3307 XLl.
1422 3290 1445 3308 c.
1469 3283 1493 3308 ⁴1.

1160 3326 1170 3342 ³
1189 3327 1224 3351 De
1238 3326 1299 3351 Fide
1313 3329 1337 3351 et
1356 3326 1479 3358 operibus
1498 3334 1519 3351 c.
1541 3327 1581 3352 116.
1602 3334 1626 3352 11.
1647 3327 1693 3359 28ς
1714 3327 1740 3353 C.
1764 3327 1839 3353 Uxor
1853 3326 1967 3361 leqilz'ma
1982 3327 2036 3360 (4.),

1782 3372 1799 3381 ..-

1089 3370 1150 3395 ibid.
1172 3384 1205 3387 —
1224 3370 1260 3395 De
1279 3377 1351 3402 seqq.
1372 3371 1418 3395 cfr.
1440 3370 1530 3403 Hugo,
1552 3371 1624 3396 Sum.
1645 3372 1712 3396 Sent.
1732 3375 1762 3397 tr.
1788 3379 1806 3396 1.
1827 3378 1849 3397 c.
1872 3372 1896 3397 8.
