2483 3882
704 255 798 287 DIST.
824 256 918 287 XLIII.
944 256 1025 288 ART.
1051 256 1070 287 1.
1096 256 1248 297 QUAEST.
1273 256 1320 289 IV.

33 343 176 388 possibile
199 345 264 381 est,
285 342 368 374 idem
397 350 530 374 numero
555 343 696 383 reparari
721 343 747 375 ei
772 343 825 384 qui
850 344 907 376 scit
937 343 977 375 ad

33 397 164 432 eundem
193 395 323 427 modum
347 398 377 427 et
400 393 440 425 ad
465 394 574 426 eadem
600 395 667 427 loca
691 395 853 428 reducere.
879 396 911 428 ln
934 405 979 427 se-

32 449 139 484 canda
154 466 197 471 —
213 448 287 490 quia
310 448 395 489 quod
419 451 606 489 corruptum
630 451 677 480 est
700 457 761 480 non
785 452 887 490 potest
910 457 978 481 esse

31 503 127 539 idem,
152 500 300 542 quoniam
324 509 405 532 nova
428 503 475 532 est
499 500 633 532 essentia
657 500 793 539 formae,
819 501 919 533 sicut¹
938 501 977 532 de

30 563 108 588 novo
124 556 292 595 generatur
304 571 350 575 —
361 552 470 585 dicunt
483 552 567 594 quod
580 552 758 584 necessario
774 556 897 594 oportet
910 562 978 585 esse

30 606 130 643 aliud;
153 609 183 638 et
207 605 245 637 de
271 605 328 637 hac
353 604 497 646 intelligit
522 604 738 645 Philosophus.
763 605 923 646 Separatio
947 608 977 637 et

30 658 189 693 dissolutio
212 657 353 698 corporis
378 657 508 689 humani
532 660 579 688 est
601 659 754 698 quantum
772 657 811 689 ad
826 657 976 698 primam

29 711 172 749 modum3
189 709 258 742 ideo
276 712 442 751 reparatur
459 709 552 748 idem,
570 709 650 741 sicut
662 709 879 749 artificiatum,
892 710 976 752 quia,

29 763 111 797 salva
134 762 238 794 anima
262 765 292 794 et
315 770 465 803 corpore,
489 761 524 793 fit
547 761 703 802 separatio
727 761 822 794 unius
839 762 878 794 ab
895 762 973 804 alio,

28 819 56 849 et
78 818 163 857 post,
187 814 284 846 salvis
309 814 453 856 partibus
477 814 644 852 materiae,
669 814 704 846 fit
720 814 921 853 incinerati03
945 818 976 846 et

27 869 107 901 Deus
136 867 217 899 sicut
248 867 350 899 bonus
373 866 487 899 artifex
512 867 634 899 cineres
659 866 776 908 colligit
799 870 830 899 et
853 867 922 899 unit
945 870 975 899 et

28 921 173 954 reformat
197 920 281 952 idem
306 928 441 961 corpus:
466 923 497 951 et
520 919 668 961 quoniam
693 919 773 952 illud
791 928 906 961 corpus
923 920 976 951 ha-

25 974 74 1006 het
97 972 227 1005 eandem
254 971 495 1013 perfectionem,
513 971 584 1004 ideo
602 975 702 1004 totum
720 975 974 1004 consummatum

30 1029 74 1059 est
97 1025 190 1057 idem.

113 1077 169 1109 Sed
204 1076 288 1109 istud
320 1085 380 1108 non
412 1076 505 1109 solvit
537 1076 739 1109 sufficienter.
769 1077 894 1109 Certum
928 1081 975 1110 est

2 1131 123 1173 neuim,
156 1130 240 1172 quod
275 1129 377 1161 forma
408 1129 511 1161 carnis
542 1130 700 1162 humanae
732 1130 973 1172 eom-ampitar,

22 1184 100 1225 xdum
124 1186 292 1224 generatur
308 1182 381 1215 inde
397 1182 515 1215 vermis
539 1186 569 1215 et
593 1191 743 1224 serpens3
768 1186 798 1215 et
822 1183 902 1215 sicut
924 1193 975 1225 po-

27 1240 83 1269 test
106 1236 264 1277 corrumpi
289 1235 320 1267 in
345 1244 471 1267 carnem
505 1236 660 1277 serpentis
686 1235 733 1267 vel
758 1235 889 1268 alterius
912 1236 975 1267 ani-

27 1288 130 1328 malis,
154 1289 198 1321 sic
214 1288 335 1320 resolvi
350 1291 468 1329 potest,
486 1288 566 1320 sicut
583 1292 613 1320 et
631 1287 710 1320 illud
727 1288 862 1327 animal,
879 1289 973 1320 etiam

26 1342 55 1375 in
78 1345 212 1384 quatuor
235 1341 405 1379 elementa,
423 1344 453 1373 et
469 1340 720 1382 unumquodque
744 1341 972 1373 elementorum

0 1424 13 1440 ᾖ
26 1394 180 1436 corrumpi
197 1394 227 1426 in
244 1394 329 1426 aliud
342 1420 349 1431 ,
366 1397 395 1426 et
412 1394 450 1426 ita
478 1397 728 1435 corrumpuntur
745 1394 864 1426 formae
882 1394 972 1426 mixti

25 1452 53 1481 et
74 1447 232 1480 elementi:
258 1455 333 1488 ergo
357 1455 483 1478 necesse
499 1450 563 1485 est,
580 1446 734 1478 elementa
750 1446 811 1478 alia
827 1455 895 1479 esse
921 1456 974 1479 nu-

25 1509 107 1533 mero
131 1503 161 1532 et
184 1499 276 1531 aliam
302 1507 438 1532 carnem.
462 1499 496 1530 Et
518 1499 559 1531 ita
587 1508 648 1530 non
679 1503 778 1540 potest
805 1503 887 1532 stare
915 1499 973 1532 ista

25 1553 190 1595 responsio.

109 1605 142 1637 Et
165 1607 332 1646 propterea
361 1603 553 1641 notandum,
585 1604 670 1646 quod
703 1607 750 1637 est
781 1605 972 1637 resurrectio

0 1658 160 1698 „eiusdem
185 1665 336 1693 numero,
366 1657 439 1698 quia
463 1656 554 1689 aliter
578 1666 639 1688 non
665 1660 747 1689 esset
771 1657 970 1689 resurrectio.

0 1728 66 1752 5⁰—
89 1710 125 1742 Sz'
147 1719 292 1753 quaeras
326 1719 348 1741 a
379 1719 447 1746 me,
480 1709 639 1751 quomodo
671 1709 729 1741 hoc
754 1718 822 1741 esse
855 1710 970 1751 possit;

26 1763 107 1802 dico,
130 1763 212 1804 quod
239 1763 298 1794 hoc
323 1765 424 1804 potest
447 1771 516 1794 esse
540 1771 597 1803 per
620 1762 775 1793 virtatem
800 1762 970 1801 divinam,

24 1815 161 1857 quamvis
188 1824 248 1847 non
280 1815 379 1856 possit
402 1823 470 1847 esse
491 1824 551 1856 per
574 1818 757 1852 uaturam;
773 1818 803 1846 et
820 1814 903 1846 istud
928 1815 971 1846 in-

23 1868 157 1910 telligere
181 1877 351 1910 possumus
375 1867 428 1900 sic.

106 1921 324 1963 Supponamus
348 1930 449 1960 nunc,
473 1921 558 1963 quod
583 1924 697 1952 natura
713 1920 833 1962 aliquid
850 1921 922 1962 agit,
939 1923 970 1952 et

0 1973 98 2015 „illud
120 1983 181 2006 non
205 1974 268 2015 agit
291 1983 331 2006 ex
354 1974 473 2012 nihilo;
496 1977 527 2006 et
550 1983 621 2006 cum
646 1977 718 2015 agat
741 1973 772 2005 16
791 1973 969 2012 materiam,

24 2029 155 2068 oportet,
179 2027 263 2068 quod
281 2026 437 2068 producat
452 2026 587 2058 formam
597 2039 605 2065 3
622 2030 652 2058 et
669 2035 741 2058 cum
759 2026 890 2059 materia
907 2035 967 2058 non

24 2078 60 2111 sit
80 2088 152 2121 pars
176 2079 311 2118 formae,
337 2088 394 2112 nec
418 2079 519 2111 forma
544 2079 597 2111 fiat
621 2088 695 2121 pars
719 2079 887 2118 materIae,
919 2088 969 2111 ne-

23 2140 103 2164 cesse
123 2135 186 2170 est,
210 2132 317 2174 aliquo
344 2132 436 2164 modo
460 2132 578 2164 formas
595 2132 756 2164 naturales
772 2141 841 2164 esse
858 2132 889 2164 in
907 2141 968 2164 ma-

24 2185 111 2223 teria,
135 2189 302 2227 antequam
327 2185 562 2227 producantur,
579 2189 609 2217 et
626 2186 800 2218 substantia
818 2185 967 2217 materiae

0 2246 191 2280 ppraegnans
225 2241 271 2270 est
306 2238 477 2270 omnibus:
514 2247 589 2279 ergo
625 2239 760 2270 rationes
801 2238 967 2270 seminales

23 2290 155 2322 omnium
186 2290 360 2323 formarum
386 2295 459 2323 sunt
483 2292 513 2323 in
539 2292 616 2333 ipsa.
641 2291 698 2323 Sed
725 2291 765 2323 ad
790 2291 869 2323 illud
901 2295 968 2322 stat

23 2343 187 2381 resolutio,
212 2353 230 2376 a
247 2353 309 2385 quo
327 2344 442 2386 incipit
456 2345 645 2387 yeneratt'o:
670 2353 744 2385 ergo
762 2344 849 2376 nulla
865 2344 966 2376 forma

23 2396 140 2428 omnino
163 2398 395 2439 corrumpitur,
420 2398 474 2430 sed
506 2401 610 2430 manet
642 2398 672 2429 in
706 2398 851 2435 materia,
886 2397 966 2429 sicut

23 2451 180 2491 antequam
214 2450 453 2492 produceretur.
487 2451 520 2482 Et
552 2450 596 2483 sic
628 2451 702 2483 dicit
730 2450 965 2491 Augustinu323

23 2501 100 2534 unde
119 2502 234 2535 formas
252 2503 282 2534 in
301 2503 430 2535 materia
454 2507 525 2535 ante
549 2503 788 2545 productionem
807 2503 881 2534 dicit
897 2511 965 2534 esse

24 2558 166 2595 quantum
191 2556 231 2587 ad
255 2556 401 2588 rationes
422 2556 603 2588 seminales.
622 2556 702 2588 Dicit
718 2555 810 2588 eliam
823 2581 830 2593 ,
846 2554 967 2586 resolui

24 2606 66 2638 ad
86 2607 277 2646 materiam,
303 2609 383 2641 sicut
407 2609 447 2641 ad
471 2609 700 2641 06661115516105
717 2609 804 2641 smus
822 2613 964 2648 naturae,

1 2682 12 2698 ,,
24 2658 100 2693 idem
123 2664 256 2702 utroque
281 2661 405 2694 nomine
422 2662 596 2695 secundum
622 2662 754 2694 alteram
779 2666 808 2694 et
832 2661 963 2694 alteram

24 2711 165 2745 rationem
190 2714 318 2756 intelligi
344 2714 460 2747 volens.
479 2715 560 2756 Quid
577 2719 682 2747 autem
701 2715 777 2747 baec
795 2715 872 2746 sint.
889 2714 962 2746 alibi

24 2764 128 2797 melius
150 2770 250 2807 patet,
275 2767 392 2799 scilicet
416 2767 445 2798 in
472 2768 640 2800 secund0³.
667 2767 754 2799 Nunc
775 2770 880 2799 autem
905 2767 963 2798 hoc

25 2816 134 2850 dixisse
157 2818 306 2859 sufficiat,
331 2820 415 2861 quod
437 2829 545 2853 0111665
569 2821 703 2860 formae,
728 2829 798 2852 cum
825 2828 965 2852 corrum-

23 2873 149 2909 puntur,
173 2880 234 2903 non
258 2872 389 2904 omuino
407 2877 674 2914 corrumpuntur,
698 2873 749 2905 sed
770 2872 964 2904 6166661611-

1931 260 1994 291 889

1043 353 1106 386 quo
1130 344 1233 376 modo.
1259 344 1293 376 Et
1317 344 1391 376 huic
1415 344 1583 377 concordat
1600 344 1679 376 ratio
1696 348 1726 377 et
1742 345 1912 377 auctoritas
1929 346 1995 387 pbi-

1042 397 1201 438 losophica
1232 400 1262 429 et
1292 397 1462 429 auctoritas
1499 397 1579 429 beati
1616 397 1779 439 Augustini
1796 397 1815 436 ⁴,
1848 401 1878 430 et
1909 398 1993 439 quod

1043 450 1145 482 maius
1173 454 1237 488 est,
1266 450 1436 482 auctoritas
1467 458 1575 482 sacrae
1606 450 1803 492 scripturae,
1835 460 1916 493 quae
1947 455 1994 484 est

1042 502 1211 534 auctoritas
1235 502 1369 544 Spiritus
1392 503 1499 535 sancti.

1130 554 1190 587 Hoc
1222 555 1478 596 praesuppositO,
1510 555 1697 595 dicendum,
1729 556 1813 598 quod
1846 557 1992 598 quamvis

1041 606 1142 638 forma
1166 607 1207 639 ibi
1232 607 1271 639 sit
1294 607 1400 649 aliquo
1424 607 1518 639 modo
1534 611 1604 649 post
1620 609 1868 650 corruptionem,
1887 613 1989 641 tamen

1041 663 1155 691 natura
1186 669 1247 691 non
1279 663 1380 701 potest
1411 660 1587 701 producere
1617 661 1657 693 ad
1690 661 1772 694 idem
1797 672 1881 700 esse,
1907 663 1991 704 quod

1041 711 1152 743 habuit
1176 712 1273 753 prius.
1298 731 1341 735 ——
1363 713 1397 744 Et
1421 713 1499 745 ratio
1524 713 1620 746 huius
1643 717 1705 746 est:
1732 715 1805 756 quia
1830 724 1925 756 agens
1942 724 1992 747 na-

1042 764 1143 796 turale
1166 765 1230 806 agit
1254 765 1413 798 influendo
1437 770 1467 799 et
1490 766 1699 808 impertiendo
1715 767 1833 808 aliquid
1852 768 1912 806 sui,
1929 777 1991 809 quo

1040 816 1196 848 mediante
1213 817 1334 858 perficit
1350 818 1428 851 illud
1445 819 1531 860 quod
1555 823 1623 851 erat
1643 819 1672 851 16
1698 820 1847 858 materia3
1865 823 1895 852 et
1912 820 1991 853 illud

1040 869 1124 909 quod
1149 869 1292 902 influitur
1316 880 1334 902 a
1358 874 1446 912 parte
1477 872 1615 912 agentis,
1648 871 1682 903 fit
1705 872 1823 913 aliquid
1848 872 1887 904 de
1912 882 1994 905 com-

1039 920 1122 962 pleto
1146 931 1212 953 esse
1236 922 1335 963 ipsius
1360 923 1524 964 producti:
1542 927 1572 956 et
1590 923 1659 956 ideo
1676 933 1802 957 necesse
1824 928 1887 964 est,
1905 925 1990 967 quod

1039 976 1152 1005 natura
1176 974 1229 1006 det
1252 974 1370 1017 aliquid
1392 975 1470 1007 novi
1484 979 1639 1017 quantum
1657 976 1696 1008 ad
1714 977 1847 1008 modam
1865 977 1993 1009 essendi

1038 1024 1300 1064 substantialem,
1325 1027 1378 1068 qui
1403 1031 1449 1060 est
1473 1028 1560 1060 65565
1577 1028 1607 1060 16
1632 1032 1714 1060 actu.
1732 1029 1882 1069 Quamvis
1907 1030 1989 1061 enim

1038 1081 1152 1110 natura
1168 1087 1229 1110 non
1247 1079 1299 1111 det
1320 1088 1433 1111 novam
1457 1080 1642 1118 essentiam,
1668 1080 1722 1112 dat
1746 1085 1849 1113 tamen
1871 1091 1989 1114 novum

1038 1130 1171 1162 modam
1203 1132 1347 1170 essendi,
1379 1141 1441 1164 non
1466 1136 1588 1165 tantum
1612 1133 1866 1172 accidentalem,
1891 1134 1988 1166 immo

1038 1182 1131 1215 etiam
1155 1183 1423 1223 substantialem,
1448 1185 1529 1218 sicut
1552 1195 1619 1217 esse
1640 1185 1675 1217 in
1698 1189 1793 1223 aeta,
1813 1187 1989 1218 secundum

1038 1245 1132 1277 quem
1157 1240 1258 1278 potest
1282 1246 1333 1270 res
1357 1238 1605 1271 substantialiter
1621 1239 1782 1271 numerari
1806 1243 1837 1271 et
1860 1239 1989 1272 dlversi-

1038 1287 1134 1321 ficari.
1161 1290 1194 1322 Et
1218 1293 1384 1331 propterea
1408 1294 1535 1329 natura,
1553 1299 1625 1323 cum
1650 1294 1789 1332 reparat,
1808 1300 1869 1323 non
1888 1291 1989 1330 idem,

1038 1341 1093 1373 sed
1116 1351 1237 1373 novam
1262 1342 1426 1384 producit3
1450 1343 1505 1375 sed
1529 1343 1630 1382 Deus,
1655 1343 1707 1385 qui
1724 1347 1827 1385 potest
1842 1344 1926 1385 ipsas
1943 1353 1991 1376 ra-

1038 1394 1137 1426 tiones
1160 1394 1327 1427 seminales
1358 1395 1424 1427 sine
1457 1396 1648 1428 imm1ssione
1680 1396 1814 1428 alicuius
1842 1397 1914 1430 novi
1947 1398 1987 1430 ad

1038 1446 1210 1487 perfectum
1242 1457 1309 1479 esse
1340 1447 1516 1486 deducere,
1548 1451 1649 1490 potest
1680 1449 1799 1488 facere,
1832 1449 1916 1491 quod
1948 1450 1989 1482 sit

1038 1498 1130 1530 idem.
1155 1499 1190 1531 Et
1214 1499 1257 1532 sic
1281 1500 1353 1532 facit
1378 1501 1406 1532 111
1432 1501 1609 1542 proposito,
1633 1501 1706 1543 quia
1731 1511 1771 1534 ex
1788 1502 1849 1534 illis
1867 1502 1941 1534 solis
1958 1506 1988 1534 et

1036 1560 1093 1592 per
1116 1552 1251 1584 eundem
1276 1553 1419 1585 ordinem
1445 1553 1475 1585 16
1494 1553 1714 1586 reformatione
1731 1563 1797 1586 rem
1816 1555 1986 1594 constituit,

1036 1612 1077 1636 ex
1101 1604 1216 1646 quibus
1240 1609 1308 1637 erat
1339 1609 1419 1638 ante.
1453 1606 1539 1638 Unde
1562 1606 1587 1638 si
1612 1606 1715 1638 omnia
1740 1607 1896 1639 elementa
1920 1617 1990 1640 con-

1036 1660 1200 1689 vertantur
1225 1658 1255 1689 16
1279 1658 1401 1699 ignem,
1426 1658 1510 1690 Deus
1533 1667 1574 1690 ex
1598 1658 1652 1690 illo
1675 1659 1746 1700 igne
1766 1660 1917 1692 reformat
1941 1669 1988 1692 ea-

1036 1710 1107 1742 dem
1131 1710 1302 1749 elementa,
1326 1720 1407 1752 quae
1432 1711 1473 1743 ibi
1498 1715 1588 1743 erant
1612 1712 1643 1743 in
1667 1712 1842 1744 rationibus
1859 1712 1989 1745 semina-

1035 1761 1133 1801 libus,
1149 1766 1180 1794 et
1196 1771 1236 1794 ex
1254 1762 1316 1795 illis
1332 1763 1465 1795 formam
1483 1764 1586 1796 caruis
1602 1772 1658 1806 per
1679 1764 1814 1797 eundem
1833 1765 1987 1797 ordinem.

1036 1815 1070 1846 Et
1086 1815 1129 1847 sic
1145 1819 1244 1856 patet,
1262 1816 1344 1857 quod
1363 1816 1446 1848 Deus
1465 1819 1564 1858 potest
1581 1816 1753 1849 reformare
1770 1817 1853 1850 idem
1871 1827 1986 1860 corpus

1034 1868 1208 1901 secundum
1233 1878 1420 1907 numerum,
1445 1873 1476 1901 et
1492 1869 1535 1902 sic
1553 1873 1653 1911 potest
1674 1870 1734 1902 dici
1759 1871 1798 1903 ad
1823 1880 1982 1913 praesens.
1999 1876 2064 1898 Nom.

1125 1922 1151 1952 1.
1176 1922 1205 1953 2.
1231 1921 1274 1953 Ad
1298 1921 1377 1953 illud
1402 1931 1477 1963 ergo
1500 1922 1585 1964 quod
1609 1922 1756 1955 obiicitur
1773 1923 1876 1965 primo
1893 1927 1923 1956 et
1941 1933 1985 1956 se-

1033 1973 1153 2012 cundo,
1188 1974 1249 2005 iam
1282 1977 1366 2015 patet
1397 1974 1575 2016 responsio:
1601 1975 1692 2016 quia,
1717 1976 1862 2017 quamvis
1898 1977 1982 2008 istud
2013 1982 2147 2029 50616001)-

1033 2026 1072 2058 511
1096 2027 1288 2067 impossibile
1312 2028 1413 2068 agenti
1438 2026 1612 2069 inferiori,
1637 2032 1683 2060 est
1707 2032 1812 2061 tamen
1836 2030 1984 2071 possibile
2000 2014 2125 2036 mmmm

1032 2080 1134 2121 agenti
1151 2080 1335 2121 superiori,
1354 2080 1470 2112 scilicet
1487 2081 1545 2122 ipsi
1571 2081 1642 2113 Deo.
1660 2100 1703 2104 —
1720 2082 1754 2114 Et
1771 2091 1869 2123 quare
1892 2082 1981 2114 istam
1998 2087 2126 2109 Notandum·

1032 2133 1201 2174 potentiam
1235 2142 1294 2164 606
1328 2133 1538 2165 communicat
1561 2133 1645 2166 Deus
1669 2138 1851 2174 creaturae,
1876 2139 1981 2176 patet:

1032 2185 1105 2227 quia
1129 2186 1216 2218 nulla
1240 2189 1385 2218 creatura
1409 2186 1472 2227 agit
1495 2196 1528 2217 se
1549 2186 1657 2228 tpsa‘ss
1682 2187 1737 2219 sed
1765 2197 1823 2228 per
1854 2188 1984 2230 aliquid

1030 2238 1104 2276 sai,
1136 2238 1333 2270 immittendo
1366 2238 1533 2277 virtutem,
1558 2239 1638 2271 sicut
1661 2242 1691 2271 et
1723 2239 1808 2272 color
1837 2240 1874 2272 ad
1908 2241 1982 2280 hoc,

1031 2291 1115 2332 quod
1140 2291 1284 2322 immutet
1309 2291 1429 2329 visum,
1453 2291 1525 2323 facit
1549 2292 1684 2333 speciem
1717 2292 1765 2324 sui
1799 2293 1828 2324 iu
1858 2293 1981 2325 medio:

1032 2343 1114 2375 unde
1138 2343 1201 2384 agit
1224 2343 1342 2384 aliquid
1366 2343 1580 2376 extrinsecum
1598 2344 1628 2375 in
1647 2344 1835 2384 intrinseco,
1861 2355 1921 2377 606
1939 2346 1983 2378 510

1029 2395 1122 2428 Deus.
1148 2395 1207 2427 Hoc
1231 2400 1334 2428 autem
1361 2396 1430 2428 dico
1454 2396 1493 2429 de
1517 2397 1696 2437 operatione
1720 2398 1865 2429 naturali.

1119 2448 1147 2480 3.
1172 2448 1215 2480 Ad
1240 2448 1319 2480 illud
1351 2449 1435 2490 quod
1464 2449 1610 2481 obiicitur
1635 2449 1673 2481 de
1697 2450 1833 2482 mortali
1864 2454 1894 2483 et
1925 2451 1982 2482 t'm-

1029 2501 1182 2539 mortalt',
1208 2501 1394 2540 dicendum,
1419 2502 1502 2543 quod
1528 2503 1682 2544 quidquid
1708 2503 1747 2536 sit
1771 2503 1810 2536 de
1835 2504 1980 2542 mortali,

1029 2559 1137 2587 utrum
1152 2555 1191 2586 sit
1207 2554 1378 2586 differentia
1391 2580 1399 2591 ,
1419 2564 1458 2586 an
1475 2564 1535 2586 non
1554 2574 1596 2578 —-
1613 2556 1687 2597 quia
1705 2565 1764 2588 606
1779 2560 1824 2588 651
1838 2566 1983 2598 praesen-

1029 2607 1068 2639 tis
1092 2606 1366 2643 considerationis,
1399 2616 1471 2639 cum
1497 2608 1632 2640 rationes
1656 2608 1695 2640 ad
1720 2612 1889 2651 utramque
1913 2619 1982 2651 par-

1029 2663 1091 2691 tem
1116 2659 1194 2697 sint,
1219 2660 1293 2701 quia
1325 2660 1451 2692 videtur
1475 2660 1579 2692 dicere
1604 2660 1760 2692 defectum
1785 2665 1816 2693 et
1840 2661 1982 2702 imperfe-

1028 2713 1161 2744 ctionem
1186 2717 1216 2743 et
1240 2721 1300 2744 non
1326 2712 1420 2744 babet
1444 2712 1650 2744 differentiam
1678 2713 1706 2745 in
1732 2714 1840 2746 eodem
1867 2723 1981 2756 genere

1028 2765 1297 2804 condividenlem,
1322 2769 1352 2798 et
1376 2766 1436 2797 alia
1461 2766 1574 2807 plura⁷
1590 2770 1754 2799 —tamen
1780 2767 1838 2799 hoc
1862 2767 1981 2809 absque

1028 2818 1185 2850 calumnia
1214 2827 1324 2850 verum
1358 2822 1421 2857 est,
1445 2819 1529 2860 quod
1555 2819 1692 2851 mortale
1717 2819 1881 2861 tripliciter
1904 2820 1980 2852 acci·
2008 2826 2142 2846 Mortntedi-

1995 2852 2050 2873 citur
2076 2852 2142 2878 tripli-

1028 2871 1133 2912 pitur:
1159 2880 1222 2902 uno
1252 2871 1344 2902 modo
1376 2871 1451 2903 dicit
1481 2871 1657 2903 naturalem
1691 2872 1909 2913 aptitudinem
1940 2873 1979 2905 ad
1995 2879 2056 2900 citer-

2042 566 2153 593 Principia

2008 592 2150 619 applicantur.

2045 723 2108 744 Ratio

2007 750 2106 771 notanda.

87 3031 94 3048 ¹
108 3033 169 3059 Edd.
180 3034 224 3061 sz'c.
238 3036 293 3061 Mox
304 3043 334 3061 ex
345 3036 402 3062 cod.
414 3037 431 3061 L
443 3038 579 3068 posuimus
589 3036 729 3070 Separatio
741 3044 788 3068 pro
800 3035 948 3070 Repuratio.

86 3075 96 3091 ²
113 3077 179 3102 Libr.
198 3078 235 3104 Ill.
256 3079 289 3104 de
309 3080 378 3105 Trin.
399 3087 420 3105 c.
442 3081 465 3105 8.
490 3088 513 3105 n.
545 3081 581 3105 13.
608 3084 632 3106 61
658 3087 679 3106 c.
706 3082 729 3105 9.
755 3087 779 3105 6.
807 3081 852 3111 ·16;
873 3080 908 3104 111.
930 3080 961 3104 de

23 3116 79 3143 Gen.
97 3119 128 3144 ad
147 3121 180 3146 lit.
200 3128 221 3147 6.
243 3123 282 3147 14.
304 3130 328 3148 n.
348 3124 395 3155 23;
416 3124 446 3149 V.
466 3131 488 3149 c.
508 3125 550 3150 23.
571 3132 594 3149 6.
615 3124 662 3156 44;
683 3125 722 3149 Vl.
749 3131 771 3149 c.
804 3123 841 3149 14.
868 3131 892 3148 n.
920 3123 960 3148 25.

23 3166 89 3194 seqq.
107 3166 131 3188 et
148 3164 189 3190 IX.
210 3172 230 3190 c.
253 3166 292 3191 17.
313 3174 336 3191 11.
358 3167 400 3192 31.
421 3175 511 3200 seqq.;
538 3169 651 3193 Enarrat.
673 3169 697 3193 in
719 3169 756 3193 ps.
776 3168 818 3192 78.
839 3175 862 3192 n.
884 3167 907 3192 5.
928 3181 962 3185 ——

24 3203 94 3231 Paulo
106 3211 161 3232 ante
175 3215 222 3240 pro
241 3209 309 3236 sicut
322 3211 379 3236 cod.
393 3211 414 3236 Ο
428 3211 456 3237 in
474 3218 528 3245 qua
546 3211 611 3245 fuit,
634 3212 693 3237 cdd.
716 3212 817 3243 legunt:
837 3211 864 3237 in
884 3212 962 3237 mute-

23 3245 63 3273 ria
72 3251 128 3281 post
139 3252 350 3286 corruptionem,
366 3254 435 3281 sicut
453 3255 590 3287 manebat,
613 3257 758 3289 autequam
778 3256 824 3281 etc.

86 3291 96 3308 ³
113 3294 216 3321 Libr.ll.
227 3297 295 3322 Sent.
311 3298 336 3323 d.
350 3298 374 3323 7.
387 3306 411 3330 p.
423 3299 449 3324 ll.
463 3306 485 3324 a.
501 3300 525 3324 2.
539 3307 563 3332 q.
579 3301 603 3324 2.
620 3303 643 3324 et
657 3299 681 3324 d.
698 3300 738 3324 18.
752 3306 774 3324 a.
790 3300 812 3323 1.
827 3306 852 3331 q.
869 3300 892 3323 2.
906 3306 959 3331 seq.

86 3336 96 3353 ⁴
113 3337 161 3363 Cfr.
181 3347 258 3372 supra
278 3349 338 3373 pag.
359 3343 423 3374 232,
444 3346 503 3369 nota
524 3345 546 3368 «l.

86 3379 97 3396 ⁵
114 3380 192 3408 Codd.
212 3385 328 3410 GHKY
347 3388 372 3411 et
389 3386 430 3411 ed.
452 3388 461 3412 v‘l
485 3387 584 3413 addunt
604 3389 635 3413 et.
663 3388 787 3419 Superius
814 3394 861 3419 pro
885 3386 961 3420 perfi-

158 3436 185 3463 S.
206 3438 305 3465 Boozav.
326 3453 360 3457 —
380 3440 455 3465 Tom.
476 3440 516 3466 lV.

1027 3035 1061 3061 eit
1081 3043 1130 3060 6011
1151 3036 1226 3067 pauci
1246 3035 1322 3061 codd.
1343 3038 1367 3060 ct
1385 3035 1425 3060 etl.
1451 3036 1455 3060 1
1479 3035 1598 3069 proficit,
1615 3035 1672 3061 cod.
1692 3036 1728 3061 bb
1747 3044 1759 3061 a
1775 3037 1887 3062 secunda
1903 3044 1980 3062 manu

1025 3078 1157 3111 producit.

1096 3122 1107 3138 ⁶
1126 3122 1176 3148 Ctr.
1199 3123 1213 3147 1.
1233 3123 1300 3148 Sent.
1322 3122 1346 3147 d.
1367 3123 1389 3147 8.
1411 3130 1435 3154 p.
1457 3123 1482 3148 11.
1506 3130 1529 3155 q.
1550 3123 1573 3148 2.
1594 3124 1619 3147 in
1639 3130 1709 3155 corp.
1730 3138 1764 3141 —
1777 3123 1813 3148 De
1827 3131 1881 3156 seq.
1895 3130 1980 3148 exem-

1026 3167 1068 3198 plo
1088 3167 1180 3192 coloris
1200 3168 1244 3191 cfr.
1265 3168 1380 3198 aristot„
1402 3167 1426 3191 ll.
1452 3166 1484 3191 de
1510 3168 1616 3198 Anima,
1638 3170 1695 3192 text.
1716 3167 1758 3192 74.
1780 3168 1812 3197 (c.
1833 3167 1879 3199 7.),
1901 3171 1925 3192 61
1946 3168 1977 3192 de

1025 3212 1106 3236 Sensu
1126 3214 1150 3236 ct
1169 3218 1235 3236 sens.
1256 3217 1277 3236 c.
1298 3212 1321 3235 2.
1341 3218 1395 3242 seq.
1416 3225 1449 3228 —
1470 3211 1576 3236 Inferius
1596 3214 1655 3242 post
1673 3210 1742 3237 uncle
1761 3211 1817 3244 assit
1838 3212 1892 3237 Vat.
1908 3212 1981 3242 addit

1023 3261 1071 3288 per
1090 3258 1114 3280 et
1134 3262 1181 3286 pro
1200 3254 1342 3280 intrinseco
1362 3262 1422 3280 cum
1442 3255 1482 3280 ed,
1508 3256 1512 3279 1
1538 3254 1668 3280 substituit
1688 3254 1848 3281 extrinseco.

1094 3299 1104 3315 ⁷
1125 3299 1189 3324 Vide
1208 3299 1381 3330 Avicennam,
1403 3299 1490 3330 Logic.
1512 3306 1537 3330 p.
1560 3299 1574 3323 1.
1595 3306 1616 3324 c.
1631 3298 1662 3324 de
1680 3299 1850 3332 Dlfferefflffl,
1869 3299 1912 3325 uhi
1928 3301 1980 3331 pri-

1024 3345 1139 3369 vationes
1158 3344 1269 3368 excludit
1288 3343 1319 3368 de
1339 3343 1501 3375 differentiis3
1523 3343 1548 3368 Β.
1568 3344 1677 3375 .›xlb‹›i·t.‚
1700 3343 1843 3369 Comment.
1864 3345 1888 3369 in
1905 3345 1980 3369 Prae-

1026 3387 1109 3413 dicab.
1130 3391 1159 3412 tr.
1181 3387 1203 3412 5.
1224 3394 1246 3412 c.
1270 3388 1292 3412 3.

1787 3442 1833 3466 112
