2483 3882
882 228 1092 260 DISTINCTlO
1116 229 1216 261 xxxi.

71 315 245 354 evacuavit,
270 315 396 356 quando
419 322 487 346 eam
514 314 604 346 beato
623 315 724 347 loanni
750 316 1017 348 recommendavit

70 373 100 403 et
122 368 206 401 dedit
229 366 384 399 eum-sibi
410 366 439 397 in
466 366 610 398 solatium
638 367 703 398 loco
725 367 807 406 Filii;
841 368 952 409 utquid
985 367 1018 399 il-

69 423 134 455 lum
158 420 312 458 dedisset,
337 419 360 451 si
388 418 466 450 filios
491 418 653 451 habuisset
669 419 701 450 ¹?

155 472 243 514 Quod
267 480 342 513 ergo
372 471 519 503 obiicitur
550 471 589 503 de
614 471 643 512 ly
675 471 793 509 donec,
827 472 1016 509 dicendum,

70 526 151 569 quod
183 524 257 557 dicit
290 523 459 556 terminum
486 523 668 561 incertum,
701 524 781 555 sicut
813 523 898 555 ibi2':
923 524 1017 556 Dixit

69 577 228 611 Dominus
251 576 388 608 Domino
405 585 490 607 meo.-
515 576 587 607 sede
604 585 625 607 a
650 576 776 608 deoetris
793 576 892 615 meis,
917 576 1016 608 donec

65 639 186 674 ponam
211 629 362 660 inimicos
385 632 460 667 etc.;
485 631 622 666 constat,
648 629 731 670 quod
759 633 828 671 post
853 629 974 661 sedebit
998 638 1016 660 a

69 683 196 725 dextris.
214 701 258 705 -—
274 681 421 713 Similiter
446 682 504 713 hoc
529 691 642 713 nomen
666 682 923 724 primogenitum
956 683 1017 724 pri-

69 740 119 768 vat
148 734 289 766 ordinem
314 734 354 765 ad
390 733 559 772 anterius,
585 744 645 765 non
682 734 767 775 ponit
799 734 942 766 ordinem
975 734 1014 766 ad

64 787 246 831 posterius,-
281 789 311 819 et
343 786 413 818 ideo
441 786 684 827 prtmoyem‘cus
715 787 908 828 appellatur,
942 788 1016 828 quia

67 840 216 873 Dominus
239 842 307 871 erat
331 839 505 871 secundum
532 840 642 880 Legem
667 839 856 871 offerendus.
875 858 917 862 —
935 840 969 871 Et
986 839 1018 871 δι’

68 898 101 926 tu
117 892 272 930 obiicias,
297 892 381 934 quod
399 892 510 923 habuit
534 891 657 933 aliquos
673 892 804 929 fratres;
829 892 1014 931 dicendum,

67 946 147 989 quod
178 944 305 987 fratres
343 948 494 976 vocantur
526 944 567 976 ibi
602 944 768 986 propinqui
807 944 837 976 in
876 944 1015 976 secundo

22 1028 24 1030 ,
67 999 182 1042 gradu,
209 994 315 1030 vel'in
337 997 428 1029 tertio
442 997 462 1028 ³.

0 1642 50 1664 dum.

1 2481 54 2504 inus.

469 1104 544 1135 Duss.
569 1104 603 1135 V.

151 1211 225 1242 [tem
250 1210 414 1251 quaeritur
439 1210 477 1241 de
502 1209 561 1241 hoc
584 1209 667 1250 quod
694 1208 784 1241 dicit:
806 1208 1015 1241 Committens

65 1273 97 1295 se
119 1262 250 1294 (livinae
278 1261 487 1303 dispositioni
517 1261 677 1293 consensit
701 1261 736 1293 in
769 1261 939 1293 carnalem
966 1271 1015 1293 co—

61 1315 192 1358 pulam.-
217 1324 291 1356 ergo
317 1314 456 1353 videtur,
474 1314 557 1355 qnod
582 1314 692 1346 saltem
711 1313 805 1346 fuerit
830 1318 933 1346 mente
950 1323 1015 1346 cor-

67 1371 173 1410 rupta,
197 1368 282 1409 quod
300 1368 404 1399 dicere
422 1371 469 1399 est
493 1367 698 1408 blasphemia.
715 1385 758 1389 —
775 1367 849 1399 Item
862 1393 869 1405 ,
888 1367 1014 1399 videtur

65 1421 120 1453 sibi
145 1420 373 1459 contradicere,
398 1420 471 1461 quia
489 1420 582 1461 paulo
606 1420 702 1451 ante⁴
728 1420 819 1452 dicit:
852 1432 865 1448 «
883 1420 1014 1452 Consen-

65 1474 103 1506 sit
126 1473 219 1505 Maria
246 1473 273 1504 in
299 1473 476 1505 maritalem
501 1473 699 1511 societatem,
724 1473 779 1505 sed
804 1482 864 1504 non
895 1473 924 1504 in
950 1482 1015 1505 car-

66 1527 164 1559 nalem
190 1526 334 1567 copulam
351 1537 385 1557 »z
411 1535 485 1567 ergo
505 1525 619 1558 salsum
645 1525 719 1558 dicit
743 1534 835 1557 nunc.

151 1580 348 1612 Responnizo:
375 1579 567 1617 Dicendum,
584 1578 667 1620 quod
694 1578 771 1610 illud
801 1578 933 1610 verbum
959 1579 1014 1610 Au-

66 1633 176 1675 gustini
203 1632 401 1673 intelligitur,
426 1641 486 1663 non
519 1631 592 1673 quia
617 1632 710 1672 Virgo
735 1632 944 1670 consenserit,
979 1635 1014 1663 ut

65 1685 161 1727 ipsam
186 1688 403 1726 cognosceret,
428 1685 502 1726 quia
526 1693 687 1726 nunquam
713 1684 808 1716 credo
829 1684 887 1716 hoc
912 1684 1012 1726 ipsam

65 1739 215 1777 voluisse,
239 1747 296 1770 nec
323 1738 420 1770 Deum
439 1738 497 1769 hoc
521 1737 577 1769 sibi
596 1737 783 1778 inspirasse,
808 1737 861 1769 sed
888 1746 1014 1769 consen-

66 1791 103 1824 sit
126 1791 156 1823 in
187 1791 382 1832 coniugalem
417 1790 594 1822 societatem
627 1789 692 1822 sive
725 1790 754 1821 in
780 1793 923 1821 mutuam
949 1799 1013 1822 cor-

64 1852 175 1885 porum
200 1847 401 1885 potestatem,
426 1852 506 1884 quae
538 1842 681 1875 ordinata
705 1846 773 1874 erat
796 1842 836 1874 ad
865 1842 1010 1884 copulam

65 1896 235 1935 carnalem,
259 1905 321 1928 non
346 1899 447 1927 tamen
473 1896 668 1928 ordinatione
692 1895 868 1927 necessaria
883 1894 904 1925 ⁵.

1967 231 2029 264 713

1479 317 1555 349 Due.
1586 318 1632 350 Vl.

1169 421 1243 453 Item
1269 422 1432 463 quaeritur
1457 422 1495 454 de
1521 423 1579 455 hoc
1603 423 1686 464 quod
1712 423 1802 462 dicit,
1828 424 1912 465 quod
1935 424 2031 456 Iacob

1081 472 1201 505 Rachel
1223 474 1375 506 decoram
1399 474 1487 517 facie
1521 479 1551 507 ec
1580 479 1713 507 vei'zusto
1744 480 1878 517 aspectu
1896 477 1907 491 ‘⁵
1939 485 2031 508 ama-

1080 526 1277 563 vit,·ut1·um
1309 528 1494 568 peccaverit.
1522 528 1555 559 Et
1586 528 1669 569 quod
1695 529 1752 567 sic,
1785 529 1928 568 videtur,
1958 529 2031 571 quia

1080 578 1224 619 Magister
1241 579 1315 611 dicit
1336 579 1365 611 in
1384 580 1486 612 littera
1497 581 1517 619 ⁷,
1535 581 1619 622 quod
1638 581 1847 623 «pulcritudo
1872 585 1919 614 est
1935 591 2031 615 causa

1080 630 1184 662 minus
1210 631 1353 669 honesta,
1378 636 1506 673 propter
1533 642 1626 674 quam
1653 633 1849 665 contrahitur
1874 635 2032 667 matrimo-

1080 683 1167 714 nium
1185 696 1214 714 ».
1232 702 1275 707 —
1291 684 1383 722 item,
1406 682 1516 725 fallax
1530 685 1646 727 gratia
1670 690 1698 717 et
1722 696 1811 719 vana
1840 691 1885 719 est
1906 687 2032 729 pulcri-

1081 735 1174 772 tudo,
1199 736 1280 767 sicut
1303 736 1419 768 dicitur
1444 737 1685 770 Proverbiorum
1710 739 1857 771 ultimo⁸z
1883 749 1958 781 ergo
1975 740 2028 781 qui

1081 791 1208 829 propter
1233 789 1479 829 pulcritudinem
1514 791 1669 823 contrahit
1702 792 1936 824 matrimonium
1968 802 2030 824 mo-

1082 843 1171 872 vetur
1195 849 1236 872 ex
1257 841 1409 874 vanitate:
1436 843 1460 874 si
1478 852 1552 884 ergo
1578 844 1606 875 in
1624 845 1832 877 Sacramentis
1856 845 1971 877 divinis
1989 849 2029 877 ta-

1080 893 1118 925 lis
1142 902 1237 925 causa
1260 897 1307 926 est
1330 895 1587 936 reprehensibilis
1611 900 1695 938 patet
1718 901 1775 929 etc.

1169 947 1366 979 Responnno:
1393 947 1581 986 Dicendum,
1606 949 1690 990 quod
1715 950 1896 991 pulcritudo
1917 951 1947 982 in
1965 960 2031 983 mu-

1079 998 1155 1030 liere
1180 999 1229 1030 vel
1254 999 1284 1030 in
1310 999 1377 1031 viro
1401 1004 1502 1041 potest
1526 1001 1693 1042 dupliciter
1712 1011 1837 1035 movere
1861 1003 1901 1035 ad
1926 1003 2030 1035 matri·
2047 1013 2168 1034 pisimano.

1080 1052 1218 1083 monium
1252 1052 1519 1084 contrahendum:
1551 1057 1606 1085 aut
1630 1054 1710 1086 sicut
1735 1064 1828 1087 causa
1857 1056 2031 1097 principa-

1079 1104 1138 1142 lis,
1163 1108 1217 1137 aut
1241 1105 1322 1137 sicut
1346 1114 1441 1137 causa
1465 1106 1623 1137 inducens
1647 1111 1677 1139 et
1700 1108 1861 1140 attrahens
1890 1109 2027 1150 quodam

1080 1158 1182 1190 modo.
1207 1158 1235 1189 Si
1262 1159 1342 1190 sicut
1377 1168 1471 1191 causa
1492 1159 1713 1201 principalis;
1749 1163 1822 1193 tunc
1854 1165 1900 1193 est
1936 1170 2031 1194 causa

1079 1211 1184 1243 minus
1209 1211 1356 1250 honesta,
1381 1212 1455 1253 quia
1478 1221 1537 1244 non
1564 1213 1656 1245 debet
1681 1213 1739 1245 hoc
1765 1214 1879 1246 intendi
1907 1214 1937 1245 in
1970 1223 2033 1246 ma-

1079 1264 1239 1303 trimonio,
1264 1264 1318 1296 sed
1338 1264 1475 1296 filiorum
1493 1266 1682 1306 procreatio,
1701 1266 1749 1298 vel
1766 1267 1894 1308 aliquod
1919 1267 2032 1306 simile,

1079 1320 1109 1348 et
1133 1317 1192 1349 hoc
1208 1316 1323 1348 iterum
1348 1317 1529 1349 ordinatum
1546 1319 1647 1350 estad
1665 1319 1808 1351 divinum
1833 1320 2030 1361 obsequium.

1079 1369 1107 1400 Si
1134 1372 1239 1400 autem
1265 1369 1345 1401 sicut
1374 1369 1548 1407 iuducenffl
1573 1374 1674 1412 potest
1702 1380 1770 1404 esse
1794 1372 1860 1404 sine
1885 1376 2031 1414 peccato,

1078 1422 1118 1454 ad
1144 1422 1249 1454 miuus
1272 1422 1377 1463 gravi,
1396 1432 1453 1464 pro
1476 1432 1513 1455 eo
1537 1424 1621 1465 quod
1638 1424 1820 1465 pulcritudo
1845 1425 2031 1457 naturaliter

1079 1475 1208 1507 attrahit
1238 1475 1379 1507 animum
1404 1476 1442 1507 ad
1475 1485 1635 1515 amorem3
1659 1480 1690 1509 et
1722 1478 1745 1509 si
1776 1486 1865 1509 amor
1890 1478 1960 1510 talis
1992 1479 2032 1510 sit

1078 1528 1321 1569 complacentiae
1345 1538 1405 1560 non
1432 1529 1567 1561 multum
1594 1530 1751 1567 intensus,
1778 1539 1837 1561 non
1855 1534 1901 1562 est
1925 1530 2030 1572 culpa—

1079 1580 1158 1612 bilis.
1177 1599 1219 1603 —
1235 1580 1263 1612 Si
1288 1580 1359 1622 quis
1383 1584 1489 1612 autem
1514 1581 1610 1619 dicat,
1635 1582 1718 1622 quod
1746 1582 1834 1614 [acob
1859 1582 1900 1614 ibi
1929 1583 2028 1614 venia-

1078 1632 1149 1665 liter
1173 1633 1363 1674 peccaverit,
1389 1643 1449 1665 non
1474 1637 1521 1666 est
1539 1634 1674 1666 multum
1700 1635 1917 1676 improbabile.
1935 1655 1978 1658 -
1996 1636 2030 1667 Et
2046 1644 2174 1665 notandum.

1076 1689 1163 1725 nota,
1188 1685 1272 1727 quod
1298 1686 1415 1718 multae
1440 1691 1571 1727 possunt
1595 1696 1663 1719 esse
1687 1697 1800 1720 causac
1821 1688 2029 1728 inducentes,

1077 1748 1157 1780 quae
1181 1739 1248 1771 sine
1272 1743 1399 1780 peccato
1423 1739 1594 1778 inducunt,
1619 1740 1696 1772 dum
1723 1744 1827 1773 tamen
1858 1750 1918 1773 non
1944 1742 2031 1773 sista-

1076 1795 1128 1822 tur
1153 1791 1183 1822 in
1207 1791 1270 1829 eis,
1294 1791 1412 1823 scilicet
1436 1792 1550 1833 gratia,
1568 1792 1763 1834 pulcritudO,
1790 1793 1933 1832 divitiae,
1952 1803 2030 1826 mer-

1076 1852 1127 1876 ces
1138 1844 1159 1882 ⁹,
1184 1844 1350 1885 sapientia,
1379 1844 1494 1883 virtus,
1527 1845 1582 1877 sed
1608 1845 1708 1878 virtus
1740 1850 1770 1878 et
1802 1855 1906 1879 mores
1931 1855 2030 1888 super

1076 1896 1180 1927 omnia
1205 1900 1278 1928 sunt
1298 1896 1497 1929 attendenda.

780 2010 1104 2081 DISTINOTIO
1135 2041 1302 2082 XXXI.

482 2190 550 2220 CAP.
572 2190 592 2219 l.

317 2289 358 2318 De
382 2287 477 2318 tribus
501 2286 586 2317 bonis
613 2286 756 2327 coniztgyii.

140 2385 207 2415 Post
227 2386 304 2415 haec
326 2385 362 2415 de
385 2385 472 2415 bonis
492 2385 640 2423 coniugii,
655 2392 734 2423 qnae
749 2384 809 2414 sint
831 2388 859 2414 et
881 2384 1011 2423 qualiter

64 2432 172 2463 coitum
195 2437 355 2469 excusent,
377 2433 538 2463 dicendum
556 2436 608 2462 est.
632 2433 700 2462 Tria
716 2436 785 2462 sunt
803 2432 1011 2471 principaliter

63 2479 139 2511 bona
161 2482 304 2519 coniugii;
333 2482 412 2512 unde
442 2482 626 2520 Augustinus
644 2481 670 2510 ²:
698 2494 710 2507 «
730 2481 872 2519 Nuptialc
900 2481 1009 2510 bonnm

65 2528 243 2567 tripartitum
266 2533 326 2567 est,
348 2530 462 2560 scilicet
476 2529 569 2568 fides,
589 2529 709 2568 proles,
726 2529 964 2559 Sacramemmn.
981 2529 1010 2558 In

62 2575 118 2615 side
139 2577 313 2614 attenditur,
335 2586 372 2608 ne
393 2582 461 2617 post
490 2578 644 2607 vinculum
673 2577 831 2615 coniugale
853 2585 921 2606 cum
951 2577 1010 2607 alio

67 2625 111 2655 vel
127 2625 181 2656 alia
198 2630 335 2663 coeatur3
359 2627 387 2655 in
410 2626 517 2665 prole,
540 2629 573 2655 ut
594 2629 729 2655 amanter
751 2625 948 2663 suscipiatur,
969 2633 1012 2654 re·
1034 2623 1038 2626 ’

1078 2190 1183 2227 ligiose
1205 2190 1367 2227 educetur;
1384 2192 1412 2221 in
1429 2191 1642 2227 Sam-amento,
1666 2197 1696 2223 ut
1711 2194 1885 2231 coniugium
1909 2204 1967 2224 uon
1990 2204 2031 2226 se-

1077 2242 1215 2277 paretur,
1238 2242 1268 2269 et
1289 2240 1431 2270 dimissus
1459 2241 1504 2271 vel
1531 2241 1654 2272 dimissa
1677 2251 1731 2272 nec
1754 2250 1845 2273 cansa
1869 2243 1963 2282 prolis
1992 2245 2031 2277 3!-

1078 2287 1131 2316 teri
1154 2288 1354 2325 coniungatur
1370 2301 1395 2317 u.

1492 2385 1560 2416 Cap,
1582 2387 1615 2416 Il.

1349 2482 1391 2511 De
1411 2481 1532 2521 duplici
1555 2483 1755 2522 separatione.

1155 2577 1311 2616 Separatio
1334 2582 1434 2608 autem
1456 2580 1575 2618 gemina
1597 2584 1661 2616 est,
1683 2581 1853 2620 corporalis
1869 2582 1984 2613 scilicet
2000 2588 2029 2613 et

1073 2626 1314 2656 sacramentalis.
1336 2627 1544 2666 Corporcditer
1565 2633 1691 2666 possunt
1706 2630 1842 2667 separari
1865 2638 1958 2661 causa
1974 2632 2028 2661 sor-

135 2777 142 2793 ¹
162 2778 227 2803 loun.
252 2779 294 2809 19,
316 2779 357 2803 26.
378 2792 412 2796 —-
431 2779 501 2803 Ilanc
520 2779 645 2803 rationem
660 2778 791 2809 assignant
810 2778 949 2809 empnam,
965 2778 1012 2803 loc.

67 2821 117 2852 cit,
137 2828 162 2846 n.
185 2823 223 2847 10.
244 2825 268 2847 et
288 2823 386 2847 haeres.
407 2823 447 2847 28.
468 2829 492 2846 n.
512 2822 542 2853 73
563 2821 709 2853 Chrysost.‚
728 2822 753 2846 iu
774 2822 858 2846 Matth.
876 2821 964 2846 homil.
986 2821 1010 2846 5.

67 2870 90 2888 n.
110 2864 137 2896 33
158 2865 241 2898 Hilar.,
263 2865 406 2891 Comment.
422 2867 445 2890 in
467 2866 550 2890 Ι11111111.
566 2873 586 2890 c.
612 2868 630 2890 1.
653 2873 675 2890 n.
691 2865 720 2897 4-;
741 2865 870 2897 Ambros„
892 2866 938 2890 loc.
960 2866 1010 2897 cit„

67 2914 87 2932 c.
106 2909 129 2933 7.
150 2916 172 2933 n.
188 2909 227 2934 46.
247 2915 271 2935 et
285 2910 309 2934 11.
330 2911 440 2941 Exposit.
456 2912 479 2934 in
500 2911 560 2935 Luc.
582 2918 606 2935 n.
623 2910 651 2941 -1-;
674 2911 783 2941 Hieron„
798 2910 846 2935 loc.
866 2911 916 2941 cit,
932 2917 955 2934 n.
976 2910 1012 2934 13.

66 2951 185 2978 praedicti
206 2955 290 2978 Patres
310 2955 333 2978 in
353 2955 391 2979 liis
411 2955 472 2979 loisis
487 2954 611 2985 praebent
630 2955 706 2979 ctiam
721 2955 796 2979 solut.
819 2954 1010 2985 ohiecssonum,

67 3002 131 3027 quae
150 3003 162 3021 a
183 2997 207 3022 S.
227 2998 322 3023 Bonav.
344 2998 426 3023 datur.

134 3039 144 3055 ²
164 3041 253 3066 Psalm.
274 3042 337 3073 1109,
363 3042 381 3066 l.
401 3055 437 3060 ——
456 3042 563 3067 Inferius
583 3043 720 3073 respicitur
738 3042 818 3067 Exod.
840 3042 883 3073 13,
904 3043 933 3067 2:
954 3042 1014 3066 San·

67 3082 145 3108 ctitiea
165 3085 224 3109 mihi
245 3092 321 3110 omne
341 3087 543 3117 primogenitum
563 3090 612 3111 etc.
634 3085 683 3111 Csr.
704 3086 780 3110 Num.
803 3086 830 3117 3,
853 3086 896 3117 133
918 3086 948 3117 8,
972 3086 1012 3110 16.

68 3132 137 3159 seqq.
156 3131 179 3153 et
199 3128 258 3153 Luc.
279 3130 307 3161 ⁴2,
328 3130 369 3154 22.
389 3136 461 3161 seqq.

134 3170 145 3188 3
162 3172 231 3197 ldem
250 3173 312 3198 dub.
337 3174 445 3199 solvitur
463 3181 476 3198 a
498 3175 521 3198 S.
549 3174 651 3203 Thom„
672 3174 713 3198 nie
732 3181 757 3206 q.

68 3213 137 3246 Tar„
157 3216 197 3241 hic
216 3224 240 3248 q.
261 3218 282 3242 2.
304 3225 325 3242 a.
348 3218 382 3249 «1.;
405 3218 524 3242 Richard.
545 3225 558 3242 a
578 3217 656 3249 Med,
677 3218 718 3242 hic
738 3225 759 3242 a.

136 3257 146 3274 ⁴
164 3259 208 3284 llic
227 3267 248 3285 c.
269 3261 291 3285 2.

778 3175 801 3198 Ξ.
822 3181 843 3198 n.
865 3174 894 3205 35
915 3175 979 3199 Petr.
999 3182 1012 3199 a

781 3219 804 3242 2.
825 3224 849 3249 q.
872 3219 894 3243 1.

135 3302 145 3318 ⁵
163 3302 212 3328 Cl'r.
232 3311 309 3335 supra
331 3304 355 3329 d.
372 3305 412 3329 28.
433 3312 458 3336 q.
478 3305 506 3336 ὃς
528 3305 554 3329 Β.
574 3304 678 3335 Α]1)ρΓῑ-,
699 3305 739 3329 hic
752 3312 774 3329 a.
800 3305 842 3336 ll;
864 3306 888 3330 S.
910 3305 1011 3337 Tuom„

67 3344 107 3370 liic
125 3347 189 3372 circa
210 3347 258 3379 lit.;
279 3348 397 3373 Richard.
417 3356 431 3373 a
451 3348 529 3380 Med,
552 3349 592 3373 liic
612 3356 633 3373 a.
655 3349 677 3372 2.
698 3356 723 3380 q.
744 3349 767 3373 ⁶2.
788 3348 820 3373 ad
841 3349 864 3373 3.

205 3399 232 3425 S.
253 3400 352 3426 Bonae.
371 3415 406 3420 —-
425 3401 499 3426 Toni.
521 3402 561 3426 1V.

1148 2778 1159 2795 ⁶
1178 2778 1276 2810 Codd.,
1303 2780 1418 2804 terminis
1442 2781 1618 2811 transpositis,
1638 2782 1778 2807 venustam
1801 2780 1869 2814 facie
1894 2784 1919 2808 et
1936 2782 2030 2809 decoro

1078 2823 1195 2854 aspectu.

1147 2866 1158 2882 ⁷
1178 2867 1223 2891 Hic
1242 2874 1265 2892 c.
1287 2868 1310 2892 3.
1332 2882 1365 2884 —
1385 2868 1443 2892 Post
1466 2867 1619 2900 pulcritudo
1640 2868 1700 2893 edd.
1726 2876 1786 2893 cnm
1813 2869 1933 2900 pluribus
1952 2871 2028 2896 codd.

1077 2909 1176 2934 addunt
1191 2910 1290 2943 procul
1307 2910 1394 2936 dubio.

1149 2954 1159 2971 ⁸
1179 2955 1252 2979 Vers.
1273 2956 1314 2979 30.

1147 3000 1158 3016 9
1177 2999 1257 3025 Codd.
1280 3000 1327 3025 ΕΚ
1340 3000 1358 3024 L
1384 3000 1407 3029 (l
1428 3000 1563 3032 primitus)
1583 3007 1686 3031 mores,·
1712 3001 1772 3026 edd.
1798 3006 1855 3033 post
1880 3003 1967 3028 virtus
1986 3004 2029 3028 ent-

1077 3044 1141 3069 dunt
1159 3045 1182 3069 et
1201 3051 1298 3070 mores.
1320 3045 1444 3075 Superius
1465 3051 1511 3075 pro
1531 3043 1661 3070 inducunt
1680 3045 1755 3070 codd.
1778 3046 1795 3069 R
1808 3047 1824 3070 S
1836 3046 1855 3070 T
1870 3048 1982 3072 movent.
1996 3061 2029 3064 —

1078 3088 1112 3113 De
1134 3090 1181 3113 hoc
1202 3088 1281 3113 dubio
1295 3088 1340 3112 ‹·s.··.
1360 3095 1438 3119 snpra
1453 3096 1477 3120 q.
1499 3089 1527 3118 3;
1550 3089 1574 3113 P..
1590 3089 1696 3120 Alhert„
1720 3090 1760 3114 nic
1773 3097 1794 3114 a.
1821 3090 1863 3121 t3;
1884 3091 1908 3115 S.
1924 3091 2026 3122 Thom„

1078 3133 1119 3157 liic
1137 3133 1202 3157 circa
1224 3132 1270 3163 lit.;
1298 3133 1363 3156 Petr.
1384 3140 1397 3156 ει
1425 3132 1499 3163 'sai¹.‚
1522 3133 1562 3157 hic
1582 3140 1606 3164 q.
1634 3133 1657 3157 3.
1678 3140 1700 3157 a.
1726 3134 1750 3165 l;
1772 3134 1891 3159 Hic-hurd.
1913 3142 1925 3159 a
1948 3135 2024 3165 Med..

1078 3177 1159 3201 hicn.
1183 3176 1206 3200 3.
1229 3183 1253 3207 q.
1280 3177 1300 3201 l.

1271 3261 1378 3287 NOTAE
1397 3261 1438 3287 AD
1458 3262 1542 3288 LIBR.
1564 3262 1834 3290 SENTENTIARUM.

1148 3349 1154 3365 ¹
1177 3349 1244 3374 Libr.
1265 3350 1306 3374 lX.
1328 3350 1358 3375 de
1378 3350 1468 3375 Genesi
1489 3350 1520 3375 ad
1542 3351 1575 3376 lit.
1596 3358 1617 3376 c.
1632 3351 1656 3377 7.
1676 3359 1700 3376 n.
1726 3353 1762 3378 12.

1854 3407 1886 3431 90
