2483 3882
751 240 843 272 DIST.
869 238 928 270 ΧΠ.
954 238 983 269 Ρ.
1008 237 1028 268 i.
1052 235 1134 267 ΛΒΤ.
1160 234 1191 265 it.
1216 232 1369 274 QUAEST.
1395 231 1440 262 111.
2012 224 2071 255 281

112 338 241 371 interior
264 343 426 377 nunquam
451 331 636 365 naturaliter
653 327 863 371 apprehendit
880 325 1013 368 speciem
1032 324 1062 356 in

113 390 260 428 materia,
285 388 340 421 sed
357 388 545 419 abstractam
562 384 589 415 ¹:
608 392 682 424 ergo
699 391 756 414 nec
772 381 911 414 exterior
928 378 1062 420 speciem

113 445 288 486 separatam
314 450 332 472 a
356 439 496 472 materia.

201 495 230 527 3.
255 495 348 531 Item,
373 492 492 524 formae
517 489 661 522 convenit
685 496 753 520 esse
779 486 831 518 liic
855 490 884 517 et
906 493 995 516 nunc
1019 492 1065 515 ra-

112 550 195 581 tione
223 544 417 583 materiae²;
442 543 496 576 sed
521 551 577 584 per
601 550 669 574 eam
695 543 860 577 naturam,
886 546 941 579 per
969 544 1063 578 quam

113 605 159 634 est
183 599 235 632 liic
258 603 287 630 et
309 606 417 634 nune,
442 587 537 628 habet
561 602 688 626 movere
713 600 861 625 sensum:
886 599 961 631 ergo
992 596 1065 621 cum

112 655 172 686 hoc
196 653 235 685 sit
258 661 276 684 a
300 650 448 687 materia,
481 647 668 679 naturaliter
691 654 766 686 ergo
790 644 885 676 habet
917 649 1064 674 movere:

113 716 187 748 ergo
212 706 236 738 si
261 704 315 736 fiat
339 701 495 744 separatio
519 709 537 732 a
562 699 711 736 materia,
744 698 805 729 iam
838 705 900 728 non
929 693 1067 726 movebit

113 758 308 792 naturaliter.

202 812 231 843 [ι.
256 810 349 848 Item,
375 808 426 840 illa
450 806 570 848 species
602 805 719 836 motiva
750 811 862 835 sensus
889 800 985 833 habet
1016 798 1068 830 tri-

114 865 225 906 plicem
258 860 542 903 comparationem„
574 858 613 889 ad
646 856 827 888 subiectum
861 853 995 890 scilicet,
1027 851 1067 883 ad

114 915 258 948 inedium
283 917 312 947 et
337 913 376 945 ad
401 920 568 954 oryamnn
583 909 612 948 ³,
645 913 675 942 et
707 911 780 941 sunt
809 908 885 940 istae
909 912 1068 945 compara-

115 970 214 1002 tiones
237 967 418 1000 ordinatae:
446 973 521 1006 ergo
538 964 700 995 destructa
718 961 837 1003 prima,
855 963 885 991 et
901 958 1068 990 destruun-

117 1026 169 1054 tur
193 1021 271 1053 aliae
296 1021 543 1060 consequenter:
569 1025 644 1057 ergo
676 1015 699 1046 si
734 1014 847 1046 habeat
872 1011 991 1053 species
1015 1009 1069 1041 illa

117 1073 365 1115 comparationes
389 1071 468 1103 duas
493 1072 659 1111 sequentes
685 1068 749 1100 sine
779 1065 899 1108 prima,
924 1073 983 1095 non
1017 1063 1070 1094 ha-

117 1128 168 1160 bet
192 1125 395 1162 naturaliter,
421 1123 473 1155 sed
501 1121 698 1154 miraculose.

207 1178 350 1211 Secundo
381 1175 546 1218 quaeritur
575 1174 614 1206 de
639 1183 733 1215 opere
758 1169 1068 1206 transmutationis,

2 1222 4 1239 ⁵
52 1242 74 1263 ’.
97 1237 147 1266 .et
171 1232 309 1264 maxime
334 1230 373 1262 de
393 1227 656 1271 putrefactione,
682 1229 790 1258 utrum
816 1224 933 1256 scilicet
958 1223 997 1254 sit
1013 1231 1070 1253 na-

119 1285 249 1318 turalis.
276 1284 310 1316 Et
334 1283 417 1325 quod
444 1282 505 1320 sic,
531 1281 675 1313 videtur:

210 1339 236 1369 1.
262 1337 341 1378 Quia
365 1335 449 1377 quod
475 1333 619 1367 convenit
650 1332 743 1364 alicui
776 1329 981 1367 naturaliter,
1014 1328 1071 1360 sal-

99 1395 190 1424 .vata
215 1394 345 1427 natura,
370 1388 474 1420 adhuc
500 1387 543 1418 illi
569 1385 733 1423 convenit:
756 1384 809 1416 sed
828 1383 993 1425 speciebus
1012 1382 1072 1413 illis

119 1443 305 1477 naturaliter
329 1441 473 1474 convenit
496 1438 656 1480 corrumpi
674 1441 705 1470 et
721 1437 856 1470 deficere
872 1440 1002 1478 propter
1019 1435 1072 1467 de-

120 1498 234 1530 fectum
263 1494 387 1527 virtutis
410 1492 581 1531 naturalis,
606 1495 637 1524 et
660 1490 734 1532 quia
759 1493 930 1522 causantur
955 1498 973 1520 a
1004 1497 1074 1521 con-

121 1549 226 1582 trariis
251 1546 498 1590 qualitatibus⁴3
523 1549 553 1578 et
577 1547 714 1582 constat,
739 1543 824 1585 quod
850 1542 921 1574 illae
953 1542 1072 1583 species

122 1603 284 1635 salvantur
308 1601 338 1632 in
364 1600 473 1632 eadem
501 1601 634 1630 natura:
661 1605 736 1638 ergo
760 1600 817 1628 etc.

210 1657 239 1687 ἱ).
264 1655 357 1693 item,
382 1652 543 1693 corruptio
576 1659 632 1692 per
664 1649 915 1682 contrarietatem
946 1650 993 1679 est
1024 1656 1075 1678 na-

122 1709 250 1745 turalis.
268 1708 327 1739 hoc
343 1709 447 1748 patet3
465 1705 520 1737 sed
538 1703 658 1746 species
676 1703 747 1734 illae
773 1701 813 1734 ibi
836 1701 1006 1733 existentes
1023 1700 1075 1731 ha-

122 1762 196 1794 bent
221 1769 294 1793 vere
319 1763 462 1791 naturam
497 1755 746 1789 contrarietatis:
773 1764 848 1796 ergo
872 1758 944 1786 sunt
969 1762 1076 1786 corru-

122 1814 247 1856 ptibiles
279 1811 474 1844 naturaliter.
508 1809 616 1842 Minor
640 1812 725 1851 patet
748 1808 812 1840 sic:
838 1807 892 1839 ubi
917 1806 1075 1839 contraria

124 1870 197 1900 sunt
221 1865 396 1898 secundum
426 1872 492 1895 esse
515 1861 710 1904 spirituale,
735 1860 829 1893 simul
854 1862 985 1901 possunt
1007 1867 1075 1891 esse

124 1920 153 1952 in
178 1919 288 1952 eodem
313 1921 344 1950 et
368 1916 543 1949 secundnm
576 1914 678 1952 idem,
703 1917 738 1945 ut
764 1913 793 1945 in
818 1912 928 1944 eodem
955 1911 1075 1949 medio,

124 1976 159 2004 ut
191 1972 220 2003 in
254 1979 349 2003 sensu
381 1973 411 2002 et
442 1968 602 2001 intellectu
635 1966 782 1999 contrarii
814 1964 977 1997 colores⁵:
1003 1972 1075 1996 cum

124 2035 198 2067 ergo
223 2025 273 2056 hic
297 2033 357 2055 nou
383 2022 502 2064 possint
526 2030 594 2053 esse
618 2020 766 2052 contrarii
792 2019 912 2052 colores
946 2026 1001 2050 nec
1033 2026 1078 2049 sa-

125 2087 217 2121 pores
242 2076 354 2115 simul,
379 2076 476 2107 immo
501 2077 612 2106 mutuo
636 2082 668 2105 se
684 2072 850 2114 expellunt
865 2084 872 2109 ;
890 2071 1006 2103 habent
1024 2070 1076 2112 igi-

125 2135 177 2164 tur
200 2134 346 2162 naturam
372 2137 465 2161 verae
490 2125 731 2159 contrarietatis.

215 2183 243 2216 3.
268 2183 362 2221 Item,
383 2181 438 2213 ubi
464 2184 537 2213 sunt
561 2179 679 2221 species
704 2177 878 2211 secundum
903 2175 1080 2218 spirituale

127 2247 211 2275 esse,
236 2234 423 2268 excellentia
456 2233 525 2265 talis
550 2231 663 2274 speciei
688 2240 747 2262 non
779 2234 825 2262 est
853 2228 1078 2269 corruptiva⁶2

128 2290 151 2322 si
177 2298 252 2330 ergo
277 2288 307 2320 in
325 2287 490 2329 speciebus
508 2283 789 2318 sacramentalibus
811 2281 998 2315 excellentia
1015 2290 1081 2313 sen-

128 2343 265 2376 sibilium
291 2341 453 2374 contristat
477 2348 625 2372 sensum:
651 2347 726 2379 ergo
750 2340 797 2369 est
822 2336 863 2368 ibi
886 2335 1006 2377 species
1030 2335 1082 2366 ha-

128 2396 204 2428 bens
228 2399 373 2426 naturam
398 2402 492 2426 verae
517 2390 756 2424 contrarietatis.
782 2389 840 2421 Sed
866 2387 951 2430 quod
975 2387 1018 2419 sic
1035 2389 1082 2418 est

129 2447 334 2489 corruptibile
358 2449 405 2478 est
428 2444 632 2477 naturaliter:
659 2452 733 2484 ergo
757 2445 815 2474 etc.

1215 317 1363 356 ltjltem,
1389 318 1568 355 Anselmus‚
1586 317 1625 349 de
1642 316 1800 356 Conceptu
1824 312 1967 355 virginali
1984 306 2012 350 ⁷'‚
2035 311 2079 343 di-

1128 374 1257 415 stinguit
1280 373 1435 414 triplicem
1454 379 1583 404 cursum
1598 381 1604 401 :
1622 368 1832 405 naturalem,
1849 365 2077 398 voluntarium

1128 432 1158 460 et
1182 426 1388 463 mirabilem,
1413 429 1443 457 et
1468 424 1559 461 dicit,
1583 422 1667 464 quod
1700 420 1867 453 mirabilis
1891 429 1909 451 a
1932 419 1996 451 Deo
2028 418 2080 449 ad·

1130 480 1325 511 ministratur
1351 478 1550 510 immediate:
1576 485 1647 508 cum
1674 475 1769 516 igitur
1802 474 1885 505 Deus
1916 472 1993 504 nihil
2028 472 2081 503 im-

1130 532 1264 564 mediate
1297 534 1497 572 corrumpat,
1532 530 1584 561 illa
1615 528 1775 569 corruptio
1805 527 1870 559 sive
1894 525 2080 568 putrefactio

1129 594 1190 616 non
1215 588 1262 616 est
1286 593 1303 615 a
1327 584 1391 616 Deo
1423 583 1623 614 immediate:
1654 590 1729 622 ergo
1753 589 1814 612 non
1839 584 1886 612 est
1910 578 2081 617 mirabilis,

1130 647 1204 679 ergo
1228 640 1275 668 est
1298 635 1488 673 naturalis,
1514 635 1563 667 vel
1590 634 1804 671 voluntaria;
1821 634 1875 665 sed
1894 642 1953 664 non
1972 631 2081 664 volun-

1131 690 1245 722 taria.-
1271 698 1346 730 ergo
1371 688 1550 720 naturalis.

1219 743 1366 775 CONTRA:
1398 743 1422 773 1.
1454 741 1596 773 «Forma
1621 741 1659 773 de
1684 741 1872 779 suiznatura
1896 745 1942 773 est
1967 741 1995 772 in
2015 741 2240 773 sim-Pro2-parte-

1132 796 1202 837 plici
1228 799 1258 827 et
1284 794 1459 827 invariabili
1485 794 1618 826 essentia
1643 794 1838 826 consistens⁸
1855 806 1884 826 »z
1903 795 1927 826 si
1946 804 2020 836 ergo
2038 805 2084 827 ac-

1133 849 1215 880 cidat
1239 848 1265 880 ei
1292 847 1441 885 variatio,
1466 847 1524 878 hoc
1548 850 1594 893 est
1620 855 1674 887 per
1701 847 1884 879 materiam:
1910 856 1984 889 ergo
2002 856 2087 889 sepa-

1134 905 1201 933 rata
1225 910 1243 932 a
1267 900 1398 932 materia
1422 902 1469 931 est
1494 899 1687 931 invariabilis
1711 909 1768 941 per
1792 904 1947 932 naturam.
1965 901 1993 932 Si
2013 909 2087 942 ergo

1134 953 1293 991 varietur,
1319 953 1377 984 hoc
1401 955 1448 984 est
1471 962 1579 993 supra
1602 956 1787 984 naturam:
1812 962 1887 994 ergo
1911 957 1967 985 etc.

1226 1007 1255 1038 9..
1281 1006 1373 1042 Item,
1398 1005 1437 1037 ad
1462 1005 1755 1036 transmutationem
1782 1005 1942 1046 physicam
1961 1015 2089 1038 concur-

1135 1064 1209 1092 runt
1233 1059 1293 1090 tria
1317 1058 1486 1100 principia,
1517 1057 1634 1090 scilicet
1665 1058 1843 1089 subiectum
1868 1061 1898 1090 et
1923 1058 1985 1090 duo
2019 1068 2087 1091 con-

1135 1111 1272 1144 traria⁹z
1305 1120 1380 1152 ergo
1412 1110 1466 1142 ubi
1499 1110 1604 1142 deficit
1629 1110 1777 1149 materia,
1802 1120 1861 1141 non
1888 1114 1933 1142 est
1958 1111 2086 1152 intelligi

1136 1165 1340 1197 mutationem
1374 1163 1556 1205 physicam;
1589 1163 1643 1195 sed
1677 1163 1735 1195 hoc
1770 1166 1816 1195 est
1846 1163 1875 1194 in
1905 1163 2086 1195 huiusmodi

1136 1218 1319 1259 speciebus:
1345 1226 1420 1258 ergo
1444 1216 1631 1258 putrefactio
1656 1215 1708 1247 illa
1733 1225 1794 1247 non
1819 1219 1866 1248 est
1890 1216 2027 1257 physica.

1226 1271 1254 1302 3.
1281 1271 1370 1308 item,
1401 1270 1514 1302 «sicut
1538 1278 1555 1301 a
1584 1269 1685 1300 forma
1709 1272 1756 1301 est
1780 1278 1896 1310 apere,
1923 1269 1963 1300 ita
1996 1272 2042 1301 est
2073 1278 2090 1300 a

1137 1325 1269 1356 materia
1298 1323 1458 1365 pati¹⁰»;
1483 1322 1537 1354 sed
1563 1331 1622 1353 non
1652 1321 1801 1363 contingit
1833 1331 1930 1363 apere
1962 1322 2089 1363 physice

1137 1377 1195 1409 nisi
1221 1386 1276 1418 per
1301 1376 1455 1408 formam:
1481 1384 1555 1417 ergo
1582 1384 1636 1407 nec
1658 1375 1732 1416 pati
1755 1375 1812 1406 nisi
1832 1383 1887 1416 per
1905 1375 2089 1407 materiam:

1137 1440 1211 1472 ergo
1237 1430 1289 1462 ubi
1316 1429 1420 1461 delicit
1445 1428 1592 1466 materia,
1615 1428 1814 1460 manifestum
1841 1431 1904 1466 est,
1921 1428 2005 1469 quod
2031 1437 2089 1459 non

1137 1487 1184 1516 est
1204 1483 1319 1524 passio
1343 1482 1493 1524 physica:
1517 1490 1592 1522 ergo
1617 1490 1674 1513 nec
1699 1481 1928 1513 transmutatio.

1226 1536 1255 1567 [1.
1281 1536 1374 1574 item,
1399 1544 1458 1568 non
1485 1538 1531 1566 est
1556 1543 1630 1566 vere
1654 1534 1860 1566 contrarietas
1893 1534 1959 1566 sine
1992 1534 2093 1566 subie-

1139 1593 1208 1627 cto:
1233 1588 1288 1620 sed
1314 1588 1445 1620 materia
1470 1587 1571 1628 prima
1596 1590 1642 1619 est
1659 1586 1837 1619 subiectum
1855 1587 1955 1619 omnis
1973 1590 2092 1619 contra-

1139 1641 1259 1673 rietatis
1283 1640 1455 1682 corporalis
1470 1639 1515 1670 ¹¹:
1534 1648 1609 1680 ergo
1633 1639 1686 1670 ubi
1713 1638 1817 1670 delicit
1834 1639 1936 1679 prima
1954 1639 2093 1676 materia,

1140 1704 1200 1726 non
1226 1697 1273 1726 est
1296 1702 1371 1725 vera
1396 1692 1611 1725 contrarietas.
1630 1691 1688 1723 Sed
1706 1691 1786 1723 actio
1804 1691 1957 1722 naturalis
1974 1695 2019 1723 est
2038 1700 2094 1732 per

1141 1756 1248 1779 veram
1274 1746 1548 1779 contrarietatem:
1574 1754 1649 1786 ergo
1673 1748 1730 1776 etc.
1756 1744 1904 1776 Similiter
1930 1747 2034 1785 posset
2049 1753 2095 1775 ar-

1141 1801 1193 1843 gui
1219 1800 1257 1832 de
1281 1803 1453 1837 contactu,
1479 1798 1561 1840 qnod
1596 1802 1643 1830 est
1674 1798 1793 1829 formae
1826 1797 1855 1828 in
1888 1797 2037 1835 materia,
2066 1799 2095 1829 et

1141 1853 1227 1886 actio
1251 1857 1282 1885 et
1301 1852 1417 1894 passio
1442 1860 1498 1893 per
1522 1854 1711 1883 contactum.

1231 1906 1335 1938 Tertio
1352 1905 1516 1947 quaeritur
1533 1904 1572 1936 de
1589 1913 1683 1945 opere
1704 1903 1909 1941 nutritionis',
1927 1907 2035 1935 utrum
2058 1902 2097 1935 sit
2124 1900 2219 1927 Quaesst·
2235 1900 2254 1920 3·

1143 1959 1312 1997 naturalis,
1337 1959 1386 1991 vel
1413 1957 1664 1999 supernaturalis
1680 1956 1715 1987 ¹².
2111 1927 2246 1974 ffgnmfl‘ffl

1499 2054 1737 2078 CONCLUSIO.

1146 2136 1279 2179 Duplici
1301 2136 1357 2168 via
1379 2134 1564 2177 probatur,
1597 2133 1802 2176 operationes
1835 2133 2098 2171 immutationis,

1235 2187 1525 2222 transmutationis
1544 2191 1573 2219 et
1587 2186 1781 2219 nutritionis
1802 2186 1928 2228 partim
1954 2196 2019 2218 esse
2042 2195 2099 2217 na-

1236 2242 1379 2280 turales,
1401 2241 1531 2283 partini
1555 2239 1790 2272 miraculosus.

1235 2332 1438 2364 RESPONDEO:
1468 2329 1641 2361 Dicendum
1675 2328 1713 2359 ad
1744 2327 1978 2369 intelligentiam
2012 2335 2099 2368 prae-

1147 2385 1303 2417 dictorum
1329 2382 1503 2415 secundum
1521 2390 1627 2412 unuin
1644 2380 1778 2412 niodum
1796 2380 1918 2412 dicendi
1937 2380 2011 2411 satis
2028 2389 2096 2421 pro·
2111 2385 2150 2405 Via
2169 2384 2243 2410 prima-

1148 2437 1284 2469 habilem
1300 2436 1323 2450 ¹³
1349 2444 1389 2468 ex
1415 2434 1647 2475 comparatione
1670 2433 1806 2464 virtutis
1830 2432 1868 2464 ad
1896 2431 2099 2473 operationes

203 2603 209 2618 ¹
231 2602 296 2627 Vide
316 2602 426 2631 aristot,
449 2600 474 2624 11.
505 2600 536 2624 de
565 2599 668 2627 Anima,
690 2601 747 2623 text.
773 2597 829 2621 136.
853 2603 925 2628 seqq.
946 2595 994 2627 (111.
1017 2602 1038 2619 c.
1059 2595 1082 2618 2.

131 2650 204 2679 seq),
226 2646 270 2671 ubi
289 2646 342 2677 agit
370 2645 402 2670 de
430 2643 596 2669 interioribus
615 2641 743 2671 sensibus,
770 2641 824 2666 scil.
844 2647 922 2665 sensu
942 2639 1083 2669 communi,

132 2691 314 2722 imaginatione
334 2692 383 2714 etc.

200 2734 210 2750 Ξ
232 2733 282 2759 Csr.
302 2734 412 2763 Aristot„
434 2731 503 2756 1.(10
532 2730 608 2755 Caelo
638 2733 661 2754 et
689 2728 796 2759 mundo,
826 2731 883 2753 text.
914 2728 954 2751 92.
983 2726 1014 2754 (c.
1035 2726 1084 2757 9.);

135 2779 159 2803 11.
180 2779 246 2803 Sent.
268 2777 292 2802 d.
320 2777 343 2801 3.
364 2783 391 2808 p.
421 2776 437 2800 1.
458 2782 480 2800 a.
505 2776 524 2799 1.
545 2782 571 2807 (1.
598 2775 617 2799 1.
648 2773 762 2798 tundam.
784 2772 806 2796 3.
826 2774 851 2797 et
870 2779 892 2796 a.
914 2772 938 2796 2.
960 2778 986 2803 q.
1008 2771 1031 2795 3.
1051 2783 1087 2787 --

134 2822 195 2847 infra
218 2825 275 2853 post
294 2828 309 2847 a
329 2819 444 2846 innteria
463 2819 514 2851 <vel
534 2817 707 2848 naturaliter)
722 2817 827 2848 supple:
844 2823 855 2840 a
875 2816 997 2844 materia:
1016 2813 1087 2846 quod

134 2868 158 2891 in
179 2865 254 2891 codd.
275 2869 299 2890 et
318 2864 377 2890 edd.
398 2863 522 2889 excidisse
542 2863 653 2887 videtur.
674 2862 698 2886 ln
720 2861 769 2886 fine
789 2867 842 2891 arg.
865 2860 920 2884 Vat.
940 2857 1088 2884 movebitur

135 2917 182 2941 pro
202 2908 321 2935 movebit.

206 2953 216 2969 ³
235 2954 270 2978 De
290 2960 342 2985 quo
362 2952 423 2977 vide
443 2953 554 2982 Ariston,
577 2951 602 2975 11.
618 2950 650 2975 de
664 2950 763 2980 Anima,
778 2951 836 2974 text.
851 2948 892 2972 73.
908 2954 980 2979 seqq.
997 2946 1028 2977 (c.
1042 2946 1087 2978 7.).

205 2997 214 3013 ⁴
235 2997 286 3022 Csr.
308 2997 418 3028 Aristot,
438 2996 471 3021 de
491 2995 628 3026 Longitud.
649 2998 673 3019 et
692 2994 784 3019 brevit.
810 2993 886 3023 vitae,
907 2999 929 3017 c.
950 2992 979 3023 2;
1000 2991 1032 3016 de
1054 2990 1089 3015 lu—

136 3044 204 3066 vent.
225 3044 249 3066 et
268 3043 361 3065 senect.
382 3042 428 3065 etc.
450 3046 471 3064 c.
493 3039 516 3063 3.
537 3039 569 3069 (c.
584 3038 629 3070 5.).
645 3038 709 3062 Vide
725 3041 785 3062 tom.
801 3036 827 3060 11.
842 3043 901 3067 pag.
921 3036 976 3067 l92,
992 3037 1050 3059 nota
1064 3034 1088 3058 7.

138 3099 171 3103 —-
190 3086 254 3115 Vnt,
275 3085 332 3109 voci
352 3085 461 3117 propter
481 3083 625 3114 praemisso
644 3081 685 3107 vel
705 3085 728 3105 01
758 3087 806 3112 pro
825 3081 849 3105 et
868 3078 929 3112 quia
951 3078 1089 3104 substituto

138 3129 178 3154 vel
196 3128 274 3162 quia,
296 3130 337 3153 hic
357 3128 427 3153 addit
447 3128 470 3153 et
489 3126 586 3152 liabent
605 3124 751 3152 contraria.

208 3173 218 3189 5
238 3172 303 3197 Vide
323 3172 435 3203 Aristot.‚
456 3172 491 3195 111.
513 3171 545 3196 (10
564 3171 664 3199 Anima,
685 3172 743 3194 text.
765 3168 805 3193 37.
826 3174 879 3199 seq.
901 3166 935 3199 (c.
956 3166 1000 3199 8.),

207 3217 218 3233 ⁶
237 3217 347 3246 aristot„
368 3216 392 3240 11.
420 3216 451 3240 (10
480 3216 580 3246 Anima,
603 3217 662 3239 text.
694 3213 748 3237 123.
776 3214 800 3236 et
830 3211 887 3242 1143,
909 3217 955 3235 nec
974 3217 1025 3235 non
1056 3210 1089 3234 111.

141 3264 197 3285 text.
218 3260 242 3284 7.
263 3260 295 3291 (c.
317 3260 339 3284 2.
360 3262 384 3284 et
404 3258 446 3290 4.),
468 3258 597 3283 constitnit
618 3256 786 3281 differentiani
801 3261 892 3279 sensus
906 3257 931 3278 et
949 3254 1092 3279 intellectus

140 3305 164 3329 in
184 3311 223 3335 eo,
244 3304 314 3336 quod
335 3310 425 3328 sensus
452 3310 497 3333 per
523 3301 650 3327 excellens
678 3301 733 3325 sive
753 3300 817 3324 sorte
837 3298 957 3323 sensibile
978 3298 1091 3322 tristatur

140 3352 164 3373 et
184 3347 299 3377 laeditur,
320 3347 461 3371 intellectus
481 3352 544 3370 vero
564 3352 612 3376 per
625 3344 749 3368 excellens
763 3342 919 3373 intelligibile
934 3341 1091 3366 i'ortificatur.

141 3390 190 3416 Ct'r.
211 3394 269 3415 tom.
291 3390 306 3414 1.
327 3397 388 3421 pag.
411 3390 452 3421 38,
476 3392 534 3413 nota
555 3388 579 3412 5.
600 3391 624 3412 ct
643 3394 704 3418 pag.
727 3387 768 3417 39,
789 3388 846 3411 nota
867 3385 890 3410 5.

282 3443 302 3469 S
330 3443 430 3468 Bonan.
453 3456 486 3459 —
506 3442 581 3466 Tom.
604 3440 644 3464 tV.

1220 2591 1228 2604 ⁷
1249 2591 1311 2622 Cap.
1339 2591 1374 2615 11.
1398 2590 1461 2615 Vide
1482 2592 1543 2613 10111.
1565 2588 1590 2613 11.
1612 2595 1670 2619 pag.
1692 2587 1750 2618 34ss,
1772 2591 1831 2612 nota
1856 2587 1875 2611 1.
1896 2586 2019 2618 —Quod
2033 2586 2101 2610 Deus

1149 2636 1210 2661 nihil
1230 2635 1378 2660 immediate
1398 2636 1556 2664 corrumpat,
1587 2633 1699 2657 insinuat
1727 2632 1834 2662 August.
1856 2638 1933 2662 supra
1955 2638 2014 2662 pag.
2036 2629 2100 2660 246,

1150 2683 1208 2705 nota
1229 2680 1252 2704 3.

1220 2724 1231 2740 Β
1250 2723 1281 2748 Ut
1301 2723 1361 2748 dicit
1380 2721 1485 2746 Gilbert.
1515 2721 1620 2751 Ferret,
1652 2719 1684 2744 de
1713 2720 1761 2744 Sex
1791 2719 1932 2749 Principiis,
1959 2725 1979 2742 (².
2010 2719 2029 2743 1.
2050 2717 2099 2743 Csr.

1151 2775 1230 2800 supra
1252 2774 1311 2799 pag.
1332 2767 1392 2798 ⁴273,
1414 2768 1471 2790 nota
1494 2765 1517 2789 [ι.

1222 2811 1232 2827 ⁰
1253 2810 1318 2836 vide
1338 2811 1446 2839 Ariston,
1469 2809 1483 2833 Ι.
1509 2808 1540 2833 de
1565 2808 1682 2833 Generat.
1703 2810 1726 2832 et
1752 2809 1867 2837 corrupt.
1890 2809 1947 2831 text.
1968 2807 2008 2831 23.
2029 2813 2101 2838 seqq.

1154 2857 1185 2886 (c.
1207 2855 1454 2888 t.);thi.Metap11.
1477 2856 1532 2878 text.
1555 2852 1577 2876 -1,
1599 2852 1660 2879 (Vll.
1681 2858 1701 2876 c.
1727 2851 1769 2883 1.),
1789 2854 1813 2875 01
1833 2851 1883 2875 xit.
1905 2854 1961 2876 text.
1983 2851 2006 2875 6.
2026 2858 2100 2882 seqq.

1152 2900 1206 2932 (Xl.
1227 2907 1247 2924 c.
1269 2900 1313 2931 2.),
1335 2912 1370 2916 --
1390 2898 1495 2922 interius
1516 2904 1562 2928 pro
1586 2895 1697 2928 intelle'yi
1715 2895 1772 2920 cod.
1794 2895 1810 2919 1³
1830 2893 1988 2927 inretitam-e,
2012 2898 2034 2919 01
2056 2900 2103 2925 pro

1153 2943 1198 2969 sect
1218 2943 1265 2969 lioc
1285 2942 1343 2968 cod.
1363 2943 1381 2966 A
1402 2941 1448 2967 sed
1465 2947 1526 2966 non.

1225 2986 1246 3002 ¹⁰
1265 2986 1414 3011 Secundum
1435 2985 1545 3015 Ariston,
1568 2984 1594 3008 11.
1614 2983 1646 3008 de
1666 2983 1783 3007 Generat.
1804 2986 1828 3007 et
1850 2984 1963 3013 corrupt.
1986 2984 2041 3005 text.
2062 2980 2102 3005 53.

1155 3032 1186 3063 (r.
1207 3031 1253 3063 9.).
1275 3030 1339 3055 Vide
1359 3036 1436 3060 supra
1458 3036 1516 3059 pag.
1538 3028 1596 3057 ⁶273,
1617 3029 1676 3051 nota
1696 3027 1718 3051 3,
1740 3040 1773 3043 —
1793 3026 1898 3051 inferius
1923 3032 1970 3056 pro
1996 3023 2104 3056 manife-

1153 3076 1225 3100 stam
1245 3076 1289 3105 est,
1312 3073 1382 3107 quod
1401 3073 1457 3098 cod.
1478 3072 1504 3096 B.
1525 3070 1573 3103 ibi,
1596 3071 1652 3096 Vat.
1671 3077 1719 3103 per
1738 3076 1908 3103 consequens,
1931 3068 1974 3094 ibi.

1227 3118 1246 3134 ¹¹
1267 3117 1316 3143 Csr.
1337 3118 1447 3147 AriStot.,
1469 3117 1483 3140 1.
1506 3116 1579 3146 Phys.
1599 3118 1658 3140 text.
1680 3115 1720 3138 81.
1741 3121 1795 3145 seq.
1816 3114 1848 3145 (c.
1869 3114 1917 3145 9.);
1940 3113 1955 3137 l.
1976 3112 2007 3137 (10
2027 3113 2105 3136 Genc-

1154 3166 1200 3188 rat.
1221 3166 1245 3188 ct
1265 3164 1378 3193 corrupt.
1399 3165 1457 3186 text.
1478 3160 1518 3184 [13.
1539 3166 1612 3191 seqq.
1633 3159 1664 3189 (c.
1685 3159 1729 3190 6.),
1750 3157 1793 3183 ubi
1808 3159 1883 3182 otiam
1899 3158 1983 3188 agitur
2004 3156 2035 3181 de
2049 3162 2105 3181 con·

1156 3211 1232 3239 tactu,
1252 3208 1351 3231 actione
1371 3210 1395 3230 et
1415 3206 1541 3236 passione,
1563 3210 1629 3235 quae
1648 3209 1707 3227 mox
1728 3203 1901 3226 nominantur.

1229 3252 1249 3268 ¹2
1268 3251 1350 3276 Codd.
1377 3253 1400 3274 et
1425 3249 1465 3274 cd.
1497 3250 1502 3273 1
1534 3256 1583 3273 non
1611 3247 1676 3273 benc
1702 3248 1821 3272 omittunt
1847 3250 1924 3271 totam
1956 3247 2021 3270 hanc
2051 3252 2107 3276 pro-

1157 3297 1318 3328 positionem.

1229 3338 1249 3355 13
1269 3337 1386 3363 Secunda
1407 3344 1500 3361 manus
1519 3337 1543 3361 in
1564 3335 1620 3361 cod.
1636 3336 1652 3360 Ρ
1669 3335 1767 3360 addidit
1787 3335 1834 3368 qui
1851 3333 1975 3360 sumitur.
1996 3333 2059 3358 Edd.
2075 3333 2108 3357 le-

1158 3386 1235 3414 gunt:
1249 3381 1394 3408 secundum
1410 3388 1494 3406 witini
1510 3379 1619 3405 niodum
1639 3378 1742 3406 dicendi
1760 3381 1805 3411 est,
1828 3378 1899 3412 quorl
1918 3385 1953 3404 ea·
1972 3376 2037 3403 satis
2049 3383 2108 3410 pro-

1936 3431 1966 3455 36
