2483 3882
330 488 458 510 Notandum.

315 2122 471 2144 Fundamenta.

478 285 541 316 914

563 372 591 403 3
617 371 659 402 Ad
678 370 755 401 illud
777 369 859 410 quod
878 368 1033 406 obiicitur,
1057 368 1141 408 quod
1166 367 1324 409 quaelibet
1347 375 1421 408 pars

475 424 583 455 unitur
609 423 661 454 toti
686 422 829 459 animae:
854 420 1037 458 dicendum,
1055 420 1139 461 quod
1156 419 1261 451 anima
1285 422 1331 451 est
1351 428 1423 460 per-

473 475 592 517 feccio¹
626 478 778 515 quantum
812 473 851 504 ad
876 472 1100 509 substantiam,
1126 475 1156 503 et
1188 475 1292 503 motor
1328 480 1423 513 quan-

476 532 539 559 tum
573 527 610 557 ad
643 525 816 566 potentias3
849 524 905 556 etsi
938 525 1042 555 anima
1074 533 1135 555 non
1168 523 1207 555 sit
1237 523 1423 564 composita,

474 580 568 610 immo
586 577 719 618 simplex
737 581 889 618 quantum
908 577 947 608 ad
966 576 1171 608 substantiam
1183 602 1190 614 ,
1207 576 1303 608 habet
1319 579 1422 609 tamen

474 630 706 662 multitudinem
739 629 968 670 potentiarum,
998 629 1117 660 ratione
1149 637 1285 670 quarum
1314 629 1351 661 ad
1382 629 1425 661 di-

473 691 563 714 versa
581 691 697 723 organa
722 682 932 722 comparatur.
951 681 1103 722 Quoniam
1129 681 1224 722 igitur
1246 690 1361 722 corpus
1378 684 1424 713 est

473 735 651 766 ordinatum
676 734 715 765 ad
746 733 1007 765 resurrectionem
1035 737 1169 775 utroque
1199 733 1305 771 mod0,
1331 737 1361 765 et
1392 734 1423 765 in

473 790 625 828 quantum
650 785 776 826 respicit
800 786 936 817 animam
961 784 1243 827 inperfectionem
1264 789 1294 817 et
1310 789 1344 817 ut
1361 795 1425 817 mo-

474 844 591 876 nerem,-
615 843 645 870 et
669 842 821 880 quantuni
848 838 887 870 ad
915 838 1066 870 rationem
1094 839 1223 870 motoris
1248 843 1295 870 est
1319 839 1424 870 distin-

472 893 548 924 ctio:
574 892 644 924 ideo
668 891 811 924 distincte
836 895 981 933 resurget
998 892 1129 924 materia
1154 892 1369 924 membrorum
1393 892 1422 923 in

473 946 538 977 suis
563 945 647 977 locis.

560 998 590 1029 li.
615 997 657 1029 Ad
683 997 762 1029 illud
798 997 882 1038 quod
919 997 1030 1029 ultimo
1069 997 1225 1035 obiicitur,
1250 997 1309 1028 iam
1340 1000 1424 1038 patet

472 1049 642 1091 responsio.
668 1049 742 1081 Dico
767 1049 863 1087 enim,
888 1050 972 1091 quod
997 1049 1075 1081 illud
1101 1058 1157 1090 per
1182 1053 1281 1081 totum
1307 1049 1424 1091 disper-

472 1106 573 1143 getur,
599 1102 681 1144 quod
708 1102 736 1133 in
763 1102 868 1143 aliqua
892 1106 981 1143 parte
1005 1105 1051 1134 est
1076 1101 1293 1143 superfluum;
1318 1110 1374 1133 nec
1391 1101 1424 1133 il-

473 1155 525 1187 lud
552 1155 642 1187 faciet
667 1155 880 1187 diversitatem
899 1155 929 1185 in
947 1163 1092 1196 corpore,
1110 1154 1165 1186 sed
1184 1154 1357 1186 removebit
1373 1154 1424 1186 de-

1235 280 1518 312 SENTENTIARUM
1542 281 1609 311 LlB.
1634 281 1681 312 IV.

1487 366 1696 406 formitatem;
1721 371 1751 399 et
1775 368 1834 399 hoc
1862 367 2099 409 intelligendum
2129 372 2281 410 quantum
2307 370 2347 402 ad
2371 378 2435 402 cor-

1487 428 1564 460 pora
1587 419 1759 451 electorum
1774 419 1794 450 ².

1576 472 1624 503 Sic
1648 471 1744 513 igitur
1774 475 1876 514 patet,
1905 473 1980 514 quid
2006 473 2036 505 in
2068 482 2130 515 quo
2154 477 2299 515 resurgat
2330 483 2436 506 secun-
2449 487 2483 514 Epi

1488 524 1564 556 dum
1590 524 1687 556 verba
1718 524 1798 557 beati
1824 525 2004 566 Augustini,
2033 525 2149 567 quibus
2178 526 2277 567 magis
2309 526 2437 559 inniten-

1488 576 1565 608 dum
1590 580 1653 615 est,
1678 577 1818 610 maxime
1843 578 1873 609 in
1897 578 1955 610 hac
1980 578 2129 617 materia,
2154 588 2249 620 quam
2274 579 2367 611 etiam
2391 588 2437 611 ra-

1489 628 1573 659 tioni.
1599 629 1738 661 Attamen
1764 633 1826 661 tam
1852 630 1891 662 ad
1915 630 2054 672 primum
2087 630 2250 672 problema
2278 640 2371 672 quam
2396 632 2436 664 ad
2450 644 2483 666 ne.

1487 680 1635 713 ultimum
1654 685 1758 723 posset
1782 682 1821 714 de
1837 682 1917 714 facili
1944 683 2144 724 responderi,
2169 683 2192 715 si
2211 683 2282 725 quis
2305 683 2379 715 velit
2395 693 2438 715 se·
2462 676 2483 718 {3

1489 733 1628 765 wimales
1644 734 1789 765 rationes
1806 734 1939 773 intueri,
1957 735 1986 766 in
2013 744 2091 776 quas
2108 735 2143 767 fit
2166 735 2333 774 resolutiO,
2358 745 2437 777 quae

1488 786 1517 818 in
1543 795 1607 818 una
1631 790 1719 828 parte
1745 787 1952 819 salvabuntur
1976 791 2121 829 respectu
2145 789 2254 827 totius,
2281 788 2305 820 si
2331 788 2370 820 sit
2393 797 2439 820 ar—

1488 838 1583 877 tifex,
1608 839 1662 880 qui
1693 839 1791 880 possit
1814 840 1966 877 educere3
1998 844 2028 872 et
2052 840 2139 879 ideo,
2164 849 2236 873 cum
2268 841 2351 873 Deus
2380 841 2438 873 hoc

1488 895 1637 933 operetur
1672 895 1702 924 et
1737 901 1834 934 supra
1868 896 2033 931 naturam,
2058 893 2133 934 quid
2166 893 2283 925 mirum
2308 897 2371 931 est,
2396 893 2438 932 si,

1488 948 1780 986 quantumcumque
1805 953 1918 986 parum
1949 945 1987 977 de
2011 954 2105 977 carne
2137 949 2314 984 remaneat,
2337 948 2436 978 totum

1489 997 1635 1029 reficiat?
1659 997 1719 1029 Nec
1742 1007 1883 1039 unquam
1901 1001 2023 1039 poterat
2046 998 2124 1030 adeo
2146 998 2261 1036 dividi,
2285 998 2361 1039 quin
2378 1007 2440 1030 mo-

1488 1049 1592 1081 dicum
1619 1049 1753 1081 sufficiat
1788 1049 1933 1087 cuilibet;
1961 1050 2020 1082 hoc
2056 1050 2125 1082 dico
2161 1050 2335 1083 secundum
2371 1059 2439 1092 ope-

1488 1101 1641 1134 rationem
1665 1101 1741 1140 Dei,
1766 1111 1826 1133 non
1853 1102 2026 1134 secundum
2052 1103 2265 1144 operationem
2290 1106 2437 1142 naturae,

1488 1153 1569 1186 sicut
1593 1154 1665 1186 alibi
1691 1154 1804 1187 melius
1827 1158 1925 1196 patet,
1951 1155 2068 1187 scilicet
2091 1155 2121 1187 in
2140 1155 2278 1187 secundo
2303 1155 2384 1187 libro
2394 1155 2414 1186 ³.

1280 1278 1544 1316 ARTICULUS
1574 1279 1633 1315 ΙΙΙ.

1055 1371 1177 1412 Qualia
1201 1370 1323 1414 sutura
1346 1371 1413 1403 sint
1436 1381 1580 1413 corpora
1603 1371 1859 1413 resmyentium.

562 1483 793 1524 Consequenter
826 1485 977 1524 quantum
1015 1482 1052 1514 ad
1091 1482 1218 1514 tertium
1254 1481 1424 1514 articulum

473 1536 649 1577 quaeritur,
675 1535 779 1577 qualia
800 1538 893 1567 erunt
916 1544 1048 1576 corpora
1066 1534 1309 1576 resurgentium.
1336 1535 1370 1566 Et
1386 1534 1425 1566 de

474 1589 532 1621 hoc
557 1589 619 1621 duo
640 1592 847 1630 quaeruntur.

1577 1482 1681 1513 Primo
1694 1482 1858 1523 quaeritur
1876 1482 1915 1514 de
1928 1481 2078 1524 qualitate
2095 1486 2248 1523 quantum
2261 1483 2301 1515 ad
2316 1482 2438 1516 electos.

1578 1535 1721 1567 Secundo
1745 1543 1834 1573 vero,
1859 1538 2012 1576 quantum
2038 1535 2077 1567 ad
2102 1535 2263 1576 reprobos.

1348 1701 1532 1743 QUAESTIO
1555 1702 1576 1733 Ι.

913 1792 1030 1824 Utrum
1055 1800 1198 1832 corpora
1221 1790 1395 1822 electorum
1418 1794 1600 1832 resumant
1623 1799 1698 1822 cum
1723 1789 1998 1832 deformitatibus.

561 1900 718 1940 Quantum
736 1908 811 1940 ergo
829 1899 867 1930 ad
887 1899 1026 1940 primum
1044 1898 1218 1939 quaeritur,
1235 1901 1344 1929 utrum
1363 1906 1427 1929 cor-

473 1961 550 1994 pora
580 1952 750 1984 electorum
786 1954 953 1992 resurgant
987 1959 1059 1982 cum
1093 1950 1354 1982 deformitatibus.
1393 1950 1427 1981 Et

473 2005 557 2046 quod
582 2014 660 2043 non,
686 2004 821 2036 videtur.

565 2059 590 2089 l.
606 2057 809 2099 Augustinus,
823 2057 862 2089 de
875 2056 1004 2088 Civitate
1016 2056 1071 2088 Dei
1086 2056 1236 2097 vigesimo
1250 2055 1388 2088 secundo
1399 2055 1424 2086 ¹¹:

480 2122 493 2139 α
511 2110 614 2142 Aberit
638 2119 656 2141 a
680 2110 867 2151 corporibus
894 2109 1066 2141 electorum
1096 2108 1198 2140 omnis
1223 2108 1426 2147 deformitas,

475 2163 575 2195 omnis
610 2163 777 2194 infirmitas
805 2162 970 2203 omnisque
994 2161 1125 2193 tarditas
1142 2172 1175 2192 »τ
1201 2169 1276 2202 ergo
1300 2161 1325 2192 si
1350 2161 1427 2192 haec

474 2216 631 2258 pertinent
655 2215 693 2247 ad
720 2215 950 2253 deformitates,
968 2218 998 2246 et
1014 2214 1168 2246 carebunt
1185 2213 1252 2251 his;
1269 2216 1353 2254 patet
1369 2216 1427 2245 etc.

563 2269 592 2300 2.
618 2268 711 2306 Item,
735 2267 813 2299 nihil
838 2269 982 2308 resurget
1006 2267 1036 2298 in
1053 2266 1175 2305 electis,
1201 2265 1284 2308 quod
1310 2275 1371 2298 non
1389 2266 1428 2298 sit

475 2322 513 2354 de
538 2322 650 2353 decore
677 2324 824 2359 naturae3
848 2320 936 2361 quia,
962 2323 997 2351 ut
1020 2319 1095 2352 dicit
1122 2319 1314 2360 Augustinus
1327 2318 1348 2357 ⁵,
1378 2327 1428 2349 «a

474 2374 660 2416 corporibus
692 2373 863 2405 electorum
897 2372 971 2404 vitia
1003 2372 1220 2411 detrahentur,
1252 2375 1282 2404 et
1314 2375 1428 2404 natura

475 2426 654 2459 servabitur
670 2438 705 2464 »3
730 2426 784 2458 sed
810 2425 1023 2458 deformitates
1047 2434 1107 2457 non
1133 2428 1206 2456 sunt
1230 2425 1268 2457 de
1293 2429 1426 2456 natura:

476 2489 550 2521 ergo
574 2483 631 2511 etc.
658 2479 815 2511 Probcttz'o
847 2478 1011 2510 minoris:
1036 2486 1131 2520 super
1156 2477 1235 2510 illud
1267 2477 1306 2509 ad
1332 2477 1428 2519 Ephe-

478 2532 539 2564 sios
573 2531 727 2564 secundo:
755 2532 901 2563 Eramus
931 2535 1059 2562 natura
1089 2530 1153 2572 filii
1183 2530 1275 2567 z'rae,·
1298 2529 1426 2562 Glossa:

482 2585 626 2617 «Natura
644 2593 718 2617 vere
735 2594 769 2617 ac
790 2584 918 2626 proprie
934 2584 1058 2622 dicitur,
1076 2583 1178 2625 qualis
1196 2584 1261 2616 sine
1279 2583 1353 2615 vitio
1369 2583 1428 2615 fuit

478 2637 506 2669 in
532 2637 642 2678 primis
666 2637 852 2678 parentibus
865 2649 901 2668 »:
925 2645 1000 2678 ergo
1016 2644 1089 2669 cum
1114 2636 1327 2668 deformitates
1344 2635 1374 2667 in
1392 2644 1428 2667 ea

477 2698 538 2721 nou
562 2689 694 2727 fuerint,
719 2692 803 2730 patet
827 2693 884 2722 etc.

566 2742 594 2773 3.
620 2742 712 2780 Item,
737 2751 889 2783 generans
922 2741 1104 2774 transmittit
1128 2741 1158 2772 in
1190 2741 1310 2782 prolem
1335 2749 1427 2772 omne

478 2795 570 2834 illud,
594 2795 678 2837 quod
696 2798 742 2827 est
766 2795 805 2827 de
822 2795 952 2827 veritate
976 2798 1107 2826 naturae
1124 2802 1216 2832 suae,
1236 2793 1362 2835 quando
1380 2802 1428 2834 ge-

478 2852 566 2880 nerat
591 2849 656 2880 sine
680 2857 802 2886 errore,
828 2857 884 2889 pro
908 2856 944 2880 eo
968 2848 1051 2889 quod
1081 2856 1136 2888 per
1169 2850 1314 2879 naturam
1341 2855 1429 2887 gene-

478 2910 551 2933 rans
579 2905 707 2942 generat
731 2901 789 2932 sibi
810 2900 911 2932 simile
926 2900 952 2938 ὃ;
973 2900 1027 2932 sed
1045 2909 1215 2941 generans,
1232 2899 1351 2930 habens
1379 2898 1429 2930 de-

1490 1897 1695 1936 formitatem,
1722 1897 1788 1929 sine
1812 1906 1920 1929 errore
1944 1900 2076 1929 naturae
2100 1901 2228 1938 generat
2244 1906 2304 1929 non
2329 1897 2437 1930 haben·
2464 1907 2468 1912 ’

1491 1954 1553 1981 tem
1579 1950 1827 1982 deformitatem:
1853 1959 1928 1991 ergo
1945 1949 2127 1982 deformitas
2152 1959 2213 1981 non
2233 1950 2326 1982 estin
2351 1958 2387 1982 eo
2403 1949 2439 1982 de

1490 2003 1622 2035 veritate
1646 2012 1722 2035 suae
1751 2006 1898 2035 naturae:
1924 2012 1999 2044 ergo
2031 2003 2054 2035 si
2080 2002 2140 2034 hoc
2171 2002 2273 2034 solum
2298 2005 2439 2043 resurget

1491 2055 1520 2087 in
1546 2055 1668 2094 electis,
1693 2056 1777 2096 quod
1802 2059 1848 2087 est
1872 2056 1910 2087 de
1935 2056 2066 2087 veritate
2091 2059 2237 2093 naturae,
2267 2055 2438 2087 deformita-

1491 2111 1537 2140 tes
1562 2117 1623 2139 non
1648 2112 1815 2149 resurgent
1842 2108 1872 2139 in
1898 2108 1952 2140 eis.

1579 2162 1609 2193 [ι.
1641 2161 1731 2199 Item,
1756 2160 1919 2193 Anselmus
1943 2160 1973 2192 in
1999 2160 2079 2192 libro
2104 2160 2142 2192 de
2167 2160 2324 2192 Veritate⁷
2350 2159 2437 2198 dicit,

1492 2214 1575 2255 quod
1608 2214 1754 2246 «veritas
1778 2217 1824 2246 est
1848 2213 2003 2246 rectitudo
2035 2213 2100 2246 sola
2125 2217 2228 2245 mente
2258 2213 2439 2255 perceptibi-

1491 2265 1530 2298 lis
1546 2278 1580 2297 »:
1605 2275 1680 2307 ergo
1704 2265 1788 2307 quod
1806 2274 1865 2297 non
1892 2269 1938 2297 est
1962 2266 2000 2297 de
2022 2265 2208 2297 rectitudine
2232 2269 2363 2297 naturae
2379 2274 2436 2297 non

1492 2321 1539 2350 est
1562 2318 1601 2350 de
1626 2318 1755 2350 veritate
1781 2321 1929 2356 naturae,
1955 2318 2009 2350 sed
2032 2318 2213 2350 deformitas
2238 2327 2299 2349 non
2323 2322 2369 2350 est
2399 2317 2435 2349 de
2480 2342 2481 2359 ἦ

1478 2375 1624 2403 ¹<naturae
1648 2371 1853 2410 rectitudine,
1878 2380 1953 2412 ergo
1978 2380 2037 2402 non
2068 2373 2114 2403 est
2139 2371 2177 2403 de
2202 2371 2332 2403 veritate
2356 2374 2439 2402 natu·

1492 2432 1562 2456 rae:
1587 2433 1662 2465 ergo
1686 2433 1746 2455 non
1772 2427 1916 2464 resurget
1940 2423 1971 2455 in
1996 2424 2110 2456 electis.
2478 2410 2480 2443 l

1581 2476 1720 2508 CONTRA:
1754 2477 1780 2507 1.
1805 2476 1883 2508 Caro
1912 2479 2070 2509 contracta
2101 2485 2119 2507 a
2143 2475 2364 2517 generantibus
2394 2475 2483 2513 estad

1492 2529 1531 2561 de
1555 2528 1686 2561 veritate
1702 2528 1860 2560 humanae
1884 2531 2033 2567 naturae3
2051 2528 2106 2560 sed
2131 2527 2302 2569 gibbositas
2318 2531 2347 2559 et
2363 2526 2436 2559 aliae
2476 2518 2483 2569 j¹

1492 2581 1610 2613 multae
1627 2581 1841 2613 deformitates
1865 2585 1996 2622 possunt
2012 2590 2029 2612 a
2046 2580 2269 2622 generantibus
2285 2578 2434 2612 contrahi:
2476 2576 2477 2618 l

1491 2643 1567 2676 ergo
1596 2637 1668 2666 sunt
1692 2634 1730 2665 de
1762 2634 1892 2666 veritate
1916 2634 2073 2665 humanae
2101 2636 2242 2665 naturae.
2267 2633 2325 2665 Sed
2349 2639 2435 2664 omne

1492 2688 1553 2720 tale
1578 2691 1722 2728 resurget
1746 2687 1777 2718 in
1801 2687 1924 2719 electis:
1950 2696 2024 2728 ergo
2049 2691 2105 2718 etc.
2475 2680 2476 2692 ³

1581 2741 1609 2772 Ξ).
1640 2741 1731 2778 item,
1768 2740 1806 2772 de
1842 2740 1973 2771 veritate
2008 2740 2166 2771 humanae
2202 2743 2332 2771 naturae
2366 2739 2434 2770 sunt
2474 2736 2475 2751 l

1493 2792 1635 2825 membra
1659 2802 1719 2824 non
1753 2795 1872 2824 tantum
1899 2791 2059 2829 officialia,
2092 2801 2202 2823 verum
2228 2791 2319 2823 etiam
2345 2788 2434 2822 consi·
2473 2783 2475 2808 l

1493 2845 1594 2882 milia3
1613 2845 1666 2877 sed
1685 2845 1715 2876 in
1738 2844 1918 2876 huiusmodi
1937 2844 2187 2876 deformitatibus
2204 2848 2250 2875 est
2266 2841 2382 2884 aliquid
2398 2841 2433 2873 de
2472 2844 2473 2881 t

1492 2897 1667 2929 substantia
1690 2897 1822 2929 membri
1850 2896 2037 2934 consimilis,
2062 2896 2143 2928 sicut
2171 2899 2262 2937 patet,
2287 2894 2382 2937 quia⁸
2406 2893 2432 2925 in
2471 2893 2473 2938 l

550 3055 557 3070 ¹
579 3056 638 3080 Sive
657 3056 738 3080 forma
759 3056 888 3087 corporis;
910 3056 954 3080 cfr.
976 3055 991 3080 l.
1022 3055 1091 3080 Sent.
1123 3054 1147 3079 d.
1169 3054 1191 3078 8.
1211 3061 1237 3085 p.
1257 3054 1284 3078 ll.
1306 3061 1330 3085 q.
1351 3054 1374 3077 3.
1395 3067 1428 3071 —

479 3100 584 3124 inferius
604 3106 651 3130 pro
671 3100 784 3132 utroque
802 3099 879 3125 modo
900 3100 986 3131 plures
1007 3098 1082 3124 codd.
1102 3099 1142 3123 vel
1163 3105 1222 3124 cum
1242 3098 1302 3123 edd.
1316 3097 1344 3123 in
1357 3098 1427 3123 utro-

479 3150 528 3176 que
548 3144 588 3167 vel
608 3144 729 3177 utroque.
750 3144 773 3168 ln
795 3144 844 3168 fine
873 3144 948 3168 solut.
980 3150 1026 3174 pro
1051 3142 1171 3168 distincte
1190 3142 1247 3168 cod.
1268 3142 1284 3167 F
1305 3141 1427 3174 relinqui-

480 3187 533 3218 tur,
555 3186 634 3219 quod.

550 3229 559 3244 ’Ξ
579 3230 614 3254 De
634 3238 685 3262 quo
706 3232 730 3255 in
750 3234 797 3256 art.
819 3238 873 3263 seq.

550 3272 561 3288 3
580 3273 640 3298 Dist.
660 3274 681 3298 7.
705 3281 730 3305 p.
753 3275 779 3299 ll.
800 3282 822 3299 a.
843 3275 865 3299 2.
887 3282 911 3306 q.
932 3276 955 3299 2,
981 3277 1006 3299 et
1030 3275 1054 3299 (l.
1084 3275 1123 3299 18.
1145 3282 1166 3299 a.
1189 3275 1213 3299 vl.
1235 3281 1260 3306 q.
1281 3275 1306 3298 ⁶2.
1328 3287 1360 3290 —-
1381 3274 1428 3297 Su-

482 3317 568 3346 uerius
588 3324 634 3347 pro
653 3319 758 3350 poterat
776 3318 840 3344 adeo
861 3318 928 3350 [cod.
950 3318 969 3343 O
982 3318 1029 3350 ita]
1051 3318 1138 3349 plures
1152 3317 1227 3343 codd.
1241 3316 1336 3350 poterit
1351 3315 1425 3342 adeo.

483 3372 515 3376 —
535 3360 599 3383 Vide
619 3361 732 3385 scholion
753 3362 784 3386 ad
806 3362 1002 3393 praecedentem
1023 3365 1120 3394 quaest.

552 3402 561 3417 ⁴
581 3402 643 3433 Cap.
660 3404 701 3428 20.
718 3412 741 3428 n.
757 3405 780 3429 3.
800 3419 827 3422 —
843 3406 889 3430 Pro
908 3405 1051 3438 infirmitas
1072 3406 1159 3437 plures
1178 3404 1252 3430 codd.
1267 3403 1426 3437 informitas.

1565 3052 1575 3068 5
1594 3052 1661 3077 Libr.
1683 3052 1760 3076 xxii.
1781 3052 1812 3077 de
1834 3051 1888 3077 Civ.
1910 3052 1968 3083 Dei,
1989 3058 2010 3076 c.
2036 3051 2073 3076 17.
2090 3065 2124 3069 —
2137 3052 2195 3083 Seq.
2210 3051 2281 3075 locus
2295 3050 2433 3080 scripturae
2468 3042 2470 3082 f

1493 3098 1531 3120 est
1550 3096 1612 3126 Eph.
1634 3096 1663 3127 ἱ),
1687 3096 1715 3124 3,
1735 3098 1759 3120 et
1784 3095 1887 3126 Glossa,
1911 3102 1990 3127 quam
2019 3094 2140 3119 exhibent
2167 3094 2231 3119 petr.
2258 3091 2392 3118 Lombard.
2411 3093 2433 3115 et
2468 3102 2469 3109 .

1493 3140 1608 3170 Lyranus
1628 3143 1655 3164 ut
1675 3138 1858 3170 ordinariam,
1881 3142 1918 3163 est
1937 3138 2080 3163 secundum
2100 3139 2219 3169 August.,
2240 3138 2256 3161 1.
2271 3137 2376 3161 Retract.
2396 3133 2432 3158 rl0.
2467 3129 2469 3171 ξ

1493 3191 1516 3208 n.
1538 3184 1568 3215 3,
1591 3183 1634 3208 ubi
1655 3191 1702 3215 pro
1714 3182 1767 3215 fuit
1784 3182 1812 3208 in
1829 3182 1924 3215 primis
1942 3181 2097 3215 parentibus
2122 3182 2214 3213 legitur
2232 3179 2355 3214 primitus
2377 3183 2432 3204 oon-
2466 3184 2468 3205 i

1491 3226 1547 3253 dita
1567 3229 1612 3253 est.
1631 3241 1667 3246 —
1685 3227 1800 3252 Subinde
1820 3234 1867 3258 pro
1886 3226 1914 3251 in
1933 3233 1963 3251 ea.
1983 3226 2042 3251 cod.
2062 3225 2079 3250 F
2098 3224 2125 3250 z‘n
2144 3225 2188 3251 eis.
2466 3249 2467 3253 ,

1561 3270 1572 3287 ⁶
1592 3270 1642 3295 Csr.
1663 3277 1741 3302 supra
1762 3277 1821 3302 pag.
1842 3270 1905 3301 847,
1926 3272 1983 3295 nota
2012 3269 2038 3294 7.
2060 3272 2085 3294 et
2113 3276 2172 3300 pag.
2193 3268 2256 3298 860,
2284 3270 2339 3292 nota
2360 3266 2382 3290 3.
2401 3276 2431 3281 —-
2465 3294 2466 3297 Ἴ

1493 3315 1570 3340 Paulo
1589 3317 1647 3339 ante
1666 3315 1723 3339 voci
1743 3320 1835 3339 errore
1854 3313 1910 3338 cod.
1931 3321 1959 3338 aa
1980 3313 2051 3338 addit
2070 3313 2192 3338 naturae.

1563 3358 1573 3374 ⁷
1593 3358 1653 3389 Cap.
1679 3358 1715 3382 Μ.

1562 3402 1573 3418 8
1593 3402 1658 3427 Cum
1678 3402 1753 3427 codd.
1775 3402 1851 3426 FLY
1872 3402 2053 3433 supplevimus
2073 3399 2150 3434 quia,
2172 3399 2247 3425 codd.
2267 3398 2286 3423 N
2306 3405 2335 3423 aa
2356 3393 2428 3429 quod.
2463 3392 2464 3413 l
