<?xml version="1.0" encoding="UTF-8"?>
<!DOCTYPE html PUBLIC "-//W3C//DTD XHTML 1.0 Transitional//EN"
    "http://www.w3.org/TR/xhtml1/DTD/xhtml1-transitional.dtd">
<html xmlns="http://www.w3.org/1999/xhtml" xml:lang="en" lang="en">
 <head>
  <title>
</title>
<meta http-equiv="Content-Type" content="text/html;charset=utf-8" />
  <meta name='ocr-system' content='tesseract 3.04.00' />
  <meta name='ocr-capabilities' content='ocr_page ocr_carea ocr_par ocr_line ocrx_word'/>
</head>
<body>
  <div class='ocr_page' id='page_1' title='image "./doctorisseraphic04bona/doctorisseraphic04bona_0879.png"; bbox 0 0 2483 3882; ppageno 0'>
   <div class='ocr_carea' id='block_1_1' title="bbox 0 831 33 853">
    <p class='ocr_par' dir='ltr' id='par_1_1' title="bbox 0 831 33 853">
     <span class='ocr_line' id='line_1_1' title="bbox 0 831 33 853; baseline 0 0"><span class='ocrx_word' id='word_1_1' title='bbox 0 831 33 853; x_wconf 79' lang='lat' dir='ltr'>›si-</span> 
     </span>
    </p>
   </div>
   <div class='ocr_carea' id='block_1_2' title="bbox 694 259 1367 300">
    <p class='ocr_par' dir='ltr' id='par_1_2' title="bbox 694 259 1367 300">
     <span class='ocr_line' id='line_1_2' title="bbox 694 259 1367 300; baseline 0.001 -10"><span class='ocrx_word' id='word_1_2' title='bbox 694 259 787 291; x_wconf 86' lang='lat' dir='ltr'>DlST.</span> <span class='ocrx_word' id='word_1_3' title='bbox 813 259 882 291; x_wconf 88' lang='lat' dir='ltr'>XLI.</span> <span class='ocrx_word' id='word_1_4' title='bbox 907 260 988 291; x_wconf 77' lang='lat' dir='ltr'>ART.</span> <span class='ocrx_word' id='word_1_5' title='bbox 1015 259 1145 292; x_wconf 85' lang='lat' dir='ltr'>UNlCUS</span> <span class='ocrx_word' id='word_1_6' title='bbox 1170 260 1321 300; x_wconf 65' lang='lat' dir='ltr'>QUAEST.</span> <span class='ocrx_word' id='word_1_7' title='bbox 1348 260 1367 292; x_wconf 90' lang='lat' dir='ltr'>l.</span> 
     </span>
    </p>
   </div>
   <div class='ocr_carea' id='block_1_3' title="bbox 37 346 998 1550">
    <p class='ocr_par' dir='ltr' id='par_1_3' title="bbox 47 346 998 546">
     <span class='ocr_line' id='line_1_3' title="bbox 50 346 997 388; baseline -0.001 -8"><span class='ocrx_word' id='word_1_8' title='bbox 50 357 142 385; x_wconf 89' lang='lat' dir='ltr'>caro;</span> <span class='ocrx_word' id='word_1_9' title='bbox 166 346 219 378; x_wconf 86' lang='lat' dir='ltr'>sed</span> <span class='ocrx_word' id='word_1_10' title='bbox 246 346 304 378; x_wconf 89' lang='lat' dir='ltr'>hoc</span> <span class='ocrx_word' id='word_1_11' title='bbox 329 355 388 378; x_wconf 91' lang='lat' dir='ltr'>non</span> <span class='ocrx_word' id='word_1_12' title='bbox 414 350 535 378; x_wconf 87' lang='lat' dir='ltr'>tantum</span> <span class='ocrx_word' id='word_1_13' title='bbox 561 351 608 379; x_wconf 90' lang='lat' dir='ltr'>est</span> <span class='ocrx_word' id='word_1_14' title='bbox 631 346 660 378; x_wconf 92' lang='lat' dir='ltr'>in</span> <span class='ocrx_word' id='word_1_15' title='bbox 687 350 759 379; x_wconf 89' lang='lat' dir='ltr'>actu</span> <span class='ocrx_word' id='word_1_16' title='bbox 776 347 931 388; x_wconf 82' lang='lat' dir='ltr'>legitimo,</span> <span class='ocrx_word' id='word_1_17' title='bbox 950 356 997 379; x_wconf 92' lang='lat' dir='ltr'>ve-</span> 
     </span>
     <span class='ocr_line' id='line_1_4' title="bbox 48 399 997 440; baseline -0.002 -7"><span class='ocrx_word' id='word_1_18' title='bbox 48 409 119 433; x_wconf 89' lang='lat' dir='ltr'>rum</span> <span class='ocrx_word' id='word_1_19' title='bbox 151 399 243 431; x_wconf 88' lang='lat' dir='ltr'>etiam</span> <span class='ocrx_word' id='word_1_20' title='bbox 277 399 306 430; x_wconf 94' lang='lat' dir='ltr'>in</span> <span class='ocrx_word' id='word_1_21' title='bbox 340 399 524 436; x_wconf 68' lang='grc' dir='ltr'><strong>ἴοι-11100110,</strong></span> <span class='ocrx_word' id='word_1_22' title='bbox 557 400 732 431; x_wconf 88' lang='lat' dir='ltr'>secundum</span> <span class='ocrx_word' id='word_1_23' title='bbox 765 400 849 440; x_wconf 88' lang='lat' dir='ltr'>qnod</span> <span class='ocrx_word' id='word_1_24' title='bbox 881 400 997 432; x_wconf 88' lang='lat' dir='ltr'>dicitur</span> 
     </span>
     <span class='ocr_line' id='line_1_5' title="bbox 47 450 998 496; baseline -0.001 -11"><span class='ocrx_word' id='word_1_25' title='bbox 47 453 166 496; x_wconf 80' lang='lat' dir='ltr'>primae</span> <span class='ocrx_word' id='word_1_26' title='bbox 198 451 236 482; x_wconf 87' lang='lat' dir='ltr'>ad</span> <span class='ocrx_word' id='word_1_27' title='bbox 269 451 445 483; x_wconf 78' lang='lat' dir='ltr'>Corinthios</span> <span class='ocrx_word' id='word_1_28' title='bbox 470 452 603 483; x_wconf 78' lang='lat' dir='ltr'>sexto¹z</span> <span class='ocrx_word' id='word_1_29' title='bbox 631 451 697 491; x_wconf 75' lang='lat' dir='ltr'>Oui</span> <span class='ocrx_word' id='word_1_30' title='bbox 719 450 876 483; x_wconf 68' lang='lat' dir='ltr'>adlucet-ct</span> <span class='ocrx_word' id='word_1_31' title='bbox 899 461 998 484; x_wconf 79' lang='lat' dir='ltr'>mere-</span> 
     </span>
     <span class='ocr_line' id='line_1_6' title="bbox 49 503 731 546; baseline -0.004 -9"><span class='ocrx_word' id='word_1_32' title='bbox 49 504 125 538; x_wconf 76' lang='lat' dir='ltr'>trici</span> <span class='ocrx_word' id='word_1_33' title='bbox 145 513 250 535; x_wconf 76' lang='lat' dir='ltr'>unum</span> <span class='ocrx_word' id='word_1_34' title='bbox 275 513 396 544; x_wconf 70' lang='lat' dir='ltr'>corpus</span> <span class='ocrx_word' id='word_1_35' title='bbox 420 513 495 534; x_wconf 80' lang='lat' dir='ltr'>cum</span> <span class='ocrx_word' id='word_1_36' title='bbox 519 513 557 535; x_wconf 76' lang='lat' dir='ltr'>ea</span> <span class='ocrx_word' id='word_1_37' title='bbox 581 503 731 546; x_wconf 73' lang='lat' dir='ltr'>efficitur.</span> 
     </span>
    </p>

    <p class='ocr_par' dir='ltr' id='par_1_4' title="bbox 46 556 996 755">
     <span class='ocr_line' id='line_1_7' title="bbox 133 556 996 594; baseline 0.002 -6"><span class='ocrx_word' id='word_1_38' title='bbox 133 558 163 589; x_wconf 79' lang='grc'>[1.</span> <span class='ocrx_word' id='word_1_39' title='bbox 188 557 280 594; x_wconf 85' lang='grc'><strong>110111,</strong></span> <span class='ocrx_word' id='word_1_40' title='bbox 304 556 389 588; x_wconf 86' lang='lat' dir='ltr'>filius</span> <span class='ocrx_word' id='word_1_41' title='bbox 413 556 518 588; x_wconf 88' lang='lat' dir='ltr'>fratris</span> <span class='ocrx_word' id='word_1_42' title='bbox 543 556 588 588; x_wconf 91' lang='lat' dir='ltr'>tui</span> <span class='ocrx_word' id='word_1_43' title='bbox 612 561 705 588; x_wconf 85' lang='lat' dir='ltr'>natus</span> <span class='ocrx_word' id='word_1_44' title='bbox 729 557 768 588; x_wconf 82' lang='lat' dir='ltr'>sle</span> <span class='ocrx_word' id='word_1_45' title='bbox 793 556 996 590; x_wconf 74' lang='lat' dir='ltr'>fornicatione</span> 
     </span>
     <span class='ocr_line' id='line_1_8' title="bbox 46 608 996 650; baseline -0.002 -7"><span class='ocrx_word' id='word_1_46' title='bbox 46 611 88 643; x_wconf 82' lang='lat' dir='ltr'>ita</span> <span class='ocrx_word' id='word_1_47' title='bbox 111 613 156 642; x_wconf 89' lang='lat' dir='ltr'>est</span> <span class='ocrx_word' id='word_1_48' title='bbox 180 609 235 641; x_wconf 85' lang='lat' dir='ltr'>tihi</span> <span class='ocrx_word' id='word_1_49' title='bbox 258 608 524 650; x_wconf 82' lang='lat' dir='ltr'>consanguineus,</span> <span class='ocrx_word' id='word_1_50' title='bbox 549 608 629 640; x_wconf 87' lang='lat' dir='ltr'>sicut</span> <span class='ocrx_word' id='word_1_51' title='bbox 646 608 670 640; x_wconf 87' lang='lat' dir='ltr'>si</span> <span class='ocrx_word' id='word_1_52' title='bbox 689 612 770 640; x_wconf 88' lang='lat' dir='ltr'>esset</span> <span class='ocrx_word' id='word_1_53' title='bbox 795 609 833 641; x_wconf 89' lang='grc'>110</span> <span class='ocrx_word' id='word_1_54' title='bbox 858 609 996 650; x_wconf 89' lang='lat' dir='ltr'>legitimo</span> 
     </span>
     <span class='ocr_line' id='line_1_9' title="bbox 47 661 995 702; baseline -0.002 -7"><span class='ocrx_word' id='word_1_55' title='bbox 47 661 244 695; x_wconf 88' lang='lat' dir='ltr'>matrimonio</span> <span class='ocrx_word' id='word_1_56' title='bbox 272 663 386 698; x_wconf 90' lang='lat' dir='ltr'>natus;</span> <span class='ocrx_word' id='word_1_57' title='bbox 412 661 435 692; x_wconf 90' lang='lat' dir='ltr'>si</span> <span class='ocrx_word' id='word_1_58' title='bbox 461 669 535 701; x_wconf 85' lang='lat' dir='ltr'>ergo</span> <span class='ocrx_word' id='word_1_59' title='bbox 566 669 623 702; x_wconf 88' lang='lat' dir='ltr'>per</span> <span class='ocrx_word' id='word_1_60' title='bbox 654 665 758 693; x_wconf 89' lang='lat' dir='ltr'>actum</span> <span class='ocrx_word' id='word_1_61' title='bbox 792 661 995 693; x_wconf 87' lang='lat' dir='ltr'>fornicarium</span> 
     </span>
     <span class='ocr_line' id='line_1_10' title="bbox 48 713 972 755; baseline -0.002 -8"><span class='ocrx_word' id='word_1_62' title='bbox 48 714 242 748; x_wconf 76' lang='lat' dir='ltr'>contrahitur</span> <span class='ocrx_word' id='word_1_63' title='bbox 259 713 527 755; x_wconf 77' lang='lat' dir='ltr'>consanguinitas,</span> <span class='ocrx_word' id='word_1_64' title='bbox 546 713 612 754; x_wconf 89' lang='lat' dir='ltr'>pari</span> <span class='ocrx_word' id='word_1_65' title='bbox 632 714 751 746; x_wconf 88' lang='lat' dir='ltr'>ratione</span> <span class='ocrx_word' id='word_1_66' title='bbox 775 717 805 746; x_wconf 84' lang='lat' dir='ltr'>et</span> <span class='ocrx_word' id='word_1_67' title='bbox 828 714 972 746; x_wconf 83' lang='lat' dir='ltr'>affinitas.</span> 
     </span>
    </p>

    <p class='ocr_par' dir='ltr' id='par_1_5' title="bbox 40 765 996 1116">
     <span class='ocr_line' id='line_1_11' title="bbox 132 765 995 807; baseline -0.001 -8"><span class='ocrx_word' id='word_1_68' title='bbox 132 766 278 799; x_wconf 78' lang='lat' dir='ltr'>CONTRA:</span> <span class='ocrx_word' id='word_1_69' title='bbox 307 767 333 797; x_wconf 83' lang='lat'>1.</span> <span class='ocrx_word' id='word_1_70' title='bbox 359 766 459 798; x_wconf 84' lang='lat' dir='ltr'>Causa</span> <span class='ocrx_word' id='word_1_71' title='bbox 482 765 642 807; x_wconf 86' lang='lat' dir='ltr'>trigesima</span> <span class='ocrx_word' id='word_1_72' title='bbox 665 765 792 807; x_wconf 77' lang='lat' dir='ltr'>quinta,</span> <span class='ocrx_word' id='word_1_73' title='bbox 814 766 995 807; x_wconf 78' lang='lat' dir='ltr'>quaestione</span> 
     </span>
     <span class='ocr_line' id='line_1_12' title="bbox 47 819 995 860; baseline -0.002 -7"><span class='ocrx_word' id='word_1_74' title='bbox 47 820 177 853; x_wconf 81' lang='lat' dir='ltr'>tertia²:</span> <span class='ocrx_word' id='word_1_75' title='bbox 220 832 234 848; x_wconf 78' lang='grc' dir='ltr'><em>α</em></span> <span class='ocrx_word' id='word_1_76' title='bbox 257 819 514 851; x_wconf 86' lang='lat' dir='ltr'>Extraordinaria</span> <span class='ocrx_word' id='word_1_77' title='bbox 546 819 676 860; x_wconf 89' lang='lat' dir='ltr'>pollutio</span> <span class='ocrx_word' id='word_1_78' title='bbox 708 819 786 851; x_wconf 88' lang='lat' dir='ltr'>citra</span> <span class='ocrx_word' id='word_1_79' title='bbox 819 819 995 851; x_wconf 72' lang='lat' dir='ltr'>maritalem</span> 
     </span>
     <span class='ocr_line' id='line_1_13' title="bbox 45 871 996 911; baseline -0.001 -6"><span class='ocrx_word' id='word_1_80' title='bbox 45 873 207 911; x_wconf 82' lang='lat' dir='ltr'>affectum,</span> <span class='ocrx_word' id='word_1_81' title='bbox 232 872 256 904; x_wconf 91' lang='lat' dir='ltr'>si</span> <span class='ocrx_word' id='word_1_82' title='bbox 280 872 323 904; x_wconf 88' lang='lat' dir='ltr'>ita</span> <span class='ocrx_word' id='word_1_83' title='bbox 347 880 415 904; x_wconf 84' lang='lat' dir='ltr'>esse</span> <span class='ocrx_word' id='word_1_84' title='bbox 439 871 629 910; x_wconf 87' lang='lat' dir='ltr'>constiterit,</span> <span class='ocrx_word' id='word_1_85' title='bbox 655 881 715 903; x_wconf 90' lang='lat' dir='ltr'>non</span> <span class='ocrx_word' id='word_1_86' title='bbox 740 872 866 904; x_wconf 86' lang='lat' dir='ltr'>videtur</span> <span class='ocrx_word' id='word_1_87' title='bbox 891 872 996 904; x_wconf 89' lang='lat' dir='ltr'>matri-</span> 
     </span>
     <span class='ocr_line' id='line_1_14' title="bbox 43 924 995 967; baseline -0.001 -9"><span class='ocrx_word' id='word_1_88' title='bbox 43 925 182 958; x_wconf 84' lang='lat' dir='ltr'>monium</span> <span class='ocrx_word' id='word_1_89' title='bbox 207 925 360 967; x_wconf 87' lang='lat' dir='ltr'>impedire</span> <span class='ocrx_word' id='word_1_90' title='bbox 377 937 408 963; x_wconf 76' lang='lat'>»3</span> <span class='ocrx_word' id='word_1_91' title='bbox 433 925 486 957; x_wconf 89' lang='lat' dir='ltr'>sed</span> <span class='ocrx_word' id='word_1_92' title='bbox 513 924 701 957; x_wconf 87' lang='lat' dir='ltr'>fornicarius</span> <span class='ocrx_word' id='word_1_93' title='bbox 725 929 814 957; x_wconf 90' lang='lat' dir='ltr'>actus</span> <span class='ocrx_word' id='word_1_94' title='bbox 838 929 885 957; x_wconf 88' lang='lat' dir='ltr'>est</span> <span class='ocrx_word' id='word_1_95' title='bbox 902 929 995 957; x_wconf 88' lang='lat' dir='ltr'>extra</span> 
     </span>
     <span class='ocr_line' id='line_1_15' title="bbox 43 977 993 1018; baseline -0.001 -8"><span class='ocrx_word' id='word_1_96' title='bbox 43 981 161 1010; x_wconf 86' lang='lat' dir='ltr'>rectum</span> <span class='ocrx_word' id='word_1_97' title='bbox 195 977 357 1009; x_wconf 87' lang='lat' dir='ltr'>ordinem:</span> <span class='ocrx_word' id='word_1_98' title='bbox 391 986 465 1018; x_wconf 88' lang='lat' dir='ltr'>ergo</span> <span class='ocrx_word' id='word_1_99' title='bbox 498 986 557 1008; x_wconf 92' lang='lat' dir='ltr'>non</span> <span class='ocrx_word' id='word_1_100' title='bbox 591 977 722 1018; x_wconf 87' lang='lat' dir='ltr'>impedit</span> <span class='ocrx_word' id='word_1_101' title='bbox 747 978 993 1009; x_wconf 87' lang='lat' dir='ltr'>matrimonium.</span> 
     </span>
     <span class='ocr_line' id='line_1_16' title="bbox 42 1029 992 1071; baseline -0.001 -8"><span class='ocrx_word' id='word_1_102' title='bbox 42 1030 100 1063; x_wconf 87' lang='lat' dir='ltr'>Sed</span> <span class='ocrx_word' id='word_1_103' title='bbox 124 1029 259 1062; x_wconf 87' lang='lat' dir='ltr'>affinitas</span> <span class='ocrx_word' id='word_1_104' title='bbox 283 1030 433 1071; x_wconf 88' lang='lat' dir='ltr'>impedit:</span> <span class='ocrx_word' id='word_1_105' title='bbox 458 1039 533 1071; x_wconf 87' lang='lat' dir='ltr'>ergo</span> <span class='ocrx_word' id='word_1_106' title='bbox 558 1030 599 1062; x_wconf 89' lang='lat' dir='ltr'>ihi</span> <span class='ocrx_word' id='word_1_107' title='bbox 632 1039 692 1062; x_wconf 90' lang='lat' dir='ltr'>non</span> <span class='ocrx_word' id='word_1_108' title='bbox 726 1031 922 1062; x_wconf 76' lang='lat' dir='ltr'>contrahitur</span> <span class='ocrx_word' id='word_1_109' title='bbox 953 1030 992 1062; x_wconf 86' lang='lat' dir='ltr'>af-</span> 
     </span>
     <span class='ocr_line' id='line_1_17' title="bbox 40 1084 152 1116; baseline -0.009 0"><span class='ocrx_word' id='word_1_110' title='bbox 40 1084 152 1116; x_wconf 84' lang='lat' dir='ltr'>finitas.</span> 
     </span>
    </p>

    <p class='ocr_par' dir='ltr' id='par_1_6' title="bbox 40 1135 993 1381">
     <span class='ocr_line' id='line_1_18' title="bbox 128 1135 993 1179; baseline 0.002 -12"><span class='ocrx_word' id='word_1_111' title='bbox 128 1138 156 1168; x_wconf 70' lang='grc'>2.</span> <span class='ocrx_word' id='word_1_112' title='bbox 182 1136 275 1174; x_wconf 84' lang='lat' dir='ltr'>item,</span> <span class='ocrx_word' id='word_1_113' title='bbox 300 1135 435 1168; x_wconf 83' lang='lat' dir='ltr'>affinitas</span> <span class='ocrx_word' id='word_1_114' title='bbox 459 1140 506 1168; x_wconf 86' lang='lat' dir='ltr'>est</span> <span class='ocrx_word' id='word_1_115' title='bbox 523 1136 684 1168; x_wconf 88' lang='lat' dir='ltr'>vinculum</span> <span class='ocrx_word' id='word_1_116' title='bbox 704 1136 890 1177; x_wconf 85' lang='lat' dir='ltr'>legitimum,</span> <span class='ocrx_word' id='word_1_117' title='bbox 908 1137 993 1179; x_wconf 89' lang='lat' dir='ltr'>quod</span> 
     </span>
     <span class='ocr_line' id='line_1_19' title="bbox 41 1189 993 1231; baseline -0.001 -9"><span class='ocrx_word' id='word_1_118' title='bbox 41 1192 87 1222; x_wconf 88' lang='lat' dir='ltr'>est</span> <span class='ocrx_word' id='word_1_119' title='bbox 109 1189 287 1221; x_wconf 88' lang='lat' dir='ltr'>institutum</span> <span class='ocrx_word' id='word_1_120' title='bbox 312 1198 329 1220; x_wconf 89' lang='lat' dir='ltr'>a</span> <span class='ocrx_word' id='word_1_121' title='bbox 356 1189 418 1221; x_wconf 89' lang='lat' dir='ltr'>Deo</span> <span class='ocrx_word' id='word_1_122' title='bbox 444 1192 473 1221; x_wconf 90' lang='lat' dir='ltr'>et</span> <span class='ocrx_word' id='word_1_123' title='bbox 490 1189 530 1221; x_wconf 86' lang='lat' dir='ltr'>ah</span> <span class='ocrx_word' id='word_1_124' title='bbox 548 1189 726 1222; x_wconf 75' lang='lat' dir='ltr'>Ecclesia³z</span> <span class='ocrx_word' id='word_1_125' title='bbox 752 1198 827 1231; x_wconf 89' lang='lat' dir='ltr'>ergo</span> <span class='ocrx_word' id='word_1_126' title='bbox 843 1198 915 1222; x_wconf 87' lang='lat' dir='ltr'>cum</span> <span class='ocrx_word' id='word_1_127' title='bbox 934 1190 993 1222; x_wconf 85' lang='lat' dir='ltr'>for-</span> 
     </span>
     <span class='ocr_line' id='line_1_20' title="bbox 40 1242 992 1283; baseline 0.001 -9"><span class='ocrx_word' id='word_1_128' title='bbox 40 1242 151 1275; x_wconf 86' lang='lat' dir='ltr'>nicatio</span> <span class='ocrx_word' id='word_1_129' title='bbox 175 1243 214 1274; x_wconf 89' lang='lat' dir='ltr'>sit</span> <span class='ocrx_word' id='word_1_130' title='bbox 238 1242 318 1274; x_wconf 86' lang='lat' dir='ltr'>actio</span> <span class='ocrx_word' id='word_1_131' title='bbox 342 1246 450 1274; x_wconf 87' lang='lat' dir='ltr'>contra</span> <span class='ocrx_word' id='word_1_132' title='bbox 475 1242 701 1283; x_wconf 87' lang='lat' dir='ltr'>legitimitatem</span> <span class='ocrx_word' id='word_1_133' title='bbox 726 1247 757 1275; x_wconf 90' lang='lat' dir='ltr'>et</span> <span class='ocrx_word' id='word_1_134' title='bbox 781 1246 889 1275; x_wconf 85' lang='lat' dir='ltr'>contra</span> <span class='ocrx_word' id='word_1_135' title='bbox 917 1243 992 1275; x_wconf 84' lang='lat' dir='ltr'>divi-</span> 
     </span>
     <span class='ocr_line' id='line_1_21' title="bbox 40 1295 991 1338; baseline 0.001 -11"><span class='ocrx_word' id='word_1_136' title='bbox 40 1305 115 1328; x_wconf 87' lang='lat' dir='ltr'>num</span> <span class='ocrx_word' id='word_1_137' title='bbox 140 1299 311 1334; x_wconf 77' lang='lat' dir='ltr'>statutum,</span> <span class='ocrx_word' id='word_1_138' title='bbox 344 1304 399 1336; x_wconf 90' lang='lat' dir='ltr'>per</span> <span class='ocrx_word' id='word_1_139' title='bbox 424 1295 659 1328; x_wconf 73' lang='lat' dir='ltr'>fornicationem</span> <span class='ocrx_word' id='word_1_140' title='bbox 686 1305 846 1338; x_wconf 89' lang='lat' dir='ltr'>nunquam</span> <span class='ocrx_word' id='word_1_141' title='bbox 872 1300 991 1329; x_wconf 88' lang='lat' dir='ltr'>contra-</span> 
     </span>
     <span class='ocr_line' id='line_1_22' title="bbox 40 1349 406 1381; baseline -0.003 0"><span class='ocrx_word' id='word_1_142' title='bbox 40 1349 124 1381; x_wconf 89' lang='lat' dir='ltr'>hitur</span> <span class='ocrx_word' id='word_1_143' title='bbox 148 1349 209 1380; x_wconf 83' lang='lat' dir='ltr'>tale</span> <span class='ocrx_word' id='word_1_144' title='bbox 232 1349 406 1381; x_wconf 86' lang='lat' dir='ltr'>vinculum.</span> 
     </span>
    </p>

    <p class='ocr_par' dir='ltr' id='par_1_7' title="bbox 37 1400 991 1550">
     <span class='ocr_line' id='line_1_23' title="bbox 126 1400 988 1441; baseline 0.003 -9"><span class='ocrx_word' id='word_1_145' title='bbox 126 1401 154 1433; x_wconf 83' lang='lat'>3.</span> <span class='ocrx_word' id='word_1_146' title='bbox 181 1402 273 1440; x_wconf 77' lang='lat' dir='ltr'>item,</span> <span class='ocrx_word' id='word_1_147' title='bbox 298 1400 432 1434; x_wconf 80' lang='lat' dir='ltr'>affinitas</span> <span class='ocrx_word' id='word_1_148' title='bbox 456 1405 502 1434; x_wconf 84' lang='lat' dir='ltr'>est</span> <span class='ocrx_word' id='word_1_149' title='bbox 526 1402 687 1434; x_wconf 90' lang='lat' dir='ltr'>vinculum</span> <span class='ocrx_word' id='word_1_150' title='bbox 706 1402 872 1434; x_wconf 82' lang='lat' dir='ltr'>insolubile</span> <span class='ocrx_word' id='word_1_151' title='bbox 886 1403 894 1418; x_wconf 76' lang='lat'><strong>⁴</strong></span> <span class='ocrx_word' id='word_1_152' title='bbox 910 1415 917 1441; x_wconf 90' lang='lat'>;</span> <span class='ocrx_word' id='word_1_153' title='bbox 935 1404 988 1435; x_wconf 89' lang='lat' dir='ltr'>sed</span> 
     </span>
     <span class='ocr_line' id='line_1_24' title="bbox 39 1453 991 1496; baseline 0.001 -10"><span class='ocrx_word' id='word_1_154' title='bbox 39 1453 213 1486; x_wconf 88' lang='lat' dir='ltr'>coniunctio</span> <span class='ocrx_word' id='word_1_155' title='bbox 237 1462 293 1495; x_wconf 82' lang='lat' dir='ltr'>per</span> <span class='ocrx_word' id='word_1_156' title='bbox 318 1454 433 1485; x_wconf 86' lang='lat' dir='ltr'>coitum</span> <span class='ocrx_word' id='word_1_157' title='bbox 459 1454 661 1486; x_wconf 82' lang='lat' dir='ltr'>fornicarium</span> <span class='ocrx_word' id='word_1_158' title='bbox 681 1464 741 1486; x_wconf 91' lang='lat' dir='ltr'>non</span> <span class='ocrx_word' id='word_1_159' title='bbox 759 1455 860 1496; x_wconf 88' lang='lat' dir='ltr'>iungit</span> <span class='ocrx_word' id='word_1_160' title='bbox 877 1455 991 1487; x_wconf 83' lang='lat' dir='ltr'>insolu-</span> 
     </span>
     <span class='ocr_line' id='line_1_25' title="bbox 37 1507 988 1550; baseline 0.002 -12"><span class='ocrx_word' id='word_1_161' title='bbox 37 1507 158 1546; x_wconf 84' lang='lat' dir='ltr'>biliter,</span> <span class='ocrx_word' id='word_1_162' title='bbox 184 1507 279 1538; x_wconf 90' lang='lat' dir='ltr'>immo</span> <span class='ocrx_word' id='word_1_163' title='bbox 312 1507 504 1539; x_wconf 81' lang='lat' dir='ltr'>solubiliter:</span> <span class='ocrx_word' id='word_1_164' title='bbox 531 1517 604 1549; x_wconf 86' lang='lat' dir='ltr'>ergo</span> <span class='ocrx_word' id='word_1_165' title='bbox 629 1517 792 1550; x_wconf 86' lang='lat' dir='ltr'>nunquam</span> <span class='ocrx_word' id='word_1_166' title='bbox 817 1517 874 1550; x_wconf 89' lang='lat' dir='ltr'>per</span> <span class='ocrx_word' id='word_1_167' title='bbox 899 1509 988 1540; x_wconf 90' lang='lat' dir='ltr'>illum</span> 
     </span>
    </p>
   </div>
   <div class='ocr_carea' id='block_1_4' title="bbox 0 1560 755 1593">
    <p class='ocr_par' dir='ltr' id='par_1_8' title="bbox 0 1560 755 1593">
     <span class='ocr_line' id='line_1_26' title="bbox 0 1560 755 1593; baseline 0.004 -4"><span class='ocrx_word' id='word_1_168' title='bbox 0 1586 2 1589; x_wconf 91' lang='lat'>.</span> <span class='ocrx_word' id='word_1_169' title='bbox 38 1560 152 1593; x_wconf 87' lang='lat' dir='ltr'>coitum</span> <span class='ocrx_word' id='word_1_170' title='bbox 177 1560 374 1592; x_wconf 81' lang='lat' dir='ltr'>contrahitur</span> <span class='ocrx_word' id='word_1_171' title='bbox 398 1560 556 1592; x_wconf 83' lang='lat' dir='ltr'>affinitatis</span> <span class='ocrx_word' id='word_1_172' title='bbox 582 1560 755 1593; x_wconf 89' lang='lat' dir='ltr'>vinculum.</span> 
     </span>
    </p>
   </div>
   <div class='ocr_carea' id='block_1_5' title="bbox 36 1613 990 1918">
    <p class='ocr_par' dir='ltr' id='par_1_9' title="bbox 36 1613 990 1918">
     <span class='ocr_line' id='line_1_27' title="bbox 124 1613 990 1654; baseline 0.002 -10"><span class='ocrx_word' id='word_1_173' title='bbox 124 1613 153 1644; x_wconf 77' lang='lat' dir='ltr'>li.</span> <span class='ocrx_word' id='word_1_174' title='bbox 172 1613 263 1651; x_wconf 78' lang='lat' dir='ltr'>item,</span> <span class='ocrx_word' id='word_1_175' title='bbox 281 1621 338 1654; x_wconf 92' lang='lat' dir='ltr'>per</span> <span class='ocrx_word' id='word_1_176' title='bbox 359 1613 475 1644; x_wconf 90' lang='lat' dir='ltr'>coitum</span> <span class='ocrx_word' id='word_1_177' title='bbox 492 1617 584 1645; x_wconf 86' lang='lat' dir='ltr'>extra</span> <span class='ocrx_word' id='word_1_178' title='bbox 597 1614 832 1646; x_wconf 82' lang='lat' dir='ltr'>matrimonium</span> <span class='ocrx_word' id='word_1_179' title='bbox 847 1623 907 1646; x_wconf 87' lang='lat' dir='ltr'>non</span> <span class='ocrx_word' id='word_1_180' title='bbox 922 1624 990 1646; x_wconf 89' lang='lat' dir='ltr'>con-</span> 
     </span>
     <span class='ocr_line' id='line_1_28' title="bbox 38 1666 990 1709; baseline 0.001 -11"><span class='ocrx_word' id='word_1_181' title='bbox 38 1666 172 1698; x_wconf 85' lang='lat' dir='ltr'>trahitur</span> <span class='ocrx_word' id='word_1_182' title='bbox 190 1666 407 1707; x_wconf 84' lang='lat' dir='ltr'>irregularitas</span> <span class='ocrx_word' id='word_1_183' title='bbox 423 1667 461 1697; x_wconf 88' lang='lat' dir='ltr'>ad</span> <span class='ocrx_word' id='word_1_184' title='bbox 480 1667 623 1698; x_wconf 84' lang='lat' dir='ltr'>ordinem</span> <span class='ocrx_word' id='word_1_185' title='bbox 641 1667 895 1708; x_wconf 87' lang='lat' dir='ltr'>suscipiendum:</span> <span class='ocrx_word' id='word_1_186' title='bbox 914 1676 990 1709; x_wconf 89' lang='lat' dir='ltr'>ergo</span> 
     </span>
     <span class='ocr_line' id='line_1_29' title="bbox 37 1717 990 1759; baseline 0.002 -10"><span class='ocrx_word' id='word_1_187' title='bbox 37 1717 103 1759; x_wconf 88' lang='lat' dir='ltr'>pari</span> <span class='ocrx_word' id='word_1_188' title='bbox 129 1718 247 1749; x_wconf 90' lang='lat' dir='ltr'>ratione</span> <span class='ocrx_word' id='word_1_189' title='bbox 264 1727 320 1750; x_wconf 87' lang='lat' dir='ltr'>nec</span> <span class='ocrx_word' id='word_1_190' title='bbox 338 1717 541 1759; x_wconf 85' lang='lat' dir='ltr'>illegitimitas</span> <span class='ocrx_word' id='word_1_191' title='bbox 558 1719 597 1750; x_wconf 88' lang='lat' dir='ltr'>ad</span> <span class='ocrx_word' id='word_1_192' title='bbox 616 1719 852 1750; x_wconf 81' lang='lat' dir='ltr'>matrimonium</span> <span class='ocrx_word' id='word_1_193' title='bbox 871 1722 990 1751; x_wconf 85' lang='lat' dir='ltr'>contra-</span> 
     </span>
     <span class='ocr_line' id='line_1_30' title="bbox 37 1770 990 1812; baseline 0.002 -10"><span class='ocrx_word' id='word_1_194' title='bbox 37 1770 195 1803; x_wconf 87' lang='lat' dir='ltr'>hendum:</span> <span class='ocrx_word' id='word_1_195' title='bbox 222 1771 246 1803; x_wconf 95' lang='lat' dir='ltr'>si</span> <span class='ocrx_word' id='word_1_196' title='bbox 272 1779 346 1812; x_wconf 86' lang='lat' dir='ltr'>ergo</span> <span class='ocrx_word' id='word_1_197' title='bbox 370 1770 504 1803; x_wconf 83' lang='lat' dir='ltr'>affinitas</span> <span class='ocrx_word' id='word_1_198' title='bbox 528 1771 601 1803; x_wconf 87' lang='lat' dir='ltr'>facit</span> <span class='ocrx_word' id='word_1_199' title='bbox 622 1771 890 1812; x_wconf 85' lang='lat' dir='ltr'>illegitimitatem,</span> <span class='ocrx_word' id='word_1_200' title='bbox 908 1772 990 1804; x_wconf 92' lang='lat' dir='ltr'>vide-</span> 
     </span>
     <span class='ocr_line' id='line_1_31' title="bbox 37 1823 989 1865; baseline 0.002 -10"><span class='ocrx_word' id='word_1_201' title='bbox 37 1826 105 1862; x_wconf 89' lang='lat' dir='ltr'>tur,</span> <span class='ocrx_word' id='word_1_202' title='bbox 128 1823 213 1865; x_wconf 88' lang='lat' dir='ltr'>quod</span> <span class='ocrx_word' id='word_1_203' title='bbox 238 1832 295 1865; x_wconf 89' lang='lat' dir='ltr'>per</span> <span class='ocrx_word' id='word_1_204' title='bbox 320 1823 413 1856; x_wconf 83' lang='lat' dir='ltr'>talem</span> <span class='ocrx_word' id='word_1_205' title='bbox 439 1824 554 1856; x_wconf 89' lang='lat' dir='ltr'>coitum</span> <span class='ocrx_word' id='word_1_206' title='bbox 579 1823 714 1856; x_wconf 82' lang='lat' dir='ltr'>affinitas</span> <span class='ocrx_word' id='word_1_207' title='bbox 739 1833 794 1856; x_wconf 88' lang='lat' dir='ltr'>nec</span> <span class='ocrx_word' id='word_1_208' title='bbox 819 1824 912 1857; x_wconf 81' lang='lat' dir='ltr'>dehet.</span> <span class='ocrx_word' id='word_1_209' title='bbox 933 1834 989 1857; x_wconf 89' lang='lat' dir='ltr'>nec</span> 
     </span>
     <span class='ocr_line' id='line_1_32' title="bbox 36 1877 311 1918; baseline -0.004 -9"><span class='ocrx_word' id='word_1_210' title='bbox 36 1880 136 1918; x_wconf 86' lang='lat' dir='ltr'>potest</span> <span class='ocrx_word' id='word_1_211' title='bbox 160 1877 311 1909; x_wconf 81' lang='lat' dir='ltr'>contrahi.</span> 
     </span>
    </p>
   </div>
   <div class='ocr_carea' id='block_1_6' title="bbox 390 1992 627 2016">
    <p class='ocr_par' dir='ltr' id='par_1_10' title="bbox 390 1992 627 2016">
     <span class='ocr_line' id='line_1_33' title="bbox 390 1992 627 2016; baseline 0 -1"><span class='ocrx_word' id='word_1_212' title='bbox 390 1992 627 2016; x_wconf 86' lang='lat' dir='ltr'>CONCLUSIO.</span> 
     </span>
    </p>
   </div>
   <div class='ocr_carea' id='block_1_7' title="bbox 90 2087 934 2184">
    <p class='ocr_par' dir='ltr' id='par_1_11' title="bbox 90 2087 934 2184">
     <span class='ocr_line' id='line_1_34' title="bbox 90 2087 934 2131; baseline 0.004 -12"><span class='ocrx_word' id='word_1_213' title='bbox 90 2087 246 2131; x_wconf 71' lang='lat' dir='ltr'>Affiniccts</span> <span class='ocrx_word' id='word_1_214' title='bbox 267 2088 465 2131; x_wconf 56' lang='lat' dir='ltr'>periuratum·</span> <span class='ocrx_word' id='word_1_215' title='bbox 490 2088 701 2121; x_wconf 74' lang='lat' dir='ltr'>contrahitur</span> <span class='ocrx_word' id='word_1_216' title='bbox 724 2099 783 2131; x_wconf 78' lang='lat' dir='ltr'>per</span> <span class='ocrx_word' id='word_1_217' title='bbox 808 2099 934 2122; x_wconf 75' lang='lat' dir='ltr'>omnem</span> 
     </span>
     <span class='ocr_line' id='line_1_35' title="bbox 320 2141 698 2184; baseline 0.003 -11"><span class='ocrx_word' id='word_1_218' title='bbox 320 2141 473 2183; x_wconf 72' lang='lat' dir='ltr'>copulam·</span> <span class='ocrx_word' id='word_1_219' title='bbox 497 2142 698 2184; x_wconf 79' lang='lat' dir='ltr'>completam.</span> 
     </span>
    </p>
   </div>
   <div class='ocr_carea' id='block_1_8' title="bbox 123 2248 988 2291">
    <p class='ocr_par' dir='ltr' id='par_1_12' title="bbox 123 2248 988 2291">
     <span class='ocr_line' id='line_1_36' title="bbox 123 2248 988 2291; baseline 0.003 -12"><span class='ocrx_word' id='word_1_220' title='bbox 123 2248 321 2280; x_wconf 69' lang='lat' dir='ltr'>Ruspouosso:</span> <span class='ocrx_word' id='word_1_221' title='bbox 346 2248 538 2287; x_wconf 78' lang='lat' dir='ltr'>Dicendum,</span> <span class='ocrx_word' id='word_1_222' title='bbox 570 2249 653 2290; x_wconf 85' lang='lat' dir='ltr'>quod</span> <span class='ocrx_word' id='word_1_223' title='bbox 680 2249 814 2282; x_wconf 81' lang='lat' dir='ltr'>affinitas</span> <span class='ocrx_word' id='word_1_224' title='bbox 839 2250 988 2291; x_wconf 85' lang='lat' dir='ltr'>generali-</span> 
     </span>
    </p>
   </div>
   <div class='ocr_carea' id='block_1_9' title="bbox 0 2301 988 2344">
    <p class='ocr_par' dir='ltr' id='par_1_13' title="bbox 0 2301 988 2344">
     <span class='ocr_line' id='line_1_37' title="bbox 0 2301 988 2344; baseline 0.003 -12"><span class='ocrx_word' id='word_1_225' title='bbox 0 2303 81 2332; x_wconf 85' lang='lat' dir='ltr'>·.ter</span> <span class='ocrx_word' id='word_1_226' title='bbox 105 2301 301 2333; x_wconf 84' lang='lat' dir='ltr'>contrahitur</span> <span class='ocrx_word' id='word_1_227' title='bbox 327 2310 382 2342; x_wconf 91' lang='lat' dir='ltr'>per</span> <span class='ocrx_word' id='word_1_228' title='bbox 406 2310 531 2333; x_wconf 87' lang='lat' dir='ltr'>omnem</span> <span class='ocrx_word' id='word_1_229' title='bbox 557 2302 690 2341; x_wconf 89' lang='lat' dir='ltr'>coitum,</span> <span class='ocrx_word' id='word_1_230' title='bbox 716 2303 746 2334; x_wconf 92' lang='lat' dir='ltr'>in</span> <span class='ocrx_word' id='word_1_231' title='bbox 764 2313 826 2344; x_wconf 90' lang='lat' dir='ltr'>quo</span> <span class='ocrx_word' id='word_1_232' title='bbox 843 2306 988 2336; x_wconf 81' lang='grc'><strong>03100111-</strong></span> 
     </span>
    </p>
   </div>
   <div class='ocr_carea' id='block_1_10' title="bbox 35 2353 987 2710">
    <p class='ocr_par' dir='ltr' id='par_1_14' title="bbox 35 2353 987 2710">
     <span class='ocr_line' id='line_1_38' title="bbox 35 2353 987 2398; baseline 0.002 -13"><span class='ocrx_word' id='word_1_233' title='bbox 35 2353 144 2385; x_wconf 88' lang='lat' dir='ltr'>mixtio</span> <span class='ocrx_word' id='word_1_234' title='bbox 168 2354 367 2395; x_wconf 82' lang='lat' dir='ltr'>sanguinum.</span> <span class='ocrx_word' id='word_1_235' title='bbox 391 2374 434 2377; x_wconf 94' lang='lat'>-—</span> <span class='ocrx_word' id='word_1_236' title='bbox 459 2355 493 2386; x_wconf 88' lang='lat' dir='ltr'>Et</span> <span class='ocrx_word' id='word_1_237' title='bbox 518 2355 596 2386; x_wconf 86' lang='lat' dir='ltr'>ratio</span> <span class='ocrx_word' id='word_1_238' title='bbox 621 2355 717 2387; x_wconf 87' lang='lat' dir='ltr'>huius</span> <span class='ocrx_word' id='word_1_239' title='bbox 741 2360 803 2394; x_wconf 83' lang='lat' dir='ltr'>est,</span> <span class='ocrx_word' id='word_1_240' title='bbox 829 2356 902 2398; x_wconf 88' lang='lat' dir='ltr'>quia</span> <span class='ocrx_word' id='word_1_241' title='bbox 924 2356 987 2387; x_wconf 84' lang='lat' dir='ltr'>affi-</span> 
     </span>
     <span class='ocr_line' id='line_1_39' title="bbox 35 2406 985 2446; baseline 0.002 -8"><span class='ocrx_word' id='word_1_242' title='bbox 35 2406 113 2438; x_wconf 84' lang='lat' dir='ltr'>nitas</span> <span class='ocrx_word' id='word_1_243' title='bbox 131 2416 192 2438; x_wconf 89' lang='lat' dir='ltr'>non</span> <span class='ocrx_word' id='word_1_244' title='bbox 210 2407 406 2438; x_wconf 81' lang='lat' dir='ltr'>contrahitur</span> <span class='ocrx_word' id='word_1_245' title='bbox 424 2407 481 2439; x_wconf 92' lang='lat' dir='ltr'>nisi</span> <span class='ocrx_word' id='word_1_246' title='bbox 500 2408 619 2440; x_wconf 82' lang='lat' dir='ltr'>ratione</span> <span class='ocrx_word' id='word_1_247' title='bbox 637 2408 775 2446; x_wconf 88' lang='lat' dir='ltr'>unionis;</span> <span class='ocrx_word' id='word_1_248' title='bbox 792 2412 867 2440; x_wconf 88' lang='lat' dir='ltr'>tunc</span> <span class='ocrx_word' id='word_1_249' title='bbox 880 2413 985 2440; x_wconf 85' lang='lat' dir='ltr'>autem</span> 
     </span>
     <span class='ocr_line' id='line_1_40' title="bbox 35 2450 986 2502; baseline 0.002 -12"><span class='ocrx_word' id='word_1_250' title='bbox 35 2450 269 2491; x_wconf 71' lang='lat' dir='ltr'>dicunturuna</span> <span class='ocrx_word' id='word_1_251' title='bbox 292 2469 364 2491; x_wconf 91' lang='lat' dir='ltr'>caro</span> <span class='ocrx_word' id='word_1_252' title='bbox 390 2460 475 2497; x_wconf 80' lang='lat' dir='ltr'>fieri,</span> <span class='ocrx_word' id='word_1_253' title='bbox 500 2461 627 2502; x_wconf 79' lang='lat' dir='ltr'>quando</span> <span class='ocrx_word' id='word_1_254' title='bbox 651 2470 707 2502; x_wconf 90' lang='lat' dir='ltr'>per</span> <span class='ocrx_word' id='word_1_255' title='bbox 728 2461 986 2493; x_wconf 75' lang='lat' dir='ltr'>commixtionem</span> 
     </span>
     <span class='ocr_line' id='line_1_41' title="bbox 36 2511 986 2555; baseline 0.003 -12"><span class='ocrx_word' id='word_1_256' title='bbox 36 2511 186 2544; x_wconf 90' lang='lat' dir='ltr'>seminum</span> <span class='ocrx_word' id='word_1_257' title='bbox 213 2512 247 2544; x_wconf 83' lang='lat' dir='ltr'>sit</span> <span class='ocrx_word' id='word_1_258' title='bbox 270 2513 498 2545; x_wconf 87' lang='lat' dir='ltr'>consummatio</span> <span class='ocrx_word' id='word_1_259' title='bbox 524 2513 608 2545; x_wconf 88' lang='lat' dir='ltr'>illius</span> <span class='ocrx_word' id='word_1_260' title='bbox 625 2514 738 2554; x_wconf 89' lang='lat' dir='ltr'>operis.</span> <span class='ocrx_word' id='word_1_261' title='bbox 756 2514 785 2545; x_wconf 85' lang='lat' dir='ltr'>Si</span> <span class='ocrx_word' id='word_1_262' title='bbox 804 2522 878 2555; x_wconf 83' lang='lat' dir='ltr'>ergo</span> <span class='ocrx_word' id='word_1_263' title='bbox 895 2514 986 2546; x_wconf 89' lang='lat' dir='ltr'>aliter</span> 
     </span>
     <span class='ocr_line' id='line_1_42' title="bbox 35 2565 987 2607; baseline 0.002 -11"><span class='ocrx_word' id='word_1_264' title='bbox 35 2565 231 2603; x_wconf 87' lang='lat' dir='ltr'>conveniant,</span> <span class='ocrx_word' id='word_1_265' title='bbox 255 2566 321 2597; x_wconf 87' lang='lat' dir='ltr'>sive</span> <span class='ocrx_word' id='word_1_266' title='bbox 346 2569 454 2598; x_wconf 85' lang='lat' dir='ltr'>contra</span> <span class='ocrx_word' id='word_1_267' title='bbox 472 2569 616 2597; x_wconf 84' lang='lat' dir='ltr'>naturam</span> <span class='ocrx_word' id='word_1_268' title='bbox 635 2566 805 2607; x_wconf 89' lang='lat' dir='ltr'>polluendo</span> <span class='ocrx_word' id='word_1_269' title='bbox 822 2571 914 2598; x_wconf 83' lang='lat' dir='ltr'>extra</span> <span class='ocrx_word' id='word_1_270' title='bbox 932 2576 987 2599; x_wconf 87' lang='lat' dir='ltr'>vas</span> 
     </span>
     <span class='ocr_line' id='line_1_43' title="bbox 36 2608 986 2661; baseline 0.003 -13"><span class='ocrx_word' id='word_1_271' title='bbox 36 2616 78 2648; x_wconf 92' lang='lat' dir='ltr'>illi</span> <span class='ocrx_word' id='word_1_272' title='bbox 95 2618 165 2649; x_wconf 90' lang='lat' dir='ltr'>usui</span> <span class='ocrx_word' id='word_1_273' title='bbox 184 2618 369 2659; x_wconf 85' lang='lat' dir='ltr'>deputatum</span> <span class='ocrx_word' id='word_1_274' title='bbox 381 2644 388 2657; x_wconf 87' lang='lat'>,</span> <span class='ocrx_word' id='word_1_275' title='bbox 406 2618 471 2650; x_wconf 88' lang='lat' dir='ltr'>sive</span> <span class='ocrx_word' id='word_1_276' title='bbox 490 2619 666 2651; x_wconf 88' lang='lat' dir='ltr'>invadendo</span> <span class='ocrx_word' id='word_1_277' title='bbox 680 2608 829 2658; x_wconf 65' lang='lat' dir='ltr'>claustra,</span> <span class='ocrx_word' id='word_1_278' title='bbox 847 2620 887 2651; x_wconf 90' lang='lat' dir='ltr'>ita</span> <span class='ocrx_word' id='word_1_279' title='bbox 901 2620 986 2661; x_wconf 84' lang='lat' dir='ltr'>quod</span> 
     </span>
     <span class='ocr_line' id='line_1_44' title="bbox 36 2670 986 2710; baseline 0.003 -9"><span class='ocrx_word' id='word_1_280' title='bbox 36 2678 112 2710; x_wconf 89' lang='lat' dir='ltr'>opus</span> <span class='ocrx_word' id='word_1_281' title='bbox 136 2670 290 2703; x_wconf 84' lang='lat' dir='ltr'>nefarium</span> <span class='ocrx_word' id='word_1_282' title='bbox 316 2680 375 2702; x_wconf 90' lang='grc'><strong>11011</strong></span> <span class='ocrx_word' id='word_1_283' title='bbox 401 2675 660 2710; x_wconf 81' lang='grc'><strong>001131111111101111;</strong></span> <span class='ocrx_word' id='word_1_284' title='bbox 685 2671 820 2703; x_wconf 83' lang='lat' dir='ltr'>affinitas</span> <span class='ocrx_word' id='word_1_285' title='bbox 844 2672 986 2704; x_wconf 86' lang='lat' dir='ltr'>contrahi</span> 
     </span>
    </p>
   </div>
   <div class='ocr_carea' id='block_1_11' title="bbox 1017 371 1031 2604">
    <p class='ocr_par' dir='ltr' id='par_1_15' title="bbox 1017 371 1031 2604">
     <span class='ocr_line' id='line_1_45' title="bbox 1017 371 1031 2604; baseline 0 0"><span class='ocrx_word' id='word_1_286' title='bbox 1017 371 1031 2604; x_wconf 95' lang='lat' dir='ltr'> </span> 
     </span>
    </p>
   </div>
   <div class='ocr_carea' id='block_1_12' title="bbox 1950 264 2012 295">
    <p class='ocr_par' dir='ltr' id='par_1_16' title="bbox 1950 264 2012 295">
     <span class='ocr_line' id='line_1_46' title="bbox 1950 264 2012 295; baseline 0.016 -1"><span class='ocrx_word' id='word_1_287' title='bbox 1950 264 2012 295; x_wconf 77' lang='lat'>859</span> 
     </span>
    </p>
   </div>
   <div class='ocr_carea' id='block_1_13' title="bbox 1051 348 2014 2705">
    <p class='ocr_par' dir='ltr' id='par_1_17' title="bbox 1060 348 2014 705">
     <span class='ocr_line' id='line_1_47' title="bbox 1062 348 2014 391; baseline 0.003 -12"><span class='ocrx_word' id='word_1_288' title='bbox 1062 357 1121 379; x_wconf 90' lang='lat' dir='ltr'>non</span> <span class='ocrx_word' id='word_1_289' title='bbox 1142 348 1308 385; x_wconf 85' lang='lat' dir='ltr'>iudicatur,</span> <span class='ocrx_word' id='word_1_290' title='bbox 1326 348 1499 380; x_wconf 86' lang='lat' dir='ltr'>secundum</span> <span class='ocrx_word' id='word_1_291' title='bbox 1514 349 1596 390; x_wconf 86' lang='grc'><strong>(111011</strong></span> <span class='ocrx_word' id='word_1_292' title='bbox 1613 349 1728 381; x_wconf 87' lang='lat' dir='ltr'>dicitur</span> <span class='ocrx_word' id='word_1_293' title='bbox 1741 350 1840 382; x_wconf 85' lang='lat' dir='ltr'>Causa</span> <span class='ocrx_word' id='word_1_294' title='bbox 1855 350 2014 391; x_wconf 88' lang='lat' dir='ltr'>trigesima</span> 
     </span>
     <span class='ocr_line' id='line_1_48' title="bbox 1060 400 2010 445; baseline 0.005 -14"><span class='ocrx_word' id='word_1_295' title='bbox 1060 400 1186 441; x_wconf 85' lang='lat' dir='ltr'>quinta,</span> <span class='ocrx_word' id='word_1_296' title='bbox 1218 401 1399 442; x_wconf 86' lang='lat' dir='ltr'>quaestione</span> <span class='ocrx_word' id='word_1_297' title='bbox 1429 401 1535 439; x_wconf 88' lang='lat' dir='ltr'>tertia,</span> <span class='ocrx_word' id='word_1_298' title='bbox 1569 402 1866 435; x_wconf 64' lang='lat' dir='ltr'>Exti‘ctordz&#39;nctrz&#39;a.</span> <span class='ocrx_word' id='word_1_299' title='bbox 1892 404 2010 445; x_wconf 83' lang='lat' dir='ltr'>Quodsi</span> 
     </span>
     <span class='ocr_line' id='line_1_49' title="bbox 1062 453 2014 498; baseline 0.004 -14"><span class='ocrx_word' id='word_1_300' title='bbox 1062 453 1207 485; x_wconf 84' lang='lat' dir='ltr'>videatur</span> <span class='ocrx_word' id='word_1_301' title='bbox 1235 453 1294 485; x_wconf 90' lang='lat' dir='ltr'>dici</span> <span class='ocrx_word' id='word_1_302' title='bbox 1328 454 1519 485; x_wconf 87' lang='lat' dir='ltr'>contrarium</span> <span class='ocrx_word' id='word_1_303' title='bbox 1547 455 1658 490; x_wconf 74' lang='lat' dir='ltr'>Extra.</span> <span class='ocrx_word' id='word_1_304' title='bbox 1684 455 1723 487; x_wconf 85' lang='lat' dir='ltr'>de</span> <span class='ocrx_word' id='word_1_305' title='bbox 1749 455 1788 486; x_wconf 84' lang='lat' dir='ltr'>Eo</span> <span class='ocrx_word' id='word_1_306' title='bbox 1820 456 1872 497; x_wconf 91' lang='lat' dir='ltr'>qui</span> <span class='ocrx_word' id='word_1_307' title='bbox 1906 465 2014 498; x_wconf 79' lang='lat' dir='ltr'>cogno-</span> 
     </span>
     <span class='ocr_line' id='line_1_50' title="bbox 1063 506 2011 547; baseline 0.005 -11"><span class='ocrx_word' id='word_1_308' title='bbox 1063 506 1106 537; x_wconf 89' lang='lat' dir='ltr'>vit</span> <span class='ocrx_word' id='word_1_309' title='bbox 1137 506 1399 547; x_wconf 83' lang='lat' dir='ltr'>consanguineam</span> <span class='ocrx_word' id='word_1_310' title='bbox 1416 506 1444 545; x_wconf 75' lang='lat'>⁵,</span> <span class='ocrx_word' id='word_1_311' title='bbox 1472 507 1692 539; x_wconf 49' lang='lat' dir='ltr'>lo&#39;acerimatz&#39;</span> <span class='ocrx_word' id='word_1_312' title='bbox 1724 511 1799 544; x_wconf 67' lang='lat' dir='ltr'>etc:</span> <span class='ocrx_word' id='word_1_313' title='bbox 1824 509 2011 547; x_wconf 83' lang='lat' dir='ltr'>dicendum,</span> 
     </span>
     <span class='ocr_line' id='line_1_51' title="bbox 1062 558 2012 602; baseline 0.003 -12"><span class='ocrx_word' id='word_1_314' title='bbox 1062 559 1144 600; x_wconf 88' lang='lat' dir='ltr'>quod</span> <span class='ocrx_word' id='word_1_315' title='bbox 1172 558 1224 590; x_wconf 85' lang='lat' dir='ltr'>illa</span> <span class='ocrx_word' id='word_1_316' title='bbox 1249 560 1404 600; x_wconf 84' lang='lat' dir='ltr'>separatio</span> <span class='ocrx_word' id='word_1_317' title='bbox 1428 569 1488 591; x_wconf 90' lang='lat' dir='ltr'>non</span> <span class='ocrx_word' id='word_1_318' title='bbox 1513 560 1571 592; x_wconf 83' lang='lat' dir='ltr'>suit</span> <span class='ocrx_word' id='word_1_319' title='bbox 1595 564 1723 602; x_wconf 87' lang='lat' dir='ltr'>propter</span> <span class='ocrx_word' id='word_1_320' title='bbox 1740 561 1939 601; x_wconf 82' lang='lat' dir='ltr'>affinitatem,</span> <span class='ocrx_word' id='word_1_321' title='bbox 1958 563 2012 595; x_wconf 81' lang='lat' dir='ltr'>sesi</span> 
     </span>
     <span class='ocr_line' id='line_1_52' title="bbox 1062 611 2013 656; baseline 0.004 -14"><span class='ocrx_word' id='word_1_322' title='bbox 1062 614 1191 652; x_wconf 88' lang='lat' dir='ltr'>propter</span> <span class='ocrx_word' id='word_1_323' title='bbox 1215 611 1359 652; x_wconf 85' lang='lat' dir='ltr'>publicae</span> <span class='ocrx_word' id='word_1_324' title='bbox 1376 612 1525 644; x_wconf 85' lang='lat' dir='ltr'>iustitiam</span> <span class='ocrx_word' id='word_1_325' title='bbox 1544 613 1732 652; x_wconf 80' lang='lat' dir='ltr'>honestatis,</span> <span class='ocrx_word' id='word_1_326' title='bbox 1757 623 1837 656; x_wconf 89' lang='lat' dir='ltr'>quae</span> <span class='ocrx_word' id='word_1_327' title='bbox 1860 615 2013 647; x_wconf 87' lang='lat' dir='ltr'>contrahi-</span> 
     </span>
     <span class='ocr_line' id='line_1_53' title="bbox 1062 663 1524 705; baseline 0.004 -11"><span class='ocrx_word' id='word_1_328' title='bbox 1062 667 1114 694; x_wconf 87' lang='lat' dir='ltr'>tur</span> <span class='ocrx_word' id='word_1_329' title='bbox 1138 672 1177 694; x_wconf 85' lang='lat' dir='ltr'>ex</span> <span class='ocrx_word' id='word_1_330' title='bbox 1203 663 1291 704; x_wconf 90' lang='lat' dir='ltr'>puris</span> <span class='ocrx_word' id='word_1_331' title='bbox 1316 665 1524 705; x_wconf 82' lang='lat' dir='ltr'>sponsalibus.</span> 
     </span>
    </p>

    <p class='ocr_par' dir='ltr' id='par_1_18' title="bbox 1061 716 2012 914">
     <span class='ocr_line' id='line_1_54' title="bbox 1152 716 2011 759; baseline 0.008 -13"><span class='ocrx_word' id='word_1_332' title='bbox 1152 717 1179 747; x_wconf 84' lang='lat' dir='ltr'>l.</span> <span class='ocrx_word' id='word_1_333' title='bbox 1204 716 1247 748; x_wconf 81' lang='lat' dir='ltr'>Ad</span> <span class='ocrx_word' id='word_1_334' title='bbox 1272 716 1350 748; x_wconf 88' lang='lat' dir='ltr'>illud</span> <span class='ocrx_word' id='word_1_335' title='bbox 1380 726 1454 758; x_wconf 87' lang='lat' dir='ltr'>ergo</span> <span class='ocrx_word' id='word_1_336' title='bbox 1486 718 1569 759; x_wconf 87' lang='lat' dir='ltr'>quod</span> <span class='ocrx_word' id='word_1_337' title='bbox 1594 719 1739 751; x_wconf 86' lang='lat' dir='ltr'>obiicitur</span> <span class='ocrx_word' id='word_1_338' title='bbox 1766 720 1793 751; x_wconf 86' lang='lat' dir='ltr'>in</span> <span class='ocrx_word' id='word_1_339' title='bbox 1819 721 2011 753; x_wconf 91' lang='lat' dir='ltr'>contrarium</span> 
     </span>
     <span class='ocr_line' id='line_1_55' title="bbox 1062 767 2012 815; baseline 0.008 -17"><span class='ocrx_word' id='word_1_340' title='bbox 1062 767 1100 799; x_wconf 88' lang='lat' dir='ltr'>de</span> <span class='ocrx_word' id='word_1_341' title='bbox 1125 768 1378 800; x_wconf 78' lang='lat' dir='ltr'>extraordinaria</span> <span class='ocrx_word' id='word_1_342' title='bbox 1410 770 1600 811; x_wconf 80' lang='lat' dir='ltr'>pollutione,</span> <span class='ocrx_word' id='word_1_343' title='bbox 1634 772 1694 803; x_wconf 89' lang='lat' dir='ltr'>iam</span> <span class='ocrx_word' id='word_1_344' title='bbox 1725 776 1809 814; x_wconf 82' lang='lat' dir='ltr'>patet</span> <span class='ocrx_word' id='word_1_345' title='bbox 1834 774 2012 815; x_wconf 85' lang='lat' dir='ltr'>responsiO,</span> 
     </span>
     <span class='ocr_line' id='line_1_56' title="bbox 1061 820 2011 865; baseline 0.007 -13"><span class='ocrx_word' id='word_1_346' title='bbox 1061 820 1134 862; x_wconf 86' lang='lat' dir='ltr'>quia</span> <span class='ocrx_word' id='word_1_347' title='bbox 1149 821 1345 862; x_wconf 81' lang='lat' dir='ltr'>intelligitur,</span> <span class='ocrx_word' id='word_1_348' title='bbox 1365 822 1416 854; x_wconf 84' lang='lat' dir='ltr'>uhi</span> <span class='ocrx_word' id='word_1_349' title='bbox 1436 833 1494 854; x_wconf 83' lang='lat' dir='ltr'>non</span> <span class='ocrx_word' id='word_1_350' title='bbox 1513 824 1571 856; x_wconf 85' lang='lat' dir='ltr'>suit</span> <span class='ocrx_word' id='word_1_351' title='bbox 1588 825 1744 857; x_wconf 87' lang='lat' dir='ltr'>seminum</span> <span class='ocrx_word' id='word_1_352' title='bbox 1762 827 1955 865; x_wconf 76' lang='lat' dir='ltr'>commixtio,</span> <span class='ocrx_word' id='word_1_353' title='bbox 1972 827 2011 859; x_wconf 85' lang='lat' dir='ltr'>ob</span> 
     </span>
     <span class='ocr_line' id='line_1_57' title="bbox 1061 873 1952 914; baseline 0.008 -10"><span class='ocrx_word' id='word_1_354' title='bbox 1061 882 1155 914; x_wconf 87' lang='lat' dir='ltr'>quam</span> <span class='ocrx_word' id='word_1_355' title='bbox 1171 873 1182 888; x_wconf 73' lang='lat'><strong>⁶</strong></span> <span class='ocrx_word' id='word_1_356' title='bbox 1207 873 1388 905; x_wconf 87' lang='lat' dir='ltr'>dicerentur</span> <span class='ocrx_word' id='word_1_357' title='bbox 1414 875 1461 906; x_wconf 91' lang='lat' dir='ltr'>vir</span> <span class='ocrx_word' id='word_1_358' title='bbox 1486 880 1516 907; x_wconf 87' lang='lat' dir='ltr'>et</span> <span class='ocrx_word' id='word_1_359' title='bbox 1540 877 1654 909; x_wconf 85' lang='lat' dir='ltr'>mulier</span> <span class='ocrx_word' id='word_1_360' title='bbox 1679 888 1741 910; x_wconf 86' lang='lat' dir='ltr'>una</span> <span class='ocrx_word' id='word_1_361' title='bbox 1765 888 1838 911; x_wconf 87' lang='lat' dir='ltr'>caro</span> <span class='ocrx_word' id='word_1_362' title='bbox 1862 878 1952 911; x_wconf 86' lang='lat' dir='ltr'>effici.</span> 
     </span>
    </p>

    <p class='ocr_par' dir='ltr' id='par_1_19' title="bbox 1056 926 2012 1443">
     <span class='ocr_line' id='line_1_58' title="bbox 1151 926 2012 972; baseline 0.009 -15"><span class='ocrx_word' id='word_1_363' title='bbox 1151 927 1178 957; x_wconf 62' lang='lat'>32.</span> <span class='ocrx_word' id='word_1_364' title='bbox 1206 926 1248 958; x_wconf 82' lang='lat' dir='ltr'>Ad</span> <span class='ocrx_word' id='word_1_365' title='bbox 1272 926 1350 958; x_wconf 88' lang='lat' dir='ltr'>illud</span> <span class='ocrx_word' id='word_1_366' title='bbox 1375 928 1458 968; x_wconf 88' lang='lat' dir='ltr'>quod</span> <span class='ocrx_word' id='word_1_367' title='bbox 1488 928 1651 968; x_wconf 85' lang='lat' dir='ltr'>obiicitur,</span> <span class='ocrx_word' id='word_1_368' title='bbox 1677 932 1759 972; x_wconf 90' lang='lat' dir='ltr'>quod</span> <span class='ocrx_word' id='word_1_369' title='bbox 1786 932 1947 964; x_wconf 86' lang='lat' dir='ltr'>vinculum</span> <span class='ocrx_word' id='word_1_370' title='bbox 1974 933 2012 965; x_wconf 93' lang='lat' dir='ltr'>le-</span> 
     </span>
     <span class='ocr_line' id='line_1_59' title="bbox 1060 978 2009 1027; baseline 0.008 -17"><span class='ocrx_word' id='word_1_371' title='bbox 1060 978 1203 1019; x_wconf 85' lang='lat' dir='ltr'>gitimum</span> <span class='ocrx_word' id='word_1_372' title='bbox 1230 983 1276 1011; x_wconf 86' lang='lat' dir='ltr'>est</span> <span class='ocrx_word' id='word_1_373' title='bbox 1300 989 1318 1011; x_wconf 87' lang='lat' dir='ltr'>a</span> <span class='ocrx_word' id='word_1_374' title='bbox 1342 979 1404 1011; x_wconf 90' lang='lat' dir='ltr'>Deo</span> <span class='ocrx_word' id='word_1_375' title='bbox 1434 981 1634 1020; x_wconf 76' lang='lat' dir='ltr'>institutum3</span> <span class='ocrx_word' id='word_1_376' title='bbox 1659 983 1846 1023; x_wconf 86' lang='lat' dir='ltr'>dicendum,</span> <span class='ocrx_word' id='word_1_377' title='bbox 1871 986 1955 1027; x_wconf 87' lang='lat' dir='ltr'>quod</span> <span class='ocrx_word' id='word_1_378' title='bbox 1981 986 2009 1018; x_wconf 89' lang='lat' dir='ltr'>in</span> 
     </span>
     <span class='ocr_line' id='line_1_60' title="bbox 1059 1031 2011 1079; baseline 0.009 -17"><span class='ocrx_word' id='word_1_379' title='bbox 1059 1031 1262 1064; x_wconf 87' lang='lat' dir='ltr'>fornicatione</span> <span class='ocrx_word' id='word_1_380' title='bbox 1286 1032 1349 1064; x_wconf 86' lang='lat' dir='ltr'>duo</span> <span class='ocrx_word' id='word_1_381' title='bbox 1375 1038 1465 1072; x_wconf 82' lang='lat' dir='ltr'>sunt,</span> <span class='ocrx_word' id='word_1_382' title='bbox 1489 1034 1606 1066; x_wconf 87' lang='lat' dir='ltr'>scilicet</span> <span class='ocrx_word' id='word_1_383' title='bbox 1627 1036 1712 1067; x_wconf 74' lang='lat' dir='ltr'>accio</span> <span class='ocrx_word' id='word_1_384' title='bbox 1728 1037 1913 1076; x_wconf 72' lang='lat' dir='ltr'>substrata,</span> <span class='ocrx_word' id='word_1_385' title='bbox 1930 1048 2011 1079; x_wconf 81' lang='lat' dir='ltr'>quae</span> 
     </span>
     <span class='ocr_line' id='line_1_61' title="bbox 1059 1083 2012 1133; baseline 0.008 -18"><span class='ocrx_word' id='word_1_386' title='bbox 1059 1088 1106 1116; x_wconf 80' lang='lat' dir='ltr'>est</span> <span class='ocrx_word' id='word_1_387' title='bbox 1130 1085 1297 1123; x_wconf 88' lang='lat' dir='ltr'>naturalis,</span> <span class='ocrx_word' id='word_1_388' title='bbox 1318 1088 1348 1117; x_wconf 84' lang='lat' dir='ltr'>et</span> <span class='ocrx_word' id='word_1_389' title='bbox 1372 1083 1568 1128; x_wconf 73' lang='lat' dir='ltr'>deformitas</span> <span class='ocrx_word' id='word_1_390' title='bbox 1592 1087 1783 1127; x_wconf 68' lang='lat' dir='ltr'>voluntatis,</span> <span class='ocrx_word' id='word_1_391' title='bbox 1808 1099 1870 1130; x_wconf 89' lang='lat' dir='ltr'>qua</span> <span class='ocrx_word' id='word_1_392' title='bbox 1898 1091 2012 1133; x_wconf 82' lang='lat' dir='ltr'>aliquis</span> 
     </span>
     <span class='ocr_line' id='line_1_62' title="bbox 1059 1138 2010 1184; baseline 0.008 -15"><span class='ocrx_word' id='word_1_393' title='bbox 1059 1138 1127 1169; x_wconf 90' lang='lat' dir='ltr'>vult</span> <span class='ocrx_word' id='word_1_394' title='bbox 1151 1147 1337 1179; x_wconf 85' lang='lat' dir='ltr'>cognoscere</span> <span class='ocrx_word' id='word_1_395' title='bbox 1362 1148 1422 1171; x_wconf 88' lang='lat' dir='ltr'>non</span> <span class='ocrx_word' id='word_1_396' title='bbox 1447 1148 1555 1178; x_wconf 88' lang='lat' dir='ltr'>suam,</span> <span class='ocrx_word' id='word_1_397' title='bbox 1580 1141 1646 1173; x_wconf 87' lang='lat' dir='ltr'>sive</span> <span class='ocrx_word' id='word_1_398' title='bbox 1670 1142 1753 1174; x_wconf 83' lang='lat' dir='ltr'>circa</span> <span class='ocrx_word' id='word_1_399' title='bbox 1777 1143 1880 1184; x_wconf 89' lang='lat' dir='ltr'>ipsum</span> <span class='ocrx_word' id='word_1_400' title='bbox 1905 1148 2010 1176; x_wconf 90' lang='lat' dir='ltr'>actum</span> 
     </span>
     <span class='ocr_line' id='line_1_63' title="bbox 1058 1191 2012 1237; baseline 0.007 -15"><span class='ocrx_word' id='word_1_401' title='bbox 1058 1191 1198 1230; x_wconf 79' lang='lat' dir='ltr'>defectus</span> <span class='ocrx_word' id='word_1_402' title='bbox 1229 1191 1492 1225; x_wconf 86' lang='lat' dir='ltr'>circumstantiae.</span> <span class='ocrx_word' id='word_1_403' title='bbox 1525 1193 1683 1234; x_wconf 83' lang='lat' dir='ltr'>Quantum</span> <span class='ocrx_word' id='word_1_404' title='bbox 1721 1195 1759 1227; x_wconf 87' lang='lat' dir='ltr'>ad</span> <span class='ocrx_word' id='word_1_405' title='bbox 1793 1196 1932 1237; x_wconf 84' lang='lat' dir='ltr'>primum</span> <span class='ocrx_word' id='word_1_406' title='bbox 1966 1202 2012 1229; x_wconf 90' lang='lat' dir='ltr'>est</span> 
     </span>
     <span class='ocr_line' id='line_1_64' title="bbox 1057 1244 2012 1289; baseline 0.007 -14"><span class='ocrx_word' id='word_1_407' title='bbox 1057 1244 1137 1275; x_wconf 90' lang='lat' dir='ltr'>actio</span> <span class='ocrx_word' id='word_1_408' title='bbox 1158 1244 1326 1283; x_wconf 90' lang='lat' dir='ltr'>naturalis,</span> <span class='ocrx_word' id='word_1_409' title='bbox 1352 1245 1432 1276; x_wconf 87' lang='lat' dir='ltr'>hona</span> <span class='ocrx_word' id='word_1_410' title='bbox 1456 1249 1486 1277; x_wconf 88' lang='lat' dir='ltr'>et</span> <span class='ocrx_word' id='word_1_411' title='bbox 1510 1255 1528 1277; x_wconf 87' lang='lat' dir='ltr'>a</span> <span class='ocrx_word' id='word_1_412' title='bbox 1553 1246 1636 1284; x_wconf 87' lang='lat' dir='ltr'>Deo;</span> <span class='ocrx_word' id='word_1_413' title='bbox 1661 1251 1813 1289; x_wconf 86' lang='lat' dir='ltr'>quantum</span> <span class='ocrx_word' id='word_1_414' title='bbox 1839 1249 1877 1280; x_wconf 82' lang='lat' dir='ltr'>ad</span> <span class='ocrx_word' id='word_1_415' title='bbox 1904 1258 2012 1282; x_wconf 86' lang='lat' dir='ltr'>secun-</span> 
     </span>
     <span class='ocr_line' id='line_1_65' title="bbox 1056 1296 2012 1334; baseline 0.007 -7"><span class='ocrx_word' id='word_1_416' title='bbox 1056 1296 1133 1328; x_wconf 85' lang='lat' dir='ltr'>dum</span> <span class='ocrx_word' id='word_1_417' title='bbox 1158 1296 1232 1328; x_wconf 87' lang='lat' dir='ltr'>dicit</span> <span class='ocrx_word' id='word_1_418' title='bbox 1257 1297 1414 1330; x_wconf 86' lang='lat' dir='ltr'>defectum</span> <span class='ocrx_word' id='word_1_419' title='bbox 1438 1302 1468 1330; x_wconf 91' lang='lat' dir='ltr'>et</span> <span class='ocrx_word' id='word_1_420' title='bbox 1492 1299 1720 1332; x_wconf 84' lang='lat' dir='ltr'>deformitatem</span> <span class='ocrx_word' id='word_1_421' title='bbox 1746 1305 1776 1333; x_wconf 90' lang='grc'>01</span> <span class='ocrx_word' id='word_1_422' title='bbox 1800 1302 1930 1334; x_wconf 86' lang='lat' dir='ltr'>sortitur</span> <span class='ocrx_word' id='word_1_423' title='bbox 1962 1312 2012 1334; x_wconf 92' lang='lat' dir='ltr'>no-</span> 
     </span>
     <span class='ocr_line' id='line_1_66' title="bbox 1057 1349 2010 1393; baseline 0.006 -13"><span class='ocrx_word' id='word_1_424' title='bbox 1057 1358 1128 1381; x_wconf 87' lang='lat' dir='ltr'>inen</span> <span class='ocrx_word' id='word_1_425' title='bbox 1153 1349 1217 1381; x_wconf 92' lang='lat' dir='ltr'>vitii</span> <span class='ocrx_word' id='word_1_426' title='bbox 1234 1350 1265 1388; x_wconf 77' lang='lat'>⁷3</span> <span class='ocrx_word' id='word_1_427' title='bbox 1290 1351 1451 1383; x_wconf 88' lang='lat' dir='ltr'>vinculum</span> <span class='ocrx_word' id='word_1_428' title='bbox 1477 1360 1551 1393; x_wconf 87' lang='lat' dir='ltr'>ergo</span> <span class='ocrx_word' id='word_1_429' title='bbox 1568 1352 1727 1385; x_wconf 83' lang='lat' dir='ltr'>affinitatis</span> <span class='ocrx_word' id='word_1_430' title='bbox 1749 1355 1947 1386; x_wconf 84' lang='lat' dir='ltr'>contrahitur</span> <span class='ocrx_word' id='word_1_431' title='bbox 1964 1364 2010 1386; x_wconf 92' lang='lat' dir='ltr'>ra-</span> 
     </span>
     <span class='ocr_line' id='line_1_67' title="bbox 1058 1401 1668 1443; baseline 0.008 -11"><span class='ocrx_word' id='word_1_432' title='bbox 1058 1401 1137 1433; x_wconf 89' lang='lat' dir='ltr'>tione</span> <span class='ocrx_word' id='word_1_433' title='bbox 1162 1402 1273 1443; x_wconf 87' lang='lat' dir='ltr'>primi,</span> <span class='ocrx_word' id='word_1_434' title='bbox 1299 1412 1359 1435; x_wconf 89' lang='lat' dir='ltr'>non</span> <span class='ocrx_word' id='word_1_435' title='bbox 1384 1404 1503 1436; x_wconf 87' lang='lat' dir='ltr'>ratione</span> <span class='ocrx_word' id='word_1_436' title='bbox 1528 1405 1668 1437; x_wconf 88' lang='lat' dir='ltr'>secundi.</span> 
     </span>
    </p>

    <p class='ocr_par' dir='ltr' id='par_1_20' title="bbox 1054 1454 2010 2134">
     <span class='ocr_line' id='line_1_68' title="bbox 1145 1454 2008 1499; baseline 0.008 -14"><span class='ocrx_word' id='word_1_437' title='bbox 1145 1454 1173 1486; x_wconf 84' lang='lat'>3.</span> <span class='ocrx_word' id='word_1_438' title='bbox 1198 1455 1240 1486; x_wconf 69' lang='lat' dir='ltr'>Ad</span> <span class='ocrx_word' id='word_1_439' title='bbox 1266 1455 1345 1487; x_wconf 89' lang='lat' dir='ltr'>illud</span> <span class='ocrx_word' id='word_1_440' title='bbox 1370 1457 1454 1498; x_wconf 81' lang='lat' dir='ltr'>quod</span> <span class='ocrx_word' id='word_1_441' title='bbox 1479 1457 1642 1496; x_wconf 81' lang='lat' dir='ltr'>obiicitur,</span> <span class='ocrx_word' id='word_1_442' title='bbox 1667 1459 1750 1499; x_wconf 82' lang='lat' dir='ltr'>quod</span> <span class='ocrx_word' id='word_1_443' title='bbox 1776 1463 1822 1491; x_wconf 88' lang='lat' dir='ltr'>est</span> <span class='ocrx_word' id='word_1_444' title='bbox 1848 1460 2008 1492; x_wconf 84' lang='lat' dir='ltr'>vinculum</span> 
     </span>
     <span class='ocr_line' id='line_1_69' title="bbox 1055 1508 2008 1554; baseline 0.007 -16"><span class='ocrx_word' id='word_1_445' title='bbox 1055 1508 1243 1547; x_wconf 76' lang='lat' dir='ltr'>insolubile3</span> <span class='ocrx_word' id='word_1_446' title='bbox 1268 1509 1455 1548; x_wconf 86' lang='lat' dir='ltr'>dicendum,</span> <span class='ocrx_word' id='word_1_447' title='bbox 1488 1511 1571 1551; x_wconf 86' lang='grc'><strong>(111011</strong></span> <span class='ocrx_word' id='word_1_448' title='bbox 1602 1511 1681 1543; x_wconf 89' lang='lat' dir='ltr'>actio</span> <span class='ocrx_word' id='word_1_449' title='bbox 1707 1512 1860 1544; x_wconf 83' lang='lat' dir='ltr'>transiens</span> <span class='ocrx_word' id='word_1_450' title='bbox 1884 1517 1919 1544; x_wconf 88' lang='lat' dir='ltr'>ut</span> <span class='ocrx_word' id='word_1_451' title='bbox 1944 1513 2008 1554; x_wconf 92' lang='lat' dir='ltr'>plu-</span> 
     </span>
     <span class='ocr_line' id='line_1_70' title="bbox 1056 1560 2010 1605; baseline 0.006 -13"><span class='ocrx_word' id='word_1_452' title='bbox 1056 1560 1172 1593; x_wconf 86' lang='lat' dir='ltr'>rimum</span> <span class='ocrx_word' id='word_1_453' title='bbox 1197 1562 1347 1603; x_wconf 84' lang='lat' dir='ltr'>relinquit</span> <span class='ocrx_word' id='word_1_454' title='bbox 1370 1562 1515 1594; x_wconf 75' lang='lat' dir='ltr'>effectum</span> <span class='ocrx_word' id='word_1_455' title='bbox 1530 1568 1745 1605; x_wconf 67' lang='lat' dir='ltr'>perpetuum,</span> <span class='ocrx_word' id='word_1_456' title='bbox 1763 1565 1828 1597; x_wconf 87' lang='lat' dir='ltr'>sive</span> <span class='ocrx_word' id='word_1_457' title='bbox 1845 1569 1879 1597; x_wconf 86' lang='grc'>111</span> <span class='ocrx_word' id='word_1_458' title='bbox 1896 1566 2010 1598; x_wconf 84' lang='lat' dir='ltr'>melius</span> 
     </span>
     <span class='ocr_line' id='line_1_71' title="bbox 1055 1614 2009 1658; baseline 0.005 -14"><span class='ocrx_word' id='word_1_459' title='bbox 1055 1614 1175 1652; x_wconf 73' lang='lat' dir='ltr'>dicam,</span> <span class='ocrx_word' id='word_1_460' title='bbox 1200 1614 1419 1652; x_wconf 62' lang='lat' dir='ltr'>cliiitmumiiz,</span> <span class='ocrx_word' id='word_1_461' title='bbox 1444 1619 1479 1646; x_wconf 90' lang='lat' dir='ltr'>ut</span> <span class='ocrx_word' id='word_1_462' title='bbox 1504 1620 1606 1656; x_wconf 88' lang='lat' dir='ltr'>patet:</span> <span class='ocrx_word' id='word_1_463' title='bbox 1633 1617 1724 1658; x_wconf 78' lang='lat' dir='ltr'>quia,</span> <span class='ocrx_word' id='word_1_464' title='bbox 1743 1618 1823 1649; x_wconf 80' lang='lat' dir='ltr'>sicut</span> <span class='ocrx_word' id='word_1_465' title='bbox 1848 1618 2009 1651; x_wconf 81' lang='lat' dir='ltr'>fornicatio</span> 
     </span>
     <span class='ocr_line' id='line_1_72' title="bbox 1056 1667 2010 1712; baseline 0.006 -15"><span class='ocrx_word' id='word_1_466' title='bbox 1056 1667 1176 1698; x_wconf 85' lang='lat' dir='ltr'>inducit</span> <span class='ocrx_word' id='word_1_467' title='bbox 1198 1667 1301 1699; x_wconf 88' lang='lat' dir='ltr'>carnis</span> <span class='ocrx_word' id='word_1_468' title='bbox 1326 1668 1578 1709; x_wconf 79' lang='lat' dir='ltr'>corruptionem,</span> <span class='ocrx_word' id='word_1_469' title='bbox 1604 1669 1647 1701; x_wconf 87' lang='lat' dir='ltr'>sic</span> <span class='ocrx_word' id='word_1_470' title='bbox 1672 1670 1784 1702; x_wconf 82' lang='lat' dir='ltr'>uxoris</span> <span class='ocrx_word' id='word_1_471' title='bbox 1813 1671 1946 1712; x_wconf 86' lang='lat' dir='ltr'>cognitio</span> <span class='ocrx_word' id='word_1_472' title='bbox 1971 1672 2010 1703; x_wconf 88' lang='lat' dir='ltr'>ef-</span> 
     </span>
     <span class='ocr_line' id='line_1_73' title="bbox 1055 1719 2007 1765; baseline 0.006 -15"><span class='ocrx_word' id='word_1_473' title='bbox 1055 1719 1118 1751; x_wconf 85' lang='lat' dir='ltr'>ficit</span> <span class='ocrx_word' id='word_1_474' title='bbox 1135 1720 1275 1761; x_wconf 87' lang='lat' dir='ltr'>corporis</span> <span class='ocrx_word' id='word_1_475' title='bbox 1293 1721 1439 1753; x_wconf 88' lang='lat' dir='ltr'>unionem</span> <span class='ocrx_word' id='word_1_476' title='bbox 1456 1734 1463 1759; x_wconf 90' lang='grc'><strong>;</strong></span> <span class='ocrx_word' id='word_1_477' title='bbox 1487 1725 1517 1753; x_wconf 86' lang='grc'>01</span> <span class='ocrx_word' id='word_1_478' title='bbox 1533 1722 1698 1763; x_wconf 82' lang='lat' dir='ltr'>quoniam,</span> <span class='ocrx_word' id='word_1_479' title='bbox 1716 1732 1755 1755; x_wconf 86' lang='lat' dir='ltr'>ex</span> <span class='ocrx_word' id='word_1_480' title='bbox 1775 1733 1837 1765; x_wconf 89' lang='lat' dir='ltr'>quo</span> <span class='ocrx_word' id='word_1_481' title='bbox 1855 1725 2007 1765; x_wconf 69' lang='lat' dir='ltr'>cognovit.</span> 
     </span>
     <span class='ocr_line' id='line_1_74' title="bbox 1055 1774 2010 1814; baseline 0.006 -11"><span class='ocrx_word' id='word_1_482' title='bbox 1055 1780 1182 1804; x_wconf 89' lang='lat' dir='ltr'>necesse</span> <span class='ocrx_word' id='word_1_483' title='bbox 1206 1776 1253 1804; x_wconf 88' lang='lat' dir='ltr'>est</span> <span class='ocrx_word' id='word_1_484' title='bbox 1276 1774 1474 1814; x_wconf 84' lang='lat' dir='ltr'>cognovisse:</span> <span class='ocrx_word' id='word_1_485' title='bbox 1501 1774 1571 1806; x_wconf 88' lang='lat' dir='ltr'>ideo</span> <span class='ocrx_word' id='word_1_486' title='bbox 1595 1783 1635 1806; x_wconf 81' lang='lat' dir='ltr'>ex</span> <span class='ocrx_word' id='word_1_487' title='bbox 1653 1775 1712 1807; x_wconf 88' lang='lat' dir='ltr'>hac</span> <span class='ocrx_word' id='word_1_488' title='bbox 1729 1777 1947 1809; x_wconf 86' lang='lat' dir='ltr'>coniunctione</span> <span class='ocrx_word' id='word_1_489' title='bbox 1964 1787 2010 1810; x_wconf 86' lang='grc'>10-</span> 
     </span>
     <span class='ocr_line' id='line_1_75' title="bbox 1055 1824 2008 1871; baseline 0.006 -15"><span class='ocrx_word' id='word_1_490' title='bbox 1055 1824 1152 1856; x_wconf 84' lang='lat' dir='ltr'>sultat</span> <span class='ocrx_word' id='word_1_491' title='bbox 1176 1825 1337 1857; x_wconf 83' lang='lat' dir='ltr'>vinculum</span> <span class='ocrx_word' id='word_1_492' title='bbox 1364 1826 1540 1859; x_wconf 83' lang='lat' dir='ltr'>insolubile.</span> <span class='ocrx_word' id='word_1_493' title='bbox 1568 1827 1602 1859; x_wconf 83' lang='lat' dir='ltr'>Et</span> <span class='ocrx_word' id='word_1_494' title='bbox 1626 1831 1673 1859; x_wconf 85' lang='lat' dir='ltr'>est</span> <span class='ocrx_word' id='word_1_495' title='bbox 1697 1829 1898 1870; x_wconf 87' lang='lat' dir='ltr'>exemplum:</span> <span class='ocrx_word' id='word_1_496' title='bbox 1925 1831 2008 1871; x_wconf 86' lang='lat' dir='ltr'>quia,</span> 
     </span>
     <span class='ocr_line' id='line_1_76' title="bbox 1055 1877 2008 1925; baseline 0.007 -17"><span class='ocrx_word' id='word_1_497' title='bbox 1055 1877 1135 1909; x_wconf 92' lang='lat' dir='ltr'>sicut</span> <span class='ocrx_word' id='word_1_498' title='bbox 1159 1886 1200 1909; x_wconf 84' lang='lat' dir='ltr'>ex</span> <span class='ocrx_word' id='word_1_499' title='bbox 1224 1887 1288 1910; x_wconf 87' lang='grc'><strong>11110</strong></span> <span class='ocrx_word' id='word_1_500' title='bbox 1312 1883 1384 1911; x_wconf 90' lang='lat' dir='ltr'>actu</span> <span class='ocrx_word' id='word_1_501' title='bbox 1410 1879 1462 1910; x_wconf 87' lang='lat' dir='ltr'>tali</span> <span class='ocrx_word' id='word_1_502' title='bbox 1487 1884 1588 1920; x_wconf 85' lang='lat' dir='ltr'>potest</span> <span class='ocrx_word' id='word_1_503' title='bbox 1612 1881 1717 1922; x_wconf 89' lang='lat' dir='ltr'>proles</span> <span class='ocrx_word' id='word_1_504' title='bbox 1741 1882 1902 1922; x_wconf 86' lang='lat' dir='ltr'>generari,</span> <span class='ocrx_word' id='word_1_505' title='bbox 1928 1892 2008 1925; x_wconf 90' lang='lat' dir='ltr'>quae</span> 
     </span>
     <span class='ocr_line' id='line_1_77' title="bbox 1055 1930 2010 1977; baseline 0.007 -15"><span class='ocrx_word' id='word_1_506' title='bbox 1055 1930 1180 1962; x_wconf 87' lang='lat' dir='ltr'>vinculo</span> <span class='ocrx_word' id='word_1_507' title='bbox 1204 1935 1358 1972; x_wconf 88' lang='lat' dir='ltr'>perpetuo</span> <span class='ocrx_word' id='word_1_508' title='bbox 1382 1932 1530 1974; x_wconf 85' lang='lat' dir='ltr'>alligatur</span> <span class='ocrx_word' id='word_1_509' title='bbox 1554 1933 1635 1974; x_wconf 85' lang='lat' dir='ltr'>patri</span> <span class='ocrx_word' id='word_1_510' title='bbox 1653 1937 1683 1966; x_wconf 86' lang='lat' dir='ltr'>et</span> <span class='ocrx_word' id='word_1_511' title='bbox 1707 1936 1800 1967; x_wconf 87' lang='lat' dir='ltr'>matri</span> <span class='ocrx_word' id='word_1_512' title='bbox 1814 1948 1822 1974; x_wconf 80' lang='lat'>3</span> <span class='ocrx_word' id='word_1_513' title='bbox 1848 1936 1891 1968; x_wconf 89' lang='lat' dir='ltr'>sic</span> <span class='ocrx_word' id='word_1_514' title='bbox 1908 1940 2010 1977; x_wconf 87' lang='lat' dir='ltr'>potest</span> 
     </span>
     <span class='ocr_line' id='line_1_78' title="bbox 1054 1983 2010 2027; baseline 0.006 -12"><span class='ocrx_word' id='word_1_515' title='bbox 1054 1983 1189 2016; x_wconf 85' lang='lat' dir='ltr'>affinitas</span> <span class='ocrx_word' id='word_1_516' title='bbox 1213 1985 1375 2025; x_wconf 86' lang='lat' dir='ltr'>generari,</span> <span class='ocrx_word' id='word_1_517' title='bbox 1392 1986 1540 2027; x_wconf 88' lang='lat' dir='ltr'>quoniam</span> <span class='ocrx_word' id='word_1_518' title='bbox 1560 1986 1629 2019; x_wconf 90' lang='lat' dir='ltr'>talis</span> <span class='ocrx_word' id='word_1_519' title='bbox 1646 1988 1822 2019; x_wconf 86' lang='lat' dir='ltr'>coniunctio</span> <span class='ocrx_word' id='word_1_520' title='bbox 1846 1993 1893 2021; x_wconf 88' lang='lat' dir='ltr'>est</span> <span class='ocrx_word' id='word_1_521' title='bbox 1917 1989 2010 2021; x_wconf 92' lang='lat' dir='ltr'>intro-</span> 
     </span>
     <span class='ocr_line' id='line_1_79' title="bbox 1055 2037 2010 2083; baseline 0.006 -15"><span class='ocrx_word' id='word_1_522' title='bbox 1055 2037 1174 2069; x_wconf 87' lang='lat' dir='ltr'>ducens</span> <span class='ocrx_word' id='word_1_523' title='bbox 1197 2037 1379 2070; x_wconf 86' lang='lat' dir='ltr'>affinitatem</span> <span class='ocrx_word' id='word_1_524' title='bbox 1392 2064 1399 2077; x_wconf 88' lang='lat'>,</span> <span class='ocrx_word' id='word_1_525' title='bbox 1425 2048 1485 2070; x_wconf 92' lang='lat' dir='ltr'>non</span> <span class='ocrx_word' id='word_1_526' title='bbox 1510 2047 1700 2072; x_wconf 87' lang='lat' dir='ltr'>conservans</span> <span class='ocrx_word' id='word_1_527' title='bbox 1715 2041 1736 2072; x_wconf 60' lang='grc'>8.</span> <span class='ocrx_word' id='word_1_528' title='bbox 1754 2041 1842 2079; x_wconf 73' lang='lat' dir='ltr'>Ideo.</span> <span class='ocrx_word' id='word_1_529' title='bbox 1860 2042 1926 2083; x_wconf 91' lang='lat' dir='ltr'>ipsa</span> <span class='ocrx_word' id='word_1_530' title='bbox 1946 2043 2010 2074; x_wconf 85' lang='lat' dir='ltr'>exi-</span> 
     </span>
     <span class='ocr_line' id='line_1_80' title="bbox 1054 2092 1937 2134; baseline 0.006 -12"><span class='ocrx_word' id='word_1_531' title='bbox 1054 2094 1154 2122; x_wconf 84' lang='lat' dir='ltr'>stente</span> <span class='ocrx_word' id='word_1_532' title='bbox 1178 2092 1374 2131; x_wconf 86' lang='lat' dir='ltr'>transitoria,</span> <span class='ocrx_word' id='word_1_533' title='bbox 1400 2096 1501 2134; x_wconf 86' lang='lat' dir='ltr'>potest</span> <span class='ocrx_word' id='word_1_534' title='bbox 1524 2101 1592 2125; x_wconf 88' lang='lat' dir='ltr'>esse</span> <span class='ocrx_word' id='word_1_535' title='bbox 1616 2093 1751 2126; x_wconf 84' lang='lat' dir='ltr'>affinitas</span> <span class='ocrx_word' id='word_1_536' title='bbox 1777 2095 1937 2127; x_wconf 85' lang='lat' dir='ltr'>diuturna.</span> 
     </span>
    </p>

    <p class='ocr_par' dir='ltr' id='par_1_21' title="bbox 1051 2144 2009 2705">
     <span class='ocr_line' id='line_1_81' title="bbox 1142 2144 2006 2188; baseline 0.007 -13"><span class='ocrx_word' id='word_1_537' title='bbox 1142 2144 1172 2175; x_wconf 76' lang='lat' dir='ltr'>li.</span> <span class='ocrx_word' id='word_1_538' title='bbox 1198 2144 1239 2175; x_wconf 66' lang='lat' dir='ltr'>Ad</span> <span class='ocrx_word' id='word_1_539' title='bbox 1266 2144 1344 2176; x_wconf 85' lang='lat' dir='ltr'>iliud</span> <span class='ocrx_word' id='word_1_540' title='bbox 1369 2145 1453 2186; x_wconf 87' lang='lat' dir='ltr'>quod</span> <span class='ocrx_word' id='word_1_541' title='bbox 1476 2145 1623 2178; x_wconf 84' lang='lat' dir='ltr'>obiicitur</span> <span class='ocrx_word' id='word_1_542' title='bbox 1647 2147 1686 2178; x_wconf 88' lang='lat' dir='ltr'>de</span> <span class='ocrx_word' id='word_1_543' title='bbox 1709 2147 1942 2188; x_wconf 84' lang='lat' dir='ltr'>irregularitate</span> <span class='ocrx_word' id='word_1_544' title='bbox 1967 2149 2006 2181; x_wconf 88' lang='lat' dir='ltr'>ad</span> 
     </span>
     <span class='ocr_line' id='line_1_82' title="bbox 1053 2197 2008 2242; baseline 0.006 -15"><span class='ocrx_word' id='word_1_545' title='bbox 1053 2197 1197 2235; x_wconf 86' lang='lat' dir='ltr'>ordines,</span> <span class='ocrx_word' id='word_1_546' title='bbox 1222 2197 1409 2236; x_wconf 85' lang='lat' dir='ltr'>dicendum,</span> <span class='ocrx_word' id='word_1_547' title='bbox 1439 2199 1522 2239; x_wconf 85' lang='lat' dir='ltr'>quod</span> <span class='ocrx_word' id='word_1_548' title='bbox 1548 2199 1682 2240; x_wconf 88' lang='lat' dir='ltr'>cognitio</span> <span class='ocrx_word' id='word_1_549' title='bbox 1707 2200 1849 2232; x_wconf 87' lang='lat' dir='ltr'>mulieris</span> <span class='ocrx_word' id='word_1_550' title='bbox 1874 2210 1935 2232; x_wconf 90' lang='lat' dir='ltr'>non</span> <span class='ocrx_word' id='word_1_551' title='bbox 1960 2210 2008 2242; x_wconf 85' lang='lat' dir='ltr'>ge-</span> 
     </span>
     <span class='ocr_line' id='line_1_83' title="bbox 1053 2249 2005 2292; baseline 0.005 -12"><span class='ocrx_word' id='word_1_552' title='bbox 1053 2249 1448 2291; x_wconf 83' lang='lat' dir='ltr'>ueratirregularitatem,</span> <span class='ocrx_word' id='word_1_553' title='bbox 1480 2251 1538 2282; x_wconf 91' lang='lat' dir='ltr'>nisi</span> <span class='ocrx_word' id='word_1_554' title='bbox 1572 2255 1665 2292; x_wconf 91' lang='lat' dir='ltr'>prout</span> <span class='ocrx_word' id='word_1_555' title='bbox 1697 2252 1817 2284; x_wconf 82' lang='lat' dir='ltr'>inducit</span> <span class='ocrx_word' id='word_1_556' title='bbox 1849 2253 2005 2285; x_wconf 82' lang='lat' dir='ltr'>defectum</span> 
     </span>
     <span class='ocr_line' id='line_1_84' title="bbox 1053 2303 2009 2348; baseline 0.004 -14"><span class='ocrx_word' id='word_1_557' title='bbox 1053 2303 1265 2336; x_wconf 85' lang='lat' dir='ltr'>Sacramenti:</span> <span class='ocrx_word' id='word_1_558' title='bbox 1290 2308 1320 2335; x_wconf 85' lang='lat' dir='ltr'>et</span> <span class='ocrx_word' id='word_1_559' title='bbox 1344 2304 1490 2344; x_wconf 84' lang='lat' dir='ltr'>quoniam</span> <span class='ocrx_word' id='word_1_560' title='bbox 1524 2304 1664 2336; x_wconf 85' lang='lat' dir='ltr'>defectus</span> <span class='ocrx_word' id='word_1_561' title='bbox 1696 2305 1887 2337; x_wconf 86' lang='lat' dir='ltr'>Sacramenti</span> <span class='ocrx_word' id='word_1_562' title='bbox 1920 2316 2009 2348; x_wconf 90' lang='lat' dir='ltr'>prae-</span> 
     </span>
     <span class='ocr_line' id='line_1_85' title="bbox 1053 2356 2008 2400; baseline 0.003 -12"><span class='ocrx_word' id='word_1_563' title='bbox 1053 2356 1201 2397; x_wconf 78' lang='lat' dir='ltr'>supponit</span> <span class='ocrx_word' id='word_1_564' title='bbox 1225 2356 1350 2397; x_wconf 77' lang='lat' dir='ltr'>aliquod</span> <span class='ocrx_word' id='word_1_565' title='bbox 1381 2366 1447 2388; x_wconf 72' lang='lat' dir='ltr'>esse</span> <span class='ocrx_word' id='word_1_566' title='bbox 1479 2357 1687 2395; x_wconf 84' lang='lat' dir='ltr'>Sacramenti,</span> <span class='ocrx_word' id='word_1_567' title='bbox 1713 2362 1743 2390; x_wconf 87' lang='lat' dir='ltr'>et</span> <span class='ocrx_word' id='word_1_568' title='bbox 1767 2363 1835 2399; x_wconf 87' lang='lat' dir='ltr'>post</span> <span class='ocrx_word' id='word_1_569' title='bbox 1859 2360 2008 2400; x_wconf 85' lang='lat' dir='ltr'>privatio-</span> 
     </span>
     <span class='ocr_line' id='line_1_86' title="bbox 1052 2408 2004 2452; baseline 0.005 -12"><span class='ocrx_word' id='word_1_570' title='bbox 1052 2417 1123 2440; x_wconf 90' lang='lat' dir='ltr'>nem</span> <span class='ocrx_word' id='word_1_571' title='bbox 1149 2408 1366 2450; x_wconf 84' lang='lat' dir='ltr'>perfectionis:</span> <span class='ocrx_word' id='word_1_572' title='bbox 1402 2410 1472 2442; x_wconf 88' lang='lat' dir='ltr'>hinc</span> <span class='ocrx_word' id='word_1_573' title='bbox 1496 2414 1557 2449; x_wconf 87' lang='lat' dir='ltr'>est,</span> <span class='ocrx_word' id='word_1_574' title='bbox 1583 2412 1667 2452; x_wconf 83' lang='lat' dir='ltr'>quod</span> <span class='ocrx_word' id='word_1_575' title='bbox 1694 2411 1911 2452; x_wconf 74' lang='lat' dir='ltr'>irregularitas</span> <span class='ocrx_word' id='word_1_576' title='bbox 1943 2422 2004 2445; x_wconf 89' lang='lat' dir='ltr'>non</span> 
     </span>
     <span class='ocr_line' id='line_1_87' title="bbox 1052 2462 2007 2503; baseline 0.003 -9"><span class='ocrx_word' id='word_1_577' title='bbox 1052 2462 1248 2494; x_wconf 86' lang='lat' dir='ltr'>contrahitur</span> <span class='ocrx_word' id='word_1_578' title='bbox 1273 2471 1328 2503; x_wconf 85' lang='lat' dir='ltr'>per</span> <span class='ocrx_word' id='word_1_579' title='bbox 1353 2463 1468 2495; x_wconf 89' lang='lat' dir='ltr'>coitum</span> <span class='ocrx_word' id='word_1_580' title='bbox 1494 2467 1585 2495; x_wconf 81' lang='lat' dir='ltr'>extra</span> <span class='ocrx_word' id='word_1_581' title='bbox 1610 2464 1856 2496; x_wconf 87' lang='lat' dir='ltr'>matrimonium.</span> <span class='ocrx_word' id='word_1_582' title='bbox 1883 2466 1940 2497; x_wconf 82' lang='lat' dir='ltr'>Sed</span> <span class='ocrx_word' id='word_1_583' title='bbox 1966 2466 2007 2497; x_wconf 87' lang='lat' dir='ltr'>af-</span> 
     </span>
     <span class='ocr_line' id='line_1_88' title="bbox 1054 2515 2004 2559; baseline 0.005 -13"><span class='ocrx_word' id='word_1_584' title='bbox 1054 2515 1155 2546; x_wconf 83' lang='lat' dir='ltr'>finitas</span> <span class='ocrx_word' id='word_1_585' title='bbox 1180 2515 1307 2556; x_wconf 87' lang='lat' dir='ltr'>respicit</span> <span class='ocrx_word' id='word_1_586' title='bbox 1331 2516 1482 2548; x_wconf 89' lang='lat' dir='ltr'>unitatem</span> <span class='ocrx_word' id='word_1_587' title='bbox 1508 2517 1611 2548; x_wconf 90' lang='lat' dir='ltr'>carnis</span> <span class='ocrx_word' id='word_1_588' title='bbox 1635 2521 1665 2549; x_wconf 88' lang='lat' dir='ltr'>et</span> <span class='ocrx_word' id='word_1_589' title='bbox 1689 2518 1848 2559; x_wconf 79' lang='lat' dir='ltr'>corporis.</span> <span class='ocrx_word' id='word_1_590' title='bbox 1874 2523 1904 2549; x_wconf 89' lang='lat' dir='ltr'>et</span> <span class='ocrx_word' id='word_1_591' title='bbox 1928 2519 2004 2551; x_wconf 84' lang='lat' dir='ltr'>haec</span> 
     </span>
     <span class='ocr_line' id='line_1_89' title="bbox 1051 2568 2002 2612; baseline 0.004 -13"><span class='ocrx_word' id='word_1_592' title='bbox 1051 2571 1098 2599; x_wconf 90' lang='lat' dir='ltr'>est</span> <span class='ocrx_word' id='word_1_593' title='bbox 1122 2568 1298 2599; x_wconf 87' lang='lat' dir='ltr'>communis</span> <span class='ocrx_word' id='word_1_594' title='bbox 1331 2572 1393 2600; x_wconf 86' lang='lat' dir='ltr'>tam</span> <span class='ocrx_word' id='word_1_595' title='bbox 1425 2569 1507 2601; x_wconf 86' lang='lat' dir='ltr'>actui</span> <span class='ocrx_word' id='word_1_596' title='bbox 1532 2569 1699 2601; x_wconf 87' lang='lat' dir='ltr'>fornicario</span> <span class='ocrx_word' id='word_1_597' title='bbox 1724 2580 1817 2612; x_wconf 80' lang='lat' dir='ltr'>quam</span> <span class='ocrx_word' id='word_1_598' title='bbox 1844 2571 2002 2611; x_wconf 78' lang='lat' dir='ltr'>legitim03</span> 
     </span>
     <span class='ocr_line' id='line_1_90' title="bbox 1053 2620 2004 2665; baseline 0.004 -14"><span class='ocrx_word' id='word_1_599' title='bbox 1053 2620 1121 2652; x_wconf 90' lang='lat' dir='ltr'>ideo</span> <span class='ocrx_word' id='word_1_600' title='bbox 1147 2624 1247 2661; x_wconf 87' lang='lat' dir='ltr'>potest</span> <span class='ocrx_word' id='word_1_601' title='bbox 1271 2629 1401 2653; x_wconf 83' lang='lat' dir='ltr'>causare</span> <span class='ocrx_word' id='word_1_602' title='bbox 1426 2621 1626 2660; x_wconf 85' lang='lat' dir='ltr'>affinitatem,</span> <span class='ocrx_word' id='word_1_603' title='bbox 1651 2623 1705 2654; x_wconf 87' lang='lat' dir='ltr'>sed</span> <span class='ocrx_word' id='word_1_604' title='bbox 1739 2632 1798 2654; x_wconf 91' lang='lat' dir='ltr'>non</span> <span class='ocrx_word' id='word_1_605' title='bbox 1826 2624 2004 2665; x_wconf 83' lang='lat' dir='ltr'>irregulari-</span> 
     </span>
     <span class='ocr_line' id='line_1_91' title="bbox 1052 2673 1182 2705; baseline 0 -1"><span class='ocrx_word' id='word_1_606' title='bbox 1052 2676 1145 2705; x_wconf 86' lang='lat' dir='ltr'>tatem</span> <span class='ocrx_word' id='word_1_607' title='bbox 1162 2673 1182 2704; x_wconf 79' lang='lat'>⁹.</span> 
     </span>
    </p>
   </div>
   <div class='ocr_carea' id='block_1_14' title="bbox 731 2859 1305 2866">
    <p class='ocr_par' dir='ltr' id='par_1_22' title="bbox 731 2859 1305 2866">
     <span class='ocr_line' id='line_1_92' title="bbox 731 2859 1305 2866; baseline 0 0"><span class='ocrx_word' id='word_1_608' title='bbox 731 2859 1305 2866; x_wconf 95' lang='lat' dir='ltr'> </span> 
     </span>
    </p>
   </div>
   <div class='ocr_carea' id='block_1_15' title="bbox 33 3002 984 3433">
    <p class='ocr_par' dir='ltr' id='par_1_23' title="bbox 33 3002 984 3117">
     <span class='ocr_line' id='line_1_93' title="bbox 103 3002 984 3040; baseline 0.005 -12"><span class='ocrx_word' id='word_1_609' title='bbox 103 3002 110 3018; x_wconf 90' lang='lat'>¹</span> <span class='ocrx_word' id='word_1_610' title='bbox 133 3004 204 3029; x_wconf 73' lang='lat' dir='ltr'>Vei-s.</span> <span class='ocrx_word' id='word_1_611' title='bbox 228 3005 266 3030; x_wconf 88' lang='grc'>16.</span> <span class='ocrx_word' id='word_1_612' title='bbox 288 3005 398 3037; x_wconf 80' lang='lat' dir='ltr'>Vulgata</span> <span class='ocrx_word' id='word_1_613' title='bbox 419 3007 511 3031; x_wconf 85' lang='lat' dir='ltr'>omittit</span> <span class='ocrx_word' id='word_1_614' title='bbox 529 3013 591 3032; x_wconf 77' lang='lat' dir='ltr'>cum</span> <span class='ocrx_word' id='word_1_615' title='bbox 610 3007 649 3032; x_wconf 74' lang='lat' dir='ltr'>eu.</span> <span class='ocrx_word' id='word_1_616' title='bbox 670 3021 703 3024; x_wconf 88' lang='lat'><strong>—</strong></span> <span class='ocrx_word' id='word_1_617' title='bbox 722 3007 847 3038; x_wconf 84' lang='lat' dir='ltr'>Superius</span> <span class='ocrx_word' id='word_1_618' title='bbox 866 3014 913 3038; x_wconf 88' lang='lat' dir='ltr'>pro</span> <span class='ocrx_word' id='word_1_619' title='bbox 926 3007 984 3040; x_wconf 79' lang='lat' dir='ltr'>sue-</span> 
     </span>
     <span class='ocr_line' id='line_1_94' title="bbox 33 3048 983 3084; baseline 0.004 -12"><span class='ocrx_word' id='word_1_620' title='bbox 33 3048 98 3072; x_wconf 78' lang='lat' dir='ltr'>runt</span> <span class='ocrx_word' id='word_1_621' title='bbox 116 3048 190 3073; x_wconf 87' lang='lat' dir='ltr'>codd.</span> <span class='ocrx_word' id='word_1_622' title='bbox 211 3048 295 3074; x_wconf 85' lang='lat' dir='ltr'>MOU</span> <span class='ocrx_word' id='word_1_623' title='bbox 313 3049 395 3083; x_wconf 78' lang='lat' dir='ltr'>fiunt,</span> <span class='ocrx_word' id='word_1_624' title='bbox 415 3054 440 3076; x_wconf 87' lang='lat' dir='ltr'>et</span> <span class='ocrx_word' id='word_1_625' title='bbox 459 3058 506 3082; x_wconf 85' lang='lat' dir='ltr'>pro</span> <span class='ocrx_word' id='word_1_626' title='bbox 524 3050 673 3083; x_wconf 75' lang='lat' dir='ltr'>fornicario</span> <span class='ocrx_word' id='word_1_627' title='bbox 693 3051 770 3075; x_wconf 83' lang='lat' dir='ltr'>codd.</span> <span class='ocrx_word' id='word_1_628' title='bbox 792 3051 810 3075; x_wconf 77' lang='lat' dir='ltr'><strong>R</strong></span> <span class='ocrx_word' id='word_1_629' title='bbox 823 3052 839 3075; x_wconf 80' lang='lat' dir='ltr'>S</span> <span class='ocrx_word' id='word_1_630' title='bbox 851 3051 870 3075; x_wconf 88' lang='grc' dir='ltr'><strong>Τ</strong></span> <span class='ocrx_word' id='word_1_631' title='bbox 885 3052 905 3076; x_wconf 83' lang='lat' dir='ltr'>X</span> <span class='ocrx_word' id='word_1_632' title='bbox 930 3051 983 3084; x_wconf 82' lang='lat' dir='ltr'>for-</span> 
     </span>
     <span class='ocr_line' id='line_1_95' title="bbox 33 3090 169 3117; baseline 0.015 -2"><span class='ocrx_word' id='word_1_633' title='bbox 33 3090 169 3117; x_wconf 69' lang='lat' dir='ltr'>tiicatione.</span> 
     </span>
    </p>

    <p class='ocr_par' dir='ltr' id='par_1_24' title="bbox 101 3135 759 3170">
     <span class='ocr_line' id='line_1_96' title="bbox 101 3135 759 3170; baseline 0.005 -10"><span class='ocrx_word' id='word_1_634' title='bbox 101 3135 111 3151; x_wconf 77' lang='lat'><strong>²</strong></span> <span class='ocrx_word' id='word_1_635' title='bbox 130 3135 190 3161; x_wconf 83' lang='lat' dir='ltr'>Can.</span> <span class='ocrx_word' id='word_1_636' title='bbox 215 3137 251 3161; x_wconf 94' lang='grc'>11.</span> <span class='ocrx_word' id='word_1_637' title='bbox 272 3138 368 3163; x_wconf 79' lang='lat' dir='ltr'>Textus</span> <span class='ocrx_word' id='word_1_638' title='bbox 387 3139 519 3169; x_wconf 84' lang='lat' dir='ltr'>originalis</span> <span class='ocrx_word' id='word_1_639' title='bbox 539 3139 613 3170; x_wconf 84' lang='lat' dir='ltr'>plura</span> <span class='ocrx_word' id='word_1_640' title='bbox 633 3140 759 3164; x_wconf 82' lang='lat' dir='ltr'>interiicit.</span> 
     </span>
    </p>

    <p class='ocr_par' dir='ltr' id='par_1_25' title="bbox 101 3177 367 3213">
     <span class='ocr_line' id='line_1_97' title="bbox 101 3177 367 3213; baseline 0.011 -10"><span class='ocrx_word' id='word_1_641' title='bbox 101 3177 112 3194; x_wconf 81' lang='lat'><strong>³</strong></span> <span class='ocrx_word' id='word_1_642' title='bbox 132 3179 197 3204; x_wconf 80' lang='lat' dir='ltr'>Vide</span> <span class='ocrx_word' id='word_1_643' title='bbox 215 3181 278 3205; x_wconf 86' lang='lat' dir='ltr'>infra</span> <span class='ocrx_word' id='word_1_644' title='bbox 299 3188 323 3213; x_wconf 87' lang='lat' dir='ltr'>q.</span> <span class='ocrx_word' id='word_1_645' title='bbox 344 3181 367 3206; x_wconf 88' lang='grc'>3.</span> 
     </span>
    </p>

    <p class='ocr_par' dir='ltr' id='par_1_26' title="bbox 102 3221 911 3258">
     <span class='ocr_line' id='line_1_98' title="bbox 102 3221 911 3258; baseline 0.004 -10"><span class='ocrx_word' id='word_1_646' title='bbox 102 3221 112 3238; x_wconf 88' lang='lat'><strong>⁴</strong></span> <span class='ocrx_word' id='word_1_647' title='bbox 130 3222 179 3249; x_wconf 89' lang='lat' dir='ltr'>Cfr.</span> <span class='ocrx_word' id='word_1_648' title='bbox 199 3231 278 3256; x_wconf 81' lang='lat' dir='ltr'>supra</span> <span class='ocrx_word' id='word_1_649' title='bbox 297 3225 461 3251; x_wconf 77' lang='lat' dir='ltr'>Praenotuta</span> <span class='ocrx_word' id='word_1_650' title='bbox 481 3226 514 3250; x_wconf 77' lang='lat' dir='ltr'>ad</span> <span class='ocrx_word' id='word_1_651' title='bbox 533 3226 599 3250; x_wconf 80' lang='lat' dir='ltr'>hanc</span> <span class='ocrx_word' id='word_1_652' title='bbox 619 3229 716 3258; x_wconf 80' lang='lat' dir='ltr'>quaest.</span> <span class='ocrx_word' id='word_1_653' title='bbox 738 3227 803 3251; x_wconf 87' lang='lat' dir='ltr'>circa</span> <span class='ocrx_word' id='word_1_654' title='bbox 825 3226 911 3251; x_wconf 81' lang='lat' dir='ltr'>finem.</span> 
     </span>
    </p>

    <p class='ocr_par' dir='ltr' id='par_1_27' title="bbox 33 3266 984 3433">
     <span class='ocr_line' id='line_1_99' title="bbox 100 3266 983 3303; baseline 0.006 -12"><span class='ocrx_word' id='word_1_655' title='bbox 100 3266 111 3283; x_wconf 87' lang='lat'>⁵</span> <span class='ocrx_word' id='word_1_656' title='bbox 130 3267 197 3292; x_wconf 86' lang='lat' dir='ltr'>Libr.</span> <span class='ocrx_word' id='word_1_657' title='bbox 218 3268 257 3293; x_wconf 90' lang='lat' dir='ltr'>lV.</span> <span class='ocrx_word' id='word_1_658' title='bbox 283 3270 318 3294; x_wconf 88' lang='lat' dir='ltr'>tit.</span> <span class='ocrx_word' id='word_1_659' title='bbox 347 3270 386 3294; x_wconf 66' lang='grc'><strong>113.</strong></span> <span class='ocrx_word' id='word_1_660' title='bbox 413 3277 436 3294; x_wconf 88' lang='lat' dir='ltr'>c.</span> <span class='ocrx_word' id='word_1_661' title='bbox 467 3270 490 3294; x_wconf 89' lang='lat'>7.</span> <span class='ocrx_word' id='word_1_662' title='bbox 512 3269 562 3294; x_wconf 86' lang='lat' dir='ltr'>Cfr.</span> <span class='ocrx_word' id='word_1_663' title='bbox 584 3269 680 3295; x_wconf 72' lang='lat' dir='ltr'>Glossa</span> <span class='ocrx_word' id='word_1_664' title='bbox 700 3269 762 3294; x_wconf 86' lang='lat' dir='ltr'>ibid.</span> <span class='ocrx_word' id='word_1_665' title='bbox 783 3284 818 3288; x_wconf 97' lang='lat'><strong>—</strong></span> <span class='ocrx_word' id='word_1_666' title='bbox 837 3271 983 3303; x_wconf 81' lang='lat' dir='ltr'>Antiquitus</span> 
     </span>
     <span class='ocr_line' id='line_1_100' title="bbox 33 3310 984 3342; baseline 0.006 -8"><span class='ocrx_word' id='word_1_667' title='bbox 33 3310 123 3336; x_wconf 83' lang='lat' dir='ltr'>iustitia</span> <span class='ocrx_word' id='word_1_668' title='bbox 147 3311 266 3342; x_wconf 83' lang='lat' dir='ltr'>publicae</span> <span class='ocrx_word' id='word_1_669' title='bbox 285 3314 424 3339; x_wconf 82' lang='lat' dir='ltr'>honestatis</span> <span class='ocrx_word' id='word_1_670' title='bbox 443 3315 479 3338; x_wconf 84' lang='lat' dir='ltr'>sic</span> <span class='ocrx_word' id='word_1_671' title='bbox 500 3313 684 3338; x_wconf 80' lang='lat' dir='ltr'>definiebatur:</span> <span class='ocrx_word' id='word_1_672' title='bbox 700 3313 819 3338; x_wconf 76' lang='lat' dir='ltr'>Publicae</span> <span class='ocrx_word' id='word_1_673' title='bbox 845 3315 984 3340; x_wconf 81' lang='lat' dir='ltr'>honestatis</span> 
     </span>
     <span class='ocr_line' id='line_1_101' title="bbox 35 3353 983 3390; baseline 0.006 -12"><span class='ocrx_word' id='word_1_674' title='bbox 35 3353 125 3379; x_wconf 85' lang='lat' dir='ltr'>iustitia</span> <span class='ocrx_word' id='word_1_675' title='bbox 140 3358 178 3380; x_wconf 88' lang='lat' dir='ltr'>est</span> <span class='ocrx_word' id='word_1_676' title='bbox 197 3358 377 3389; x_wconf 84' lang='lat' dir='ltr'>propinquitas</span> <span class='ocrx_word' id='word_1_677' title='bbox 396 3357 507 3382; x_wconf 83' lang='lat' dir='ltr'>duarum</span> <span class='ocrx_word' id='word_1_678' title='bbox 528 3364 698 3388; x_wconf 83' lang='lat' dir='ltr'>personarum</span> <span class='ocrx_word' id='word_1_679' title='bbox 713 3359 810 3382; x_wconf 81' lang='lat' dir='ltr'>rationo</span> <span class='ocrx_word' id='word_1_680' title='bbox 827 3359 914 3383; x_wconf 82' lang='lat' dir='ltr'>tertiae</span> <span class='ocrx_word' id='word_1_681' title='bbox 928 3366 983 3390; x_wconf 82' lang='lat' dir='ltr'>per-</span> 
     </span>
     <span class='ocr_line' id='line_1_102' title="bbox 34 3400 983 3433; baseline 0.005 -11"><span class='ocrx_word' id='word_1_682' title='bbox 34 3403 111 3423; x_wconf 82' lang='lat' dir='ltr'>sonae</span> <span class='ocrx_word' id='word_1_683' title='bbox 136 3406 182 3430; x_wconf 88' lang='lat' dir='ltr'>per</span> <span class='ocrx_word' id='word_1_684' title='bbox 200 3401 329 3431; x_wconf 82' lang='lat' dir='ltr'>sponsalia</span> <span class='ocrx_word' id='word_1_685' title='bbox 349 3402 463 3433; x_wconf 79' lang='lat' dir='ltr'>iunctae,</span> <span class='ocrx_word' id='word_1_686' title='bbox 484 3400 565 3426; x_wconf 86' lang='lat' dir='ltr'>robur</span> <span class='ocrx_word' id='word_1_687' title='bbox 591 3402 693 3426; x_wconf 73' lang='lat' dir='ltr'>trahens</span> <span class='ocrx_word' id='word_1_688' title='bbox 713 3401 745 3426; x_wconf 80' lang='lat' dir='ltr'>ab</span> <span class='ocrx_word' id='word_1_689' title='bbox 765 3402 921 3427; x_wconf 82' lang='lat' dir='ltr'>institutione</span> <span class='ocrx_word' id='word_1_690' title='bbox 941 3403 983 3428; x_wconf 87' lang='lat' dir='ltr'>Ec-</span> 
     </span>
    </p>
   </div>
   <div class='ocr_carea' id='block_1_16' title="bbox 1047 3008 2003 3438">
    <p class='ocr_par' dir='ltr' id='par_1_28' title="bbox 1048 3008 2002 3086">
     <span class='ocr_line' id='line_1_103' title="bbox 1048 3008 2002 3042; baseline 0.004 -10"><span class='ocrx_word' id='word_1_691' title='bbox 1048 3008 1140 3033; x_wconf 76' lang='lat' dir='ltr'>clesiae</span> <span class='ocrx_word' id='word_1_692' title='bbox 1169 3013 1275 3040; x_wconf 73' lang='lat' dir='ltr'>proptor</span> <span class='ocrx_word' id='word_1_693' title='bbox 1294 3010 1348 3034; x_wconf 73' lang='lat' dir='ltr'>eins</span> <span class='ocrx_word' id='word_1_694' title='bbox 1378 3010 1545 3034; x_wconf 62' lang='lat' dir='ltr'>honestatem.</span> <span class='ocrx_word' id='word_1_695' title='bbox 1568 3023 1599 3026; x_wconf 76' lang='lat'>—-</span> <span class='ocrx_word' id='word_1_696' title='bbox 1619 3008 1690 3034; x_wconf 77' lang='lat' dir='ltr'>Circa</span> <span class='ocrx_word' id='word_1_697' title='bbox 1711 3010 1810 3035; x_wconf 84' lang='lat' dir='ltr'>initium</span> <span class='ocrx_word' id='word_1_698' title='bbox 1827 3012 2002 3042; x_wconf 57' lang='lat' dir='ltr'>responsionis</span> 
     </span>
     <span class='ocr_line' id='line_1_104' title="bbox 1048 3052 1974 3086; baseline 0.002 -9"><span class='ocrx_word' id='word_1_699' title='bbox 1048 3053 1104 3077; x_wconf 84' lang='lat' dir='ltr'>Vat.</span> <span class='ocrx_word' id='word_1_700' title='bbox 1121 3052 1254 3078; x_wconf 69' lang='lat' dir='ltr'>seminum</span> <span class='ocrx_word' id='word_1_701' title='bbox 1274 3060 1321 3084; x_wconf 86' lang='lat' dir='ltr'>pro</span> <span class='ocrx_word' id='word_1_702' title='bbox 1340 3053 1512 3086; x_wconf 62' lang='lat' dir='ltr'>sanguinum.</span> <span class='ocrx_word' id='word_1_703' title='bbox 1965 3053 1974 3055; x_wconf 17' lang='grc' dir='ltr'><strong>ζ</strong></span> 
     </span>
    </p>

    <p class='ocr_par' dir='ltr' id='par_1_29' title="bbox 1048 3097 2003 3176">
     <span class='ocr_line' id='line_1_105' title="bbox 1118 3097 2003 3132; baseline 0.005 -11"><span class='ocrx_word' id='word_1_704' title='bbox 1118 3098 1129 3113; x_wconf 80' lang='lat'><strong>⁶</strong></span> <span class='ocrx_word' id='word_1_705' title='bbox 1149 3098 1181 3121; x_wconf 86' lang='lat' dir='ltr'>lta</span> <span class='ocrx_word' id='word_1_706' title='bbox 1202 3097 1258 3122; x_wconf 84' lang='lat' dir='ltr'>cod.</span> <span class='ocrx_word' id='word_1_707' title='bbox 1279 3097 1311 3126; x_wconf 71' lang='lat' dir='ltr'>F„</span> <span class='ocrx_word' id='word_1_708' title='bbox 1334 3097 1374 3122; x_wconf 80' lang='lat' dir='ltr'>alii</span> <span class='ocrx_word' id='word_1_709' title='bbox 1393 3098 1535 3130; x_wconf 66' lang='lat' dir='ltr'>numquam</span> <span class='ocrx_word' id='word_1_710' title='bbox 1549 3107 1558 3128; x_wconf 89' lang='lat'>,·</span> <span class='ocrx_word' id='word_1_711' title='bbox 1572 3097 1630 3122; x_wconf 84' lang='lat' dir='ltr'>edd.</span> <span class='ocrx_word' id='word_1_712' title='bbox 1646 3098 1746 3129; x_wconf 77' lang='lat' dir='ltr'>legunt:</span> <span class='ocrx_word' id='word_1_713' title='bbox 1760 3097 1822 3131; x_wconf 79' lang='lat' dir='ltr'>qut&#39;u</span> <span class='ocrx_word' id='word_1_714' title='bbox 1837 3097 1872 3123; x_wconf 70' lang='lat' dir='ltr'>illi</span> <span class='ocrx_word' id='word_1_715' title='bbox 1884 3106 1936 3124; x_wconf 76' lang='grc'><strong>111111</strong></span> <span class='ocrx_word' id='word_1_716' title='bbox 1950 3099 2003 3132; x_wconf 73' lang='lat' dir='ltr'>fult</span> 
     </span>
     <span class='ocr_line' id='line_1_106' title="bbox 1048 3140 1917 3176; baseline 0.002 -10"><span class='ocrx_word' id='word_1_717' title='bbox 1048 3140 1179 3166; x_wconf 69' lang='lat' dir='ltr'>seminum</span> <span class='ocrx_word' id='word_1_718' title='bbox 1199 3140 1354 3166; x_wconf 73' lang='lat' dir='ltr'>commiscte&#39;o</span> <span class='ocrx_word' id='word_1_719' title='bbox 1372 3140 1480 3174; x_wconf 77' lang='lat' dir='ltr'>aliqua,</span> <span class='ocrx_word' id='word_1_720' title='bbox 1503 3141 1559 3166; x_wconf 68' lang='lat' dir='ltr'>Ideo</span> <span class='ocrx_word' id='word_1_721' title='bbox 1579 3147 1634 3167; x_wconf 73' lang='grc' dir='ltr'>11οη</span> <span class='ocrx_word' id='word_1_722' title='bbox 1653 3141 1805 3168; x_wconf 76' lang='lat' dir='ltr'>(licuntur...</span> <span class='ocrx_word' id='word_1_723' title='bbox 1826 3142 1917 3176; x_wconf 75' lang='lat' dir='ltr'>effecti.</span> 
     </span>
    </p>

    <p class='ocr_par' dir='ltr' id='par_1_30' title="bbox 1047 3184 2001 3253">
     <span class='ocr_line' id='line_1_107' title="bbox 1118 3184 2001 3218; baseline 0.005 -10"><span class='ocrx_word' id='word_1_724' title='bbox 1118 3184 1128 3200; x_wconf 89' lang='lat'><strong>7</strong></span> <span class='ocrx_word' id='word_1_725' title='bbox 1149 3184 1213 3208; x_wconf 71' lang='lat' dir='ltr'>Vide</span> <span class='ocrx_word' id='word_1_726' title='bbox 1234 3185 1258 3208; x_wconf 90' lang='lat' dir='ltr'>ll.</span> <span class='ocrx_word' id='word_1_727' title='bbox 1280 3185 1347 3209; x_wconf 82' lang='lat' dir='ltr'>Sent.</span> <span class='ocrx_word' id='word_1_728' title='bbox 1368 3184 1391 3209; x_wconf 80' lang='lat' dir='ltr'>cl.</span> <span class='ocrx_word' id='word_1_729' title='bbox 1413 3185 1454 3209; x_wconf 80' lang='lat'>37.</span> <span class='ocrx_word' id='word_1_730' title='bbox 1475 3192 1496 3209; x_wconf 83' lang='lat' dir='ltr'>n.</span> <span class='ocrx_word' id='word_1_731' title='bbox 1523 3186 1540 3209; x_wconf 89' lang='lat'>1.</span> <span class='ocrx_word' id='word_1_732' title='bbox 1562 3192 1586 3217; x_wconf 85' lang='lat' dir='ltr'>q.</span> <span class='ocrx_word' id='word_1_733' title='bbox 1608 3185 1630 3209; x_wconf 76' lang='grc' dir='ltr'>Ἰ.</span> <span class='ocrx_word' id='word_1_734' title='bbox 1650 3188 1675 3210; x_wconf 83' lang='grc'>01</span> <span class='ocrx_word' id='word_1_735' title='bbox 1694 3192 1716 3210; x_wconf 85' lang='lat' dir='ltr'>a.</span> <span class='ocrx_word' id='word_1_736' title='bbox 1737 3187 1760 3210; x_wconf 76' lang='lat'>2.</span> <span class='ocrx_word' id='word_1_737' title='bbox 1775 3193 1799 3218; x_wconf 85' lang='lat' dir='ltr'>q.</span> <span class='ocrx_word' id='word_1_738' title='bbox 1818 3187 1836 3212; x_wconf 94' lang='grc'>1.</span> <span class='ocrx_word' id='word_1_739' title='bbox 1852 3186 1962 3213; x_wconf 65' lang='lat' dir='ltr'>-Cmt</span> <span class='ocrx_word' id='word_1_740' title='bbox 1983 3188 2001 3212; x_wconf 87' lang='lat' dir='ltr'>L</span> 
     </span>
     <span class='ocr_line' id='line_1_108' title="bbox 1047 3227 1929 3253; baseline 0 0"><span class='ocrx_word' id='word_1_741' title='bbox 1047 3227 1180 3253; x_wconf 52' lang='lat' dir='ltr'>‘tutionem</span> <span class='ocrx_word' id='word_1_742' title='bbox 1199 3228 1261 3253; x_wconf 62' lang='lat' dir='ltr'>victi.</span> <span class='ocrx_word' id='word_1_743' title='bbox 1927 3242 1929 3244; x_wconf 90' lang='lat'><em>-</em></span> 
     </span>
    </p>

    <p class='ocr_par' dir='ltr' id='par_1_31' title="bbox 1048 3271 2001 3351">
     <span class='ocr_line' id='line_1_109' title="bbox 1119 3271 2001 3308; baseline 0.007 -12"><span class='ocrx_word' id='word_1_744' title='bbox 1119 3271 1129 3288; x_wconf 77' lang='lat'>8</span> <span class='ocrx_word' id='word_1_745' title='bbox 1148 3272 1198 3297; x_wconf 70' lang='lat' dir='ltr'>Cir.</span> <span class='ocrx_word' id='word_1_746' title='bbox 1220 3279 1297 3303; x_wconf 86' lang='lat' dir='ltr'>supra</span> <span class='ocrx_word' id='word_1_747' title='bbox 1318 3272 1343 3297; x_wconf 85' lang='lat' dir='ltr'>d.</span> <span class='ocrx_word' id='word_1_748' title='bbox 1365 3272 1406 3297; x_wconf 79' lang='lat'>27.</span> <span class='ocrx_word' id='word_1_749' title='bbox 1428 3280 1449 3297; x_wconf 82' lang='lat' dir='ltr'>a.</span> <span class='ocrx_word' id='word_1_750' title='bbox 1471 3274 1494 3297; x_wconf 72' lang='lat'>⁴2.</span> <span class='ocrx_word' id='word_1_751' title='bbox 1515 3281 1539 3305; x_wconf 81' lang='lat' dir='ltr'>q.</span> <span class='ocrx_word' id='word_1_752' title='bbox 1565 3274 1584 3298; x_wconf 89' lang='grc'>1.</span> <span class='ocrx_word' id='word_1_753' title='bbox 1598 3274 1630 3298; x_wconf 84' lang='lat' dir='ltr'>ad</span> <span class='ocrx_word' id='word_1_754' title='bbox 1646 3275 1668 3298; x_wconf 79' lang='lat'>2.</span> <span class='ocrx_word' id='word_1_755' title='bbox 1682 3276 1707 3299; x_wconf 88' lang='lat' dir='ltr'>et</span> <span class='ocrx_word' id='word_1_756' title='bbox 1721 3275 1743 3299; x_wconf 85' lang='grc'>3.</span> <span class='ocrx_word' id='word_1_757' title='bbox 1757 3288 1792 3293; x_wconf 89' lang='grc'>--</span> <span class='ocrx_word' id='word_1_758' title='bbox 1806 3275 1854 3300; x_wconf 85' lang='lat' dir='ltr'>Pro</span> <span class='ocrx_word' id='word_1_759' title='bbox 1873 3275 2001 3308; x_wconf 74' lang='lat' dir='ltr'>quonium</span> 
     </span>
     <span class='ocr_line' id='line_1_110' title="bbox 1048 3316 1774 3351; baseline 0.004 -10"><span class='ocrx_word' id='word_1_760' title='bbox 1048 3316 1117 3348; x_wconf 70' lang='lat' dir='ltr'>talis,</span> <span class='ocrx_word' id='word_1_761' title='bbox 1140 3316 1211 3349; x_wconf 82' lang='lat' dir='ltr'>qnod</span> <span class='ocrx_word' id='word_1_762' title='bbox 1231 3316 1308 3342; x_wconf 86' lang='lat' dir='ltr'>hahet</span> <span class='ocrx_word' id='word_1_763' title='bbox 1328 3317 1383 3342; x_wconf 82' lang='lat' dir='ltr'>cod.</span> <span class='ocrx_word' id='word_1_764' title='bbox 1404 3324 1443 3348; x_wconf 83' lang='lat' dir='ltr'>aa,</span> <span class='ocrx_word' id='word_1_765' title='bbox 1463 3318 1487 3342; x_wconf 92' lang='lat' dir='ltr'>in</span> <span class='ocrx_word' id='word_1_766' title='bbox 1508 3318 1563 3342; x_wconf 81' lang='lat' dir='ltr'>aliis</span> <span class='ocrx_word' id='word_1_767' title='bbox 1582 3318 1690 3351; x_wconf 73' lang='lat' dir='ltr'>quondo</span> <span class='ocrx_word' id='word_1_768' title='bbox 1705 3318 1774 3344; x_wconf 79' lang='lat' dir='ltr'>talis.</span> 
     </span>
    </p>

    <p class='ocr_par' dir='ltr' id='par_1_32' title="bbox 1048 3360 2000 3438">
     <span class='ocr_line' id='line_1_111' title="bbox 1116 3360 2000 3396; baseline 0.007 -12"><span class='ocrx_word' id='word_1_769' title='bbox 1116 3360 1127 3376; x_wconf 78' lang='lat'>⁰</span> <span class='ocrx_word' id='word_1_770' title='bbox 1148 3360 1213 3385; x_wconf 77' lang='lat' dir='ltr'>Vide</span> <span class='ocrx_word' id='word_1_771' title='bbox 1232 3367 1310 3391; x_wconf 84' lang='lat' dir='ltr'>supra</span> <span class='ocrx_word' id='word_1_772' title='bbox 1340 3361 1364 3385; x_wconf 87' lang='lat' dir='ltr'>d.</span> <span class='ocrx_word' id='word_1_773' title='bbox 1390 3361 1430 3385; x_wconf 71' lang='lat'>25.</span> <span class='ocrx_word' id='word_1_774' title='bbox 1451 3369 1474 3386; x_wconf 82' lang='lat' dir='ltr'>a.</span> <span class='ocrx_word' id='word_1_775' title='bbox 1497 3363 1519 3386; x_wconf 76' lang='lat'>2.</span> <span class='ocrx_word' id='word_1_776' title='bbox 1540 3369 1566 3394; x_wconf 84' lang='lat' dir='ltr'>q.</span> <span class='ocrx_word' id='word_1_777' title='bbox 1588 3363 1611 3386; x_wconf 85' lang='lat'>3.</span> <span class='ocrx_word' id='word_1_778' title='bbox 1632 3363 1665 3387; x_wconf 83' lang='lat' dir='ltr'>ad</span> <span class='ocrx_word' id='word_1_779' title='bbox 1689 3364 1708 3387; x_wconf 98' lang='grc'>1.</span> <span class='ocrx_word' id='word_1_780' title='bbox 1729 3367 1753 3388; x_wconf 73' lang='lat' dir='ltr'>et</span> <span class='ocrx_word' id='word_1_781' title='bbox 1774 3365 1798 3388; x_wconf 85' lang='lat'>2.</span> <span class='ocrx_word' id='word_1_782' title='bbox 1821 3378 1853 3381; x_wconf 89' lang='lat'>—</span> <span class='ocrx_word' id='word_1_783' title='bbox 1875 3364 2000 3396; x_wconf 86' lang='lat' dir='ltr'>Superius</span> 
     </span>
     <span class='ocr_line' id='line_1_112' title="bbox 1048 3404 1472 3438; baseline 0.005 -10"><span class='ocrx_word' id='word_1_784' title='bbox 1048 3411 1095 3435; x_wconf 77' lang='lat' dir='ltr'>pro</span> <span class='ocrx_word' id='word_1_785' title='bbox 1116 3405 1139 3429; x_wconf 77' lang='lat' dir='ltr'>et</span> <span class='ocrx_word' id='word_1_786' title='bbox 1156 3405 1216 3436; x_wconf 72' lang='lat' dir='ltr'>post</span> <span class='ocrx_word' id='word_1_787' title='bbox 1235 3404 1291 3430; x_wconf 86' lang='lat' dir='ltr'>cod.</span> <span class='ocrx_word' id='word_1_788' title='bbox 1314 3405 1330 3429; x_wconf 84' lang='lat' dir='ltr'>F</span> <span class='ocrx_word' id='word_1_789' title='bbox 1350 3406 1373 3430; x_wconf 76' lang='lat' dir='ltr'>et</span> <span class='ocrx_word' id='word_1_790' title='bbox 1390 3404 1472 3438; x_wconf 78' lang='lat' dir='ltr'>ponit.</span> 
     </span>
    </p>
   </div>
   <div class='ocr_carea' id='block_1_17' title="bbox 2028 732 2173 785">
    <p class='ocr_par' dir='ltr' id='par_1_33' title="bbox 2028 732 2173 785">
     <span class='ocr_line' id='line_1_113' title="bbox 2041 732 2173 762; baseline 0 -9"><span class='ocrx_word' id='word_1_791' title='bbox 2041 732 2122 762; x_wconf 80' lang='lat' dir='ltr'>Solutio</span> <span class='ocrx_word' id='word_1_792' title='bbox 2137 738 2173 759; x_wconf 84' lang='lat' dir='ltr'>op-</span> 
     </span>
     <span class='ocr_line' id='line_1_114' title="bbox 2028 761 2154 785; baseline 0 -6"><span class='ocrx_word' id='word_1_793' title='bbox 2028 761 2154 785; x_wconf 76' lang='lat' dir='ltr'>posrtorum.</span> 
     </span>
    </p>
   </div>
   <div class='ocr_carea' id='block_1_18' title="bbox 2028 1048 2157 1070">
    <p class='ocr_par' dir='ltr' id='par_1_34' title="bbox 2028 1048 2157 1070">
     <span class='ocr_line' id='line_1_115' title="bbox 2028 1048 2157 1070; baseline -0.008 0"><span class='ocrx_word' id='word_1_794' title='bbox 2028 1048 2157 1070; x_wconf 78' lang='lat' dir='ltr'>Notandum.</span> 
     </span>
    </p>
   </div>
   <div class='ocr_carea' id='block_1_19' title="bbox 2026 1526 2154 1547">
    <p class='ocr_par' dir='ltr' id='par_1_35' title="bbox 2026 1526 2154 1547">
     <span class='ocr_line' id='line_1_116' title="bbox 2026 1526 2154 1547; baseline 0 0"><span class='ocrx_word' id='word_1_795' title='bbox 2026 1526 2154 1547; x_wconf 76' lang='lat' dir='ltr'>Notandum.</span> 
     </span>
    </p>
   </div>
   <div class='ocr_carea' id='block_1_20' title="bbox 2023 1844 2155 1871">
    <p class='ocr_par' dir='ltr' id='par_1_36' title="bbox 2023 1844 2155 1871">
     <span class='ocr_line' id='line_1_117' title="bbox 2023 1844 2155 1871; baseline 0.008 -7"><span class='ocrx_word' id='word_1_796' title='bbox 2023 1844 2155 1871; x_wconf 82' lang='lat' dir='ltr'>Exemplum.</span> 
     </span>
    </p>
   </div>
  </div>
 </body>
</html>
