<?xml version="1.0" encoding="UTF-8"?>
<!DOCTYPE html PUBLIC "-//W3C//DTD XHTML 1.0 Transitional//EN"
    "http://www.w3.org/TR/xhtml1/DTD/xhtml1-transitional.dtd">
<html xmlns="http://www.w3.org/1999/xhtml" xml:lang="en" lang="en">
 <head>
  <title>
</title>
<meta http-equiv="Content-Type" content="text/html;charset=utf-8" />
  <meta name='ocr-system' content='tesseract 3.04.00' />
  <meta name='ocr-capabilities' content='ocr_page ocr_carea ocr_par ocr_line ocrx_word'/>
</head>
<body>
  <div class='ocr_page' id='page_1' title='image "./doctorisseraphic04bona_0919.png"; bbox 0 0 2483 3882; ppageno 0'>
   <div class='ocr_carea' id='block_1_1' title="bbox 726 254 1335 296">
    <p class='ocr_par' dir='ltr' id='par_1_1' title="bbox 726 254 1335 296">
     <span class='ocr_line' id='line_1_1' title="bbox 726 254 1335 296; baseline 0 -10"><span class='ocrx_word' id='word_1_1' title='bbox 726 254 818 286; x_wconf 88' lang='lat' dir='ltr'><strong>DIST.</strong></span> <span class='ocrx_word' id='word_1_2' title='bbox 844 254 938 286; x_wconf 85' lang='lat' dir='ltr'><strong>XLIII.</strong></span> <span class='ocrx_word' id='word_1_3' title='bbox 963 254 1044 286; x_wconf 74' lang='lat' dir='ltr'>ART.</span> <span class='ocrx_word' id='word_1_4' title='bbox 1069 254 1113 286; x_wconf 91' lang='lat' dir='ltr'>III.</span> <span class='ocrx_word' id='word_1_5' title='bbox 1139 254 1292 296; x_wconf 82' lang='lat' dir='ltr'>QUAEST.</span> <span class='ocrx_word' id='word_1_6' title='bbox 1317 255 1335 286; x_wconf 93' lang='lat' dir='ltr'>I.</span> 
     </span>
    </p>
   </div>
   <div class='ocr_carea' id='block_1_2' title="bbox 0 341 1000 1224">
    <p class='ocr_par' dir='ltr' id='par_1_2' title="bbox 0 341 999 646">
     <span class='ocr_line' id='line_1_2' title="bbox 0 341 998 384; baseline -0.003 -7"><span class='ocrx_word' id='word_1_7' title='bbox 0 361 32 377; x_wconf 69' lang='lat' dir='ltr'>im.</span> <span class='ocrx_word' id='word_1_8' title='bbox 47 343 200 375; x_wconf 82' lang='lat' dir='ltr'>Differunt</span> <span class='ocrx_word' id='word_1_9' title='bbox 230 344 336 373; x_wconf 87' lang='lat' dir='ltr'>autem</span> <span class='ocrx_word' id='word_1_10' title='bbox 368 342 476 373; x_wconf 72' lang='lat' dir='ltr'>exitus</span> <span class='ocrx_word' id='word_1_11' title='bbox 508 345 538 374; x_wconf 84' lang='lat' dir='ltr'>et</span> <span class='ocrx_word' id='word_1_12' title='bbox 569 351 752 384; x_wconf 54' lang='lat' dir='ltr'>reyressu&amp;</span> <span class='ocrx_word' id='word_1_13' title='bbox 785 342 859 384; x_wconf 85' lang='lat' dir='ltr'>quia</span> <span class='ocrx_word' id='word_1_14' title='bbox 891 341 998 374; x_wconf 67' lang='lat' dir='ltr'>eminus</span> 
     </span>
     <span class='ocr_line' id='line_1_3' title="bbox 47 394 998 436; baseline -0.001 -8"><span class='ocrx_word' id='word_1_15' title='bbox 47 399 167 428; x_wconf 82' lang='lat' dir='ltr'>tantum</span> <span class='ocrx_word' id='word_1_16' title='bbox 192 404 210 426; x_wconf 85' lang='lat' dir='ltr'>a</span> <span class='ocrx_word' id='word_1_17' title='bbox 234 394 297 426; x_wconf 89' lang='lat' dir='ltr'>Deo</span> <span class='ocrx_word' id='word_1_18' title='bbox 314 394 485 435; x_wconf 79' lang='lat' dir='ltr'>dependet,</span> <span class='ocrx_word' id='word_1_19' title='bbox 511 395 564 427; x_wconf 91' lang='lat' dir='ltr'>sed</span> <span class='ocrx_word' id='word_1_20' title='bbox 583 404 754 436; x_wconf 62' lang='lat' dir='ltr'>regressus</span> <span class='ocrx_word' id='word_1_21' title='bbox 777 404 795 427; x_wconf 88' lang='lat' dir='ltr'>a</span> <span class='ocrx_word' id='word_1_22' title='bbox 819 395 874 427; x_wconf 83' lang='lat' dir='ltr'>Dei</span> <span class='ocrx_word' id='word_1_23' title='bbox 898 395 998 436; x_wconf 85' lang='lat' dir='ltr'>gratia</span> 
     </span>
     <span class='ocr_line' id='line_1_4' title="bbox 47 447 998 488; baseline -0.001 -8"><span class='ocrx_word' id='word_1_24' title='bbox 47 452 77 481; x_wconf 89' lang='lat' dir='ltr'>et</span> <span class='ocrx_word' id='word_1_25' title='bbox 100 447 259 480; x_wconf 85' lang='lat' dir='ltr'>voluntate</span> <span class='ocrx_word' id='word_1_26' title='bbox 284 451 408 483; x_wconf 80' lang='lat' dir='ltr'>nostra,</span> <span class='ocrx_word' id='word_1_27' title='bbox 432 447 506 488; x_wconf 87' lang='lat' dir='ltr'>quia</span> <span class='ocrx_word' id='word_1_28' title='bbox 531 456 695 488; x_wconf 80' lang='lat' dir='ltr'>regressus</span> <span class='ocrx_word' id='word_1_29' title='bbox 727 451 773 480; x_wconf 91' lang='lat' dir='ltr'>est</span> <span class='ocrx_word' id='word_1_30' title='bbox 797 456 853 488; x_wconf 89' lang='lat' dir='ltr'>per</span> <span class='ocrx_word' id='word_1_31' title='bbox 885 447 998 480; x_wconf 87' lang='lat' dir='ltr'>merita</span> 
     </span>
     <span class='ocr_line' id='line_1_5' title="bbox 47 499 996 542; baseline -0.002 -8"><span class='ocrx_word' id='word_1_32' title='bbox 47 502 144 540; x_wconf 81' lang='lat' dir='ltr'>hona,</span> <span class='ocrx_word' id='word_1_33' title='bbox 168 509 248 542; x_wconf 84' lang='lat' dir='ltr'>quae</span> <span class='ocrx_word' id='word_1_34' title='bbox 273 503 346 532; x_wconf 90' lang='lat' dir='ltr'>sunt</span> <span class='ocrx_word' id='word_1_35' title='bbox 369 509 387 531; x_wconf 89' lang='lat' dir='ltr'>a</span> <span class='ocrx_word' id='word_1_36' title='bbox 420 499 473 532; x_wconf 88' lang='lat' dir='ltr'>Dei</span> <span class='ocrx_word' id='word_1_37' title='bbox 503 501 603 541; x_wconf 82' lang='lat' dir='ltr'>gratia</span> <span class='ocrx_word' id='word_1_38' title='bbox 626 505 657 532; x_wconf 88' lang='lat' dir='ltr'>et</span> <span class='ocrx_word' id='word_1_39' title='bbox 689 500 849 532; x_wconf 90' lang='lat' dir='ltr'>voluntate</span> <span class='ocrx_word' id='word_1_40' title='bbox 880 504 996 533; x_wconf 88' lang='lat' dir='ltr'>nostra.</span> 
     </span>
     <span class='ocr_line' id='line_1_6' title="bbox 48 551 998 594; baseline -0.001 -10"><span class='ocrx_word' id='word_1_41' title='bbox 48 552 200 594; x_wconf 82' lang='lat' dir='ltr'>Quoniam</span> <span class='ocrx_word' id='word_1_42' title='bbox 224 551 321 593; x_wconf 83' lang='lat' dir='ltr'>igitur</span> <span class='ocrx_word' id='word_1_43' title='bbox 344 551 495 583; x_wconf 88' lang='lat' dir='ltr'>iudicium</span> <span class='ocrx_word' id='word_1_44' title='bbox 521 552 580 583; x_wconf 88' lang='lat' dir='ltr'>erit</span> <span class='ocrx_word' id='word_1_45' title='bbox 606 552 779 584; x_wconf 87' lang='lat' dir='ltr'>secundum</span> <span class='ocrx_word' id='word_1_46' title='bbox 811 552 923 585; x_wconf 86' lang='lat' dir='ltr'>merita</span> <span class='ocrx_word' id='word_1_47' title='bbox 947 561 998 584; x_wconf 91' lang='lat' dir='ltr'>no-</span> 
     </span>
     <span class='ocr_line' id='line_1_7' title="bbox 48 604 999 646; baseline 0 -9"><span class='ocrx_word' id='word_1_48' title='bbox 48 605 152 642; x_wconf 86' lang='lat' dir='ltr'>stra¹;</span> <span class='ocrx_word' id='word_1_49' title='bbox 169 608 199 637; x_wconf 91' lang='lat' dir='ltr'>et</span> <span class='ocrx_word' id='word_1_50' title='bbox 224 604 335 636; x_wconf 87' lang='lat' dir='ltr'>merita</span> <span class='ocrx_word' id='word_1_51' title='bbox 359 607 433 636; x_wconf 90' lang='lat' dir='ltr'>sunt</span> <span class='ocrx_word' id='word_1_52' title='bbox 457 613 474 635; x_wconf 87' lang='lat' dir='ltr'>a</span> <span class='ocrx_word' id='word_1_53' title='bbox 491 604 582 636; x_wconf 90' lang='lat' dir='ltr'>nobis</span> <span class='ocrx_word' id='word_1_54' title='bbox 606 608 636 636; x_wconf 85' lang='lat' dir='ltr'>et</span> <span class='ocrx_word' id='word_1_55' title='bbox 652 613 670 636; x_wconf 88' lang='lat' dir='ltr'>a</span> <span class='ocrx_word' id='word_1_56' title='bbox 688 605 766 636; x_wconf 86' lang='lat' dir='ltr'>Deo:</span> <span class='ocrx_word' id='word_1_57' title='bbox 786 605 854 637; x_wconf 91' lang='lat' dir='ltr'>ideo</span> <span class='ocrx_word' id='word_1_58' title='bbox 871 606 909 637; x_wconf 87' lang='lat' dir='ltr'>ad</span> <span class='ocrx_word' id='word_1_59' title='bbox 929 614 999 646; x_wconf 89' lang='lat' dir='ltr'>pen-</span> 
     </span>
    </p>

    <p class='ocr_par' dir='ltr' id='par_1_3' title="bbox 0 656 1000 961">
     <span class='ocr_line' id='line_1_8' title="bbox 0 656 996 698; baseline 0.001 -9"><span class='ocrx_word' id='word_1_60' title='bbox 0 669 31 689; x_wconf 80' lang='lat'>.1.</span> <span class='ocrx_word' id='word_1_61' title='bbox 45 658 174 692; x_wconf 86' lang='lat' dir='ltr'>sandam</span> <span class='ocrx_word' id='word_1_62' title='bbox 191 657 397 698; x_wconf 75' lang='lat' dir='ltr'>quantitatem</span> <span class='ocrx_word' id='word_1_63' title='bbox 414 660 444 689; x_wconf 88' lang='lat' dir='ltr'>et</span> <span class='ocrx_word' id='word_1_64' title='bbox 460 656 645 697; x_wconf 85' lang='lat' dir='ltr'>dignitatem</span> <span class='ocrx_word' id='word_1_65' title='bbox 663 657 849 690; x_wconf 89' lang='lat' dir='ltr'>meritorum</span> <span class='ocrx_word' id='word_1_66' title='bbox 867 667 996 690; x_wconf 88' lang='lat' dir='ltr'>necesse</span> 
     </span>
     <span class='ocr_line' id='line_1_9' title="bbox 46 709 995 751; baseline -0.001 -8"><span class='ocrx_word' id='word_1_67' title='bbox 46 714 93 744; x_wconf 89' lang='lat' dir='ltr'>est</span> <span class='ocrx_word' id='word_1_68' title='bbox 115 709 230 751; x_wconf 88' lang='lat' dir='ltr'>aperiri</span> <span class='ocrx_word' id='word_1_69' title='bbox 256 709 353 741; x_wconf 88' lang='lat' dir='ltr'>libros</span> <span class='ocrx_word' id='word_1_70' title='bbox 381 709 659 741; x_wconf 73' lang='lat' dir='ltr'>cousciemz&#39;arwn</span> <span class='ocrx_word' id='word_1_71' title='bbox 683 712 713 741; x_wconf 91' lang='lat' dir='ltr'>et</span> <span class='ocrx_word' id='word_1_72' title='bbox 743 709 858 741; x_wconf 89' lang='lat' dir='ltr'>librum</span> <span class='ocrx_word' id='word_1_73' title='bbox 891 710 995 748; x_wconf 77' lang='lat' dir='ltr'>vitae,</span> 
     </span>
     <span class='ocr_line' id='line_1_10' title="bbox 46 761 1000 804; baseline -0.001 -9"><span class='ocrx_word' id='word_1_74' title='bbox 46 763 77 795; x_wconf 93' lang='lat' dir='ltr'>in</span> <span class='ocrx_word' id='word_1_75' title='bbox 107 771 170 804; x_wconf 86' lang='lat' dir='ltr'>quo</span> <span class='ocrx_word' id='word_1_76' title='bbox 200 764 331 803; x_wconf 87' lang='lat' dir='ltr'>apparet</span> <span class='ocrx_word' id='word_1_77' title='bbox 365 761 523 802; x_wconf 79' lang='lat' dir='ltr'>quantitas</span> <span class='ocrx_word' id='word_1_78' title='bbox 558 762 677 802; x_wconf 84' lang='lat' dir='ltr'>gratiae</span> <span class='ocrx_word' id='word_1_79' title='bbox 709 762 883 794; x_wconf 90' lang='lat' dir='ltr'>secundum</span> <span class='ocrx_word' id='word_1_80' title='bbox 916 771 1000 795; x_wconf 91' lang='lat' dir='ltr'>men-</span> 
     </span>
     <span class='ocr_line' id='line_1_11' title="bbox 47 814 1000 852; baseline -0.001 -4"><span class='ocrx_word' id='word_1_81' title='bbox 47 824 153 848; x_wconf 89' lang='lat' dir='ltr'>suram</span> <span class='ocrx_word' id='word_1_82' title='bbox 184 814 379 846; x_wconf 86' lang='lat' dir='ltr'>liberalitatis</span> <span class='ocrx_word' id='word_1_83' title='bbox 410 814 548 852; x_wconf 85' lang='lat' dir='ltr'>divinae,</span> <span class='ocrx_word' id='word_1_84' title='bbox 578 814 753 846; x_wconf 89' lang='lat' dir='ltr'>secundum</span> <span class='ocrx_word' id='word_1_85' title='bbox 790 815 881 847; x_wconf 87' lang='lat' dir='ltr'>cuius</span> <span class='ocrx_word' id='word_1_86' title='bbox 918 824 1000 847; x_wconf 88' lang='lat' dir='ltr'>men-</span> 
     </span>
     <span class='ocr_line' id='line_1_12' title="bbox 47 866 999 909; baseline -0.001 -8"><span class='ocrx_word' id='word_1_87' title='bbox 47 876 153 901; x_wconf 88' lang='lat' dir='ltr'>suram</span> <span class='ocrx_word' id='word_1_88' title='bbox 179 870 225 900; x_wconf 87' lang='lat' dir='ltr'>est</span> <span class='ocrx_word' id='word_1_89' title='bbox 248 867 342 899; x_wconf 86' lang='lat' dir='ltr'>etiam</span> <span class='ocrx_word' id='word_1_90' title='bbox 367 866 476 908; x_wconf 84' lang='lat' dir='ltr'>gloria.</span> <span class='ocrx_word' id='word_1_91' title='bbox 500 885 544 889; x_wconf 91' lang='lat'>—</span> <span class='ocrx_word' id='word_1_92' title='bbox 569 867 603 898; x_wconf 88' lang='lat' dir='ltr'>Et</span> <span class='ocrx_word' id='word_1_93' title='bbox 627 875 668 899; x_wconf 82' lang='lat' dir='ltr'>ex</span> <span class='ocrx_word' id='word_1_94' title='bbox 692 867 751 899; x_wconf 90' lang='lat' dir='ltr'>hoc</span> <span class='ocrx_word' id='word_1_95' title='bbox 782 870 866 908; x_wconf 86' lang='lat' dir='ltr'>patet</span> <span class='ocrx_word' id='word_1_96' title='bbox 897 868 999 909; x_wconf 90' lang='lat' dir='ltr'>primo</span> 
     </span>
     <span class='ocr_line' id='line_1_13' title="bbox 47 918 233 961; baseline -0.016 -9"><span class='ocrx_word' id='word_1_97' title='bbox 47 918 233 961; x_wconf 86' lang='lat' dir='ltr'>quaesitum.</span> 
     </span>
    </p>

    <p class='ocr_par' dir='ltr' id='par_1_4' title="bbox 134 971 1000 1014">
     <span class='ocr_line' id='line_1_14' title="bbox 134 971 1000 1014; baseline 0.002 -11"><span class='ocrx_word' id='word_1_98' title='bbox 134 972 177 1003; x_wconf 82' lang='lat' dir='ltr'>Ad</span> <span class='ocrx_word' id='word_1_99' title='bbox 203 971 279 1003; x_wconf 92' lang='lat' dir='ltr'>illud</span> <span class='ocrx_word' id='word_1_100' title='bbox 306 972 389 1014; x_wconf 89' lang='lat' dir='ltr'>quod</span> <span class='ocrx_word' id='word_1_101' title='bbox 416 972 597 1013; x_wconf 89' lang='lat' dir='ltr'>quaeritur,</span> <span class='ocrx_word' id='word_1_102' title='bbox 622 972 741 1014; x_wconf 69' lang='lat' dir='ltr'>quibus</span> <span class='ocrx_word' id='word_1_103' title='bbox 772 973 931 1014; x_wconf 80' lang='lat' dir='ltr'>aperitur3</span> <span class='ocrx_word' id='word_1_104' title='bbox 956 973 1000 1005; x_wconf 90' lang='lat' dir='ltr'>di-</span> 
     </span>
    </p>

    <p class='ocr_par' dir='ltr' id='par_1_5' title="bbox 13 1024 999 1066">
     <span class='ocr_line' id='line_1_15' title="bbox 13 1024 999 1066; baseline 0 -9"><span class='ocrx_word' id='word_1_105' title='bbox 13 1027 33 1048; x_wconf 67' lang='lat'>2·</span> <span class='ocrx_word' id='word_1_106' title='bbox 48 1024 197 1063; x_wconf 84' lang='lat' dir='ltr'>cendum,</span> <span class='ocrx_word' id='word_1_107' title='bbox 225 1024 309 1066; x_wconf 89' lang='lat' dir='ltr'>quod</span> <span class='ocrx_word' id='word_1_108' title='bbox 331 1024 499 1066; x_wconf 80' lang='lat' dir='ltr'>dupliciter</span> <span class='ocrx_word' id='word_1_109' title='bbox 515 1028 562 1056; x_wconf 88' lang='lat' dir='ltr'>est</span> <span class='ocrx_word' id='word_1_110' title='bbox 586 1024 670 1066; x_wconf 87' lang='lat' dir='ltr'>loqui</span> <span class='ocrx_word' id='word_1_111' title='bbox 689 1024 727 1056; x_wconf 88' lang='lat' dir='ltr'>de</span> <span class='ocrx_word' id='word_1_112' title='bbox 752 1025 926 1066; x_wconf 85' lang='lat' dir='ltr'>apertione:</span> <span class='ocrx_word' id='word_1_113' title='bbox 945 1029 999 1057; x_wconf 84' lang='lat' dir='ltr'>aut</span> 
     </span>
    </p>

    <p class='ocr_par' dir='ltr' id='par_1_6' title="bbox 0 1069 997 1119">
     <span class='ocr_line' id='line_1_16' title="bbox 0 1069 997 1119; baseline -0.001 -9"><span class='ocrx_word' id='word_1_114' title='bbox 0 1089 34 1110; x_wconf 76' lang='lat' dir='ltr'>uo.</span> <span class='ocrx_word' id='word_1_115' title='bbox 50 1080 202 1119; x_wconf 86' lang='lat' dir='ltr'>quantum</span> <span class='ocrx_word' id='word_1_116' title='bbox 228 1077 267 1109; x_wconf 88' lang='lat' dir='ltr'>ad</span> <span class='ocrx_word' id='word_1_117' title='bbox 293 1077 392 1118; x_wconf 88' lang='lat' dir='ltr'>ipsius</span> <span class='ocrx_word' id='word_1_118' title='bbox 416 1076 488 1109; x_wconf 81' lang='lat' dir='ltr'>libri</span> <span class='ocrx_word' id='word_1_119' title='bbox 513 1069 738 1115; x_wconf 74' lang='lat' dir='ltr'>intuitionem,</span> <span class='ocrx_word' id='word_1_120' title='bbox 763 1081 817 1109; x_wconf 90' lang='lat' dir='ltr'>aut</span> <span class='ocrx_word' id='word_1_121' title='bbox 845 1082 997 1119; x_wconf 86' lang='lat' dir='ltr'>quantum</span> 
     </span>
    </p>

    <p class='ocr_par' dir='ltr' id='par_1_7' title="bbox 0 1129 999 1224">
     <span class='ocr_line' id='line_1_17' title="bbox 0 1129 999 1173; baseline 0 -11"><span class='ocrx_word' id='word_1_122' title='bbox 0 1142 33 1163; x_wconf 79' lang='lat'>.2.</span> <span class='ocrx_word' id='word_1_123' title='bbox 47 1130 87 1162; x_wconf 89' lang='lat' dir='ltr'>ad</span> <span class='ocrx_word' id='word_1_124' title='bbox 102 1130 346 1173; x_wconf 73' lang='lat' dir='ltr'>subsequentem</span> <span class='ocrx_word' id='word_1_125' title='bbox 370 1129 595 1172; x_wconf 60' lang='lat' dir='ltr'>cognitionem.</span> <span class='ocrx_word' id='word_1_126' title='bbox 613 1130 772 1171; x_wconf 84' lang='lat' dir='ltr'>Quantum</span> <span class='ocrx_word' id='word_1_127' title='bbox 790 1131 828 1162; x_wconf 87' lang='lat' dir='ltr'>ad</span> <span class='ocrx_word' id='word_1_128' title='bbox 855 1130 999 1162; x_wconf 74' lang='lat' dir='ltr'>intuitio-</span> 
     </span>
     <span class='ocr_line' id='line_1_18' title="bbox 46 1182 999 1224; baseline 0 -9"><span class='ocrx_word' id='word_1_129' title='bbox 46 1192 118 1215; x_wconf 80' lang='lat' dir='ltr'>uem</span> <span class='ocrx_word' id='word_1_130' title='bbox 141 1183 284 1224; x_wconf 87' lang='lat' dir='ltr'>aperitur</span> <span class='ocrx_word' id='word_1_131' title='bbox 310 1186 430 1215; x_wconf 87' lang='lat' dir='ltr'>tantum</span> <span class='ocrx_word' id='word_1_132' title='bbox 463 1186 592 1224; x_wconf 89' lang='lat' dir='ltr'>propter</span> <span class='ocrx_word' id='word_1_133' title='bbox 616 1182 729 1221; x_wconf 80' lang='lat' dir='ltr'>bonos,</span> <span class='ocrx_word' id='word_1_134' title='bbox 754 1183 827 1224; x_wconf 83' lang='lat' dir='ltr'>quia</span> <span class='ocrx_word' id='word_1_135' title='bbox 859 1183 917 1224; x_wconf 87' lang='lat' dir='ltr'>ipsi</span> <span class='ocrx_word' id='word_1_136' title='bbox 942 1184 999 1216; x_wconf 93' lang='lat' dir='ltr'>soli</span> 
     </span>
    </p>
   </div>
   <div class='ocr_carea' id='block_1_3' title="bbox 1947 257 2011 288">
    <p class='ocr_par' dir='ltr' id='par_1_8' title="bbox 1947 257 2011 288">
     <span class='ocr_line' id='line_1_19' title="bbox 1947 257 2011 288; baseline 0 0"><span class='ocrx_word' id='word_1_137' title='bbox 1947 257 2011 288; x_wconf 81' lang='lat'>899</span> 
     </span>
    </p>
   </div>
   <div class='ocr_carea' id='block_1_4' title="bbox 1062 342 2175 1216">
    <p class='ocr_par' dir='ltr' id='par_1_9' title="bbox 1062 342 2017 595">
     <span class='ocr_line' id='line_1_20' title="bbox 1062 342 2014 385; baseline 0.001 -11"><span class='ocrx_word' id='word_1_138' title='bbox 1062 342 1232 380; x_wconf 88' lang='lat' dir='ltr'>videbunt;</span> <span class='ocrx_word' id='word_1_139' title='bbox 1262 346 1415 384; x_wconf 89' lang='lat' dir='ltr'>quantum</span> <span class='ocrx_word' id='word_1_140' title='bbox 1440 343 1479 375; x_wconf 86' lang='lat' dir='ltr'>ad</span> <span class='ocrx_word' id='word_1_141' title='bbox 1504 342 1748 385; x_wconf 66' lang='lat' dir='ltr'>subsequentem</span> <span class='ocrx_word' id='word_1_142' title='bbox 1780 343 2014 385; x_wconf 75' lang='lat' dir='ltr'>eoynz’tz&#39;onem,</span> 
     </span>
     <span class='ocr_line' id='line_1_21' title="bbox 1062 395 2014 438; baseline 0.002 -11"><span class='ocrx_word' id='word_1_143' title='bbox 1062 395 1227 434; x_wconf 79' lang='lat' dir='ltr'>omnibus3</span> <span class='ocrx_word' id='word_1_144' title='bbox 1251 395 1325 436; x_wconf 89' lang='lat' dir='ltr'>quia</span> <span class='ocrx_word' id='word_1_145' title='bbox 1350 395 1420 427; x_wconf 91' lang='lat' dir='ltr'>boni</span> <span class='ocrx_word' id='word_1_146' title='bbox 1447 405 1480 428; x_wconf 87' lang='lat' dir='ltr'>se</span> <span class='ocrx_word' id='word_1_147' title='bbox 1510 396 1549 428; x_wconf 89' lang='lat' dir='ltr'>ibi</span> <span class='ocrx_word' id='word_1_148' title='bbox 1587 396 1737 437; x_wconf 83' lang='lat' dir='ltr'>legentes,</span> <span class='ocrx_word' id='word_1_149' title='bbox 1762 400 1949 438; x_wconf 76' lang='lat' dir='ltr'>cognoscent</span> <span class='ocrx_word' id='word_1_150' title='bbox 1982 405 2014 429; x_wconf 90' lang='lat' dir='ltr'>se</span> 
     </span>
     <span class='ocr_line' id='line_1_22' title="bbox 1062 448 2017 490; baseline 0.002 -11"><span class='ocrx_word' id='word_1_151' title='bbox 1062 448 1329 489; x_wconf 74' lang='lat' dir='ltr'>praedestinatos3</span> <span class='ocrx_word' id='word_1_152' title='bbox 1354 448 1428 480; x_wconf 91' lang='lat' dir='ltr'>mali</span> <span class='ocrx_word' id='word_1_153' title='bbox 1453 457 1527 480; x_wconf 88' lang='lat' dir='ltr'>vero</span> <span class='ocrx_word' id='word_1_154' title='bbox 1559 457 1599 480; x_wconf 87' lang='lat' dir='ltr'>ex</span> <span class='ocrx_word' id='word_1_155' title='bbox 1627 448 1683 480; x_wconf 85' lang='lat' dir='ltr'>boc</span> <span class='ocrx_word' id='word_1_156' title='bbox 1710 449 1793 490; x_wconf 84' lang='lat' dir='ltr'>ipso,</span> <span class='ocrx_word' id='word_1_157' title='bbox 1817 449 1901 490; x_wconf 88' lang='lat' dir='ltr'>quod</span> <span class='ocrx_word' id='word_1_158' title='bbox 1927 449 1957 481; x_wconf 91' lang='lat' dir='ltr'>in</span> <span class='ocrx_word' id='word_1_159' title='bbox 1982 449 2017 481; x_wconf 92' lang='lat' dir='ltr'>li-</span> 
     </span>
     <span class='ocr_line' id='line_1_23' title="bbox 1062 500 2015 543; baseline 0.003 -11"><span class='ocrx_word' id='word_1_160' title='bbox 1062 501 1120 533; x_wconf 93' lang='lat' dir='ltr'>bro</span> <span class='ocrx_word' id='word_1_161' title='bbox 1144 504 1251 542; x_wconf 90' lang='lat' dir='ltr'>aperte</span> <span class='ocrx_word' id='word_1_162' title='bbox 1276 500 1379 542; x_wconf 84' lang='lat' dir='ltr'>legere</span> <span class='ocrx_word' id='word_1_163' title='bbox 1403 510 1463 533; x_wconf 90' lang='lat' dir='ltr'>non</span> <span class='ocrx_word' id='word_1_164' title='bbox 1489 505 1652 543; x_wconf 83' lang='lat' dir='ltr'>poterunt,</span> <span class='ocrx_word' id='word_1_165' title='bbox 1679 502 1793 541; x_wconf 83' lang='lat' dir='ltr'>scient,</span> <span class='ocrx_word' id='word_1_166' title='bbox 1811 511 1844 535; x_wconf 91' lang='lat' dir='ltr'>se</span> <span class='ocrx_word' id='word_1_167' title='bbox 1868 512 1929 534; x_wconf 91' lang='lat' dir='ltr'>non</span> <span class='ocrx_word' id='word_1_168' title='bbox 1946 511 2015 535; x_wconf 87' lang='lat' dir='ltr'>esse</span> 
     </span>
     <span class='ocr_line' id='line_1_24' title="bbox 1063 553 1320 595; baseline 0 -10"><span class='ocrx_word' id='word_1_169' title='bbox 1063 553 1320 595; x_wconf 85' lang='lat' dir='ltr'>praedestinatos.</span> 
     </span>
    </p>

    <p class='ocr_par' dir='ltr' id='par_1_10' title="bbox 1062 606 2175 1216">
     <span class='ocr_line' id='line_1_25' title="bbox 1153 606 2175 649; baseline 0.001 -11"><span class='ocrx_word' id='word_1_170' title='bbox 1153 606 1187 638; x_wconf 87' lang='lat' dir='ltr'>Et</span> <span class='ocrx_word' id='word_1_171' title='bbox 1210 606 1254 639; x_wconf 91' lang='lat' dir='ltr'>sic</span> <span class='ocrx_word' id='word_1_172' title='bbox 1277 610 1362 648; x_wconf 84' lang='lat' dir='ltr'>patet</span> <span class='ocrx_word' id='word_1_173' title='bbox 1387 607 1548 648; x_wconf 80' lang='lat' dir='ltr'>responsio</span> <span class='ocrx_word' id='word_1_174' title='bbox 1572 607 1611 639; x_wconf 87' lang='lat' dir='ltr'>ad</span> <span class='ocrx_word' id='word_1_175' title='bbox 1633 607 1762 640; x_wconf 88' lang='lat' dir='ltr'>obiecta.</span> <span class='ocrx_word' id='word_1_176' title='bbox 1790 608 1823 639; x_wconf 87' lang='lat' dir='ltr'>Et</span> <span class='ocrx_word' id='word_1_177' title='bbox 1839 612 1886 640; x_wconf 88' lang='lat' dir='ltr'>est</span> <span class='ocrx_word' id='word_1_178' title='bbox 1910 617 2014 641; x_wconf 85' lang='lat' dir='ltr'>exem·</span> <span class='ocrx_word' id='word_1_179' title='bbox 2028 619 2062 639; x_wconf 68' lang='lat' dir='ltr'>Aa</span> <span class='ocrx_word' id='word_1_180' title='bbox 2078 619 2175 649; x_wconf 47' lang='lat' dir='ltr'>opposita</span> 
     </span>
     <span class='ocr_line' id='line_1_26' title="bbox 1063 646 2174 703; baseline 0.003 -12"><span class='ocrx_word' id='word_1_181' title='bbox 1063 659 1165 701; x_wconf 84' lang='lat' dir='ltr'>plum:</span> <span class='ocrx_word' id='word_1_182' title='bbox 1191 659 1272 691; x_wconf 87' lang='lat' dir='ltr'>sicut</span> <span class='ocrx_word' id='word_1_183' title='bbox 1295 668 1426 701; x_wconf 78' lang='lat' dir='ltr'>pauper,</span> <span class='ocrx_word' id='word_1_184' title='bbox 1444 660 1496 701; x_wconf 90' lang='lat' dir='ltr'>qui</span> <span class='ocrx_word' id='word_1_185' title='bbox 1515 669 1574 692; x_wconf 92' lang='lat' dir='ltr'>non</span> <span class='ocrx_word' id='word_1_186' title='bbox 1593 660 1688 692; x_wconf 86' lang='lat' dir='ltr'>habet</span> <span class='ocrx_word' id='word_1_187' title='bbox 1709 660 1897 692; x_wconf 75' lang='lat' dir='ltr'>merellum²</span> <span class='ocrx_word' id='word_1_188' title='bbox 1916 661 2015 703; x_wconf 84' lang='lat' dir='ltr'>regis,</span> <span class='ocrx_word' id='word_1_189' title='bbox 2043 647 2135 672; x_wconf 50' lang='lat' dir='ltr'>quamn</span> <span class='ocrx_word' id='word_1_190' title='bbox 2154 646 2174 665; x_wconf 48' lang='grc' dir='ltr'>ρ’</span> 
     </span>
     <span class='ocr_line' id='line_1_27' title="bbox 1063 711 2015 754; baseline 0.003 -12"><span class='ocrx_word' id='word_1_191' title='bbox 1063 711 1094 743; x_wconf 89' lang='lat' dir='ltr'>id</span> <span class='ocrx_word' id='word_1_192' title='bbox 1119 715 1166 743; x_wconf 91' lang='lat' dir='ltr'>est</span> <span class='ocrx_word' id='word_1_193' title='bbox 1189 711 1404 752; x_wconf 81' lang='lat' dir='ltr'>signaculum,</span> <span class='ocrx_word' id='word_1_194' title='bbox 1429 712 1513 753; x_wconf 83' lang='lat' dir='ltr'>quod</span> <span class='ocrx_word' id='word_1_195' title='bbox 1538 721 1693 753; x_wconf 78' lang='lat' dir='ltr'>pauperes</span> <span class='ocrx_word' id='word_1_196' title='bbox 1718 716 1843 754; x_wconf 88' lang='lat' dir='ltr'>portant</span> <span class='ocrx_word' id='word_1_197' title='bbox 1871 713 1910 745; x_wconf 90' lang='lat' dir='ltr'>ad</span> <span class='ocrx_word' id='word_1_198' title='bbox 1939 713 2015 745; x_wconf 91' lang='lat' dir='ltr'>elee-</span> 
     </span>
     <span class='ocr_line' id='line_1_28' title="bbox 1062 764 2015 807; baseline 0.003 -12"><span class='ocrx_word' id='word_1_199' title='bbox 1062 773 1224 805; x_wconf 88' lang='lat' dir='ltr'>mosynam</span> <span class='ocrx_word' id='word_1_200' title='bbox 1249 764 1502 805; x_wconf 77' lang='lat' dir='ltr'>percipiendam,</span> <span class='ocrx_word' id='word_1_201' title='bbox 1527 765 1584 797; x_wconf 91' lang='lat' dir='ltr'>scit</span> <span class='ocrx_word' id='word_1_202' title='bbox 1601 764 1696 801; x_wconf 76' lang='lat' dir='ltr'>bene,</span> <span class='ocrx_word' id='word_1_203' title='bbox 1721 765 1805 807; x_wconf 85' lang='lat' dir='ltr'>quod</span> <span class='ocrx_word' id='word_1_204' title='bbox 1830 766 1949 798; x_wconf 87' lang='lat' dir='ltr'>recedit</span> <span class='ocrx_word' id='word_1_205' title='bbox 1966 775 2015 798; x_wconf 89' lang='lat' dir='ltr'>va-</span> 
     </span>
     <span class='ocr_line' id='line_1_29' title="bbox 1064 817 2012 859; baseline 0.002 -11"><span class='ocrx_word' id='word_1_206' title='bbox 1064 825 1152 855; x_wconf 86' lang='lat' dir='ltr'>cuus,</span> <span class='ocrx_word' id='word_1_207' title='bbox 1177 825 1238 848; x_wconf 90' lang='lat' dir='ltr'>non</span> <span class='ocrx_word' id='word_1_208' title='bbox 1263 825 1319 858; x_wconf 90' lang='lat' dir='ltr'>per</span> <span class='ocrx_word' id='word_1_209' title='bbox 1344 817 1546 858; x_wconf 80' lang='lat' dir='ltr'>positionem,</span> <span class='ocrx_word' id='word_1_210' title='bbox 1572 818 1625 850; x_wconf 85' lang='lat' dir='ltr'>sed</span> <span class='ocrx_word' id='word_1_211' title='bbox 1653 827 1707 859; x_wconf 89' lang='lat' dir='ltr'>per</span> <span class='ocrx_word' id='word_1_212' title='bbox 1733 818 1939 859; x_wconf 79' lang='lat' dir='ltr'>privationem</span> <span class='ocrx_word' id='word_1_213' title='bbox 1965 828 2012 851; x_wconf 93' lang='lat' dir='ltr'>co-</span> 
     </span>
     <span class='ocr_line' id='line_1_30' title="bbox 1064 869 2016 911; baseline 0.003 -11"><span class='ocrx_word' id='word_1_214' title='bbox 1064 878 1230 910; x_wconf 75' lang='lat' dir='ltr'>gnoscens:</span> <span class='ocrx_word' id='word_1_215' title='bbox 1257 869 1300 901; x_wconf 88' lang='lat' dir='ltr'>sic</span> <span class='ocrx_word' id='word_1_216' title='bbox 1325 869 1474 907; x_wconf 88' lang='lat' dir='ltr'>damnati,</span> <span class='ocrx_word' id='word_1_217' title='bbox 1498 879 1570 902; x_wconf 91' lang='lat' dir='ltr'>cum</span> <span class='ocrx_word' id='word_1_218' title='bbox 1594 879 1655 902; x_wconf 89' lang='lat' dir='ltr'>non</span> <span class='ocrx_word' id='word_1_219' title='bbox 1685 870 1787 911; x_wconf 82' lang='lat' dir='ltr'>legent</span> <span class='ocrx_word' id='word_1_220' title='bbox 1812 871 1853 903; x_wconf 89' lang='lat' dir='ltr'>ibi</span> <span class='ocrx_word' id='word_1_221' title='bbox 1890 871 2016 903; x_wconf 88' lang='lat' dir='ltr'>nomina</span> 
     </span>
     <span class='ocr_line' id='line_1_31' title="bbox 1065 921 2015 965; baseline 0.003 -12"><span class='ocrx_word' id='word_1_222' title='bbox 1065 930 1139 960; x_wconf 85' lang='lat' dir='ltr'>sua,</span> <span class='ocrx_word' id='word_1_223' title='bbox 1156 921 1269 959; x_wconf 87' lang='lat' dir='ltr'>scient,</span> <span class='ocrx_word' id='word_1_224' title='bbox 1295 930 1327 954; x_wconf 90' lang='lat' dir='ltr'>se</span> <span class='ocrx_word' id='word_1_225' title='bbox 1352 930 1412 953; x_wconf 90' lang='lat' dir='ltr'>non</span> <span class='ocrx_word' id='word_1_226' title='bbox 1435 931 1502 954; x_wconf 82' lang='lat' dir='ltr'>esse</span> <span class='ocrx_word' id='word_1_227' title='bbox 1520 922 1652 963; x_wconf 89' lang='lat' dir='ltr'>scriptos</span> <span class='ocrx_word' id='word_1_228' title='bbox 1669 923 1707 955; x_wconf 88' lang='lat' dir='ltr'>ad</span> <span class='ocrx_word' id='word_1_229' title='bbox 1726 923 1874 963; x_wconf 75' lang='lat' dir='ltr'>gloriam,</span> <span class='ocrx_word' id='word_1_230' title='bbox 1900 932 1935 955; x_wconf 89' lang='lat' dir='ltr'>ac</span> <span class='ocrx_word' id='word_1_231' title='bbox 1960 932 2015 965; x_wconf 89' lang='lat' dir='ltr'>per</span> 
     </span>
     <span class='ocr_line' id='line_1_32' title="bbox 1064 974 2017 1016; baseline 0.003 -11"><span class='ocrx_word' id='word_1_232' title='bbox 1064 974 1122 1006; x_wconf 92' lang='lat' dir='ltr'>hoc</span> <span class='ocrx_word' id='word_1_233' title='bbox 1147 974 1244 1006; x_wconf 88' lang='lat' dir='ltr'>scient</span> <span class='ocrx_word' id='word_1_234' title='bbox 1267 983 1308 1006; x_wconf 87' lang='lat' dir='ltr'>ex</span> <span class='ocrx_word' id='word_1_235' title='bbox 1326 977 1414 1016; x_wconf 88' lang='lat' dir='ltr'>parte</span> <span class='ocrx_word' id='word_1_236' title='bbox 1439 974 1508 1013; x_wconf 87' lang='lat' dir='ltr'>Dei,</span> <span class='ocrx_word' id='word_1_237' title='bbox 1526 975 1609 1016; x_wconf 88' lang='lat' dir='ltr'>quod</span> <span class='ocrx_word' id='word_1_238' title='bbox 1630 975 1712 1007; x_wconf 87' lang='lat' dir='ltr'>Deus</span> <span class='ocrx_word' id='word_1_239' title='bbox 1733 975 1815 1016; x_wconf 87' lang='lat' dir='ltr'>ipsos</span> <span class='ocrx_word' id='word_1_240' title='bbox 1840 976 2017 1014; x_wconf 82' lang='lat' dir='ltr'>damnabit3</span> 
     </span>
     <span class='ocr_line' id='line_1_33' title="bbox 1064 1027 2014 1070; baseline 0.003 -12"><span class='ocrx_word' id='word_1_241' title='bbox 1064 1030 1095 1058; x_wconf 89' lang='lat' dir='ltr'>et</span> <span class='ocrx_word' id='word_1_242' title='bbox 1117 1035 1158 1059; x_wconf 84' lang='lat' dir='ltr'>ex</span> <span class='ocrx_word' id='word_1_243' title='bbox 1182 1030 1271 1068; x_wconf 90' lang='lat' dir='ltr'>parte</span> <span class='ocrx_word' id='word_1_244' title='bbox 1296 1036 1370 1059; x_wconf 88' lang='lat' dir='ltr'>suae</span> <span class='ocrx_word' id='word_1_245' title='bbox 1396 1027 1601 1059; x_wconf 86' lang='lat' dir='ltr'>conscientiae</span> <span class='ocrx_word' id='word_1_246' title='bbox 1626 1028 1740 1067; x_wconf 88' lang='lat' dir='ltr'>scient,</span> <span class='ocrx_word' id='word_1_247' title='bbox 1764 1029 1849 1070; x_wconf 87' lang='lat' dir='ltr'>quod</span> <span class='ocrx_word' id='word_1_248' title='bbox 1874 1033 1948 1061; x_wconf 91' lang='lat' dir='ltr'>sunt</span> <span class='ocrx_word' id='word_1_249' title='bbox 1971 1029 2014 1061; x_wconf 81' lang='lat' dir='ltr'>(li-</span> 
     </span>
     <span class='ocr_line' id='line_1_34' title="bbox 1064 1079 2012 1123; baseline 0.003 -13"><span class='ocrx_word' id='word_1_250' title='bbox 1064 1079 1115 1120; x_wconf 82' lang='lat' dir='ltr'>gni</span> <span class='ocrx_word' id='word_1_251' title='bbox 1141 1088 1256 1120; x_wconf 89' lang='lat' dir='ltr'>poena:</span> <span class='ocrx_word' id='word_1_252' title='bbox 1282 1083 1313 1111; x_wconf 89' lang='lat' dir='ltr'>et</span> <span class='ocrx_word' id='word_1_253' title='bbox 1338 1079 1379 1111; x_wconf 87' lang='lat' dir='ltr'>ita</span> <span class='ocrx_word' id='word_1_254' title='bbox 1410 1088 1451 1112; x_wconf 83' lang='lat' dir='ltr'>ex</span> <span class='ocrx_word' id='word_1_255' title='bbox 1479 1080 1711 1122; x_wconf 86' lang='lat' dir='ltr'>comparatione</span> <span class='ocrx_word' id='word_1_256' title='bbox 1742 1081 1909 1123; x_wconf 84' lang='lat' dir='ltr'>utriusque</span> <span class='ocrx_word' id='word_1_257' title='bbox 1942 1082 2012 1113; x_wconf 86' lang='lat' dir='ltr'>libri</span> 
     </span>
     <span class='ocr_line' id='line_1_35' title="bbox 1065 1132 2012 1175; baseline 0.003 -12"><span class='ocrx_word' id='word_1_258' title='bbox 1065 1132 1123 1164; x_wconf 89' lang='lat' dir='ltr'>hoc</span> <span class='ocrx_word' id='word_1_259' title='bbox 1141 1132 1252 1171; x_wconf 83' lang='lat' dir='ltr'>scient,</span> <span class='ocrx_word' id='word_1_260' title='bbox 1269 1141 1330 1164; x_wconf 92' lang='lat' dir='ltr'>non</span> <span class='ocrx_word' id='word_1_261' title='bbox 1355 1135 1459 1164; x_wconf 88' lang='lat' dir='ltr'>tamen</span> <span class='ocrx_word' id='word_1_262' title='bbox 1477 1132 1520 1164; x_wconf 86' lang='lat' dir='ltr'>sic</span> <span class='ocrx_word' id='word_1_263' title='bbox 1545 1132 1690 1174; x_wconf 75' lang='lat' dir='ltr'>legendo,</span> <span class='ocrx_word' id='word_1_264' title='bbox 1712 1134 1792 1165; x_wconf 89' lang='lat' dir='ltr'>sicut</span> <span class='ocrx_word' id='word_1_265' title='bbox 1817 1134 1924 1175; x_wconf 84' lang='lat' dir='ltr'>legunt</span> <span class='ocrx_word' id='word_1_266' title='bbox 1942 1134 2012 1166; x_wconf 89' lang='lat' dir='ltr'>boni</span> 
     </span>
     <span class='ocr_line' id='line_1_36' title="bbox 1066 1184 1338 1216; baseline 0.004 -1"><span class='ocrx_word' id='word_1_267' title='bbox 1066 1184 1096 1215; x_wconf 92' lang='lat' dir='ltr'>in</span> <span class='ocrx_word' id='word_1_268' title='bbox 1120 1184 1201 1216; x_wconf 89' lang='lat' dir='ltr'>libro</span> <span class='ocrx_word' id='word_1_269' title='bbox 1225 1184 1307 1216; x_wconf 88' lang='lat' dir='ltr'>vitae</span> <span class='ocrx_word' id='word_1_270' title='bbox 1319 1184 1338 1215; x_wconf 84' lang='lat'>³.</span> 
     </span>
    </p>
   </div>
   <div class='ocr_carea' id='block_1_5' title="bbox 853 1308 1205 1346">
    <p class='ocr_par' dir='ltr' id='par_1_11' title="bbox 853 1308 1205 1346">
     <span class='ocr_line' id='line_1_37' title="bbox 853 1308 1205 1346; baseline 0.003 -2"><span class='ocrx_word' id='word_1_271' title='bbox 853 1308 1117 1346; x_wconf 73' lang='lat' dir='ltr'><strong>ARTICULUS</strong></span> <span class='ocrx_word' id='word_1_272' title='bbox 1147 1309 1205 1345; x_wconf 89' lang='lat' dir='ltr'>III.</span> 
     </span>
    </p>
   </div>
   <div class='ocr_carea' id='block_1_6' title="bbox 822 1409 1236 1442">
    <p class='ocr_par' dir='ltr' id='par_1_12' title="bbox 822 1409 1236 1442">
     <span class='ocr_line' id='line_1_38' title="bbox 822 1409 1236 1442; baseline 0.002 -2"><span class='ocrx_word' id='word_1_273' title='bbox 822 1409 866 1441; x_wconf 84' lang='lat' dir='ltr'>De</span> <span class='ocrx_word' id='word_1_274' title='bbox 891 1409 984 1441; x_wconf 66' lang='lat' dir='ltr'>tibris</span> <span class='ocrx_word' id='word_1_275' title='bbox 1012 1410 1236 1442; x_wconf 71' lang='lat' dir='ltr'>conscientiae.</span> 
     </span>
    </p>
   </div>
   <div class='ocr_carea' id='block_1_7' title="bbox 47 1520 999 1720">
    <p class='ocr_par' dir='ltr' id='par_1_13' title="bbox 47 1520 998 1667">
     <span class='ocr_line' id='line_1_39' title="bbox 135 1520 998 1562; baseline 0.001 -10"><span class='ocrx_word' id='word_1_276' title='bbox 135 1521 368 1562; x_wconf 82' lang='lat' dir='ltr'>Consequentcr</span> <span class='ocrx_word' id='word_1_277' title='bbox 400 1524 553 1562; x_wconf 88' lang='lat' dir='ltr'>quantum</span> <span class='ocrx_word' id='word_1_278' title='bbox 587 1520 626 1552; x_wconf 88' lang='lat' dir='ltr'>ad</span> <span class='ocrx_word' id='word_1_279' title='bbox 660 1521 860 1553; x_wconf 78' lang='lat' dir='ltr'>secundum⁴</span> <span class='ocrx_word' id='word_1_280' title='bbox 886 1521 998 1553; x_wconf 82' lang='lat' dir='ltr'>articu-</span> 
     </span>
     <span class='ocr_line' id='line_1_40' title="bbox 47 1573 998 1615; baseline 0 -10"><span class='ocrx_word' id='word_1_281' title='bbox 47 1573 112 1606; x_wconf 88' lang='lat' dir='ltr'>lum</span> <span class='ocrx_word' id='word_1_282' title='bbox 138 1573 221 1606; x_wconf 84' lang='lat' dir='ltr'>circa</span> <span class='ocrx_word' id='word_1_283' title='bbox 249 1573 325 1612; x_wconf 91' lang='lat' dir='ltr'>hoc,</span> <span class='ocrx_word' id='word_1_284' title='bbox 362 1573 526 1615; x_wconf 82' lang='lat' dir='ltr'>quaeritur</span> <span class='ocrx_word' id='word_1_285' title='bbox 550 1573 588 1605; x_wconf 91' lang='lat' dir='ltr'>de</span> <span class='ocrx_word' id='word_1_286' title='bbox 614 1573 702 1605; x_wconf 89' lang='lat' dir='ltr'>libris</span> <span class='ocrx_word' id='word_1_287' title='bbox 726 1574 998 1606; x_wconf 79' lang='lat' dir='ltr'>conscientiarum.</span> 
     </span>
     <span class='ocr_line' id='line_1_41' title="bbox 48 1626 544 1667; baseline -0.002 -9"><span class='ocrx_word' id='word_1_288' title='bbox 48 1627 82 1658; x_wconf 85' lang='lat' dir='ltr'>Et</span> <span class='ocrx_word' id='word_1_289' title='bbox 106 1626 144 1658; x_wconf 90' lang='lat' dir='ltr'>de</span> <span class='ocrx_word' id='word_1_290' title='bbox 170 1626 228 1658; x_wconf 89' lang='lat' dir='ltr'>hoc</span> <span class='ocrx_word' id='word_1_291' title='bbox 252 1626 312 1658; x_wconf 80' lang='lat' dir='ltr'>trIa</span> <span class='ocrx_word' id='word_1_292' title='bbox 335 1629 544 1667; x_wconf 89' lang='lat' dir='ltr'>quaeruntur.</span> 
     </span>
    </p>

    <p class='ocr_par' dir='ltr' id='par_1_14' title="bbox 135 1678 999 1720">
     <span class='ocr_line' id='line_1_42' title="bbox 135 1678 999 1720; baseline 0.001 -10"><span class='ocrx_word' id='word_1_293' title='bbox 135 1679 237 1710; x_wconf 81' lang='lat' dir='ltr'>Primo</span> <span class='ocrx_word' id='word_1_294' title='bbox 262 1679 441 1720; x_wconf 82' lang='lat' dir='ltr'>quaeritur,</span> <span class='ocrx_word' id='word_1_295' title='bbox 466 1682 573 1710; x_wconf 87' lang='lat' dir='ltr'>utrum</span> <span class='ocrx_word' id='word_1_296' title='bbox 595 1678 700 1710; x_wconf 90' lang='lat' dir='ltr'>omnia</span> <span class='ocrx_word' id='word_1_297' title='bbox 725 1678 837 1710; x_wconf 87' lang='lat' dir='ltr'>merita</span> <span class='ocrx_word' id='word_1_298' title='bbox 854 1679 999 1720; x_wconf 84' lang='lat' dir='ltr'>legantur</span> 
     </span>
    </p>
   </div>
   <div class='ocr_carea' id='block_1_8' title="bbox 1029 1522 1034 1716">
    <p class='ocr_par' dir='ltr' id='par_1_15' title="bbox 1029 1522 1034 1716">
     <span class='ocr_line' id='line_1_43' title="bbox 1029 1522 1034 1716; baseline 0 2166"><span class='ocrx_word' id='word_1_299' title='bbox 1029 1522 1034 1716; x_wconf 95' lang='lat' dir='ltr'> </span> 
     </span>
    </p>
   </div>
   <div class='ocr_carea' id='block_1_9' title="bbox 1064 1521 2017 1719">
    <p class='ocr_par' dir='ltr' id='par_1_16' title="bbox 1064 1521 1587 1564">
     <span class='ocr_line' id='line_1_44' title="bbox 1064 1521 1587 1564; baseline 0.004 -12"><span class='ocrx_word' id='word_1_300' title='bbox 1064 1521 1093 1552; x_wconf 93' lang='lat' dir='ltr'>in</span> <span class='ocrx_word' id='word_1_301' title='bbox 1119 1521 1324 1560; x_wconf 83' lang='lat' dir='ltr'>conscientia,</span> <span class='ocrx_word' id='word_1_302' title='bbox 1348 1522 1397 1554; x_wconf 89' lang='lat' dir='ltr'>vel</span> <span class='ocrx_word' id='word_1_303' title='bbox 1422 1522 1587 1564; x_wconf 85' lang='lat' dir='ltr'>quaedam.</span> 
     </span>
    </p>

    <p class='ocr_par' dir='ltr' id='par_1_17' title="bbox 1065 1574 2017 1659">
     <span class='ocr_line' id='line_1_45' title="bbox 1152 1574 2017 1616; baseline 0.003 -11"><span class='ocrx_word' id='word_1_304' title='bbox 1152 1574 1313 1612; x_wconf 87' lang='lat' dir='ltr'>Secundo,</span> <span class='ocrx_word' id='word_1_305' title='bbox 1339 1577 1445 1606; x_wconf 88' lang='lat' dir='ltr'>utrum</span> <span class='ocrx_word' id='word_1_306' title='bbox 1479 1574 1610 1616; x_wconf 82' lang='lat' dir='ltr'>quilibet</span> <span class='ocrx_word' id='word_1_307' title='bbox 1635 1574 1716 1616; x_wconf 81' lang='lat' dir='ltr'>legat</span> <span class='ocrx_word' id='word_1_308' title='bbox 1748 1576 1852 1607; x_wconf 89' lang='lat' dir='ltr'>omnia</span> <span class='ocrx_word' id='word_1_309' title='bbox 1884 1576 1914 1607; x_wconf 93' lang='lat' dir='ltr'>in</span> <span class='ocrx_word' id='word_1_310' title='bbox 1947 1585 2017 1608; x_wconf 91' lang='lat' dir='ltr'>con-</span> 
     </span>
     <span class='ocr_line' id='line_1_46' title="bbox 1065 1626 1358 1659; baseline 0.003 -1"><span class='ocrx_word' id='word_1_311' title='bbox 1065 1626 1193 1658; x_wconf 87' lang='lat' dir='ltr'>scientia</span> <span class='ocrx_word' id='word_1_312' title='bbox 1217 1627 1358 1659; x_wconf 89' lang='lat' dir='ltr'>alterius.</span> 
     </span>
    </p>

    <p class='ocr_par' dir='ltr' id='par_1_18' title="bbox 1154 1680 2014 1719">
     <span class='ocr_line' id='line_1_47' title="bbox 1154 1680 2014 1719; baseline 0.003 -8"><span class='ocrx_word' id='word_1_313' title='bbox 1154 1680 1266 1719; x_wconf 85' lang='lat' dir='ltr'>Tertio,</span> <span class='ocrx_word' id='word_1_314' title='bbox 1280 1683 1388 1712; x_wconf 86' lang='lat' dir='ltr'>utrum</span> <span class='ocrx_word' id='word_1_315' title='bbox 1403 1680 1498 1712; x_wconf 89' lang='lat' dir='ltr'>simul</span> <span class='ocrx_word' id='word_1_316' title='bbox 1511 1680 1615 1712; x_wconf 87' lang='lat' dir='ltr'>omnia</span> <span class='ocrx_word' id='word_1_317' title='bbox 1625 1681 1792 1713; x_wconf 84' lang='lat' dir='ltr'>videantur</span> <span class='ocrx_word' id='word_1_318' title='bbox 1805 1681 1844 1713; x_wconf 91' lang='lat' dir='ltr'>ab</span> <span class='ocrx_word' id='word_1_319' title='bbox 1858 1681 2014 1714; x_wconf 87' lang='lat' dir='ltr'>omnibus.</span> 
     </span>
    </p>
   </div>
   <div class='ocr_carea' id='block_1_10' title="bbox 921 1799 1146 1840">
    <p class='ocr_par' dir='ltr' id='par_1_19' title="bbox 921 1799 1146 1840">
     <span class='ocr_line' id='line_1_48' title="bbox 921 1799 1146 1840; baseline 0 -9"><span class='ocrx_word' id='word_1_320' title='bbox 921 1799 1104 1840; x_wconf 59' lang='lat' dir='ltr'>Quaesrio</span> <span class='ocrx_word' id='word_1_321' title='bbox 1127 1800 1146 1831; x_wconf 82' lang='grc' dir='ltr'>ι.</span> 
     </span>
    </p>
   </div>
   <div class='ocr_carea' id='block_1_11' title="bbox 596 1896 1462 1939">
    <p class='ocr_par' dir='ltr' id='par_1_20' title="bbox 596 1896 1462 1939">
     <span class='ocr_line' id='line_1_49' title="bbox 596 1896 1462 1939; baseline 0.002 -11"><span class='ocrx_word' id='word_1_322' title='bbox 596 1897 712 1929; x_wconf 70' lang='lat' dir='ltr'>Utrum</span> <span class='ocrx_word' id='word_1_323' title='bbox 738 1896 773 1928; x_wconf 78' lang='lat' dir='ltr'>iu</span> <span class='ocrx_word' id='word_1_324' title='bbox 797 1897 995 1929; x_wconf 68' lang='lat' dir='ltr'>conscientia</span> <span class='ocrx_word' id='word_1_325' title='bbox 1021 1897 1173 1939; x_wconf 53' lang='lat' dir='ltr'>leycm&#39;ttw&#39;</span> <span class='ocrx_word' id='word_1_326' title='bbox 1197 1897 1310 1930; x_wconf 66' lang='lat' dir='ltr'>omniu</span> <span class='ocrx_word' id='word_1_327' title='bbox 1333 1898 1462 1930; x_wconf 71' lang='lat' dir='ltr'>merita.</span> 
     </span>
    </p>
   </div>
   <div class='ocr_carea' id='block_1_12' title="bbox 0 2008 1000 3056">
    <p class='ocr_par' dir='ltr' id='par_1_21' title="bbox 47 2008 1000 2102">
     <span class='ocr_line' id='line_1_50' title="bbox 134 2008 1000 2050; baseline 0.001 -11"><span class='ocrx_word' id='word_1_328' title='bbox 134 2008 293 2049; x_wconf 84' lang='lat' dir='ltr'>Quantum</span> <span class='ocrx_word' id='word_1_329' title='bbox 307 2016 382 2049; x_wconf 85' lang='lat' dir='ltr'>ergo</span> <span class='ocrx_word' id='word_1_330' title='bbox 394 2008 432 2040; x_wconf 88' lang='lat' dir='ltr'>ad</span> <span class='ocrx_word' id='word_1_331' title='bbox 447 2008 585 2049; x_wconf 90' lang='lat' dir='ltr'>primum</span> <span class='ocrx_word' id='word_1_332' title='bbox 594 2008 777 2050; x_wconf 87' lang='lat' dir='ltr'>proceditur</span> <span class='ocrx_word' id='word_1_333' title='bbox 791 2008 844 2047; x_wconf 87' lang='lat' dir='ltr'>sic,</span> <span class='ocrx_word' id='word_1_334' title='bbox 858 2011 888 2040; x_wconf 94' lang='lat' dir='ltr'>et</span> <span class='ocrx_word' id='word_1_335' title='bbox 902 2011 1000 2040; x_wconf 89' lang='lat' dir='ltr'>osten-</span> 
     </span>
     <span class='ocr_line' id='line_1_51' title="bbox 47 2060 930 2102; baseline 0.001 -10"><span class='ocrx_word' id='word_1_336' title='bbox 47 2060 141 2100; x_wconf 88' lang='lat' dir='ltr'>ditur,</span> <span class='ocrx_word' id='word_1_337' title='bbox 158 2061 243 2102; x_wconf 89' lang='lat' dir='ltr'>quod</span> <span class='ocrx_word' id='word_1_338' title='bbox 268 2060 381 2093; x_wconf 73' lang='lat' dir='ltr'>omnia</span> <span class='ocrx_word' id='word_1_339' title='bbox 398 2060 542 2102; x_wconf 82' lang='lat' dir='ltr'>legentur</span> <span class='ocrx_word' id='word_1_340' title='bbox 559 2061 590 2092; x_wconf 91' lang='lat' dir='ltr'>in</span> <span class='ocrx_word' id='word_1_341' title='bbox 607 2061 697 2093; x_wconf 90' lang='lat' dir='ltr'>libris</span> <span class='ocrx_word' id='word_1_342' title='bbox 714 2061 930 2093; x_wconf 88' lang='lat' dir='ltr'>conscientiae.</span> 
     </span>
    </p>

    <p class='ocr_par' dir='ltr' id='par_1_22' title="bbox 136 2113 998 2155">
     <span class='ocr_line' id='line_1_52' title="bbox 136 2113 998 2155; baseline 0.001 -10"><span class='ocrx_word' id='word_1_343' title='bbox 136 2114 162 2145; x_wconf 88' lang='lat'>1.</span> <span class='ocrx_word' id='word_1_344' title='bbox 187 2113 380 2155; x_wconf 81' lang='lat' dir='ltr'>Augustinus</span> <span class='ocrx_word' id='word_1_345' title='bbox 405 2113 443 2145; x_wconf 90' lang='lat' dir='ltr'>de</span> <span class='ocrx_word' id='word_1_346' title='bbox 466 2113 596 2146; x_wconf 87' lang='lat' dir='ltr'>Civitate</span> <span class='ocrx_word' id='word_1_347' title='bbox 625 2114 680 2145; x_wconf 89' lang='lat' dir='ltr'>Dei</span> <span class='ocrx_word' id='word_1_348' title='bbox 705 2114 856 2155; x_wconf 78' lang='lat' dir='ltr'>vigesimo</span> <span class='ocrx_word' id='word_1_349' title='bbox 872 2114 882 2130; x_wconf 80' lang='lat'>⁵</span> <span class='ocrx_word' id='word_1_350' title='bbox 906 2114 998 2152; x_wconf 82' lang='lat' dir='ltr'>dicit,</span> 
     </span>
    </p>

    <p class='ocr_par' dir='ltr' id='par_1_23' title="bbox 0 2166 998 2251">
     <span class='ocr_line' id='line_1_53' title="bbox 0 2166 998 2208; baseline -0.002 -8"><span class='ocrx_word' id='word_1_351' title='bbox 0 2166 128 2207; x_wconf 51' lang='lat' dir='ltr'>mequod</span> <span class='ocrx_word' id='word_1_352' title='bbox 159 2178 174 2195; x_wconf 90' lang='lat'>«</span> <span class='ocrx_word' id='word_1_353' title='bbox 192 2167 238 2198; x_wconf 90' lang='lat' dir='ltr'>vis</span> <span class='ocrx_word' id='word_1_354' title='bbox 255 2166 361 2199; x_wconf 87' lang='lat' dir='ltr'>divina</span> <span class='ocrx_word' id='word_1_355' title='bbox 384 2166 503 2205; x_wconf 87' lang='lat' dir='ltr'>aderit,</span> <span class='ocrx_word' id='word_1_356' title='bbox 527 2176 590 2208; x_wconf 88' lang='lat' dir='ltr'>qua</span> <span class='ocrx_word' id='word_1_357' title='bbox 614 2166 682 2205; x_wconf 75' lang='lat' dir='ltr'>fiet,</span> <span class='ocrx_word' id='word_1_358' title='bbox 700 2170 735 2198; x_wconf 92' lang='lat' dir='ltr'>ut</span> <span class='ocrx_word' id='word_1_359' title='bbox 758 2167 863 2198; x_wconf 85' lang='lat' dir='ltr'>onmia</span> <span class='ocrx_word' id='word_1_360' title='bbox 879 2167 918 2199; x_wconf 86' lang='lat' dir='ltr'>ad</span> <span class='ocrx_word' id='word_1_361' title='bbox 938 2175 998 2198; x_wconf 90' lang='lat' dir='ltr'>me-</span> 
     </span>
     <span class='ocr_line' id='line_1_54' title="bbox 45 2218 437 2251; baseline 0.003 -1"><span class='ocrx_word' id='word_1_362' title='bbox 45 2218 177 2250; x_wconf 80' lang='lat' dir='ltr'>moriam</span> <span class='ocrx_word' id='word_1_363' title='bbox 202 2222 390 2251; x_wconf 87' lang='lat' dir='ltr'>revocentur</span> <span class='ocrx_word' id='word_1_364' title='bbox 407 2231 437 2250; x_wconf 74' lang='lat' dir='ltr'>n.</span> 
     </span>
    </p>

    <p class='ocr_par' dir='ltr' id='par_1_24' title="bbox 45 2272 998 2578">
     <span class='ocr_line' id='line_1_55' title="bbox 132 2272 998 2314; baseline 0.001 -11"><span class='ocrx_word' id='word_1_365' title='bbox 132 2273 162 2303; x_wconf 72' lang='lat'>2.</span> <span class='ocrx_word' id='word_1_366' title='bbox 187 2272 279 2311; x_wconf 83' lang='lat' dir='ltr'>Item,</span> <span class='ocrx_word' id='word_1_367' title='bbox 301 2272 359 2304; x_wconf 90' lang='lat' dir='ltr'>hoc</span> <span class='ocrx_word' id='word_1_368' title='bbox 392 2272 495 2314; x_wconf 88' lang='lat' dir='ltr'>ipsum</span> <span class='ocrx_word' id='word_1_369' title='bbox 529 2273 654 2305; x_wconf 88' lang='lat' dir='ltr'>videtur</span> <span class='ocrx_word' id='word_1_370' title='bbox 686 2273 831 2305; x_wconf 57' lang='lat' dir='ltr'>tutione.-</span> <span class='ocrx_word' id='word_1_371' title='bbox 856 2273 930 2314; x_wconf 87' lang='lat' dir='ltr'>quia</span> <span class='ocrx_word' id='word_1_372' title='bbox 959 2272 998 2305; x_wconf 89' lang='lat' dir='ltr'>le-</span> 
     </span>
     <span class='ocr_line' id='line_1_56' title="bbox 46 2324 998 2367; baseline 0.002 -11"><span class='ocrx_word' id='word_1_373' title='bbox 46 2324 104 2356; x_wconf 91' lang='lat' dir='ltr'>ctio</span> <span class='ocrx_word' id='word_1_374' title='bbox 128 2328 192 2364; x_wconf 79' lang='lat' dir='ltr'>est,</span> <span class='ocrx_word' id='word_1_375' title='bbox 224 2328 260 2357; x_wconf 88' lang='lat' dir='ltr'>ut</span> <span class='ocrx_word' id='word_1_376' title='bbox 288 2325 405 2357; x_wconf 89' lang='lat' dir='ltr'>sciatur</span> <span class='ocrx_word' id='word_1_377' title='bbox 429 2326 587 2367; x_wconf 83' lang='lat' dir='ltr'>quantitas</span> <span class='ocrx_word' id='word_1_378' title='bbox 611 2326 817 2364; x_wconf 69' lang='lat' dir='ltr'>meritorum,</span> <span class='ocrx_word' id='word_1_379' title='bbox 850 2326 903 2358; x_wconf 84' lang='lat' dir='ltr'>sed</span> <span class='ocrx_word' id='word_1_380' title='bbox 938 2335 998 2358; x_wconf 84' lang='lat' dir='ltr'>rne-</span> 
     </span>
     <span class='ocr_line' id='line_1_57' title="bbox 45 2376 996 2420; baseline 0.002 -12"><span class='ocrx_word' id='word_1_381' title='bbox 45 2376 139 2409; x_wconf 87' lang='lat' dir='ltr'>ritum</span> <span class='ocrx_word' id='word_1_382' title='bbox 161 2378 297 2410; x_wconf 89' lang='lat' dir='ltr'>hominis</span> <span class='ocrx_word' id='word_1_383' title='bbox 322 2378 366 2410; x_wconf 89' lang='lat' dir='ltr'>sic</span> <span class='ocrx_word' id='word_1_384' title='bbox 390 2378 515 2419; x_wconf 82' lang='lat' dir='ltr'>legitur,</span> <span class='ocrx_word' id='word_1_385' title='bbox 532 2383 567 2410; x_wconf 91' lang='lat' dir='ltr'>ut</span> <span class='ocrx_word' id='word_1_386' title='bbox 584 2379 711 2417; x_wconf 80' lang='lat' dir='ltr'>sciatur,</span> <span class='ocrx_word' id='word_1_387' title='bbox 736 2383 812 2420; x_wconf 84' lang='lat' dir='ltr'>quot</span> <span class='ocrx_word' id='word_1_388' title='bbox 833 2382 863 2410; x_wconf 87' lang='lat' dir='ltr'>et</span> <span class='ocrx_word' id='word_1_389' title='bbox 879 2382 996 2420; x_wconf 84' lang='lat' dir='ltr'>quanta</span> 
     </span>
     <span class='ocr_line' id='line_1_58' title="bbox 45 2429 995 2473; baseline 0.001 -11"><span class='ocrx_word' id='word_1_390' title='bbox 45 2429 141 2469; x_wconf 89' lang='lat' dir='ltr'>hona,</span> <span class='ocrx_word' id='word_1_391' title='bbox 165 2433 195 2463; x_wconf 84' lang='lat' dir='ltr'>et</span> <span class='ocrx_word' id='word_1_392' title='bbox 218 2434 295 2472; x_wconf 89' lang='lat' dir='ltr'>quot</span> <span class='ocrx_word' id='word_1_393' title='bbox 328 2431 408 2462; x_wconf 89' lang='lat' dir='ltr'>mala</span> <span class='ocrx_word' id='word_1_394' title='bbox 433 2436 464 2463; x_wconf 89' lang='lat' dir='ltr'>et</span> <span class='ocrx_word' id='word_1_395' title='bbox 488 2435 605 2473; x_wconf 88' lang='lat' dir='ltr'>quanta</span> <span class='ocrx_word' id='word_1_396' title='bbox 637 2432 763 2463; x_wconf 85' lang='lat' dir='ltr'>fecerit:</span> <span class='ocrx_word' id='word_1_397' title='bbox 789 2440 864 2472; x_wconf 80' lang='lat' dir='ltr'>ergo</span> <span class='ocrx_word' id='word_1_398' title='bbox 897 2432 921 2463; x_wconf 92' lang='lat' dir='ltr'>si</span> <span class='ocrx_word' id='word_1_399' title='bbox 955 2431 995 2463; x_wconf 90' lang='lat' dir='ltr'>ibi</span> 
     </span>
     <span class='ocr_line' id='line_1_59' title="bbox 45 2482 995 2526; baseline 0.002 -12"><span class='ocrx_word' id='word_1_400' title='bbox 45 2482 134 2524; x_wconf 88' lang='lat' dir='ltr'>plene</span> <span class='ocrx_word' id='word_1_401' title='bbox 157 2484 340 2515; x_wconf 90' lang='lat' dir='ltr'>ostendetur</span> <span class='ocrx_word' id='word_1_402' title='bbox 365 2484 497 2523; x_wconf 77' lang='lat' dir='ltr'>iustitia,</span> <span class='ocrx_word' id='word_1_403' title='bbox 524 2488 622 2526; x_wconf 82' lang='lat' dir='ltr'>patet,</span> <span class='ocrx_word' id='word_1_404' title='bbox 647 2485 730 2526; x_wconf 85' lang='lat' dir='ltr'>quod</span> <span class='ocrx_word' id='word_1_405' title='bbox 749 2484 850 2516; x_wconf 76' lang='lat' dir='ltr'>omnia</span> <span class='ocrx_word' id='word_1_406' title='bbox 879 2484 918 2515; x_wconf 89' lang='lat' dir='ltr'>ibi</span> <span class='ocrx_word' id='word_1_407' title='bbox 945 2484 995 2516; x_wconf 86' lang='lat' dir='ltr'>de-</span> 
     </span>
     <span class='ocr_line' id='line_1_60' title="bbox 45 2534 209 2578; baseline 0 -11"><span class='ocrx_word' id='word_1_408' title='bbox 45 2534 117 2567; x_wconf 88' lang='lat' dir='ltr'>hent</span> <span class='ocrx_word' id='word_1_409' title='bbox 140 2535 209 2578; x_wconf 82' lang='lat' dir='ltr'>legi.</span> 
     </span>
    </p>

    <p class='ocr_par' dir='ltr' id='par_1_25' title="bbox 45 2588 996 2841">
     <span class='ocr_line' id='line_1_61' title="bbox 132 2588 996 2628; baseline 0.002 -8"><span class='ocrx_word' id='word_1_410' title='bbox 132 2588 159 2621; x_wconf 88' lang='grc'>3.</span> <span class='ocrx_word' id='word_1_411' title='bbox 184 2589 275 2628; x_wconf 88' lang='lat' dir='ltr'>Item,</span> <span class='ocrx_word' id='word_1_412' title='bbox 299 2589 353 2622; x_wconf 91' lang='lat' dir='ltr'>Dei</span> <span class='ocrx_word' id='word_1_413' title='bbox 378 2590 496 2622; x_wconf 88' lang='lat' dir='ltr'>iustitia</span> <span class='ocrx_word' id='word_1_414' title='bbox 520 2590 733 2623; x_wconf 82' lang='lat' dir='ltr'>declarabitur</span> <span class='ocrx_word' id='word_1_415' title='bbox 760 2590 798 2622; x_wconf 93' lang='lat' dir='ltr'>ibi</span> <span class='ocrx_word' id='word_1_416' title='bbox 818 2599 941 2622; x_wconf 88' lang='lat' dir='ltr'>summe</span> <span class='ocrx_word' id='word_1_417' title='bbox 966 2595 996 2622; x_wconf 91' lang='lat' dir='ltr'>et</span> 
     </span>
     <span class='ocr_line' id='line_1_62' title="bbox 46 2642 995 2684; baseline 0.002 -12"><span class='ocrx_word' id='word_1_418' title='bbox 46 2645 194 2682; x_wconf 89' lang='lat' dir='ltr'>quantum</span> <span class='ocrx_word' id='word_1_419' title='bbox 219 2642 258 2674; x_wconf 84' lang='lat' dir='ltr'>ad</span> <span class='ocrx_word' id='word_1_420' title='bbox 283 2642 524 2675; x_wconf 88' lang='lat' dir='ltr'>retributionem</span> <span class='ocrx_word' id='word_1_421' title='bbox 549 2642 667 2684; x_wconf 85' lang='lat' dir='ltr'>gloriae</span> <span class='ocrx_word' id='word_1_422' title='bbox 691 2647 721 2675; x_wconf 91' lang='lat' dir='ltr'>et</span> <span class='ocrx_word' id='word_1_423' title='bbox 746 2642 901 2684; x_wconf 61' lang='lat' dir='ltr'>poenaeff:</span> <span class='ocrx_word' id='word_1_424' title='bbox 920 2652 995 2684; x_wconf 85' lang='lat' dir='ltr'>ergo</span> 
     </span>
     <span class='ocr_line' id='line_1_63' title="bbox 46 2694 994 2737; baseline 0.001 -11"><span class='ocrx_word' id='word_1_425' title='bbox 46 2694 154 2726; x_wconf 87' lang='lat' dir='ltr'>merita</span> <span class='ocrx_word' id='word_1_426' title='bbox 184 2695 299 2728; x_wconf 89' lang='lat' dir='ltr'>debent</span> <span class='ocrx_word' id='word_1_427' title='bbox 322 2704 446 2728; x_wconf 88' lang='lat' dir='ltr'>summe</span> <span class='ocrx_word' id='word_1_428' title='bbox 471 2696 644 2734; x_wconf 88' lang='lat' dir='ltr'>declarari;</span> <span class='ocrx_word' id='word_1_429' title='bbox 671 2696 725 2728; x_wconf 87' lang='lat' dir='ltr'>sed</span> <span class='ocrx_word' id='word_1_430' title='bbox 758 2705 820 2728; x_wconf 88' lang='lat' dir='ltr'>non</span> <span class='ocrx_word' id='word_1_431' title='bbox 846 2699 994 2737; x_wconf 77' lang='lat' dir='ltr'>possunt,</span> 
     </span>
     <span class='ocr_line' id='line_1_64' title="bbox 45 2747 993 2781; baseline 0.002 -3"><span class='ocrx_word' id='word_1_432' title='bbox 45 2747 101 2779; x_wconf 88' lang='lat' dir='ltr'>nisi</span> <span class='ocrx_word' id='word_1_433' title='bbox 125 2748 228 2780; x_wconf 89' lang='lat' dir='ltr'>omnia</span> <span class='ocrx_word' id='word_1_434' title='bbox 252 2748 333 2780; x_wconf 90' lang='lat' dir='ltr'>bona</span> <span class='ocrx_word' id='word_1_435' title='bbox 357 2752 388 2780; x_wconf 90' lang='lat' dir='ltr'>et</span> <span class='ocrx_word' id='word_1_436' title='bbox 411 2748 493 2781; x_wconf 86' lang='lat' dir='ltr'>mala</span> <span class='ocrx_word' id='word_1_437' title='bbox 518 2749 558 2781; x_wconf 89' lang='lat' dir='ltr'>ad</span> <span class='ocrx_word' id='word_1_438' title='bbox 577 2749 760 2781; x_wconf 81' lang='lat' dir='ltr'>memoriam</span> <span class='ocrx_word' id='word_1_439' title='bbox 787 2751 993 2780; x_wconf 88' lang='lat' dir='ltr'>revocentur:</span> 
     </span>
     <span class='ocr_line' id='line_1_65' title="bbox 47 2804 194 2841; baseline 0.014 -10"><span class='ocrx_word' id='word_1_440' title='bbox 47 2808 118 2841; x_wconf 83' lang='lat' dir='ltr'>ergo</span> <span class='ocrx_word' id='word_1_441' title='bbox 138 2804 194 2833; x_wconf 89' lang='lat' dir='ltr'>etc.</span> 
     </span>
    </p>

    <p class='ocr_par' dir='ltr' id='par_1_26' title="bbox 131 2853 802 2895">
     <span class='ocr_line' id='line_1_66' title="bbox 131 2853 802 2895; baseline 0 -9"><span class='ocrx_word' id='word_1_442' title='bbox 131 2853 274 2886; x_wconf 77' lang='lat' dir='ltr'>CONTRA:</span> <span class='ocrx_word' id='word_1_443' title='bbox 300 2855 390 2895; x_wconf 87' lang='lat' dir='ltr'>Quod</span> <span class='ocrx_word' id='word_1_444' title='bbox 413 2865 479 2887; x_wconf 78' lang='lat' dir='ltr'>uon</span> <span class='ocrx_word' id='word_1_445' title='bbox 503 2855 634 2893; x_wconf 74' lang='lat' dir='ltr'>omniu,</span> <span class='ocrx_word' id='word_1_446' title='bbox 662 2855 802 2888; x_wconf 87' lang='lat' dir='ltr'>videtur:</span> 
     </span>
    </p>

    <p class='ocr_par' dir='ltr' id='par_1_27' title="bbox 135 2907 995 2948">
     <span class='ocr_line' id='line_1_67' title="bbox 135 2907 995 2948; baseline 0 -10"><span class='ocrx_word' id='word_1_447' title='bbox 135 2908 161 2938; x_wconf 84' lang='grc'>1.</span> <span class='ocrx_word' id='word_1_448' title='bbox 186 2907 265 2948; x_wconf 83' lang='lat' dir='ltr'>Quia</span> <span class='ocrx_word' id='word_1_449' title='bbox 296 2908 337 2939; x_wconf 90' lang='lat' dir='ltr'>ibi</span> <span class='ocrx_word' id='word_1_450' title='bbox 370 2908 430 2940; x_wconf 89' lang='lat' dir='ltr'>erit</span> <span class='ocrx_word' id='word_1_451' title='bbox 459 2911 581 2940; x_wconf 89' lang='lat' dir='ltr'>tantum</span> <span class='ocrx_word' id='word_1_452' title='bbox 617 2908 767 2940; x_wconf 87' lang='lat' dir='ltr'>memoria</span> <span class='ocrx_word' id='word_1_453' title='bbox 798 2916 924 2945; x_wconf 89' lang='lat' dir='ltr'>eorum,</span> <span class='ocrx_word' id='word_1_454' title='bbox 957 2907 995 2939; x_wconf 91' lang='lat' dir='ltr'>de</span> 
     </span>
    </p>

    <p class='ocr_par' dir='ltr' id='par_1_28' title="bbox 0 2959 995 3056">
     <span class='ocr_line' id='line_1_68' title="bbox 0 2959 995 3003; baseline -0.001 -12"><span class='ocrx_word' id='word_1_455' title='bbox 0 2959 159 3000; x_wconf 68' lang='lat' dir='ltr'>osi-quibus</span> <span class='ocrx_word' id='word_1_456' title='bbox 182 2960 242 2992; x_wconf 90' lang='lat' dir='ltr'>erit</span> <span class='ocrx_word' id='word_1_457' title='bbox 258 2961 438 2997; x_wconf 84' lang='lat' dir='ltr'>retributio;</span> <span class='ocrx_word' id='word_1_458' title='bbox 463 2961 516 2993; x_wconf 89' lang='lat' dir='ltr'>sed</span> <span class='ocrx_word' id='word_1_459' title='bbox 535 2970 593 3003; x_wconf 89' lang='lat' dir='ltr'>pro</span> <span class='ocrx_word' id='word_1_460' title='bbox 617 2961 723 2999; x_wconf 84' lang='lat' dir='ltr'>malis,</span> <span class='ocrx_word' id='word_1_461' title='bbox 741 2961 779 2992; x_wconf 91' lang='lat' dir='ltr'>de</span> <span class='ocrx_word' id='word_1_462' title='bbox 804 2960 920 3002; x_wconf 87' lang='lat' dir='ltr'>quibus</span> <span class='ocrx_word' id='word_1_463' title='bbox 937 2959 995 2991; x_wconf 87' lang='lat' dir='ltr'>fuit</span> 
     </span>
     <span class='ocr_line' id='line_1_69' title="bbox 45 3012 995 3056; baseline 0 -12"><span class='ocrx_word' id='word_1_464' title='bbox 45 3012 247 3053; x_wconf 88' lang='lat' dir='ltr'>poenitentia,</span> <span class='ocrx_word' id='word_1_465' title='bbox 272 3023 331 3045; x_wconf 89' lang='lat' dir='ltr'>non</span> <span class='ocrx_word' id='word_1_466' title='bbox 361 3014 567 3052; x_wconf 81' lang='lat' dir='ltr'>retribuetur,</span> <span class='ocrx_word' id='word_1_467' title='bbox 591 3023 649 3056; x_wconf 89' lang='lat' dir='ltr'>pro</span> <span class='ocrx_word' id='word_1_468' title='bbox 680 3014 787 3052; x_wconf 87' lang='lat' dir='ltr'>bonis,</span> <span class='ocrx_word' id='word_1_469' title='bbox 820 3014 849 3045; x_wconf 91' lang='lat' dir='ltr'>in</span> <span class='ocrx_word' id='word_1_470' title='bbox 880 3012 995 3054; x_wconf 88' lang='lat' dir='ltr'>quibus</span> 
     </span>
    </p>
   </div>
   <div class='ocr_carea' id='block_1_13' title="bbox 1060 2009 2016 2621">
    <p class='ocr_par' dir='ltr' id='par_1_29' title="bbox 1065 2009 2015 2103">
     <span class='ocr_line' id='line_1_70' title="bbox 1065 2009 2015 2053; baseline 0.003 -13"><span class='ocrx_word' id='word_1_471' title='bbox 1065 2018 1125 2040; x_wconf 89' lang='lat' dir='ltr'>non</span> <span class='ocrx_word' id='word_1_472' title='bbox 1150 2009 1394 2050; x_wconf 70' lang='lat' dir='ltr'>perseveravit7,</span> <span class='ocrx_word' id='word_1_473' title='bbox 1419 2019 1479 2041; x_wconf 92' lang='lat' dir='ltr'>non</span> <span class='ocrx_word' id='word_1_474' title='bbox 1505 2010 1715 2042; x_wconf 75' lang='lat' dir='ltr'>retribuetur:</span> <span class='ocrx_word' id='word_1_475' title='bbox 1741 2019 1817 2053; x_wconf 86' lang='lat' dir='ltr'>ergo</span> <span class='ocrx_word' id='word_1_476' title='bbox 1850 2011 1922 2043; x_wconf 86' lang='lat' dir='ltr'>talia</span> <span class='ocrx_word' id='word_1_477' title='bbox 1954 2021 2015 2043; x_wconf 86' lang='lat' dir='ltr'>non</span> 
     </span>
     <span class='ocr_line' id='line_1_71' title="bbox 1066 2061 1218 2103; baseline -0.007 -9"><span class='ocrx_word' id='word_1_478' title='bbox 1066 2061 1218 2103; x_wconf 80' lang='lat' dir='ltr'>legentur.</span> 
     </span>
    </p>

    <p class='ocr_par' dir='ltr' id='par_1_30' title="bbox 1062 2114 2016 2359">
     <span class='ocr_line' id='line_1_72' title="bbox 1153 2114 2015 2160; baseline 0.006 -15"><span class='ocrx_word' id='word_1_479' title='bbox 1153 2115 1181 2145; x_wconf 68' lang='grc'>2.</span> <span class='ocrx_word' id='word_1_480' title='bbox 1207 2114 1300 2152; x_wconf 82' lang='lat' dir='ltr'>Item,</span> <span class='ocrx_word' id='word_1_481' title='bbox 1333 2115 1486 2147; x_wconf 84' lang='lat' dir='ltr'>memorIa</span> <span class='ocrx_word' id='word_1_482' title='bbox 1510 2116 1752 2157; x_wconf 85' lang='lat' dir='ltr'>praeteritorum</span> <span class='ocrx_word' id='word_1_483' title='bbox 1788 2116 1942 2149; x_wconf 86' lang='lat' dir='ltr'>bonorum</span> <span class='ocrx_word' id='word_1_484' title='bbox 1967 2127 2015 2160; x_wconf 82' lang='lat' dir='ltr'>ge-</span> 
     </span>
     <span class='ocr_line' id='line_1_73' title="bbox 1063 2167 2014 2211; baseline 0.005 -14"><span class='ocrx_word' id='word_1_485' title='bbox 1063 2170 1154 2198; x_wconf 89' lang='lat' dir='ltr'>nerat</span> <span class='ocrx_word' id='word_1_486' title='bbox 1177 2167 1432 2206; x_wconf 84' lang='lat' dir='ltr'>oblectationem,</span> <span class='ocrx_word' id='word_1_487' title='bbox 1457 2168 1614 2200; x_wconf 86' lang='lat' dir='ltr'>malorum</span> <span class='ocrx_word' id='word_1_488' title='bbox 1631 2169 1815 2201; x_wconf 84' lang='lat' dir='ltr'>horrorem:</span> <span class='ocrx_word' id='word_1_489' title='bbox 1841 2178 1916 2211; x_wconf 82' lang='lat' dir='ltr'>ergo</span> <span class='ocrx_word' id='word_1_490' title='bbox 1940 2171 1964 2202; x_wconf 92' lang='lat' dir='ltr'>si</span> <span class='ocrx_word' id='word_1_491' title='bbox 1984 2171 2014 2202; x_wconf 90' lang='lat' dir='ltr'>in</span> 
     </span>
     <span class='ocr_line' id='line_1_74' title="bbox 1063 2219 2016 2259; baseline 0.005 -9"><span class='ocrx_word' id='word_1_492' title='bbox 1063 2219 1154 2251; x_wconf 91' lang='lat' dir='ltr'>malis</span> <span class='ocrx_word' id='word_1_493' title='bbox 1178 2229 1238 2250; x_wconf 89' lang='lat' dir='ltr'>non</span> <span class='ocrx_word' id='word_1_494' title='bbox 1263 2219 1322 2251; x_wconf 87' lang='lat' dir='ltr'>erit</span> <span class='ocrx_word' id='word_1_495' title='bbox 1347 2220 1528 2259; x_wconf 85' lang='lat' dir='ltr'>delectatio,</span> <span class='ocrx_word' id='word_1_496' title='bbox 1553 2230 1614 2253; x_wconf 91' lang='lat' dir='ltr'>non</span> <span class='ocrx_word' id='word_1_497' title='bbox 1639 2221 1754 2254; x_wconf 88' lang='lat' dir='ltr'>debent</span> <span class='ocrx_word' id='word_1_498' title='bbox 1779 2223 1939 2255; x_wconf 85' lang='lat' dir='ltr'>recordari</span> <span class='ocrx_word' id='word_1_499' title='bbox 1964 2223 2016 2255; x_wconf 92' lang='lat' dir='ltr'>bo-</span> 
     </span>
     <span class='ocr_line' id='line_1_75' title="bbox 1062 2272 2012 2314; baseline 0.003 -10"><span class='ocrx_word' id='word_1_500' title='bbox 1062 2281 1175 2304; x_wconf 90' lang='lat' dir='ltr'>norum</span> <span class='ocrx_word' id='word_1_501' title='bbox 1200 2272 1372 2311; x_wconf 77' lang='lat' dir='ltr'>sactorum3</span> <span class='ocrx_word' id='word_1_502' title='bbox 1397 2276 1428 2305; x_wconf 92' lang='lat' dir='ltr'>et</span> <span class='ocrx_word' id='word_1_503' title='bbox 1451 2273 1475 2305; x_wconf 93' lang='lat' dir='ltr'>si</span> <span class='ocrx_word' id='word_1_504' title='bbox 1502 2273 1531 2305; x_wconf 90' lang='lat' dir='ltr'>in</span> <span class='ocrx_word' id='word_1_505' title='bbox 1556 2274 1646 2306; x_wconf 89' lang='lat' dir='ltr'>bonis</span> <span class='ocrx_word' id='word_1_506' title='bbox 1670 2274 1777 2307; x_wconf 90' lang='lat' dir='ltr'>nullus</span> <span class='ocrx_word' id='word_1_507' title='bbox 1796 2275 1927 2314; x_wconf 85' lang='lat' dir='ltr'>horror,</span> <span class='ocrx_word' id='word_1_508' title='bbox 1952 2284 2012 2307; x_wconf 90' lang='lat' dir='ltr'>non</span> 
     </span>
     <span class='ocr_line' id='line_1_76' title="bbox 1062 2325 1554 2359; baseline 0.004 -2"><span class='ocrx_word' id='word_1_509' title='bbox 1062 2325 1176 2357; x_wconf 89' lang='lat' dir='ltr'>debent</span> <span class='ocrx_word' id='word_1_510' title='bbox 1201 2326 1359 2358; x_wconf 80' lang='lat' dir='ltr'>recordari</span> <span class='ocrx_word' id='word_1_511' title='bbox 1386 2326 1554 2359; x_wconf 90' lang='lat' dir='ltr'>malorum.</span> 
     </span>
    </p>

    <p class='ocr_par' dir='ltr' id='par_1_31' title="bbox 1060 2378 2014 2621">
     <span class='ocr_line' id='line_1_77' title="bbox 1150 2378 2013 2423; baseline 0.006 -14"><span class='ocrx_word' id='word_1_512' title='bbox 1150 2378 1178 2409; x_wconf 80' lang='lat'>3.</span> <span class='ocrx_word' id='word_1_513' title='bbox 1205 2379 1296 2417; x_wconf 79' lang='lat' dir='ltr'>Item,</span> <span class='ocrx_word' id='word_1_514' title='bbox 1322 2379 1374 2410; x_wconf 82' lang='lat' dir='ltr'>illa</span> <span class='ocrx_word' id='word_1_515' title='bbox 1398 2380 1463 2412; x_wconf 89' lang='lat' dir='ltr'>sola</span> <span class='ocrx_word' id='word_1_516' title='bbox 1488 2380 1631 2422; x_wconf 84' lang='lat' dir='ltr'>legentur</span> <span class='ocrx_word' id='word_1_517' title='bbox 1656 2381 1685 2412; x_wconf 93' lang='lat' dir='ltr'>in</span> <span class='ocrx_word' id='word_1_518' title='bbox 1712 2381 1817 2420; x_wconf 86' lang='lat' dir='ltr'>libris,</span> <span class='ocrx_word' id='word_1_519' title='bbox 1842 2391 1922 2423; x_wconf 89' lang='lat' dir='ltr'>quae</span> <span class='ocrx_word' id='word_1_520' title='bbox 1940 2386 2013 2414; x_wconf 87' lang='lat' dir='ltr'>sunt</span> 
     </span>
     <span class='ocr_line' id='line_1_78' title="bbox 1061 2431 2014 2476; baseline 0.005 -14"><span class='ocrx_word' id='word_1_521' title='bbox 1061 2431 1192 2472; x_wconf 79' lang='lat' dir='ltr'>scripta3</span> <span class='ocrx_word' id='word_1_522' title='bbox 1217 2431 1269 2463; x_wconf 82' lang='lat' dir='ltr'>sed</span> <span class='ocrx_word' id='word_1_523' title='bbox 1305 2432 1385 2464; x_wconf 83' lang='lat' dir='ltr'>mala</span> <span class='ocrx_word' id='word_1_524' title='bbox 1417 2433 1572 2465; x_wconf 86' lang='lat' dir='ltr'>bonorum</span> <span class='ocrx_word' id='word_1_525' title='bbox 1605 2433 1707 2466; x_wconf 87' lang='lat' dir='ltr'>deleta</span> <span class='ocrx_word' id='word_1_526' title='bbox 1739 2434 1835 2466; x_wconf 81' lang='lat' dir='ltr'>suntS</span> <span class='ocrx_word' id='word_1_527' title='bbox 1858 2444 1915 2476; x_wconf 90' lang='lat' dir='ltr'>per</span> <span class='ocrx_word' id='word_1_528' title='bbox 1947 2444 2014 2476; x_wconf 83' lang='lat' dir='ltr'>gra-</span> 
     </span>
     <span class='ocr_line' id='line_1_79' title="bbox 1060 2483 2011 2522; baseline 0.004 -7"><span class='ocrx_word' id='word_1_529' title='bbox 1060 2483 1153 2522; x_wconf 86' lang='lat' dir='ltr'>tiam,</span> <span class='ocrx_word' id='word_1_530' title='bbox 1178 2484 1259 2516; x_wconf 85' lang='lat' dir='ltr'>bona</span> <span class='ocrx_word' id='word_1_531' title='bbox 1288 2485 1444 2517; x_wconf 81' lang='lat' dir='ltr'>malorum</span> <span class='ocrx_word' id='word_1_532' title='bbox 1470 2485 1572 2518; x_wconf 84' lang='lat' dir='ltr'>deleta</span> <span class='ocrx_word' id='word_1_533' title='bbox 1602 2490 1674 2519; x_wconf 87' lang='lat' dir='ltr'>sunt</span> <span class='ocrx_word' id='word_1_534' title='bbox 1698 2486 1737 2519; x_wconf 92' lang='lat' dir='ltr'>de</span> <span class='ocrx_word' id='word_1_535' title='bbox 1766 2496 1876 2519; x_wconf 89' lang='lat' dir='ltr'>eorum</span> <span class='ocrx_word' id='word_1_536' title='bbox 1906 2488 2011 2520; x_wconf 86' lang='lat' dir='ltr'>anima</span> 
     </span>
     <span class='ocr_line' id='line_1_80' title="bbox 1060 2537 2012 2580; baseline 0.005 -12"><span class='ocrx_word' id='word_1_537' title='bbox 1060 2545 1116 2578; x_wconf 87' lang='lat' dir='ltr'>per</span> <span class='ocrx_word' id='word_1_538' title='bbox 1141 2537 1283 2579; x_wconf 85' lang='lat' dir='ltr'>culpam:</span> <span class='ocrx_word' id='word_1_539' title='bbox 1309 2547 1384 2579; x_wconf 82' lang='lat' dir='ltr'>ergo</span> <span class='ocrx_word' id='word_1_540' title='bbox 1407 2547 1468 2570; x_wconf 91' lang='lat' dir='ltr'>non</span> <span class='ocrx_word' id='word_1_541' title='bbox 1502 2539 1646 2580; x_wconf 80' lang='lat' dir='ltr'>legentur</span> <span class='ocrx_word' id='word_1_542' title='bbox 1678 2539 1707 2571; x_wconf 92' lang='lat' dir='ltr'>in</span> <span class='ocrx_word' id='word_1_543' title='bbox 1740 2539 1829 2572; x_wconf 89' lang='lat' dir='ltr'>libris</span> <span class='ocrx_word' id='word_1_544' title='bbox 1854 2549 1910 2572; x_wconf 91' lang='lat' dir='ltr'>nec</span> <span class='ocrx_word' id='word_1_545' title='bbox 1935 2541 2012 2573; x_wconf 85' lang='lat' dir='ltr'>haec</span> 
     </span>
     <span class='ocr_line' id='line_1_81' title="bbox 1060 2589 1202 2621; baseline -0.007 0"><span class='ocrx_word' id='word_1_546' title='bbox 1060 2597 1117 2621; x_wconf 90' lang='lat' dir='ltr'>nec</span> <span class='ocrx_word' id='word_1_547' title='bbox 1142 2589 1202 2620; x_wconf 85' lang='lat' dir='ltr'>illa.</span> 
     </span>
    </p>
   </div>
   <div class='ocr_carea' id='block_1_14' title="bbox 1415 2704 1655 2729">
    <p class='ocr_par' dir='ltr' id='par_1_32' title="bbox 1415 2704 1655 2729">
     <span class='ocr_line' id='line_1_82' title="bbox 1415 2704 1655 2729; baseline 0.004 -2"><span class='ocrx_word' id='word_1_548' title='bbox 1415 2704 1655 2729; x_wconf 86' lang='lat' dir='ltr'><strong>CONCLUSIO.</strong></span> 
     </span>
    </p>
   </div>
   <div class='ocr_carea' id='block_1_15' title="bbox 1096 2800 1977 2897">
    <p class='ocr_par' dir='ltr' id='par_1_33' title="bbox 1096 2800 1977 2897">
     <span class='ocr_line' id='line_1_83' title="bbox 1096 2800 1977 2836; baseline 0.005 -5"><span class='ocrx_word' id='word_1_549' title='bbox 1096 2800 1250 2832; x_wconf 80' lang='lat' dir='ltr'>Onmz&#39;um</span> <span class='ocrx_word' id='word_1_550' title='bbox 1274 2801 1470 2832; x_wconf 75' lang='lat' dir='ltr'>meritorum</span> <span class='ocrx_word' id='word_1_551' title='bbox 1495 2801 1557 2833; x_wconf 77' lang='lat' dir='ltr'>erit</span> <span class='ocrx_word' id='word_1_552' title='bbox 1582 2802 1616 2833; x_wconf 73' lang='lat' dir='ltr'>iu</span> <span class='ocrx_word' id='word_1_553' title='bbox 1641 2801 1736 2834; x_wconf 65' lang='lat' dir='ltr'>tibris</span> <span class='ocrx_word' id='word_1_554' title='bbox 1760 2803 1977 2836; x_wconf 67' lang='lat' dir='ltr'>conscienciae</span> 
     </span>
     <span class='ocr_line' id='line_1_84' title="bbox 1327 2853 1743 2897; baseline 0.005 -12"><span class='ocrx_word' id='word_1_555' title='bbox 1327 2853 1417 2885; x_wconf 73' lang='lat' dir='ltr'>lectio</span> <span class='ocrx_word' id='word_1_556' title='bbox 1448 2858 1545 2897; x_wconf 74' lang='lat' dir='ltr'>utque</span> <span class='ocrx_word' id='word_1_557' title='bbox 1572 2855 1743 2887; x_wconf 74' lang='lat' dir='ltr'>memoria.</span> 
     </span>
    </p>
   </div>
   <div class='ocr_carea' id='block_1_16' title="bbox 1059 2959 2148 3056">
    <p class='ocr_par' dir='ltr' id='par_1_34' title="bbox 1059 2959 2148 3056">
     <span class='ocr_line' id='line_1_85' title="bbox 1149 2959 2148 3002; baseline 0.004 -12"><span class='ocrx_word' id='word_1_558' title='bbox 1149 2959 1350 2991; x_wconf 74' lang='lat' dir='ltr'>RESPONDEOt</span> <span class='ocrx_word' id='word_1_559' title='bbox 1376 2959 1567 2998; x_wconf 84' lang='lat' dir='ltr'>Dicendum,</span> <span class='ocrx_word' id='word_1_560' title='bbox 1599 2960 1683 3002; x_wconf 88' lang='lat' dir='ltr'>quod</span> <span class='ocrx_word' id='word_1_561' title='bbox 1716 2961 1857 2994; x_wconf 92' lang='lat' dir='ltr'>omnium</span> <span class='ocrx_word' id='word_1_562' title='bbox 1887 2962 2010 2994; x_wconf 79' lang='lat' dir='ltr'>merito·</span> <span class='ocrx_word' id='word_1_563' title='bbox 2029 2977 2148 3001; x_wconf 54' lang='lat' dir='ltr'>Conclusio,</span> 
     </span>
     <span class='ocr_line' id='line_1_86' title="bbox 1059 3012 2011 3056; baseline 0.004 -12"><span class='ocrx_word' id='word_1_564' title='bbox 1059 3021 1129 3044; x_wconf 90' lang='lat' dir='ltr'>rum</span> <span class='ocrx_word' id='word_1_565' title='bbox 1163 3012 1223 3044; x_wconf 87' lang='lat' dir='ltr'>erit</span> <span class='ocrx_word' id='word_1_566' title='bbox 1254 3012 1294 3044; x_wconf 88' lang='lat' dir='ltr'>ibi</span> <span class='ocrx_word' id='word_1_567' title='bbox 1328 3013 1419 3045; x_wconf 88' lang='lat' dir='ltr'>lectio</span> <span class='ocrx_word' id='word_1_568' title='bbox 1451 3017 1480 3045; x_wconf 88' lang='lat' dir='ltr'>et</span> <span class='ocrx_word' id='word_1_569' title='bbox 1517 3014 1690 3046; x_wconf 84' lang='lat' dir='ltr'>memoria:</span> <span class='ocrx_word' id='word_1_570' title='bbox 1716 3015 1806 3056; x_wconf 83' lang='lat' dir='ltr'>quia,</span> <span class='ocrx_word' id='word_1_571' title='bbox 1831 3015 1911 3048; x_wconf 87' lang='lat' dir='ltr'>sicut</span> <span class='ocrx_word' id='word_1_572' title='bbox 1936 3015 2011 3048; x_wconf 88' lang='lat' dir='ltr'>dicit</span> 
     </span>
    </p>
   </div>
   <div class='ocr_carea' id='block_1_17' title="bbox 734 3106 1317 3110">
    <p class='ocr_par' dir='ltr' id='par_1_35' title="bbox 734 3106 1317 3110">
     <span class='ocr_line' id='line_1_87' title="bbox 734 3106 1317 3110; baseline 0 0"><span class='ocrx_word' id='word_1_573' title='bbox 734 3106 1317 3110; x_wconf 95' lang='lat' dir='ltr'> </span> 
     </span>
    </p>
   </div>
   <div class='ocr_carea' id='block_1_18' title="bbox 43 3162 993 3416">
    <p class='ocr_par' dir='ltr' id='par_1_36' title="bbox 43 3162 993 3285">
     <span class='ocr_line' id='line_1_88' title="bbox 113 3162 993 3196; baseline 0 -8"><span class='ocrx_word' id='word_1_574' title='bbox 113 3162 122 3178; x_wconf 88' lang='lat'>¹</span> <span class='ocrx_word' id='word_1_575' title='bbox 141 3163 204 3189; x_wconf 90' lang='lat' dir='ltr'>Edd.</span> <span class='ocrx_word' id='word_1_576' title='bbox 224 3164 323 3190; x_wconf 82' lang='lat' dir='ltr'>addunt</span> <span class='ocrx_word' id='word_1_577' title='bbox 337 3166 361 3191; x_wconf 75' lang='lat' dir='ltr'>et</span> <span class='ocrx_word' id='word_1_578' title='bbox 373 3164 501 3191; x_wconf 70' lang='lat' dir='ltr'>demerita</span> <span class='ocrx_word' id='word_1_579' title='bbox 521 3164 713 3196; x_wconf 77' lang='lat' dir='ltr'>refragantibus</span> <span class='ocrx_word' id='word_1_580' title='bbox 727 3164 817 3195; x_wconf 82' lang='lat' dir='ltr'>codd.;</span> <span class='ocrx_word' id='word_1_581' title='bbox 833 3165 891 3189; x_wconf 82' lang='lat' dir='ltr'>binc</span> <span class='ocrx_word' id='word_1_582' title='bbox 905 3165 993 3189; x_wconf 87' lang='lat' dir='ltr'>imme-</span> 
     </span>
     <span class='ocr_line' id='line_1_89' title="bbox 46 3203 993 3241; baseline 0.003 -12"><span class='ocrx_word' id='word_1_583' title='bbox 46 3203 110 3231; x_wconf 84' lang='lat' dir='ltr'>diate</span> <span class='ocrx_word' id='word_1_584' title='bbox 127 3210 184 3237; x_wconf 85' lang='lat' dir='ltr'>post</span> <span class='ocrx_word' id='word_1_585' title='bbox 203 3214 250 3239; x_wconf 86' lang='lat' dir='ltr'>pro</span> <span class='ocrx_word' id='word_1_586' title='bbox 269 3209 295 3234; x_wconf 81' lang='lat' dir='ltr'>et</span> <span class='ocrx_word' id='word_1_587' title='bbox 321 3208 418 3234; x_wconf 82' lang='lat' dir='ltr'>merita</span> <span class='ocrx_word' id='word_1_588' title='bbox 446 3209 503 3234; x_wconf 87' lang='lat' dir='ltr'>cod.</span> <span class='ocrx_word' id='word_1_589' title='bbox 523 3210 542 3233; x_wconf 83' lang='lat' dir='ltr'>A</span> <span class='ocrx_word' id='word_1_590' title='bbox 564 3208 694 3234; x_wconf 85' lang='lat' dir='ltr'>substituit</span> <span class='ocrx_word' id='word_1_591' title='bbox 714 3215 789 3241; x_wconf 80' lang='lat' dir='ltr'>quae.</span> <span class='ocrx_word' id='word_1_592' title='bbox 810 3207 925 3232; x_wconf 83' lang='lat' dir='ltr'>Subinde</span> <span class='ocrx_word' id='word_1_593' title='bbox 945 3214 993 3239; x_wconf 89' lang='lat' dir='ltr'>pro</span> 
     </span>
     <span class='ocr_line' id='line_1_90' title="bbox 43 3249 957 3285; baseline 0.002 -11"><span class='ocrx_word' id='word_1_594' title='bbox 43 3249 204 3280; x_wconf 79' lang='lat' dir='ltr'>pensandam</span> <span class='ocrx_word' id='word_1_595' title='bbox 223 3251 282 3277; x_wconf 87' lang='lat' dir='ltr'>edd.</span> <span class='ocrx_word' id='word_1_596' title='bbox 302 3255 327 3277; x_wconf 90' lang='lat' dir='ltr'>et</span> <span class='ocrx_word' id='word_1_597' title='bbox 346 3253 461 3278; x_wconf 90' lang='lat' dir='ltr'>nonnulli</span> <span class='ocrx_word' id='word_1_598' title='bbox 481 3253 558 3278; x_wconf 87' lang='lat' dir='ltr'>codd.</span> <span class='ocrx_word' id='word_1_599' title='bbox 578 3259 719 3285; x_wconf 80' lang='lat' dir='ltr'>perperam</span> <span class='ocrx_word' id='word_1_600' title='bbox 739 3250 957 3284; x_wconf 72' lang='lat' dir='ltr'>dispensandam.</span> 
     </span>
    </p>

    <p class='ocr_par' dir='ltr' id='par_1_37' title="bbox 47 3293 991 3370">
     <span class='ocr_line' id='line_1_91' title="bbox 112 3293 991 3329; baseline 0.001 -10"><span class='ocrx_word' id='word_1_601' title='bbox 112 3293 123 3309; x_wconf 79' lang='lat'>²</span> <span class='ocrx_word' id='word_1_602' title='bbox 141 3295 206 3320; x_wconf 84' lang='lat' dir='ltr'>Vide</span> <span class='ocrx_word' id='word_1_603' title='bbox 224 3295 263 3321; x_wconf 90' lang='lat' dir='ltr'>Du</span> <span class='ocrx_word' id='word_1_604' title='bbox 283 3295 386 3329; x_wconf 81' lang='lat' dir='ltr'>Gange,</span> <span class='ocrx_word' id='word_1_605' title='bbox 408 3297 567 3322; x_wconf 83' lang='lat' dir='ltr'>Glossarium</span> <span class='ocrx_word' id='word_1_606' title='bbox 587 3300 644 3328; x_wconf 69' lang='lat' dir='ltr'>ete,</span> <span class='ocrx_word' id='word_1_607' title='bbox 667 3295 711 3321; x_wconf 91' lang='lat' dir='ltr'>ubi</span> <span class='ocrx_word' id='word_1_608' title='bbox 736 3295 826 3320; x_wconf 84' lang='lat' dir='ltr'>eadem</span> <span class='ocrx_word' id='word_1_609' title='bbox 854 3296 930 3320; x_wconf 82' lang='lat' dir='ltr'>buius</span> <span class='ocrx_word' id='word_1_610' title='bbox 950 3302 991 3320; x_wconf 73' lang='lat' dir='ltr'>vo-</span> 
     </span>
     <span class='ocr_line' id='line_1_92' title="bbox 47 3335 383 3370; baseline 0.018 -10"><span class='ocrx_word' id='word_1_611' title='bbox 47 3335 127 3362; x_wconf 85' lang='lat' dir='ltr'>cabuli</span> <span class='ocrx_word' id='word_1_612' title='bbox 147 3339 280 3370; x_wconf 84' lang='lat' dir='ltr'>explicatio</span> <span class='ocrx_word' id='word_1_613' title='bbox 300 3340 383 3366; x_wconf 86' lang='lat' dir='ltr'>datur.</span> 
     </span>
    </p>

    <p class='ocr_par' dir='ltr' id='par_1_38' title="bbox 113 3381 774 3416">
     <span class='ocr_line' id='line_1_93' title="bbox 113 3381 774 3416; baseline 0.002 -9"><span class='ocrx_word' id='word_1_614' title='bbox 113 3381 124 3398; x_wconf 76' lang='lat'><strong>3</strong></span> <span class='ocrx_word' id='word_1_615' title='bbox 144 3383 208 3408; x_wconf 89' lang='lat' dir='ltr'>Vide</span> <span class='ocrx_word' id='word_1_616' title='bbox 227 3385 341 3410; x_wconf 87' lang='lat' dir='ltr'>scholion</span> <span class='ocrx_word' id='word_1_617' title='bbox 362 3385 394 3410; x_wconf 87' lang='lat' dir='ltr'>ad</span> <span class='ocrx_word' id='word_1_618' title='bbox 416 3386 438 3410; x_wconf 79' lang='lat' dir='ltr'>l.</span> <span class='ocrx_word' id='word_1_619' title='bbox 459 3385 536 3410; x_wconf 85' lang='lat' dir='ltr'>huius</span> <span class='ocrx_word' id='word_1_620' title='bbox 555 3384 655 3410; x_wconf 85' lang='lat' dir='ltr'>articuli</span> <span class='ocrx_word' id='word_1_621' title='bbox 676 3387 774 3416; x_wconf 83' lang='lat' dir='ltr'>quaest.</span> 
     </span>
    </p>
   </div>
   <div class='ocr_carea' id='block_1_19' title="bbox 1025 2008 1033 3413">
    <p class='ocr_par' dir='ltr' id='par_1_39' title="bbox 1025 2008 1033 3413">
     <span class='ocr_line' id='line_1_94' title="bbox 1025 2008 1033 3413; baseline 0 0"><span class='ocrx_word' id='word_1_622' title='bbox 1025 2008 1033 3413; x_wconf 95' lang='lat' dir='ltr'> </span> 
     </span>
    </p>
   </div>
   <div class='ocr_carea' id='block_1_20' title="bbox 1058 3162 2013 3413">
    <p class='ocr_par' dir='ltr' id='par_1_40' title="bbox 1058 3162 2010 3241">
     <span class='ocr_line' id='line_1_95' title="bbox 1126 3162 2010 3199; baseline 0.003 -11"><span class='ocrx_word' id='word_1_623' title='bbox 1126 3162 1136 3179; x_wconf 80' lang='lat'><strong><em>⁴</em></strong></span> <span class='ocrx_word' id='word_1_624' title='bbox 1157 3163 1219 3188; x_wconf 86' lang='lat' dir='ltr'>Edd.</span> <span class='ocrx_word' id='word_1_625' title='bbox 1241 3163 1365 3196; x_wconf 75' lang='lat' dir='ltr'>tertium‚·</span> <span class='ocrx_word' id='word_1_626' title='bbox 1384 3164 1429 3189; x_wconf 79' lang='lat' dir='ltr'>sed</span> <span class='ocrx_word' id='word_1_627' title='bbox 1449 3164 1510 3189; x_wconf 68' lang='lat' dir='ltr'>vide</span> <span class='ocrx_word' id='word_1_628' title='bbox 1529 3171 1607 3196; x_wconf 82' lang='lat' dir='ltr'>supra</span> <span class='ocrx_word' id='word_1_629' title='bbox 1628 3164 1760 3190; x_wconf 82' lang='lat' dir='ltr'>rubricam</span> <span class='ocrx_word' id='word_1_630' title='bbox 1779 3166 1885 3191; x_wconf 82' lang='lat' dir='ltr'>secundi</span> <span class='ocrx_word' id='word_1_631' title='bbox 1911 3169 1966 3199; x_wconf 71' lang='lat' dir='ltr'>art.y</span> <span class='ocrx_word' id='word_1_632' title='bbox 1987 3168 2010 3191; x_wconf 91' lang='lat' dir='ltr'>in</span> 
     </span>
     <span class='ocr_line' id='line_1_96' title="bbox 1058 3207 1727 3241; baseline 0.003 -9"><span class='ocrx_word' id='word_1_633' title='bbox 1058 3215 1108 3240; x_wconf 88' lang='lat' dir='ltr'>qua</span> <span class='ocrx_word' id='word_1_634' title='bbox 1128 3207 1262 3233; x_wconf 78' lang='lat' dir='ltr'>exhibetur</span> <span class='ocrx_word' id='word_1_635' title='bbox 1282 3210 1404 3240; x_wconf 82' lang='lat' dir='ltr'>tanquam</span> <span class='ocrx_word' id='word_1_636' title='bbox 1424 3209 1536 3233; x_wconf 83' lang='lat' dir='ltr'>secunda</span> <span class='ocrx_word' id='word_1_637' title='bbox 1558 3216 1619 3240; x_wconf 83' lang='lat' dir='ltr'>pars</span> <span class='ocrx_word' id='word_1_638' title='bbox 1638 3210 1727 3241; x_wconf 82' lang='lat' dir='ltr'>ipsius.</span> 
     </span>
    </p>

    <p class='ocr_par' dir='ltr' id='par_1_41' title="bbox 1128 3251 1630 3285">
     <span class='ocr_line' id='line_1_97' title="bbox 1128 3251 1630 3285; baseline 0.004 -9"><span class='ocrx_word' id='word_1_639' title='bbox 1128 3251 1139 3268; x_wconf 82' lang='lat'><strong>⁵</strong></span> <span class='ocrx_word' id='word_1_640' title='bbox 1158 3251 1220 3283; x_wconf 86' lang='lat' dir='ltr'>Cap.</span> <span class='ocrx_word' id='word_1_641' title='bbox 1242 3251 1282 3276; x_wconf 64' lang='lat' dir='ltr'>lli.</span> <span class='ocrx_word' id='word_1_642' title='bbox 1303 3251 1353 3277; x_wconf 87' lang='lat' dir='ltr'>Csr.</span> <span class='ocrx_word' id='word_1_643' title='bbox 1373 3259 1451 3283; x_wconf 80' lang='lat' dir='ltr'>supra</span> <span class='ocrx_word' id='word_1_644' title='bbox 1472 3259 1494 3277; x_wconf 84' lang='lat' dir='ltr'>a.</span> <span class='ocrx_word' id='word_1_645' title='bbox 1516 3253 1538 3277; x_wconf 74' lang='lat'>2.</span> <span class='ocrx_word' id='word_1_646' title='bbox 1560 3260 1584 3285; x_wconf 83' lang='lat' dir='ltr'>q.</span> <span class='ocrx_word' id='word_1_647' title='bbox 1610 3254 1630 3278; x_wconf 91' lang='grc'>1.</span> 
     </span>
    </p>

    <p class='ocr_par' dir='ltr' id='par_1_42' title="bbox 1128 3295 1821 3330">
     <span class='ocr_line' id='line_1_98' title="bbox 1128 3295 1821 3330; baseline 0.006 -11"><span class='ocrx_word' id='word_1_648' title='bbox 1128 3295 1139 3311; x_wconf 75' lang='grc'>6</span> <span class='ocrx_word' id='word_1_649' title='bbox 1158 3295 1208 3320; x_wconf 79' lang='lat' dir='ltr'>Cfr.</span> <span class='ocrx_word' id='word_1_650' title='bbox 1229 3296 1313 3320; x_wconf 69' lang='lat' dir='ltr'>Malui.</span> <span class='ocrx_word' id='word_1_651' title='bbox 1334 3295 1380 3327; x_wconf 80' lang='lat'>25,</span> <span class='ocrx_word' id='word_1_652' title='bbox 1402 3296 1443 3321; x_wconf 87' lang='grc'>31.</span> <span class='ocrx_word' id='word_1_653' title='bbox 1463 3303 1536 3329; x_wconf 83' lang='lat' dir='ltr'>seqq.</span> <span class='ocrx_word' id='word_1_654' title='bbox 1556 3300 1581 3322; x_wconf 87' lang='lat' dir='ltr'>et</span> <span class='ocrx_word' id='word_1_655' title='bbox 1601 3297 1626 3322; x_wconf 94' lang='lat' dir='ltr'>Il.</span> <span class='ocrx_word' id='word_1_656' title='bbox 1646 3296 1704 3323; x_wconf 92' lang='lat' dir='ltr'>Cor.</span> <span class='ocrx_word' id='word_1_657' title='bbox 1725 3298 1755 3330; x_wconf 81' lang='lat'>5,</span> <span class='ocrx_word' id='word_1_658' title='bbox 1783 3299 1821 3323; x_wconf 89' lang='grc'>10.</span> 
     </span>
    </p>

    <p class='ocr_par' dir='ltr' id='par_1_43' title="bbox 1058 3339 2013 3413">
     <span class='ocr_line' id='line_1_99' title="bbox 1129 3339 2013 3375; baseline 0.006 -11"><span class='ocrx_word' id='word_1_659' title='bbox 1129 3339 1139 3356; x_wconf 86' lang='grc'>7</span> <span class='ocrx_word' id='word_1_660' title='bbox 1159 3340 1270 3371; x_wconf 72' lang='lat' dir='ltr'>supple:</span> <span class='ocrx_word' id='word_1_661' title='bbox 1284 3339 1399 3373; x_wconf 74' lang='lat' dir='ltr'>uliquis;</span> <span class='ocrx_word' id='word_1_662' title='bbox 1412 3340 1473 3366; x_wconf 85' lang='lat' dir='ltr'>cdd.</span> <span class='ocrx_word' id='word_1_663' title='bbox 1487 3343 1726 3374; x_wconf 73' lang='lat' dir='ltr'>perseveraverunt</span> <span class='ocrx_word' id='word_1_664' title='bbox 1739 3341 1813 3375; x_wconf 81' lang='lat' dir='ltr'>mali,</span> <span class='ocrx_word' id='word_1_665' title='bbox 1828 3342 1884 3368; x_wconf 80' lang='lat' dir='ltr'>Vat.</span> <span class='ocrx_word' id='word_1_666' title='bbox 1899 3347 1957 3374; x_wconf 86' lang='lat' dir='ltr'>post</span> <span class='ocrx_word' id='word_1_667' title='bbox 1971 3342 2013 3369; x_wconf 85' lang='lat' dir='ltr'>bo·</span> 
     </span>
     <span class='ocr_line' id='line_1_100' title="bbox 1058 3383 2011 3413; baseline 0.005 -5"><span class='ocrx_word' id='word_1_668' title='bbox 1058 3383 1100 3409; x_wconf 76' lang='lat' dir='ltr'>nis</span> <span class='ocrx_word' id='word_1_669' title='bbox 1119 3383 1190 3408; x_wconf 81' lang='lat' dir='ltr'>addit</span> <span class='ocrx_word' id='word_1_670' title='bbox 1209 3383 1296 3409; x_wconf 77' lang='lat' dir='ltr'>etium.</span> <span class='ocrx_word' id='word_1_671' title='bbox 1555 3384 1565 3401; x_wconf 78' lang='lat'>⁸</span> <span class='ocrx_word' id='word_1_672' title='bbox 1584 3385 1640 3411; x_wconf 83' lang='lat' dir='ltr'>Vat.</span> <span class='ocrx_word' id='word_1_673' title='bbox 1662 3386 1733 3411; x_wconf 83' lang='lat' dir='ltr'>addit</span> <span class='ocrx_word' id='word_1_674' title='bbox 1752 3385 1783 3412; x_wconf 85' lang='lat' dir='ltr'>de</span> <span class='ocrx_word' id='word_1_675' title='bbox 1802 3393 1895 3412; x_wconf 82' lang='lat' dir='ltr'>eorum</span> <span class='ocrx_word' id='word_1_676' title='bbox 1910 3386 2011 3413; x_wconf 65' lang='lat' dir='ltr'>anima.</span> 
     </span>
    </p>
   </div>
  </div>
 </body>
</html>
