2483 3882
0 1236 79 1256 menta.

0 2547 72 2574 rpposi-

742 245 834 277 DIST.
859 245 890 276 L.
915 245 944 276 P.
970 244 989 276 Ι.
1014 245 1096 277 ART.
1121 245 1141 276 Ι.
1166 245 1318 286 ΩΠΑΕΞΤ.
1343 245 1388 277 Ill.

84 340 162 373 quae
186 334 233 363 est
256 339 312 372 per
337 332 465 363 modum
492 331 665 370 desiderii,
690 341 750 364 non
773 332 811 364 de
828 341 864 364 ea
888 341 968 373 quae
984 336 1031 364 est

83 392 139 425 per
163 383 290 415 modum
316 382 427 424 suque.

173 435 201 467 3.
226 435 269 467 Ad
294 435 372 467 illud
406 436 490 477 quod
521 436 676 475 obiicitur,
701 437 784 479 quod
818 440 930 469 natura
955 438 1032 470 desi-

85 487 173 518 derat
197 495 321 528 semper
345 496 433 525 esse;
459 488 645 526 dicendum,
670 488 753 529 quod
779 497 890 521 verum
914 492 977 528 est,
1002 492 1032 521 et

84 539 176 571 etiam
203 539 281 571 ratio
305 543 410 577 recta;
436 543 539 572 tamen
563 544 676 572 natura
702 541 799 582 magis
824 542 939 583 refugit
962 550 1032 583 poe-

83 600 154 623 nam
179 595 338 623 aeternam
363 601 457 633 quam
482 597 742 625 momentaneam.

170 643 200 674 [ι.
224 643 267 674 Ad
293 643 369 675 illud
395 644 479 684 quod
504 644 661 683 obiicitur,
685 645 769 686 quod
793 645 894 677 maius
911 645 1030 677 malum

1961 245 2042 278 1039

1094 337 1158 371 est,
1176 332 1259 374 quod
1277 333 1376 374 magis
1392 332 1502 365 adimit
1516 345 1523 369 ς
1540 333 1707 365 dicendum
1719 358 1727 372 ,
1748 333 1832 374 quod
1849 333 1961 365 maius
1977 342 2045 365 ma·
2061 341 2180 363 Distinetio.

1095 384 1164 416 lum
1186 385 1354 426 dupliciter
1377 389 1440 424 est,
1472 386 1589 418 scilicet
1620 386 1780 418 extensive
1813 389 1843 418 et
1876 386 2044 424 intensive,

1095 441 1125 469 et
1149 437 1292 469 similiter
1313 437 1422 479 mayis
1438 438 1601 475 adimere;
1625 442 1655 470 et
1678 441 1791 470 natura
1817 439 1915 479 magis
1931 437 2046 479 refugit

1095 498 1220 530 semper
1243 498 1311 522 esse
1336 490 1365 521 in
1390 490 1569 522 omnimoda
1594 491 1719 523 miseria
1743 499 1836 532 quam
1863 490 1946 522 omni
1964 490 2045 522 bono

1095 541 1235 583 privari3
1259 541 1339 573 sicut
1362 541 1543 583 frequenter
1568 542 1607 574 de
1631 551 1682 581 re,
1700 552 1794 584 quam
1813 542 1947 575 multum
1965 551 2047 574 ama-

1096 601 1183 632 mus,
1208 593 1402 625 maluimus¹
1430 593 1514 625 illam
1543 603 1603 625 non
1638 594 1771 633 habere,
1796 603 1891 636 quam
1916 598 2046 636 propter

1094 645 1179 677 illam
1205 646 1337 678 induere
1361 646 1569 679 conditionem
1594 647 1740 679 servilem
1755 647 1776 679 ².

939 795 1121 836 QUAESTIO
1146 796 1190 827 tlt.

189 889 305 921 Utrum
330 890 483 922 danmatz'
505 890 653 929 mallent,
679 901 788 923 omnes
812 901 878 923 esse
902 891 1088 929 damnatos,
1113 901 1214 934 quam
1237 893 1398 935 quosdam
1423 893 1610 931 damnatos,
1635 895 1795 936 quosdam
1821 894 1938 926 beatos.

173 1013 276 1045 Tertio
293 1014 467 1054 quaeritur,
484 1018 592 1046 utrum
611 1014 748 1047 damnati
768 1015 909 1053 mallent,
927 1024 1034 1047 omnes

85 1074 152 1098 esse
176 1065 356 1104 damnatos,
381 1075 474 1107 quam
501 1067 653 1107 quosdam
679 1069 856 1106 damnatos,
881 1068 1033 1108 quosdam

85 1118 200 1150 beatos.
220 1118 254 1149 Et
275 1118 357 1159 quod
378 1119 506 1151 mallent
522 1128 630 1151 omnes
651 1119 824 1158 damnatos,
841 1120 1034 1152 ostenditur:

177 1171 203 1201 1.
237 1171 338 1202 Primo
366 1179 422 1211 per
446 1171 524 1203 illud
558 1171 640 1212 quod
666 1172 876 1203 communiter
908 1181 1035 1204 consue-

87 1224 130 1256 vit
154 1223 212 1255 dici
228 1223 256 1254 ⁸:
288 1235 303 1252 «
323 1223 474 1255 Solatium
498 1227 545 1256 est
561 1224 684 1256 miseris
709 1224 807 1256 socios
825 1224 941 1256 habere
966 1233 1035 1266 poe-

86 1285 198 1308 narum
216 1288 246 1306 ».

174 1330 203 1360 ⁶2.
227 1328 320 1366 Item,
354 1328 411 1360 boc
444 1328 619 1360 ostenditur
650 1337 706 1369 per
737 1328 814 1360 illud
847 1329 931 1370 quod
963 1329 1036 1361 dici-

88 1385 137 1413 tur
162 1381 257 1413 Isaiae
282 1380 402 1412 decimo
426 1381 581 1422 quarto⁴z
608 1380 837 1412 Surrexerum
864 1381 902 1412 de
924 1381 1036 1419 soliis;

85 1431 205 1466 Glos'sa:
230 1433 403 1465 «Solatium
422 1437 469 1465 est
492 1433 647 1465 malorum
666 1433 782 1465 multos
803 1434 902 1465 socios
920 1433 1036 1466 habere

85 1494 257 1527 poenarum
277 1498 305 1516 ».

174 1538 202 1570 3.
217 1539 307 1577 Item,
324 1539 533 1579 Augustinus,
547 1539 586 1571 de
604 1538 837 1570 Catecliizandis
855 1539 996 1571 Rudibus
1010 1539 1034 1571 ⁵:
1067 1539 1069 1549 '

91 1592 235 1623 «Cautus
259 1595 338 1630 esto,
365 1600 402 1623 ne
426 1591 480 1623 tibi
499 1591 626 1624 aliunde
650 1591 748 1623 hostis
772 1591 939 1632 subrepat,
963 1592 1037 1633 quia

86 1644 229 1677 solatium
255 1644 587 1676 malevolentissimum
605 1653 680 1676 suae
693 1644 862 1676 voluntatis
883 1653 954 1676 cum
972 1645 1037 1686 qui-

86 1697 145 1729 bus
167 1697 334 1729 damnetur
356 1697 485 1738 inquirit
501 1709 529 1728 »ς
549 1706 623 1738 ergo
653 1697 730 1729 illud
750 1701 796 1729 est
812 1697 957 1729 solatium
975 1706 1037 1728 ma-

87 1749 206 1781 lorum:
233 1749 256 1780 si
282 1757 357 1789 ergo
380 1748 435 1789 ipsi
462 1753 619 1789 quaerunt
639 1753 670 1781 et
694 1749 873 1781 desiderant
890 1749 972 1790 quod
991 1752 1037 1781 est

87 1802 126 1833 ad
152 1801 317 1839 solatium,
342 1805 426 1842 patet
450 1806 507 1833 etc.

174 1854 204 1885 lt.
223 1853 311 1891 Item,
337 1854 464 1885 ratione
487 1855 628 1886 videtur:
655 1854 728 1895 quia
746 1854 862 1886 invidia
879 1853 979 1895 surgit
995 1862 1035 1885 ex

85 1906 210 1938 defectu
232 1906 370 1938 caritatis
387 1909 417 1937 et
440 1915 547 1938 amore
565 1905 682 1947 proprii
708 1905 779 1937 boni
796 1905 822 1944 ὃς
846 1905 898 1937 sed
916 1909 1038 1937 utrum-

86 1967 147 2001 que
172 1959 202 1990 in
227 1959 383 1990 damnatis
407 1963 472 1990 est:
498 1967 573 1999 ergo
604 1962 651 1990 est
675 1958 705 1989 in
730 1958 775 1990 eis
798 1958 938 1989 maxima
962 1957 1037 1989 invi-

86 2011 154 2043 dia:
179 2020 253 2052 ergo
286 2012 310 2043 si
344 2011 469 2043 invidus
498 2011 620 2043 nullum
654 2011 748 2043 vellet
779 2011 886 2043 videre
918 2011 1036 2042 bonum

85 2072 141 2096 nec
159 2063 302 2095 beatum:
328 2072 402 2104 ergo
426 2063 565 2095 damnati
582 2063 716 2102 vellent,
741 2063 824 2105 quod
849 2072 957 2095 omnes
974 2072 1037 2095 una

85 2126 158 2149 cum
182 2116 226 2148 eis
250 2120 353 2148 essent
377 2116 515 2148 damnati
541 2116 654 2157 magis,
679 2125 773 2157 quam
798 2116 881 2157 quod
907 2116 1035 2157 quidam

85 2174 188 2202 essent
212 2169 368 2207 damnati,
393 2169 520 2210 quidam
547 2169 638 2201 beati.

175 2224 203 2254 5.
229 2223 321 2259 Item,
346 2223 446 2254 Sancti
472 2225 502 2254 et
527 2222 665 2254 damnati
690 2222 728 2254 ad
762 2221 894 2254 invicem
921 2221 1036 2253 inimici

86 2280 175 2314 sunt,
200 2270 328 2316 propter
353 2275 411 2307 hoc
440 2275 524 2316 quod
549 2275 686 2307 damnati
712 2278 786 2307 sunt
810 2275 924 2307 inimici
959 2275 1035 2306 Dei:

86 2337 161 2369 ergo
183 2327 256 2360 vcum
282 2328 419 2360 damnati
438 2337 497 2360 non
523 2328 654 2369 diligant
670 2328 828 2366 inimicos,
854 2327 907 2359 sed
932 2327 1037 2369 potius

87 2380 207 2418 odiant,
233 2385 263 2412 et
287 2381 339 2421 qui
365 2380 430 2412 odit
449 2381 545 2412 alium
572 2380 679 2412 mallet
696 2379 798 2421 ipsum
825 2379 932 2411 videre
950 2380 1038 2412 mise-

88 2442 158 2465 rum
184 2442 277 2474 quam
304 2433 449 2472 beatum,
474 2442 548 2475 ergo
572 2437 630 2465 etc.

175 2485 317 2517 CONTRA:
347 2487 372 2517 l.
398 2486 498 2517 Lucae
523 2485 644 2517 decimo
669 2488 758 2517 sexto
773 2485 782 2499 ⁷
808 2485 923 2516 dicitur
939 2484 978 2516 de
995 2484 1038 2515 di-

87 2538 166 2577 vite,
189 2538 271 2579 quod
299 2539 428 2579 rogabat
452 2547 508 2579 pro
532 2538 702 2576 fratribus,
725 2546 763 2569 ne
789 2538 930 2569 venirent
947 2537 980 2568 z'n
998 2536 1038 2568 to-

87 2600 162 2622 cttm
188 2594 441 2622 tormentorum:
459 2599 534 2631 ergo
555 2599 625 2622 cum
644 2590 783 2622 damnati
808 2590 943 2621 babeant
961 2589 1038 2620 mul-

87 2646 134 2675 tos
151 2643 397 2684 consanguineos
415 2643 443 2674 in
470 2643 569 2681 caelo,
587 2652 661 2684 ergo
686 2643 828 2680 mallent,
845 2651 898 2674 eos
922 2650 989 2673 esse
1008 2641 1037 2672 in

88 2695 172 2728 caelo
196 2704 291 2737 quam
316 2696 345 2727 in
372 2695 501 2727 inferno.

176 2749 204 2779 Ξ.
229 2748 322 2786 Item,
347 2748 502 2786 damnati,
527 2748 582 2780 etsi
600 2747 736 2780 babeant
760 2747 873 2779 malam
900 2747 1039 2778 volunta-

87 2803 167 2839 tem,
191 2810 251 2832 non
277 2805 380 2832 tamen
403 2800 611 2842 perdiderunt
626 2800 820 2833 affectionem
846 2799 1037 2838 naturalem3

1098 1016 1181 1057 quod
1199 1020 1297 1057 patet,
1314 1017 1388 1058 quia
1405 1017 1580 1058 impiissimi
1598 1018 1740 1050 homines
1756 1018 1890 1059 diligunt
1903 1018 1960 1050 sibi
1978 1027 2048 1059 pro-

1098 1068 1219 1106 ximos:
1236 1069 1290 1101 sed
1315 1069 1344 1100 in
1369 1069 1541 1110 praesenti,
1559 1070 1583 1101 si
1603 1073 1690 1110 pater
1715 1070 1810 1102 miser
1834 1071 1929 1102 habet
1944 1070 2046 1102 filium

1098 1120 1266 1159 miserum,
1290 1130 1351 1153 non
1377 1121 1520 1160 laetatur,
1545 1122 1599 1154 sed
1625 1122 1725 1163 magis
1749 1122 1891 1154 tristatur
1924 1123 1962 1155 de
1995 1122 2046 1155 tali

1099 1173 1259 1205 societate:
1286 1182 1359 1215 ergo
1385 1174 1527 1206 similiter
1553 1175 1582 1205 in
1608 1174 1737 1206 inferno.

1188 1224 1217 1257 3.
1243 1225 1335 1264 Item,
1360 1226 1384 1257 si
1417 1226 1553 1258 damnati
1584 1227 1800 1259 desiderarent
1831 1226 1964 1258 aliorum
1998 1227 2049 1258 da—

1100 1277 1307 1309 mnationem:
1333 1286 1407 1319 ergo
1432 1279 1512 1310 sicut
1536 1282 1691 1310 cresceret
1714 1278 1847 1310 aliorum
1875 1278 2047 1317 damnatio,

1100 1329 1142 1360 ita
1173 1334 1204 1361 et
1227 1329 1396 1361 consolatio
1427 1339 1555 1367 eorum,
1580 1331 1654 1371 quia
1682 1331 1893 1369 desiderium,
1918 1331 1942 1363 si
1968 1340 2048 1363 com-

1100 1381 1237 1422 pleatur,
1270 1382 1403 1414 delectat
1434 1383 1588 1414 animam:
1622 1392 1695 1424 ergo
1727 1387 1797 1424 post
1828 1383 1968 1415 omnium
1998 1383 2048 1415 da-

1101 1435 1289 1466 mnationem
1322 1439 1414 1467 erunt
1438 1435 1469 1467 in
1501 1435 1611 1467 maiori
1636 1435 1861 1474 consolatione,
1885 1436 1969 1477 quod
2002 1440 2048 1468 est

1101 1487 1262 1519 manifeste
1286 1487 1418 1525 falsum,
1444 1488 1539 1519 immo
1564 1492 1682 1520 crescet
1710 1488 1877 1526 desolatio,
1910 1488 1990 1520 sicut
2006 1488 2049 1520 di—

1100 1539 1182 1571 citur
1206 1549 1302 1581 super
1325 1540 1403 1571 illud
1429 1540 1539 1572 Psalmi
1559 1540 1597 1571 ⁸1.
1617 1540 1822 1572 Desz'clerz'um
1835 1545 2048 1581 peccatoram

1096 1592 1236 1633 peribioe
1260 1592 1382 1624 Glossa:
1414 1592 1535 1624 «Nullo
1560 1593 1746 1625 succedente
1770 1593 1925 1625 solatio».

1189 1645 1218 1676 lt.
1243 1645 1332 1682 Item,
1358 1644 1470 1676 Beatus
1493 1645 1633 1676 adiectus
1658 1645 1851 1677 multitudini
1875 1645 2046 1678 electorum

1101 1697 1288 1738 multiplicat
1311 1697 1504 1738 gaudium⁹:
1530 1706 1605 1738 ergo
1628 1697 1670 1729 ab
1695 1698 1850 1738 oppositis
1882 1698 2049 1730 damnatus

1100 1748 1270 1789 amplificat
1297 1758 1488 1787 moerorem,
1506 1749 1560 1781 sed
1579 1749 1658 1781 sicut
1675 1749 1787 1782 Beatus
1804 1750 1961 1782 desiderat
1988 1759 2051 1782 am-

1100 1801 1320 1842 plificationem
1347 1801 1394 1833 sui
1416 1801 1536 1842 gaudii,
1562 1802 1602 1833 ita
1620 1801 1786 1833 damnatus
1811 1801 2049 1835 diminutionem

1101 1853 1149 1885 sui
1174 1853 1342 1885 moeroris:
1368 1862 1442 1894 ergo
1467 1862 1538 1885 cum
1564 1854 1647 1885 Beati
1676 1863 1800 1895 semper
1824 1854 1938 1893 velint,
1963 1855 2051 1887 mise-

1100 1914 1153 1937 ros
1169 1905 1334 1947 pervenire
1358 1906 1396 1937 ad
1415 1906 1563 1947 gloriam,
1589 1906 1725 1938 damnati
1745 1907 1918 1948 refugiunt,
1943 1911 1978 1939 ut
1999 1908 2052 1939 ali-

1101 1958 1152 1999 qui
1179 1958 1370 1990 descendant
1393 1958 1432 1990 ad
1457 1967 1567 1991 eorum
1605 1959 1785 1998 miseriam3
1809 1968 1883 2001 ergo
1915 1960 2049 1999 nollent,

1102 2010 1210 2043 Beatos
1233 2019 1301 2043 esse
1326 2010 1498 2042 damnatos.

1455 2125 1693 2148 CONCLUSIO.

1106 2221 1308 2253 Generaliter
1334 2221 1501 2263 loquendo,
1519 2222 1673 2253 damuati
1697 2222 1839 2259 mallent,
1857 2231 1966 2254 onmes
1983 2232 2049 2254 esse

1190 2274 1339 2311 miseros,
1363 2284 1463 2316 quam
1488 2274 1616 2317 ctlz'qttos
1641 2285 1707 2306 esse
1731 2274 1848 2312 beatos.
1874 2275 1955 2316 ipsis
1987 2275 2050 2307 exi-

1190 2327 1346 2358 stentibus
1369 2327 1508 2359 miseris.

1190 2433 1388 2464 RESPONDEO:
1414 2432 1605 2470 Dicendum,
1629 2433 1712 2473 quod
1746 2433 1800 2464 etsi
1832 2433 1860 2464 in
1895 2433 2049 2465 damnatis

1102 2485 1207 2526 aliquo
1232 2485 1324 2516 modo
1348 2485 1548 2516 remittantur
1573 2485 1749 2517 affectiones
1775 2485 1957 2517 libidinosae
1981 2495 2049 2527 pro-

1102 2541 1170 2579 pter
1191 2546 1363 2578 poenarum
1383 2537 1644 2578 magnitudinem,
1662 2537 1732 2568 illae
1758 2537 1901 2578 inquam,
1919 2537 2050 2568 affec-tio-

1103 2599 1170 2627 nes,
1196 2598 1275 2631 quae
1299 2590 1416 2621 habent
1439 2598 1593 2621 annexam
1620 2589 1873 2627 delectationem,
1906 2589 1984 2621 aliae
2009 2593 2050 2620 ta—

1103 2652 1172 2674 men
1205 2642 1399 2680 affectiones,
1424 2642 1452 2673 in
1479 2642 1594 2683 quibus
1623 2646 1669 2673 est
1700 2642 1884 2682 poenalitas,
1909 2642 2049 2683 vigoran-

1102 2697 1171 2731 tur;
1196 2694 1280 2725 unde
1304 2694 1359 2725 etsi
1393 2697 1492 2725 cesset
1516 2693 1680 2725 actualiter
1704 2693 1833 2725 affectus
1866 2693 2048 2725 luxuriandi

1102 2750 1133 2778 et
1157 2746 1355 2784 dominandi,
1388 2750 1490 2778 tamen
1516 2746 1688 2778 intenditur
1711 2746 1841 2778 affectus
1865 2747 1929 2778 sive
1961 2746 2049 2778 furor

1103 2799 1313 2840 impatientiae
1338 2803 1367 2831 et
1392 2799 1471 2831 livor
1503 2799 1655 2837 invidiaeg
1680 2800 1764 2831 unde
1796 2803 1869 2831 tunc
1902 2799 2050 2831 (lentibus

157 3008 163 3023 ¹
186 3008 302 3033 Nonnulli
323 3008 398 3033 codd.
419 3008 569 3040 malumus,
592 3009 648 3033 cod.
669 3009 691 3033 K
712 3008 861 3034 mallemus.

156 3052 167 3068 2
186 3052 251 3077 Vide
270 3052 384 3077 schonon
404 3052 436 3077 ad
457 3052 653 3083 praecedentem
674 3056 772 3084 quaest.

156 3095 166 3111 3
187 3096 296 3126 Seneca,
317 3095 350 3120 de
369 3095 496 3121 Cousolat.
523 3096 554 3120 ad
584 3096 717 3127 Marciam,
738 3102 759 3120 c.
791 3096 832 3126 12,
853 3096 900 3120 ait:
921 3095 1035 3120 Matovoli

87 3140 168 3165 solatii
188 3147 270 3171 genus
290 3142 328 3164 est
347 3140 421 3165 turba
440 3140 605 3164 miserorum.

157 3183 167 3199 ⁴¹
188 3183 259 3208 Vers.
279 3184 302 3208 9.
321 3197 356 3201 —
376 3184 400 3208 ln
420 3184 509 3208 Glossa
529 3182 668 3209 ordinaria
688 3183 759 3213 apud
779 3182 898 3207 Strabum
919 3185 943 3207 et
962 3183 1036 3214 Lyra-

88 3234 149 3253 num
170 3227 332 3253 substituitur
355 3227 475 3254 iuimicus
500 3234 548 3258 pro
573 3227 679 3253 mullos.
705 3228 821 3258 Hieron„
842 3227 872 3251 V.
892 3226 1035 3252 Comment.

88 3271 112 3295 in
132 3271 186 3295 lsai.
209 3271 254 3303 113,
277 3272 304 3296 9:
326 3271 449 3296 solatium
468 3272 536 3296 enim
557 3271 684 3295 malorum
708 3273 758 3299 cst,
779 3277 838 3294 cum
864 3270 981 3295 inimicos
1000 3271 1035 3294 vi·

89 3313 172 3339 derint
190 3315 280 3339 eadem
300 3316 433 3339 sustinere.

159 3357 170 3374 ⁵
188 3357 249 3389 Cap.
271 3358 311 3383 25.
332 3365 354 3383 n.
377 3358 419 3390 ts,
440 3358 484 3383 ubi
505 3361 587 3383 textus
606 3358 737 3389 originalis
758 3360 815 3388 post
834 3356 959 3389 subrepat
979 3365 1035 3388 pro-

1101 3008 1230 3039 sequitur:
1244 3006 1291 3040 quz'
1303 3007 1338 3032 ud
1350 3006 1476 3032 solatium
1489 3006 1770 3032 malevolentis-simum
1791 3006 1969 3032 cluiuimlioiu's
1985 3014 2050 3032 snae

1101 3057 1162 3076 cum
1181 3050 1275 3084 quibus
1294 3050 1437 3076 damnetur
1455 3049 1574 3083 inquirit.

1170 3095 1180 3111 ⁶
1200 3094 1250 3120 cfr.
1272 3096 1394 3126 August,
1416 3095 1457 3119 xt.
1478 3095 1510 3119 de
1529 3096 1590 3119 Gen.
1611 3095 1643 3119 ad
1664 3095 1696 3119 lit.
1718 3102 1740 3120 c.
1768 3095 1803 3119 it.
1825 3102 1848 3120 n.
1874 3095 1910 3119 ts.

1170 3139 1180 3155 ⁷
1201 3139 1273 3163 Vers.
1294 3139 1335 3163 27.
1358 3145 1426 3170 seq:
1450 3139 1523 3169 Rogo
1548 3145 1611 3169 ergo
1637 3141 1673 3169 te,
1694 3142 1779 3169 pater,
1800 3142 1826 3163 ut
1846 3139 1955 3164 mittas...
1976 3146 2006 3163 ne
2027 3144 2050 3164 et

1100 3183 1147 3213 ipsi
1167 3183 1271 3207 veniunt
1290 3183 1313 3206 in
1334 3183 1402 3206 hunc
1422 3182 1506 3206 locum
1528 3184 1722 3207 tormentorum.

1170 3225 1180 3241 8
1200 3225 1290 3250 Psalm.
1307 3226 1311 3249 l
1325 3226 1330 3249 1
1342 3226 1360 3256 l,
1378 3226 1414 3249 10.
1426 3239 1459 3242 -
1470 3226 1584 3250 Glossain
1599 3225 1701 3250 exhibet
1714 3226 1778 3250 Petr.
1790 3225 1928 3250 Lomburd.
1939 3229 1963 3250 et
1976 3226 2051 3256 Lyra-

1101 3276 1148 3293 nus
1157 3269 1194 3300 (ut
1203 3268 1420 3300 interlinearem),
1434 3276 1500 3300 quae
1511 3272 1640 3294 estsumta
1651 3276 1681 3293 cx
1692 3271 1808 3300 August„
1817 3270 1840 3293 in
1853 3270 1920 3294 hunc
1932 3269 1978 3294 loc.
1990 3276 2013 3294 n.
2026 3270 2049 3294 8.

1170 3312 1180 3328 ⁹
1200 3313 1249 3337 (tsr.
1269 3320 1347 3344 supra
1367 3320 1427 3344 pag.
1453 3313 1532 3343 1010,
1548 3316 1605 3337 uota
1620 3313 1643 3337 6.
1658 3326 1691 3329 ψ
1706 3313 1811 3337 lnserius
1831 3315 1889 3343 post
1906 3312 2052 3346 amplificat

1100 3357 1174 3382 codd.
1195 3357 1245 3381 KL
1266 3357 1283 3389 (l
1304 3365 1317 3382 a
1337 3357 1449 3382 secunda
1471 3357 1559 3389 mauu)
1580 3358 1701 3388 supplent
1719 3356 1862 3383 caminatis.

2065 2442 2194 2464 Notandum.
