2483 3882
318 1010 354 1031 Ad
368 1010 451 1036 opposi-

361 1038 413 1057 tum.

306 2803 364 2824 Ordo
370 2803 455 2830 duplex.

468 233 531 264 616

467 318 684 352 manifestatur
707 325 764 358 per
788 316 893 356 aliqua
927 315 1025 356 sigma
1060 318 1090 346 et
1125 313 1331 346 confirmatur
1360 321 1415 354 per

468 370 702 403 institutionem
727 368 895 404 divinam,
919 370 949 399 et
984 366 1038 398 illa
1061 370 1108 398 est
1132 375 1183 398 res
1208 374 1314 403 sacra;
1340 365 1416 397 haec

467 427 572 455 autem
582 422 690 453 dicunt
700 421 849 452 rationem
861 419 1050 451 Sacramenti
1062 419 1231 460 perfectam
1240 419 1261 449 ¹:
1273 427 1348 459 ergo
1358 421 1415 450 etc.

556 474 584 506 3.
610 474 702 510 Item,
728 472 805 504 illud
838 475 884 504 est
915 472 1131 513 propriissime
1160 471 1415 508 Sacramentum,

467 527 551 569 quod
576 526 713 557 maxime
746 525 809 556 Deo
844 527 1006 556 consecrat
1041 524 1071 555 in
1107 523 1155 555 sui
1192 523 1291 564 ipsius
1315 531 1418 566 susce-

467 580 587 621 ptione;
605 578 659 610 sed
685 577 746 609 tale
770 577 845 619 quid
871 580 917 609 est
933 576 1010 608 ordo
1027 576 1257 608 ecclesiasticus
1274 594 1317 598 -
1334 575 1418 607 unde

466 635 496 663 et
523 629 729 662 sctee7²rloles²
753 633 905 661 vocantur
930 629 983 670 qui
1008 628 1047 660 ad
1072 629 1206 669 gradum
1231 636 1418 669 supremum

466 683 654 724 perveniunt
676 701 720 705 —
735 691 810 723 ergo
834 682 912 714 ordo
936 681 1075 713 maxime
1100 685 1146 713 est
1170 681 1417 713 Sacramentum.

554 735 584 766 li.
610 734 703 773 Item,
728 734 807 766 illud
833 733 994 775 potissime
1018 736 1065 765 est
1089 734 1344 771 Sacramentum,
1362 741 1418 774 per

466 788 551 829 quod
575 788 773 819 Sacramenta
806 791 910 819 cetera
944 786 1149 819 conferuntur
1180 789 1211 818 et
1239 786 1419 827 dispensan-

466 844 536 879 tur;
565 840 626 871 tale
657 843 762 871 autem
800 843 846 871 est
878 839 1115 871 Sacramentum
1151 838 1310 870 ordinis³z
1344 847 1419 879 ergo

466 893 546 925 inter
570 897 673 925 cetera
697 892 823 924 videtur
846 901 915 924 esse
939 892 1175 924 Sacramentum
1202 891 1418 932 praecipuum.

554 946 701 978 CONTRA:
729 947 756 977 l.
781 945 880 977 Omne
897 946 1134 978 Sacramentum
1158 948 1204 977 est
1228 944 1419 976 elementum

466 998 531 1031 sive
556 998 698 1039 signum,
716 998 800 1040 quod
825 998 915 1030 offert
940 1006 973 1030 se
996 997 1181 1035 sensibus⁴3
1206 997 1284 1028 ordo
1313 1000 1418 1028 autem

465 1054 512 1083 est
535 1051 611 1093 quid
636 1051 820 1083 relativum:
845 1059 920 1092 ergo
936 1050 1014 1082 ordo
1031 1059 1091 1081 non
1109 1053 1156 1081 est
1172 1049 1418 1081 Sacramentum.

554 1105 583 1135 2.
608 1104 701 1141 ltem,
726 1098 817 1135 om'ne
842 1103 1078 1135 Sacramentum
1103 1102 1196 1134 estin
1215 1101 1420 1134 medicamen-

464 1159 532 1187 tum
568 1156 743 1188 secundum
779 1159 895 1187 statum
931 1158 1063 1187 naturae
1088 1155 1193 1195 lapsae
1208 1153 1237 1192 5;
1262 1154 1317 1186 sed
1341 1154 1419 1186 ordo

463 1212 510 1241 est
527 1209 565 1241 ad
584 1208 810 1250 perficiendum
835 1208 957 1249 aliquos
973 1226 1016 1230 —
1032 1207 1117 1239 unde
1134 1216 1194 1239 non
1217 1206 1418 1246 ordinantur,

463 1262 521 1294 nisi
547 1263 599 1304 qui
625 1262 762 1303 quodam
788 1261 881 1292 modo
906 1261 1016 1293 volunt
1039 1260 1168 1302 aggredi
1193 1268 1289 1301 opera
1322 1260 1420 1301 perfe-

464 1314 573 1346 ctionis
591 1332 630 1335 —-
649 1323 723 1354 ergo
748 1313 825 1345 ordo
850 1313 932 1345 cadit
956 1322 974 1344 a
998 1312 1117 1344 ratione
1142 1312 1344 1344 Sacramenti.

553 1367 581 1399 3.
606 1367 699 1404 Item,
725 1367 753 1398 in
780 1366 901 1407 Angelis
925 1370 972 1398 est
995 1365 1091 1403 ort-103
1115 1369 1146 1397 et
1170 1370 1274 1398 tamen
1298 1374 1359 1397 non
1378 1368 1418 1397 te-

463 1423 515 1452 net
539 1420 691 1451 rationem
716 1419 925 1451 Sacramenti:
951 1427 1026 1459 ergo
1062 1418 1130 1459 pari
1161 1418 1280 1450 ratione
1304 1427 1361 1450 nec
1387 1418 1417 1449 in

463 1472 641 1504 hierarchia
666 1471 813 1504 inferiori.
844 1471 881 1503 St
915 1475 950 1502 777
975 1470 1088 1507 dieas,
1114 1471 1198 1512 quod
1224 1480 1285 1502 non
1311 1474 1357 1502 est
1382 1470 1419 1502 si-

464 1525 550 1564 mile,
568 1525 641 1566 quia
659 1524 700 1556 ibi
725 1528 772 1556 est
796 1527 896 1556 totum
921 1523 1100 1565 spirituale,
1122 1523 1278 1554 obiicitur
1303 1523 1341 1555 de
1367 1523 1419 1555 lai-

463 1577 524 1615 cis,
548 1578 602 1619 qui
627 1581 700 1609 sunt
724 1577 763 1609 de
788 1576 946 1609 Ecclesia⁶
969 1580 999 1608 et
1023 1576 1200 1617 suscipiunt
1217 1576 1418 1608 Sacramenta

463 1634 493 1662 et
518 1630 633 1662 habent
657 1630 799 1661 ordinem
825 1633 854 1661 θῖ
878 1632 1062 1670 potestatem
1088 1633 1118 1661 et
1135 1629 1222 1670 signa
1240 1629 1417 1670 potestatis,

462 1686 498 1714 ut
522 1691 579 1715 rex
604 1683 699 1714 habet
723 1686 883 1723 sceptrum
908 1686 937 1714 et
961 1691 1139 1723 purpuram
1156 1685 1187 1714 et
1204 1691 1370 1720 coronamg
1388 1684 1419 1714 et

463 1740 568 1768 tamen
593 1736 670 1768 ordo
695 1736 764 1768 talis
790 1745 849 1767 non
876 1739 922 1767 est
946 1736 1196 1767 Sacramentum.

551 1789 581 1820 li.
608 1789 696 1826 ltem,
714 1788 791 1820 ordo
809 1788 851 1819 ita
868 1787 995 1829 respicit
1011 1787 1097 1828 quod
1114 1791 1161 1819 est
1179 1787 1319 1826 inferius,
1337 1787 1419 1820 sicut

464 1841 548 1883 quod
573 1845 619 1874 est
643 1841 809 1882 superius,
827 1841 917 1882 quia,
936 1844 1072 1882 utroque
1094 1840 1268 1878 destructe,
1287 1840 1419 1872 destrui-

463 1898 516 1926 tur
540 1894 635 1933 ordo,
660 1894 715 1926 sed
752 1894 829 1926 ordo
865 1897 1018 1935 quantum
1054 1893 1093 1925 ad
1119 1893 1262 1925 subditos
1286 1902 1347 1924 non
1372 1897 1419 1925 est

464 1948 717 1979 Sacramentum:
743 1956 818 1988 ergo
853 1955 909 1978 nec
945 1950 1098 1988 quantum
1132 1946 1170 1978 ad
1197 1946 1283 1978 alios.
1309 1946 1418 1978 Minor

464 2003 564 2042 patet,
589 2000 680 2042 quia,
704 2008 776 2032 cum
802 2008 910 2031 omnes
939 1999 1000 2031 sint
1032 1999 1167 2037 subditi,
1192 1998 1243 2030 vel
1268 1999 1417 2040 praelati,

463 2062 572 2085 omnes
597 2053 749 2085 haberent
778 2052 1015 2084 Sacramentum
1051 2051 1170 2083 ordinis
1180 2063 1188 2089 3
1213 2051 1298 2093 quod
1324 2051 1419 2083 mani-

463 2106 540 2139 feste
564 2106 677 2138 falsum
703 2109 758 2138 est.

553 2161 582 2191 5
606 2159 699 2197 Item,
716 2159 747 2190 in
766 2158 944 2190 hierarchia
968 2157 1092 2190 caelesti
1110 2161 1156 2190 est
1179 2170 1194 2186 «
1210 2157 1305 2196 ordo,
1323 2158 1419 2190 scien-

463 2213 505 2244 tia
528 2215 559 2244 et
582 2211 708 2250 actio»,
730 2211 810 2243 sicut
834 2210 902 2243 vult
926 2210 1037 2243 beatus
1062 2210 1266 2251 Dionysius⁷z
1292 2219 1366 2252 ergo
1392 2211 1417 2243 si

463 2265 490 2297 ei
515 2265 607 2297 debet
633 2263 767 2297 Ecclesia
783 2264 992 2305 respondere,
1010 2263 1155 2296 similiter
1172 2263 1315 2302 videtur,
1332 2263 1417 2305 quod

462 2318 502 2350 sit
526 2318 556 2349 in
581 2318 728 2349 humana.
755 2317 814 2349 Sed
847 2316 975 2349 scientia
1011 2320 1040 2348 et
1064 2316 1145 2348 actio
1169 2325 1230 2348 non
1255 2319 1417 2358 ponuntur

462 2370 543 2403 inter
568 2370 784 2402 Sacramenta:
810 2378 885 2410 ergo
910 2378 966 2401 nec
990 2369 1078 2401 ordo.

819 2466 1057 2489 CONCLUSIO.

464 2547 604 2589 S7'97777777
639 2545 806 2583 sensibile,
842 2555 904 2588 qzto
936 2543 1108 2587 confertur
1144 2545 1303 2577 ordinata
1332 2548 1416 2586 pole-

552 2603 622 2631 slcts
644 2598 853 2640 spiritualis,
879 2607 963 2641 quae
986 2601 1071 2629 recle
1096 2597 1220 2629 elicitur
1245 2597 1345 2635 orclo,
1372 2601 1418 2628 est

554 2652 820 2684 Saeranzemzlnz.

554 2740 750 2772 Rasronnno:
775 2739 818 2771 Ad
844 2739 1078 2780 praedictorum
1110 2739 1346 2780 intelligentiam
1372 2742 1419 2771 est

467 2792 657 2831 notandum,
681 2792 765 2834 quod
791 2792 871 2823 orclo
896 2792 1063 2833 dupliciter
1088 2792 1213 2824 dicitur.
1238 2791 1303 2824 Uno
1324 2791 1418 2824 modo

1226 226 1510 259 SENTENTIARUM
1535 227 1602 258 LIB.
1627 227 1674 259 IV.
2476 230 2477 247 ¹

1480 313 1596 345 dicitur
1619 313 1698 345 ordo
1721 313 1789 355 ipsa
1812 313 1929 345 7elal7'0
1953 314 2187 353 ordinatorum,
2212 319 2247 347 ut
2279 317 2427 357 praelatio
2476 322 2478 362 ζ

1480 369 1510 398 θῖ
1534 366 1700 404 subiecti03
1724 370 1754 398 et
1777 366 1854 398 haec
1878 375 1938 398 non
1964 367 2079 399 dicitur
2103 376 2160 399 nec
2181 372 2228 400 θεῖ
2251 369 2428 403 Sacramen-
2439 378 2482 415 θοι.

1480 421 1558 450 tum
1582 418 1647 449 Alio
1673 419 1765 451 modo
1789 419 1904 451 dicitur
1928 419 2006 451 ordo
2030 419 2188 451 ordinata
2208 424 2369 461 potestas,
2387 431 2430 456 se-

1480 471 1620 503 cundum
1643 480 1739 512 qnam
1763 471 1866 512 ipsum
1891 471 2067 503 subiectum
2093 475 2202 513 potens
2227 472 2320 505 habet
2352 476 2430 508 ordi-

1482 523 1549 555 nari
1573 523 1758 564 dupliciter,
1776 523 1892 555 scilicet
1915 523 1954 554 ad
1980 532 2062 564 opus
2080 524 2129 555 vel
2153 524 2193 556 ad
2211 525 2428 568 ministerium,

1481 578 1511 606 et
1535 575 1629 607 habet
1652 576 1745 607 etiam
1781 576 1919 608 ordinari
1956 577 2016 608 ad
2035 576 2198 613 alce777777‚·
2223 577 2302 610 hanc
2325 582 2429 612 autem
2442 587 2483 626 θοι]

1481 631 1665 669 potestatem
1690 628 1824 661 dicimus
1848 628 1977 660 ordinis
2001 628 2086 660 Sam
2089 634 2266 661 amentum
2479 627 2480 655 i

1570 680 1652 712 Hanc
1676 684 1782 712 autem
1818 689 1945 713 necesse
1974 685 2021 713 est
2055 681 2127 722 poni
2153 681 2182 713 in
2208 682 2342 715 Ecclesia
2365 694 2431 726 pro·
2443 694 2481 720 aa·1

1483 736 1550 774 pter
1574 733 1720 774 7697777677
1748 736 1777 765 et
1802 733 1964 771 cle007e777,
1990 742 2070 775 quae
2097 734 2303 767 attenduntur
2340 745 2431 777 penes
2479 759 2481 780 ι

1482 785 1643 824 ordinem,
1668 788 1703 817 ut
1727 785 1839 827 prius⁸
1863 786 1965 817 visum
1991 790 2055 823 est,
2080 796 2178 828 quare
2202 788 2295 820 debet
2318 797 2385 822 esse
2402 790 2431 823 in
2479 807 2482 827 ι

1484 838 1618 870 Ecclesia
1642 848 1678 870 01
1681 838 1729 870 do
1748 857 1791 861 —
1808 839 1865 870 Sed
1892 839 2094 880 principalior
2119 840 2212 879 ratio,
2234 850 2332 882 quare
2357 842 2430 876 haec
2444 831 2482 896 aas?

1483 893 1619 931 potestas
1644 891 1737 922 debet
1761 891 1895 923 conferri
1922 900 1977 932 per
2002 892 2131 924 modum
2156 893 2364 932 Sacramenti,
2389 900 2433 928 est
2480 926 2481 932 ,

1484 946 1612 983 propter
1641 942 1936 974 Sam-mnentonwn
1969 943 2181 985 cI7'9777'cctle777,
2206 954 2286 986 quae
2323 947 2352 978 in
2387 948 2433 980 Ec·
2480 934 2482 981 i

1483 995 1577 1026 clesia
1601 995 1833 1036 dispensantur,
1849 999 1880 1028 et
1905 996 1934 1027 in
1959 996 2075 1037 quibus
2100 997 2183 1029 Deus
2207 998 2338 1037 colitur3
2355 1009 2433 1040 quae

1484 1051 1518 1079 ut
1552 1056 1614 1079 non
1651 1048 1792 1080 venirent
1827 1048 1857 1079 in
1893 1052 2126 1089 contemptum,
2159 1059 2220 1081 non
2256 1051 2433 1084 debuerunt
2481 1042 2482 1079 ἶ

1482 1100 1629 1132 omnibus
1653 1100 1806 1132 committi
1830 1101 2057 1142 dispensanda,
2082 1102 2137 1133 sed
2164 1103 2303 1143 personis
2320 1106 2434 1145 specia-
2481 1114 2482 1130 Ξ

1484 1152 1605 1190 libus⁹;
1630 1156 1660 1184 et
1684 1153 1759 1185 dum
1787 1153 1835 1185 his
1859 1154 2064 1185 committitur
2089 1155 2173 1195 quod
2203 1155 2272 1187 aliis
2296 1165 2356 1188 non
2384 1158 2433 1190 da-
2481 1154 2483 1192 i

1485 1209 1551 1243 tur,
1576 1205 1670 1237 datur
1695 1205 1743 1237 his
1769 1209 1917 1247 potestas,
1944 1215 1999 1247 per
2034 1216 2129 1248 quam
2162 1208 2289 1248 speciali
2325 1210 2432 1243 ordine
2482 1246 2483 1254 ἵ

1482 1258 1640 1290 situantur
1665 1259 1694 1290 in
1721 1259 1855 1291 Ecclesia
1879 1259 1943 1291 Dei.
1971 1260 2004 1290 Et
2036 1260 2184 1300 quoniam
2210 1260 2241 1292 hi
2279 1261 2432 1295 debebant
2482 1255 2483 1290 Ῐ

1481 1311 1521 1343 ab
1545 1311 1614 1343 aliis
1638 1320 1694 1352 per
1717 1312 1815 1353 sto-77⁶7
1839 1312 1945 1354 aliqua
1981 1313 2118 1350 secerni;
2143 1317 2173 1345 et
2197 1314 2320 1355 signum
2353 1316 2432 1348 istud
2482 1305 2483 1324 ³

1482 1367 1528 1396 est
1553 1364 1597 1396 rei
1623 1373 1746 1396 sacrae:
1772 1364 1842 1396 ideo
1877 1368 2014 1406 potestas
2051 1365 2126 1397 baec
2164 1366 2273 1399 debuit
2296 1368 2432 1401 ordinari

1483 1425 1538 1457 per
1563 1416 1692 1448 modum
1719 1417 1945 1454 .S⁴ct07¹a777e77l7'‚·
1962 1421 1991 1449 et
2009 1417 2086 1449 illud
2104 1419 2432 1453 convenientissimum

1482 1472 1537 1500 θεῖ.
1562 1468 1639 1500 Cum
1664 1470 1746 1500 enim
1772 1469 1811 1501 sit
1834 1469 1873 1501 ad
1899 1470 2172 1501 Sacramentorum
2191 1471 2366 1504 ordinatam
2392 1474 2433 1505 di-

1482 1521 1700 1553 stributionem
1717 1522 1746 1560 ¹⁰,
1770 1521 1949 1553 debuerunt
1979 1522 2113 1554 ministri
2145 1523 2184 1555 ad
2214 1524 2272 1556 hoc·
2296 1525 2433 1558 ordinari

1482 1583 1538 1615 per
1562 1574 1695 1606 alicuius
1719 1575 1910 1606 Sacramenti
1935 1575 2183 1616 susceptionem,
2207 1576 2237 1607 in
2262 1567 2324 1618 quo
2342 1577 2432 1610 [latur

1482 1630 1636 1668 potestas,
1662 1635 1718 1668 per
1743 1636 1839 1668 quam
1864 1627 1998 1659 ministri
2023 1628 2078 1660 Dei
2103 1628 2149 1660 acl
2172 1628 2432 1662 ministrandtlnz

1481 1683 1512 1711 et
1536 1679 1620 1711 7‘77te7·
1644 1689 1677 1711 se
1701 1680 1795 1711 etiam
1830 1680 2036 1719 ordinantur;
2062 1680 2131 1713 ideo
2167 1685 2250 1714 recte
2281 1683 2361 1714 ordo
2385 1693 2434 1725 ap-

1482 1732 1628 1774 pellatur.
1653 1751 1697 1755 —
1721 1733 1771 1765 His
1795 1732 1887 1771 visis,
1912 1733 2032 1765 obiecta
2057 1733 2087 1765 in
2113 1734 2306 1766 contrarium
2332 1735 2370 1768 de
2394 1736 2433 1768 fa-

1482 1785 1531 1817 cili
1557 1785 1777 1817 terminantur.

1575 1841 1600 1871 1.
1626 1839 1715 1880 Quod
1740 1839 1822 1871 enim
1847 1839 2011 1878 obiicitur,
2034 1840 2119 1881 quod
2144 1844 2191 1873 est
2226 1841 2432 1882 elementum3
2447 1849 2478 1902 psc

1482 1892 1668 1930 dicendum,
1690 1891 1776 1933 quod
1800 1891 1830 1923 in
1860 1891 2029 1923 eollctttone
2058 1892 2165 1925 huius
2188 1894 2349 1934 potestatis
2383 1868 2458 1926 ali-p

1482 1945 1566 1987 quod
1590 1945 1723 1987 5797777777
1748 1948 1795 1977 est
1818 1948 1924 1984 extra,
1941 1945 2025 1987 quod
2044 1945 2130 1987 largo
2148 1947 2241 1978 modo
2257 1947 2433 1988 appellatur

1482 1997 1690 2035 ele777e777577777,
1716 1998 1864 2039 quoniam
1890 1998 1976 2039 largo
2000 2002 2031 2030 et
2055 2002 2185 2031 extenso
2212 2000 2304 2032 modo
2340 2000 2432 2032 sumi-

1483 2054 1534 2083 tur
1559 2050 1589 2082 in
1614 2050 1794 2082 definitione
1818 2051 2011 2082 Sacramenti
2026 2051 2054 2082 ¹¹.

1571 2105 1599 2135 2.
1626 2103 1666 2135 Ad
1694 2103 1772 2135 illud
1797 2103 1880 2144 quod
1906 2102 2051 2135 obiicitur
2074 2104 2112 2135 de
2139 2104 2375 2142 medicamento,
2393 2105 2434 2137 di-

1482 2156 1635 2194 cendum,
1660 2155 1745 2197 quod
1770 2155 1848 2187 ordo
1873 2164 1934 2186 non
1958 2159 2004 2187 est
2028 2159 2150 2187 tantum
2176 2156 2204 2188 in
2232 2157 2436 2189 medicamen-

1482 2212 1549 2240 tum
1575 2212 1720 2250 respectu
1743 2208 1969 2249 suscipientis,
1994 2208 2049 2240 sed
2068 2209 2165 2240 etiam
2190 2213 2336 2250 respectu
2359 2209 2435 2242 alio-

1482 2271 1580 2299 7·77777;
1596 2261 1682 2293 unde
1706 2261 1845 2293 maxime
1870 2264 1954 2293 tenet
1979 2261 2132 2293 rationem
2157 2262 2358 2294 Sacramenti.
2375 2263 2433 2295 Nec

1482 2314 1561 2347 illud
1594 2314 1699 2346 obviat
1732 2314 1817 2355 quod
1842 2314 1975 2352 dicitur,
2000 2314 2085 2355 quod
2117 2315 2210 2347 debet
2239 2315 2306 2347 dari
2335 2314 2434 2358 perfe-

1482 2368 1561 2406 et7's,·
1586 2367 1735 2409 quoniam
1759 2376 1851 2399 nemo
1886 2367 2045 2408 reperitur
2080 2367 2122 2399 ita
2157 2367 2333 2409 perfectus,
2358 2369 2430 2410 quin
2445 2374 2478 2396 No*

1482 2421 1616 2454 ulterius
1640 2421 1738 2462 possit
1761 2420 1879 2462 perfici.
1905 2420 1991 2452 Unde
2021 2420 2153 2461 quilibet
2177 2421 2236 2453 hoc
2260 2421 2435 2454 Sacramen-

1482 2477 1549 2506 tum
1581 2473 1755 2514 suscipiens
1789 2472 1926 2514 aliquam
1960 2473 2092 2513 gratiam
2130 2473 2256 2514 recipit,
2282 2474 2305 2505 si
2344 2474 2433 2515 digne

1481 2526 1624 2566 recipiat,
1642 2534 1698 2566 per
1723 2533 1818 2566 quam
1843 2524 2025 2556 excluditur
2051 2524 2219 2557 difficultas
2237 2526 2429 2558 ministrandi

1482 2578 1512 2610 in
1536 2578 1585 2610 his
1609 2587 1690 2620 quae
1714 2578 1871 2619 pertinent
1894 2578 1934 2609 ad
1960 2578 2080 2610 cultum
2105 2578 2169 2610 Dei.

1571 2631 1600 2663 3.
1625 2632 1667 2663 Ad
1693 2631 1771 2663 illud
1796 2631 1880 2672 quod
1916 2631 2081 2670 obiicitur,
2106 2631 2189 2673 quod
2221 2632 2299 2664 ordo
2324 2635 2370 2664 est
2403 2632 2432 2664 in

1481 2685 1604 2727 Angelis
1628 2688 1658 2717 et
1682 2685 1711 2716 in
1737 2684 1841 2722 laicis3
1866 2684 2050 2722 dicendum,
2076 2685 2160 2726 quod
2193 2685 2361 2727 utrobique
2385 2685 2433 2718 de-

1482 2738 1545 2771 ficit
1569 2738 1648 2770 ratio
1672 2737 1880 2770 Sacramenti:
1899 2737 2047 2779 quoniam
2073 2738 2136 2769 duo
2161 2741 2234 2770 sunt
2258 2747 2338 2780 quae
2362 2739 2432 2770 inte-

1482 2794 1574 2832 grant
1598 2791 1852 2829 Sacramentum,
1877 2790 1994 2822 scilicet
2028 2790 2177 2822 sensibile
2218 2790 2372 2833 azynum,
2404 2794 2432 2823 et

540 2956 547 2972 ¹
567 2955 616 2982 Crr.
635 2963 710 2987 supra
731 2956 765 2980 lit.
786 2956 912 2986 Magistri,
933 2955 957 2980 (l.
978 2955 993 2979 Ι.
1014 2962 1035 2979 θ.
1056 2956 1079 2979 2.
1101 2954 1128 2986 lt,
1149 2959 1173 2980 et
1192 2954 1336 2980 Comment.
1358 2962 1384 2987 p.
1399 2955 1416 2980 1.

469 3009 492 3033 q.
514 3002 536 3026 2.
551 3015 585 3018 —
599 3001 633 3025 De
652 2999 751 3025 maiori
769 3000 830 3025 vide
850 3000 890 3024 liic
909 3000 941 3025 lit.
964 3000 1088 3031 Magistri,
1109 3006 1130 3024 c.
1153 2999 1193 3024 13.

538 3045 549 3060 2
568 3045 594 3069 ld
613 3048 651 3069 est
676 3044 728 3069 Deo
753 3044 858 3075 sacrati,
881 3045 935 3068 sive
955 3046 983 3068 ut
1002 3044 1042 3068 hie
1067 3044 1091 3067 in
1118 3044 1151 3068 lit.
1178 3043 1304 3075 Magistri,
1331 3050 1352 3068 c.
1378 3043 1415 3074 ti,

469 3088 571 3120 dicitur,
593 3095 695 3113 sacrum
716 3088 813 3112 dantes.
834 3088 916 3112 Varro
936 3090 1024 3118 putat,
1047 3086 1195 3112 sacerdotes
1214 3093 1230 3111 a
1250 3085 1336 3112 saeris
1360 3085 1418 3111 dici.

538 3131 549 3148 ³
568 3133 593 3157 S.
621 3132 732 3163 Thom„
760 3132 801 3156 hic
826 3139 851 3163 q.
880 3132 901 3156 l.
928 3138 950 3156 a.
982 3131 1002 3156 1.
1031 3131 1190 3163 quaestiunc.
1216 3130 1257 3155 3.:
1285 3131 1417 3155 Praeterea

473 3185 483 3198 ε(
497 3179 602 3207 propter
622 3176 692 3208 quod
706 3175 926 3208 unumquodque,
947 3178 972 3200 et
990 3175 1052 3200 illud
1067 3175 1150 3206 magis
1164 3184 1175 3197 ιι
1199 3173 1319 3207 [Aristot.
1340 3174 1355 3199 1.
1372 3175 1419 3199 Po-

468 3222 529 3244 ster.
550 3226 571 3244 c.
592 3219 641 3251 2.];
667 3220 712 3244 sed
739 3222 845 3251 propter
870 3219 987 3244 ordinem
1013 3219 1122 3244 efficitur
1148 3219 1226 3243 homo
1255 3218 1419 3249 dispensator

469 3262 577 3287 aliorum
597 3264 836 3294 Sacrament01·nm;
857 3270 920 3294 ergo
940 3268 988 3288 etc.

540 3306 549 3321 ⁴
570 3307 600 3330 Ut
628 3307 701 3331 docet
726 3314 805 3339 supra
831 3308 949 3339 Magister
980 3309 1004 3332 in
1028 3308 1064 3333 lit.
1092 3307 1117 3332 d.
1147 3308 1164 3332 1.
1192 3314 1214 3332 c.
1241 3308 1266 3332 2.

470 3349 496 3373 d.
519 3349 578 3373 Vlll.
599 3357 619 3373 c.
640 3350 662 3373 6.

1293 3314 1366 3339 seqq.
1394 3309 1419 3331 et

1553 2955 1564 2971 5
1583 2954 1649 2979 Vide
1668 2961 1747 2985 supra
1767 2954 1792 2979 d.
1813 2955 1837 2979 2.
1859 2962 1880 2979 a.
1906 2955 1925 2978 l.
1946 2961 1971 2986 q.
1997 2954 2015 2978 l.
2036 2961 2110 2986 seqq.

1553 2998 1564 3014 6
1583 2998 1636 3022 Non
1658 2999 1732 3029 pauci
1752 2997 1827 3022 codd.
1848 2997 1875 3023 7'77
1895 2996 2021 3023 Ecclesia.

1552 3042 1563 3058 ⁷
1583 3042 1618 3066 De
1632 3041 1737 3067 Caelesti
1751 3042 1882 3067 Hierarcb.
1893 3041 1969 3073 c.3.§
1983 3041 2059 3066 l.Csr.
2076 3041 2101 3066 ll.
2117 3042 2184 3065 Sent.
2200 3041 2224 3065 d.
2239 3042 2262 3066 9.
2278 3042 2429 3066 Praenotata.

1553 3086 1564 3102 Β
1583 3086 1685 3117 Quaest.
1707 3085 1825 3117 praecoci.
1848 3099 1883 3104 —
1904 3086 2029 3117 Superius
2055 3092 2102 3116 pro
2122 3084 2235 3111 dicimus
2261 3085 2332 3110 multi
2352 3083 2426 3110 codd.

1482 3129 1608 3155 dicemus.

1553 3173 1563 3189 0
1583 3172 1632 3198 Csr.
1652 3180 1732 3204 supra
1752 3173 1776 3197 d.
1796 3173 1832 3197 13.
1853 3180 1874 3197 a.
1900 3173 1920 3197 1.
1940 3179 1964 3204 q.
1986 3173 2009 3197 2.
2024 3185 2058 3189 —
2073 3172 2135 3197 Edd.
2156 3172 2222 3197 malo
2241 3169 2428 3204 spiritualibus.

1554 3216 1575 3233 ¹⁰
1595 3217 1649 3242 Edd
1663 3216 1859 3250 disposilionmn
1878 3217 1902 3241 et
1921 3215 2141 3242 distribulionem.
2163 3216 2269 3241 Inferius
2284 3222 2331 3246 pro
2344 3212 2429 3240 termi-

1482 3263 1585 3286 nantur
1604 3261 1662 3286 cod.
1682 3262 1702 3285 G
1719 3260 1939 3287 cleler7777'77a77777r.

1554 3305 1573 3321 ¹¹
1594 3305 1645 3330 Csr.
1672 3312 1751 3336 supra
1776 3305 1799 3330 d.
1827 3306 1868 3330 22.
1894 3312 1916 3330 a.
1943 3305 1966 3329 2,
1993 3311 2017 3336 q.
2045 3305 2067 3328 2.
2089 3304 2122 3329 ad
2147 3304 2164 3328 Ι.
2186 3317 2219 3321 —-
2239 3304 2327 3328 Plures
2351 3301 2426 3328 codd.

1483 3350 1602 3375 omittunt
1622 3349 1735 3374 additam
1755 3350 1879 3374 rationem
1899 3347 2052 3382 quoniam...
2073 3346 2250 3374 Sacramenti.
