2483 3882
383 263 464 295 ’1058

726 346 904 372 DlSTlNCTlO
924 347 966 371 ΧΙ.

378 453 472 478 Textus
491 452 601 484 Magistri
639 469 1134 476 ............
1170 457 1232 483 pay.
1270 451 1320 475 238

796 501 859 527 Pars
877 501 889 527 1

376 557 470 581 Divisio
491 559 571 580 textus
595 572 1180 580 ..............
1218 563 1229 576 n
1272 554 1316 579 241

572 607 657 632 Arme.
678 613 741 631 urie.
764 606 798 632 De
818 605 1120 632 transsubstantiatiom.

375 660 480 691 Quat-:sm
519 660 535 684 l.
556 659 645 684 Utrum
660 659 684 683 in
705 659 868 684 Sacramento
882 659 1050 684 eucharistiae
1069 659 1101 684 sit
1119 665 1180 683 vera

585 712 720 736 conversio
733 712 806 742 panis
826 711 850 735 in
869 717 964 742 corpus
983 710 1091 735 Christi.
1130 729 1135 734 .
1173 728 1179 733 .
1217 718 1228 732 υ
1287 709 1321 734 ib.

507 764 533 789 ll.
554 764 645 788 Utrum
669 766 736 788 totus
762 764 835 794 panis
854 766 1017 788 convertatur
1042 763 1065 786 in
1086 768 1181 793 corpus

585 815 690 847 Christi,
711 822 742 840 an
762 815 859 847 aliquid
878 817 1009 840 remaneat
1022 817 1124 846 praeter
1143 820 1181 839 ac-

586 868 693 894 cidentia
734 885 1183 893 ...........
1221 875 1234 891 »
1273 866 1323 892 244

498 921 535 946 lll.
555 921 646 946 Utrum
665 921 711 945 ista
732 921 867 945 conversio
887 921 918 945 sit
936 920 1090 945 annihilatio.
1129 939 1135 944 .
1175 939 1181 944 .
1220 928 1232 942 n
1273 918 1323 944 245

499 973 541 998 lV.
562 973 652 998 Utrum
666 973 739 1004 panis
752 974 916 998 convertatur
930 973 953 996 in
969 974 1049 997 totum
1063 971 1200 997 Christum.
1220 981 1231 994 >³
1273 971 1324 996 247

508 1026 539 1050 V.
560 1025 648 1050 Utrum
669 1025 731 1049 haec
751 1025 886 1049 conversio
905 1025 937 1049 sit
949 1023 1047 1055 subita,
1068 1024 1109 1048 vel
1128 1030 1182 1048 suc-

588 1078 698 1102 cessiva.
736 1096 742 1101 .
780 1096 786 1102 .
912 1096 918 1102 .
955 1095 962 1102 .
1000 1095 1006 1101 .
1045 1095 1050 1101 .
1088 1095 1094 1101 .
1132 1095 1138 1100 .
1176 1095 1182 1101 .
1220 1085 1231 1098 ιι
1274 1075 1322 1101 248

498 1130 540 1155 Vl.
561 1129 660 1161 Quibus
674 1129 761 1155 verbis
774 1130 813 1154 illa
829 1130 963 1155 conversio
977 1128 1070 1154 debeat
1083 1129 1199 1160 exprimi.
1220 1137 1232 1151 ι)
1273 1128 1324 1153 250

377 1183 460 1208 Dubia
479 1182 541 1208 l-IV.
561 1183 626 1208 circa
647 1182 753 1207 litteram
776 1182 886 1213 Magistri
911 1199 1183 1206 .......
1221 1190 1232 1203 n
1274 1180 1325 1206 252

793 1233 858 1259 Pars
876 1233 908 1258 II.

375 1287 473 1312 Divisio
492 1289 573 1312 textus
604 1304 1184 1311 ..............
1222 1294 1233 1308 a>
1275 1285 1324 1310 ‘253

394 1341 530 1365 Armenius
550 1340 567 1364 1.
586 1339 623 1364 De
641 1338 789 1372 speciebus,
811 1337 947 1371 inquibus
966 1345 1038 1364 mmo
1057 1337 1162 1371 conficit
1182 1336 1307 1363 Ecclesia.

376 1392 484 1422 Quaes‘r.
524 1392 540 1415 l.
560 1391 650 1416 Utrum
676 1391 827 1416 eucharistia
857 1390 947 1415 contici
972 1389 1065 1415 debeat
1084 1390 1109 1414 in
1129 1396 1184 1420 spe-

587 1444 625 1469 cie
644 1444 718 1475 panis
737 1447 761 1468 et
780 1444 832 1468 vini
868 1461 1184 1468 ........
1221 1451 1232 1464 ι
1275 1441 1325 1468 254

508 1496 535 1521 11.
557 1495 647 1521 Utrum
662 1499 770 1528 utraque
784 1496 876 1520 harum
891 1496 1036 1526 specierum
1054 1496 1086 1520 sit
1098 1494 1130 1520 de
1150 1495 1186 1519 in-

590 1549 705 1579 tegritate
725 1549 881 1573 Sacramenti
910 1566 1184 1573 .......
1222 1557 1234 1571 n
1276 1547 1325 1573 256

502 1601 537 1625 lll.
556 1600 647 1625 Utrum
667 1607 734 1632 aqua
753 1600 785 1625 sit
803 1599 836 1625 de
860 1601 1002 1631 integritate
1028 1600 1185 1625 Sacramenti

589 1654 757 1678 eucharistiae
783 1671 1185 1678 ..........
1223 1662 1234 1676 >³
1276 1652 1327 1679 257

518 1706 559 1730 lV.
580 1706 671 1731 Utrum
695 1705 889 1730 Sacramentum
909 1706 1078 1731 eucharistiae
1107 1706 1187 1736 possit

589 1758 679 1784 confici
699 1759 724 1782 in
743 1759 813 1783 omni
834 1765 900 1789 pane
919 1761 944 1782 et
962 1759 1023 1783 vino
1047 1777 1052 1782 .
1091 1777 1097 1783 .
1135 1776 1142 1783 .
1180 1777 1187 1783 .
1225 1767 1237 1781 n
1277 1758 1327 1783 259

501 1812 638 1836 Aarmums
656 1811 683 1836 ll.
704 1811 741 1836 De
760 1810 853 1842 modo,
875 1817 926 1844 quo
947 1810 1067 1836 Christus
1086 1810 1203 1843 confecit.

383 1866 487 1896 QUAEST.
525 1864 541 1888 l.
563 1864 652 1889 Utrum
671 1863 787 1889 Christus
812 1864 949 1888 contecerit
972 1863 997 1888 in
1023 1870 1128 1895 azymo,
1154 1870 1185 1888 an

590 1917 615 1940 in
640 1916 790 1941 sermentato
828 1934 1187 1941 .........
1225 1924 1237 1938 »
1278 1916 1328 1940 260

513 1968 539 1992 11.
560 1968 640 1999 Quale
665 1974 760 1999 corpus
785 1967 899 1993 Christus
924 1968 949 1992 in
975 1967 1058 1993 Coena
1089 1967 1188 1993 dederit

592 2020 724 2051 discipulis
734 2038 1185 2045 ...........
1225 2029 1236 2043 υ
1278 2019 1328 2044 263

381 2071 462 2097 Dubia
481 2071 561 2096 l-Vlll.
581 2072 647 2097 circa
667 2072 775 2098 litteram
795 2072 906 2103 Magistri
918 2091 1188 2097 .......
1226 2081 1237 2094 »ι
1279 2072 1329 2097 265

726 2175 907 2201 DlSTlNCTlO
931 2176 982 2201 ΧΗ.

385 2281 480 2306 'sextus
499 2281 609 2312 Magistri
650 2299 1190 2306 .............
1229 2289 1241 2303 »
1280 2280 1330 2305 267

803 2331 867 2357 Pars
885 2332 896 2357 I

382 2384 478 2410 Divisio
498 2388 580 2410 textus
608 2403 1190 2410 ..............
1230 2394 1241 2409 n
1281 2385 1330 2410 269

458 2438 595 2463 ART1CULUS
615 2438 629 2462 l.
649 2438 686 2463 De
705 2437 844 2464 earistentia
864 2438 1039 2464 accidentiam
1057 2437 1114 2464 sine
1131 2437 1254 2464 subiecto.

384 2490 490 2521 QUAEST.
527 2490 543 2514 l.
565 2490 654 2515 Utrum
667 2490 806 2515 accidentia
821 2491 920 2521 possint
932 2497 988 2515 csse
999 2491 1053 2515 sine
1066 2489 1190 2515 subiecto.
1227 2499 1239 2513 ι»
1281 2490 1331 2515 270

518 2542 541 2567 11.
563 2542 652 2566 Utrum
684 2543 708 2566 in
735 2543 900 2568 Sacramento
932 2543 1100 2567 eucharistiae
1131 2549 1191 2567 con-

595 2599 670 2625 gruat
689 2596 789 2626 species
807 2602 864 2620 csse
883 2596 937 2620 siue
956 2595 1072 2620 subiecto
1096 2615 1101 2619 .
1140 2614 1146 2619 .
1185 2614 1190 2619 .
1228 2604 1239 2617 υ
1281 2595 1331 2619 272

507 2646 542 2670 111.
562 2646 652 2671 Utrum
672 2647 704 2672 sit
722 2654 828 2678 terum,
852 2647 991 2672 accidentia
1005 2647 1039 2671 ihi
1061 2654 1118 2672 esse
1137 2647 1192 2672 sine

595 2698 711 2723 subiecto
742 2717 1191 2724 ...........
1229 2707 1241 2721 >>
1282 2698 1332 2723 273

437 2750 574 2775 Anthusz
593 2751 617 2774 ΙΙ.
638 2750 675 2775 De
694 2750 795 2776 actione
814 2752 838 2776 et
858 2750 1080 2777 transmutatione
1096 2750 1278 2777 accidentium.

386 2801 491 2832 Quam.
528 2802 544 2826 l.
565 2802 655 2827 Utrum
675 2804 774 2834 species
793 2803 849 2828 illae
863 2804 960 2834 possint
974 2804 1088 2828 converti
1107 2804 1132 2828 in
1151 2803 1192 2828 ali-

598 2858 713 2880 mentum
748 2874 1193 2881 ...........
1231 2865 1243 2879 »
1284 2854 1334 2880 274

521 2907 547 2932 11.
570 2907 657 2932 Utrum
677 2907 816 2933 accidentia
843 2908 953 2933 habeant
978 2909 1116 2939 potentiam
1136 2915 1193 2933 con-

598 2959 714 2984 vertendi
735 2960 781 2985 alia
801 2961 825 2984 in
846 2961 1060 2985 Sacramentum.
1099 2980 1104 2985 .
1143 2980 1148 2985 .
1186 2979 1192 2985 .
1231 2969 1242 2983 >›
1284 2959 1333 2984 278

510 3011 548 3036 lll.
570 3012 660 3036 [trum
680 3012 819 3038 accidentia
839 3013 878 3037 illa
903 3013 1065 3044 operationes
1084 3012 1194 3038 habeant

598 3070 644 3094 per
663 3067 795 3095 naturam,
815 3071 846 3089 an
867 3071 913 3095 per
932 3065 1085 3089 miraculum
1099 3083 1105 3088 .
1143 3084 1149 3089 .
1187 3083 1193 3088 .
1232 3073 1244 3087 n
1283 3064 1334 3088 280

575 3116 712 3140 An'rtcums
730 3116 765 3140 lll.
787 3116 823 3141 De
839 3115 970 3148 fractione
989 3116 1143 3149 specierum.

389 3168 493 3198 Quaes‘r.
530 3168 546 3191 l.
568 3167 657 3193 Utrum
682 3175 777 3199 corpus
802 3168 892 3193 Christi
918 3176 1009 3194 rerum
1036 3170 1059 3193 in
1080 3169 1194 3194 euchari-

598 3220 645 3244 stia
668 3220 800 3251 frangatur
837 3239 1192 3246 .........
1232 3230 1243 3243 »
1285 3221 1334 3245 283

524 3272 550 3296 ll.
570 3271 659 3296 Utrum
679 3273 703 3296 in
723 3272 859 3303 speciebus
878 3273 909 3297 sit
929 3280 989 3297 vera
1009 3273 1105 3298 [tactio.
1143 3291 1149 3297 .
1188 3292 1193 3298 .
1231 3282 1243 3296 2>
1284 3272 1334 3297 284

513 3323 547 3347 111.
569 3324 635 3355 Quid
654 3324 798 3355 significent
816 3329 901 3356 partes
920 3326 1017 3350 hostiae
1036 3326 1129 3350 fractae
1143 3344 1149 3350 .
1187 3344 1193 3350 .
1231 3334 1243 3348 »
1284 3325 1334 3350 285

390 3373 471 3399 Dubia
491 3375 540 3400 i-V.
561 3377 626 3401 circa
647 3377 754 3402 litterum
773 3377 884 3409 Magistri
923 3395 1193 3404 .......
1231 3388 1242 3401 n
1284 3379 1334 3403 286

1150 260 1264 292 INDEX
1287 260 1558 301 QUAESTIONUM.

1798 347 1863 372 Pars
1885 347 1909 372 11

1385 399 1482 424 Divisio
1501 401 1583 424 textus
1614 418 2147 426 .............
2183 407 2243 435 pay.

1529 452 1666 477 Atmcuws
1685 452 1700 476 l.
1722 452 1758 477 De
1776 451 1894 485 efficacia
1912 451 1992 478 huius
2015 452 2191 478 sacramenti.

1386 502 1492 533 Quam.
1531 503 1547 527 I.
1567 502 1658 528 Utrum
1672 504 1721 528 hoc
1740 503 1933 528 Sacramentum
1948 503 2040 529 habeat
2052 504 2193 529 efficaciam

1598 555 1622 579 in
1643 554 1758 587 quolibet
1776 555 1833 580 viro
1852 555 1918 581 iusto
1920 574 2192 581 .......
2229 566 2241 579 »

1522 607 1548 631 ll.
1567 606 1657 631 Utrum
1678 607 1726 632 hoc
1739 607 1932 632 Sacramentum
1946 607 2039 633 habeat
2052 608 2193 633 efficaciam

1598 659 1622 683 in
1643 658 1730 690 aliquo
1748 662 1883 689 peccatore
1922 678 2194 685 .......
2231 669 2243 683 ιι

1511 711 1546 735 111.
1567 711 1638 742 Quae
1656 711 1687 736 sit
1706 711 1818 736 efficacia
1838 712 1914 736 huius
1933 712 2105 737 Sacramenti.
2143 732 2149 737 .
2187 731 2193 737 .
2231 721 2242 735 >›

1481 762 1618 787 Aimcucus
1636 762 1663 787 ΙΙ.
1683 761 1720 787 De
1738 762 1947 795 frequentatione
1965 762 2044 789 huius
2063 763 2240 790 Sacramenti.

1387 813 1495 845 QUAEST.
1534 813 1551 839 l.
1570 814 1660 839 Utrum
1686 816 1819 840 teneamur
1842 814 1966 840 accedere
1990 815 2022 840 ad
2048 816 2195 840 Sacramen-

1600 868 1654 890 tum
1677 866 1845 891 eucharistiae
1882 884 2195 892 ........
2232 875 2243 889 2³

1523 917 1549 942 Π.
1569 917 1660 943 Utrum
1693 917 1803 943 habenti
1824 917 1967 943 libertatem
1995 918 2135 944 accedendi
2165 920 2197 944 sit

1600 970 1693 995 melius
1711 971 1884 1002 frequentare,
1904 978 1935 996 an
1955 970 2026 996 tarde
2046 971 2169 997 accedere
2189 990 2194 996 .
2232 981 2244 994 ι»

1512 1021 1546 1046 111.
1567 1021 1657 1047 Utrum
1677 1023 1754 1047 homo
1780 1021 1872 1047 debeat
1890 1029 1918 1047 se
1942 1023 2072 1048 retrahere
2094 1022 2126 1048 ab
2147 1023 2195 1048 hoc

1601 1074 1766 1100 Sacramento
1796 1077 1900 1106 propter
1925 1075 2114 1101 immunditiam
2144 1082 2196 1101 cor-

1600 1126 1716 1157 poralem
1747 1145 2196 1152 ...........
2233 1137 2245 1150 ι)

1388 1178 1471 1203 Dubia
1491 1178 1552 1204 1-1V.
1573 1179 1638 1204 circa
1659 1179 1768 1204 litteram
1788 1179 1899 1210 Magistri
1928 1199 2197 1205 .......
2235 1189 2247 1203 1>

1736 1283 1914 1309 DlSTlNCTlO
1934 1284 1996 1309 Xlll.

1390 1388 1486 1413 Textus
1506 1388 1617 1419 Magistri
1656 1407 2197 1414 .............
2236 1398 2247 1411 u

1390 1440 1487 1466 Divisio
1507 1443 1588 1466 textus
1614 1460 2199 1467 ..............
2238 1450 2250 1465 »

1586 1495 1722 1519 :innectus
1742 1494 1758 1519 l.
1778 1494 1815 1519 De
1830 1495 1958 1527 potestate
1978 1493 2145 1528 conficientis.

1391 1545 1498 1576 QUAEST.
1537 1546 1553 1570 I.
1574 1545 1664 1570 Utrum
1683 1546 1769 1570 omnis
1787 1546 1909 1571 sacerdos
1929 1547 2008 1577 possit
2027 1546 2153 1571 conficere
2192 1567 2197 1572 .
2237 1539 2248 1569 i,

1528 1597 1553 1621 ll.
1574 1597 1664 1622 Utrum
1684 1598 1729 1622 soli
1751 1597 1897 1623 sacerdotes
1917 1599 2015 1629 possint
2031 1598 2157 1623 conficere
2194 1617 2199 1623 .
2239 1606 2251 1622 »

1515 1649 1551 1674 lll.
1572 1649 1663 1674 Utrum
1693 1653 1804 1681 potestas
1832 1650 1998 1675 consecrandi
2028 1651 2111 1682 magis
2138 1651 2200 1676 resi-

1604 1701 1662 1727 deat
1681 1703 1747 1727 circa
1761 1702 1935 1734 sacerdotem,
1954 1710 1986 1727 an
2000 1703 2066 1728 circa
2079 1702 2199 1728 verbum.
2237 1712 2248 1726 ι)

1519 1755 1559 1779 lV.
1580 1755 1670 1780 Utrum
1700 1755 1790 1781 melior
1817 1756 1849 1780 sit
1874 1756 1948 1780 Missa
1971 1755 2033 1780 boni
2061 1755 2201 1781 sacerdotis

1605 1813 1683 1839 quam
1703 1807 1763 1832 mali
1792 1826 2199 1832 ..........
2237 1817 2249 1830 a>

1568 1860 1706 1884 Aartcums
1726 1859 1752 1884 ll.
1773 1859 1810 1885 De
1829 1860 1948 1885 sumente
1967 1857 2165 1886 eucharistiam.

1392 1912 1498 1943 QUAEs’r.
1536 1912 1552 1936 Ι.
1572 1912 1663 1937 Utrum
1687 1919 1782 1943 corpus
1807 1911 1897 1937 Christi
1924 1913 2062 1937 traiiciatur
2088 1913 2113 1937 in
2141 1919 2201 1937 ven-

1604 1968 1669 1990 trem
1689 1965 1770 1990 muris
1798 1983 2201 1990 ..........
2239 1974 2250 1987 »

1529 2018 1555 2043 11.
1576 2017 1666 2042 Utrum
1681 2024 1776 2049 corpus
1789 2016 1881 2042 Christi
1895 2016 2033 2043 descendat
2046 2018 2070 2042 in
2083 2020 2201 2043 ventrem

1604 2069 1715 2094 hominis
1753 2087 2199 2094 ...........
2237 2078 2248 2092 ιι

1393 2121 1476 2146 Dubia
1496 2121 1558 2146 l-lV.
1578 2122 1644 2146 circa
1664 2121 1772 2146 litteram
1792 2121 1903 2153 Magistri
1930 2140 2200 2146 .......
2237 2130 2248 2144 »

1738 2224 1914 2250 DlSTlNCTlO
1934 2225 2000 2250 XlV.

1395 2329 1490 2355 'sextus
1515 2330 1627 2361 Magistri
1664 2348 2199 2355 .............
2237 2340 2249 2353 »

1817 2381 1881 2407 Pars
1897 2382 1908 2407 Ι

1395 2435 1491 2459 Divisio
1511 2437 1592 2460 textus
1613 2468 1615 2470 η
1620 2453 2201 2460 ..............
2238 2443 2250 2457 »

1530 2488 1666 2513 Aarrcucus
1686 2488 1701 2512 l.
1721 2487 1758 2513 De
1777 2487 1872 2513 virtute
1889 2487 2061 2520 poenitentiae
2079 2486 2204 2513 absolute.

1396 2540 1502 2571 Quam.
1539 2540 1557 2565 1.
1579 2540 1669 2565 Utrum
1685 2541 1839 2571 poenitentia
1858 2541 1889 2565 sit
1902 2541 1983 2566 virtus
2020 2558 2200 2565 .....
2238 2548 2251 2562 x·

1531 2592 1557 2616 ll.
1577 2591 1667 2617 Utrum
1687 2592 1840 2623 poenitentia
1859 2593 1890 2617 sit
1909 2592 1990 2617 virtus
2009 2591 2149 2623 generalis,
2169 2598 2201 2616 an

1607 2645 1725 2676 specialis
1757 2663 2201 2670 ...........
2238 2653 2249 2666 ιο

1520 2697 1556 2721 lll.
1577 2697 1665 2721 Utrum
1685 2698 1838 2728 poenitentia
1852 2698 1883 2722 sit
1896 2698 1977 2723 virtus
1997 2697 2150 2728 theologica⁷
2168 2703 2200 2721 an

1607 2749 1741 2774 cardmalis
1755 2768 2201 2774 ...........
2239 2757 2251 2772 l)

1526 2802 1662 2826 Aancunus
1682 2801 1708 2826 ll.
1729 2801 1765 2826 De
1781 2800 1942 2833 poenitentia
1960 2800 1988 2826 in
2006 2799 2211 2833 comparatione.

1397 2853 1504 2885 Qutxsssr.
1542 2853 1558 2878 1.
1578 2854 1649 2885 Quae
1677 2855 1717 2878 vis
1740 2854 1841 2879 animae
1869 2855 1900 2878 sit
1927 2853 2071 2878 subiectum
2099 2853 2201 2877 virtutis

1609 2906 1780 2936 poenitentiae
1798 2923 2201 2930 ..........
2238 2913 2250 2927 »

1532 2957 1557 2982 11.
1578 2957 1667 2982 Utrum
1687 2959 1840 2989 poenitentia
1860 2959 1956 2983 ortatur
1974 2964 2004 2982 ex
2024 2958 2115 2982 timore
2151 2975 2157 2981 .
2195 2976 2200 2981 .
2238 2966 2249 2979 »

1521 3010 1558 3034 lll.
1581 3010 1670 3035 Utrum
1691 3011 1844 3041 poenitentia
1863 3011 1894 3035 sit
1913 3011 1995 3042 prima
2016 3011 2112 3035 virtus.
2150 3028 2156 3035 .
2194 3029 2200 3034 .
2237 3018 2249 3032 »

1399 3061 1481 3087 Dubia
1500 3062 1561 3088 l·lV.
1583 3063 1649 3088 circa
1669 3063 1776 3088 litteram
1797 3063 1907 3094 Magistri
1929 3083 1934 3087 .
1973 3081 1979 3087 .
2019 3083 2024 3088 .
2064 3082 2069 3087 .
2107 3081 2113 3087 .
2150 3081 2156 3086 .
2182 3080 2200 3086 ..
2237 3070 2249 3084 ι)

1811 3115 1875 3140 Pars
1894 3114 1926 3140 11.

1398 3169 1492 3193 Divisio
1512 3171 1594 3193 textus
1625 3185 2200 3193 ..............
2238 3176 2249 3189 »

1579 3222 1717 3246 Aminnias
1736 3221 1752 3245 l.
1773 3220 1809 3245 De
1828 3220 1964 3246 iteratione
1979 3218 2160 3252 poenitentiae.

1399 3273 1504 3304 Quaes'r.
1543 3274 1559 3298 l.
1581 3273 1669 3298 Utrum
1690 3274 1820 3304 contingat
1833 3273 1924 3298 cadere
1938 3280 1951 3297 a
1965 3279 2026 3297 vera
2040 3271 2201 3302 poenitentia.
2238 3280 2249 3293 ι)

1534 3326 1559 3350 ll.
1580 3326 1669 3350 Utrum
1689 3326 1818 3357 contingat
1845 3332 1892 3356 per
1917 3326 2097 3356 poenitentiam
2116 3330 2202 3348 resur-

1610 3385 1685 3409 gere,
1706 3379 1754 3403 hoc
1772 3381 1811 3402 est
1829 3378 2009 3409 poenitentiam
2023 3377 2113 3402 iterare
2149 3394 2155 3399 .
2194 3394 2200 3400 .
2237 3385 2249 3398 7>

2281 401 2331 426 288

2282 557 2332 582 289

2284 660 2329 685 291

2284 713 2334 737 292

2285 866 2336 892 294

2285 971 2336 997 295

2286 1127 2337 1153 297

2287 1180 2337 1205 298

2289 1389 2339 1413 300

2289 1442 2335 1466 301

2289 1546 2340 1571 302

2290 1597 2340 1623 304

2291 1702 2341 1728 305

2291 1807 2340 1832 306

2291 1964 2342 1989 307

2290 2069 2340 2094 309

2291 2121 2318 2146 31
2330 2121 2335 2145 1

2290 2329 2340 2355 314

2291 2433 2341 2459 317

2291 2539 2340 2564 318

2291 2643 2341 2668 320

2291 2748 2336 2773 321

2291 2904 2340 2928 323

2291 2956 2340 2980 326

2291 3008 2341 3033 327

2291 3061 2340 3086 328

2291 3167 2341 3191 330

2291 3271 2335 3295 331

2291 3376 2340 3401 332
