2483 3882
1 1027 66 1048 uenia.

1 2607 51 2633 posi-

723 236 816 268 DtsT.
842 236 903 268 XV.
927 236 956 268 P.
982 236 1014 267 ll.
1038 236 1120 268 ΛΒΤ.
1146 236 1165 267 Ι.
1191 236 1343 277 ΩΗᾹΕΞΤ.
1369 236 1400 267 ll.

81 331 188 358 utroque
207 325 307 355 Scripto
331 324 372 349 liic
391 331 415 356 q.
441 325 459 348 1.
476 337 508 341 -
523 325 546 348 s.
568 324 670 355 't'liom.,
693 325 733 349 liic
760 332 784 356 q.
809 325 829 349 l.
858 332 879 348 n.
905 325 923 349 l.
950 331 1026 356 quae-

79 371 167 396 stiunc.
189 369 217 400 3;
238 368 328 400 Suppl.
349 376 373 400 q.
398 369 434 393 1-2.
454 376 475 393 a.
497 368 520 392 3.
535 382 568 385 —
583 369 608 393 Β.
627 368 729 398 Δῶρι-1.,
752 369 791 393 liic
811 376 832 393 a.
858 369 894 393 12.
909 382 942 385 —-
963 368 1025 393 Pctr.

79 421 92 439 a
115 413 189 443 Tan,
211 412 251 437 liic
271 419 295 444 q.
321 412 341 436 l.
363 418 385 436 a.
412 412 431 436 l.
451 412 610 444 quaestiunc.
631 412 654 436 3.
676 411 697 436 t.
720 426 753 429 —
775 412 891 437 Ricliard.
912 420 925 436 a
947 411 1025 443 Med,

80 457 118 482 liic
143 463 164 481 a.
191 456 209 480 l.
231 463 255 488 q.
281 456 300 480 l.
319 469 354 473 —
374 455 501 486 Durand.,
523 456 562 479 liic
582 463 606 487 q.
632 456 650 479 l.
672 462 695 479 n.
717 455 739 480 5.
756 470 786 472 -
803 455 904 486 Dionys.
926 455 1025 487 Carth„

79 502 118 527 hic
137 508 160 532 q.
186 500 204 524 t.

147 544 171 568 ll.
192 544 215 568 ln
236 550 289 575 seq.
310 543 358 575 (2.)
377 543 526 575 quaestione.
547 544 629 574 magis
643 543 783 574 explicatur
806 544 936 568 conclusio
950 550 1025 575 quae-

1979 239 2041 271 363

1089 324 1177 349 stionis
1202 325 1220 349 1.
1241 325 1265 349 in
1287 332 1310 355 p.
1332 325 1345 348 l.
1362 325 1429 349 Ilaec
1443 329 1529 350 autem
1544 325 1678 356 explicatio
1699 326 1785 356 magni
1800 327 1922 350 momenti
1942 330 2040 357 estpro

1089 367 1240 392 stabilienda
1260 368 1400 393 orthodoxa
1422 368 1453 393 de
1474 369 1639 400 indulgentiis
1659 369 1772 394 doctrina
1793 368 1855 401 (cfr.
1871 370 1934 394 infra
1952 370 1977 394 d.
1998 371 2040 395 20.

1091 418 1114 442 p.
1135 411 1172 443 ll.)
1193 412 1261 437 Alex.
1282 412 1335 436 Hal.
1357 419 1410 436 rem
1432 416 1520 438 tractat
1546 413 1592 438 loc.
1611 413 1651 438 cit.
1672 418 1729 438 antc
1750 413 1840 445 finem,
1867 413 1910 438 ulii
1938 414 2040 440 discutit

1090 455 1247 486 praedictam
1262 455 1460 487 ‹lescriptionem
1476 457 1596 482 :inselmt
1611 458 1657 481 atii
1671 461 1886 483 commentatores
1901 458 2040 484 Lonibardi

1090 500 1154 524 lianc
1180 501 1355 532 quaestionem
1385 501 1517 533 omittunt,
1537 502 1577 526 vel
1599 502 1684 532 potius
1704 502 1864 533 coniungunt
1884 508 1943 526 cum
1965 510 2040 534 quae-

1089 544 1170 568 stione.
1195 544 1213 568 l.
1234 545 1313 575 partis
1334 544 1349 568 l.

931 658 1113 699 Quinsuo
1143 659 1174 690 u.

841 756 904 787 Cim?
925 756 969 787 sic
991 754 1277 797 satisfact’encltmz.

161 862 302 895 Secundo
327 862 511 903 quaeritur,
536 862 585 894 cni
612 862 650 894 sit
676 862 816 894 facienda
845 861 1022 893 satisfactio.

76 916 107 947 Et
130 915 211 957 quod
238 915 315 953 Deo,
340 914 474 946 videtur.

164 969 188 999 l.
214 967 398 999 Aiiselinus¹
429 967 470 999 ita
506 967 631 999 desiuit:
664 967 875 1000 «Satisfacere
900 970 945 999 est
970 967 1021 998 ho-

72 1030 177 1054 norem
204 1020 343 1052 debitum
371 1020 432 1052 Deo
459 1020 639 1061 impendere
654 1033 682 1059 »3
708 1020 762 1052 sed
787 1020 813 1052 ei
840 1019 951 1052 satisfit
969 1020 1022 1051 im-

72 1073 234 1116 pendendo
259 1073 427 1112 honorem,
445 1073 494 1105 cui
522 1073 672 1105 honorem
692 1073 919 1114 impendimus:
947 1081 1020 1104 curn

71 1136 142 1168 ergo
181 1126 331 1158 honorem
378 1125 598 1167 impendamus
639 1126 701 1158 Deo
717 1151 724 1164 ,
764 1125 1017 1158 satisfaciendum

70 1184 114 1213 est
138 1179 208 1211 Deo.

156 1234 183 1264 Q.
210 1232 298 1270 item,
325 1232 366 1264 illi
394 1232 427 1264 fit
462 1232 648 1271 satisfactio,
686 1232 736 1274 qui
764 1232 861 1273 exigit
887 1240 1016 1273 poenam

69 1289 97 1318 et
120 1285 302 1323 emendam,
328 1285 380 1317 sed
418 1284 470 1317 ille
506 1285 558 1326 qui
591 1285 689 1326 exigit
716 1293 845 1325 poenam
871 1294 889 1316 a
915 1293 1019 1326 pecca-

69 1343 147 1377 tore,
172 1338 256 1370 Deus
279 1342 342 1376 est,
368 1337 576 1378 Gregorius&
608 1350 622 1367 «
639 1339 697 1369 Aut
723 1338 815 1369 liomo
840 1338 939 1379 punit,
964 1342 1019 1370 aut

67 1392 149 1424 Deus
165 1403 196 1428 ›>;
221 1400 295 1432 ergo
320 1390 488 1423 satisfactio
511 1391 544 1422 fit
570 1391 641 1423 Deo.

156 1444 184 1476 3.
209 1444 301 1482 item,
325 1443 351 1476 ei
388 1443 422 1475 fit
454 1444 639 1482 satisfactio,
673 1444 721 1476 cui
761 1444 942 1476 iniuriatum
969 1449 1016 1477 est

67 1506 121 1539 per
145 1497 286 1538 culpam;
312 1497 366 1529 sed
393 1497 440 1529 liic
459 1501 505 1529 est
529 1497 630 1535 Deus,
655 1497 728 1537 quia
751 1509 765 1525 «
780 1501 941 1538 peccatum
961 1500 1016 1535 est,

69 1553 171 1592 spreto
207 1549 453 1581 incommutabili
488 1549 585 1588 bono,
619 1549 714 1582 rebus
739 1549 1017 1582 commutaliililnls

67 1602 306 1635 adliaerere⁸n:
331 1611 406 1643 ergo
431 1602 598 1634 satisfactio
624 1602 749 1644 proprie
774 1602 808 1634 fit
834 1602 889 1643 ipsi
916 1602 992 1634 Deo.

152 1656 181 1687 4.
207 1656 279 1687 ltem
292 1681 299 1694 ,
317 1655 430 1688 Christi
450 1655 617 1688 satisfactio
634 1656 692 1687 suit
709 1656 874 1697 exemplar
891 1659 1016 1688 nostrae

64 1707 297 1746 satisfactionis,
321 1712 351 1740 et
377 1708 448 1740 inde
473 1717 532 1740 non
566 1712 687 1740 tantum
712 1708 897 1750 exemplum
924 1709 1016 1740 trahi-

67 1764 132 1796 tur,
157 1761 210 1792 sed
235 1761 327 1792 etiam
354 1761 595 1793 fundamentum
622 1765 747 1793 nostrae
779 1761 1014 1800 satisfactionis;

66 1813 117 1846 sed
142 1813 285 1846 Christus
309 1813 458 1846 satisfecit
482 1813 581 1852 Patri,
606 1813 680 1855 quia.
696 1814 904 1855 semetipsum
929 1814 1016 1846 obcu-

66 1865 103 1898 tic
124 1866 313 1898 oblationem
345 1871 373 1898 et
402 1865 543 1898 hostiam
567 1867 674 1898 Deo⁴t
699 1875 774 1908 ergo
798 1871 904 1899 nostra
928 1867 1016 1899 satis-

65 1919 153 1951 factio
188 1919 331 1951 similiter
356 1922 403 1951 est
427 1919 490 1951 Deo
514 1919 664 1951 facienda.

151 1973 178 2003 5
204 1972 296 2009 Item,
322 1972 346 2004 si
372 1971 540 2004 satisfactio
565 1981 625 2003 non
652 1972 741 2004 fieret
765 1972 823 2004 nisi
851 1973 1013 2013 Ecclesiae,

65 2023 201 2063 videtur,
226 2024 309 2065 quod
335 2033 405 2057 cum
431 2028 576 2066 peccator
600 2025 702 2057 exiret
726 2025 830 2057 forum
851 2025 1013 2065 Ecclesiae,

65 2085 122 2107 non
146 2079 306 2108 teneretur
329 2076 368 2108 ad
386 2085 519 2118 poenam
544 2077 695 2118 aliquam:
723 2086 798 2119 ergo
820 2086 928 2110 omnes
945 2087 1014 2110 evo-

64 2128 177 2160 larent:
203 2138 277 2170 ergo
301 2129 418 2162 frustra
445 2130 524 2162 fiunt
547 2130 696 2172 suffragia
722 2130 888 2169 Ecclesiae,
913 2135 944 2163 et
968 2140 1014 2164 er·-

65 2185 133 2213 rant
155 2183 207 2223 qui
237 2186 357 2224 ponunt
389 2192 521 2224 poenam
546 2184 773 2225 purgatoriam.
799 2184 858 2216 Sed
883 2184 941 2216 hoc
967 2188 1013 2216 est

65 2240 167 2267 contra
192 2236 325 2268 fidem⁵t
352 2245 426 2277 ergo
451 2240 507 2269 etc.

150 2289 178 2320 6.
203 2288 294 2326 item,
320 2289 343 2321 si
371 2289 453 2321 Deus
485 2289 657 2330 peccatori,
684 2290 945 2332 quotiescumque
969 2291 1012 2322 iu-

64 2340 226 2379 stificatnr,
253 2345 349 2374 totum
376 2342 585 2381 condonaret,
604 2343 721 2374 malum
741 2348 918 2376 remaneret
935 2344 1013 2375 inul-
1059 2354 1061 2356 ·

66 2397 146 2432 tum,
171 2398 201 2425 et
236 2394 366 2426 daretur
403 2395 576 2436 unicnique
606 2395 735 2427 libertas
760 2396 1010 2437 transgrediendi

66 2449 171 2477 contra
196 2446 293 2478 Deum
318 2455 429 2485 sunm,
454 2448 508 2480 sed
534 2448 592 2480 hoc
617 2452 663 2480 est.
688 2449 919 2487 inconveniens,
938 2450 1012 2491 quia

66 2498 316 2531 universnm‘sic
341 2505 518 2533 remaneret
542 2501 794 2532 inordinatumG:
820 2510 895 2542 ergo
919 2506 975 2534 etc.

149 2552 291 2585 CONTna:
323 2555 346 2585 t.
373 2554 565 2594 Augustinus
589 2554 677 2592 dicit,
702 2558 732 2586 et
756 2555 901 2595 Magister
924 2555 1012 2596 ponit

65 2604 95 2636 in
126 2605 269 2638 littera72
306 2619 320 2635 «
339 2606 531 2639 infidelitatis
562 2607 707 2648 impietas
740 2611 785 2639 est
817 2608 856 2639 al]
889 2616 924 2639 eo
958 2608 1009 2649 qui

66 2657 164 2690 iustus
194 2663 254 2698 est,
279 2659 440 2691 dimidiam
474 2669 601 2701 sperare
634 2661 798 2698 veniam»;
823 2661 877 2693 sed
904 2661 927 2692 si
953 2661 1012 2693 hoc

1088 865 1134 893 est
1152 870 1319 893 erroneum
1346 863 1467 901 dicere,
1486 864 1576 905 quod·
1592 865 1754 897 dimidiam
1780 867 1901 898 veniam
1927 867 2038 906 donet3

1087 923 1161 955 ergo
1187 914 1210 946 si
1247 915 1392 953 dimittit,
1422 920 1521 948 totum
1558 917 1729 950 condonat:
1760 928 1833 960 ergo
1858 920 1983 961 culpam
2009 924 2039 953 et

1087 976 1236 1008 poenam:
1262 977 1337 1009 crgo
1363 968 1427 1010 ipse
1452 969 1589 1010 amplius
1612 979 1671 1002 non
1698 971 1813 1012 exigit,
1838 981 1912 1014 ergo
1938 982 1994 1006 nec
2010 974 2037 1006 ei

1086 1024 1208 1061 oportet
1232 1020 1428 1059 satisfacere,
1454 1030 1529 1063 ergo
1553 1022 1609 1054 soti
1638 1023 1799 1056 Ecclesiae.

1175 1073 1204 1104 Ξ.
1230 1073 1323 1111 item,
1348 1073 1432 1106 Deus
1468 1074 1498 1106 in
1531 1076 1715 1108 contritione
1751 1077 1877 1109 dimittit
1913 1079 2038 1120 culpam

1086 1129 1115 1156 et
1140 1134 1269 1166 poenam
1295 1129 1473 1165 aeternam,
1499 1137 1579 1169 quae
1604 1128 1729 1160 excedit
1752 1139 1876 1162 omnem
1902 1140 2035 1172 poenam

1085 1178 1288 1219 temporalem
1315 1179 1675 1221 i1nproportionaliter⁸:
1701 1191 1776 1223 ergo
1793 1192 1864 1214 cum
1891 1185 2034 1216 contritio

1085 1239 1144 1262 non
1181 1232 1314 1263 excedat
1350 1232 1574 1266 confessionem
1613 1234 1948 1276 improportionaliter,
1979 1247 2035 1270 nec

1085 1287 1236 1324 quantum
1270 1285 1308 1317 ad
1338 1295 1479 1326 poenam
1516 1296 1572 1319 nec
1608 1291 1761 1328 quantum
1796 1289 1835 1320 ad
1861 1290 2037 1328 meritum,-

1084 1337 1182 1368 multo
1207 1337 1319 1369 fortius
1345 1338 1373 1369 in
1411 1339 1602 1372 confessione
1627 1340 1802 1372 absolvitur
1827 1346 1973 1383 peccator
1996 1343 2036 1375 ab

1083 1389 1166 1421 omni
1193 1399 1291 1431 poena
1317 1391 1479 1432 temporali
1499 1397 1652 1433 quantum
1670 1393 1708 1425 ad
1728 1394 1840 1426 Deum:
1860 1404 1934 1437 ergo
1952 1396 2036 1429 Deus

1084 1452 1142 1474 nun
1169 1443 1266 1484 exigit
1291 1444 1475 1486 ampliorem
1501 1445 1752 1478 satisfactionem.

1172 1495 1200 1527 3.
1228 1496 1320 1534 item,
1346 1501 1431 1529 tanta
1455 1501 1556 1539 potest
1580 1507 1648 1531 esso
1672 1500 1834 1538 contritio,
1852 1502 1935 1543 quod
1954 1502 2037 1535 delet

1082 1557 1205 1580 omnem
1232 1549 1357 1591 culpam
1383 1554 1412 1582 et
1438 1560 1587 1592 poenam,
1613 1556 1643 1584 et
1668 1557 1741 1585 tunc
1776 1558 1913 1593 constat,
1951 1556 2035 1597 quod

1083 1601 1166 1633 Deus
1191 1602 1268 1634 nihil
1292 1603 1434 1644 exigeret
1458 1604 1692 1644 satisfactionis3
1717 1607 1769 1638 sed
1797 1607 1821 1638 si
1847 1607 1917 1639 talis
1934 1609 2037 1640 veniat

1082 1655 1119 1686 ad
1148 1656 1386 1697 poenitentiam.
1413 1666 1511 1698 poena
1530 1658 1735 1690 satisfactoria
1759 1663 1805 1691 est
1831 1660 2034 1701 Imponenda:

1081 1716 1156 1749 ergo
1180 1709 1324 1747 videtur,
1349 1710 1431 1750 quod
1459 1711 1626 1743 satisfactio
1652 1721 1710 1743 non
1737 1712 1791 1744 fiat
1815 1713 1896 1749 Deo.
1914 1714 1967 1745 sed
1988 1715 2037 1746 Ec-

1081 1760 1210 1799 clesiae,
1235 1770 1315 1802 quae
1340 1766 1386 1794 est
1410 1763 1477 1795 eius
1503 1772 1626 1804 sponsa.

1169 1814 1198 1845 h..
1224 1815 1316 1852 item,
1342 1816 1492 1848 confessio
1518 1817 1601 1848 ultra
1626 1818 1843 1850 contritionem
1869 1824 1915 1851 cst
1933 1820 2034 1852 solum

1080 1868 1255 1899 necessaria
1281 1872 1409 1909 propter
1434 1869 1716 1902 reconciliationem
1743 1872 1916 1904 faciendam
1938 1873 2037 1905 Eccle-

1079 1920 1159 1958 siae,
1184 1924 1214 1952 et
1239 1921 1307 1952 ideo
1332 1921 1366 1953 tit
1391 1921 1522 1953 homini:
1549 1931 1623 1964 ergo
1650 1923 1747 1955 multo
1772 1925 1907 1957 fortiusO
1932 1926 1970 1958 de
1989 1936 2034 1958 sa-

1080 1972 1267 2010 tisfactione,
1293 1983 1373 2015 quae
1398 1975 1601 2016 consequitur
1626 1977 1862 2009 confessionem.

1169 2027 1196 2058 5.
1223 2026 1314 2065 ltem,
1333 2027 1494 2064 videmus,
1512 2029 1595 2070 quod
1621 2029 1755 2062 Ecclesia
1779 2030 1913 2063 absolvit
1934 2041 1950 2063 a
1973 2041 2036 2063 ma-

1078 2079 1134 2110 iori
1162 2083 1249 2120 parte
1274 2089 1391 2120 poenae
1422 2081 1645 2113 satisf'actoriae
1683 2083 1711 2114 in
1751 2083 1930 2116 t‘miusmodi
1957 2085 2035 2117 rola-

1080 2131 1276 2170 xafflonihus,
1306 2133 1358 2164 sed
1398 2133 1504 2166 nullus
1537 2138 1637 2175 potest
1673 2136 1765 2168 alicui
1800 2137 1944 2170 relaxare
1974 2138 2031 2170 nisi

1078 2184 1162 2226 quod
1188 2184 1244 2216 sibi
1271 2185 1421 2217 debetur:
1454 2195 1529 2228 ergo
1562 2188 1705 2226 videtur,
1730 2189 1814 2230 quod
1840 2189 1898 2221 ista
1923 2190 2035 2223 debea-

1079 2242 1130 2269 tur
1156 2238 1323 2270 Ecclesiae:
1350 2247 1424 2280 ergo
1443 2240 1585 2277 videtur,
1603 2241 1686 2282 qnod
1705 2242 1874 2274 satisfactio
1901 2252 1961 2274 non
1981 2243 2034 2275 siat

1078 2291 1158 2330 Deo,
1183 2292 1236 2324 sed
1263 2293 1362 2333 magis
1389 2293 1550 2326 Ecclesiae.

1433 2390 1671 2415 CONCLUSIO.

1137 2467 1333 2510 Santsftzcta‘o
1359 2469 1396 2501 (Ze
1419 2474 1550 2511 peccato
1571 2472 1709 2512 proprie
1731 2471 1768 2513 sit
1794 2472 1859 2513 ipsi
1885 2473 1965 2510 Deo,

1211 2526 1319 2553 {dinen
1341 2532 1399 2563 pel·
1427 2522 1604 2554 Ecclest'am
1629 2528 1657 2554 et
1682 2524 1715 2555 z'n
1742 2524 1897 2556 Ecclesia.

1167 2609 1364 2641 ttesposoeox
1392 2610 1578 2649 Dicendum,
1597 2611 1678 2652 quod
1706 2620 1777 2643 cum
1804 2616 1948 2653 peccator
1966 2621 2032 2653 pec-

1077 2665 1142 2699 cat,
1167 2670 1199 2693 se
1235 2662 1274 2693 ad
1311 2671 1443 2703 poenam
1480 2667 1640 2695 aeternam
1671 2664 1796 2705 obligat.
1822 2665 1898 2696 Cum
1925 2670 2031 2697 antem

133 2808 140 2824 ¹
163 2809 226 2835 Vide
250 2817 329 2841 supra
353 2818 412 2841 pag.
433 2810 498 2842 350,
522 2815 578 2835 notu
606 2812 623 2835 l.
639 2825 671 2828 —
687 2812 743 2837 Post
762 2811 852 2845 definit
872 2812 931 2837 edd.
952 2819 1011 2837 cum

65 2857 112 2876 non
132 2854 220 2883 paucis
240 2854 317 2878 codd
339 2854 438 2878 addunt
455 2853 622 2886 sulesfncere..

131 2895 140 2911 ‘²
160 2896 226 2921 Libr.
248 2897 289 2921 tx.
310 2898 395 2922 Mornl.
416 2906 438 2922 c.
462 2898 502 2922 34.
524 2905 549 2922 n.
568 2897 615 2923 54:
638 2900 685 2924 Aut
706 2900 773 2923 cuim
795 2900 849 2930 ipse
870 2900 919 2924 hoc
939 2899 1012 2933 [dcli-

63 2939 141 2971 ctum]
162 2941 238 2965 homo
258 2941 283 2965 in
304 2948 330 2966 so
351 2942 484 2972 poenitens
505 2943 588 2973 punit,
609 2947 652 2967 aut
673 2944 720 2968 lloc
740 2944 807 2968 Deus
827 2950 886 2968 cum
908 2944 1011 2968 nomine

40 3006 43 3007 .
64 2982 194 3008 vindicans
215 2985 329 3015 percutit.
350 2984 400 3009 Cfr.
422 2986 537 3016 August,
558 2987 640 3010 Surm.
667 2987 703 3011 19.
731 2994 755 3011 n.
777 2988 800 3011 2.
820 2991 844 3012 ct
864 2988 946 3012 Serm.
970 2988 1010 3012 20.

65 3033 88 3052 n.
105 3028 127 3052 2.
142 3027 212 3058 (alias
233 3028 256 3053 4..
279 3033 302 3053 et
323 3029 344 3054 3.
365 3036 395 3053 cx
414 3030 572 3062 sti-monci),
593 3038 640 3056 nce
660 3038 709 3055 non
730 3032 812 3056 Serm.
833 3032 872 3056 ⁵29.
894 3032 966 3059 (alias
987 3032 1010 3057 3.

65 3069 95 3095 de
115 3071 235 3103 Diversis)
257 3080 277 3098 c.
299 3074 323 3099 5.
346 3081 368 3098 n.
390 3075 413 3098 6.
435 3074 500 3099 Vidc
520 3079 582 3099 tom.
605 3075 629 3099 ll.
651 3082 710 3106 pag.
731 3075 794 3106 853,
816 3080 873 3100 uota
894 3076 917 3100 8.
938 3077 1009 3100 ——ln

63 3113 160 3140 vmiori
177 3123 225 3147 pro
244 3116 284 3142 illi
301 3117 331 3150 sit
350 3117 406 3142 cod.
430 3118 445 3141 Ρ
465 3116 505 3142 illi
522 3119 560 3143 est
578 3118 710 3151 socienda.

132 3157 142 3173 3
161 3160 307 3185 Secundum
329 3162 516 3192 augustinium
537 3162 583 3186 cfr.
607 3165 666 3187 tom.
688 3163 714 3187 ll.
743 3169 803 3193 pag.
824 3163 886 3193 839,
908 3168 965 3188 nota
990 3163 1009 3188 i.

64 3200 100 3226 ΡΞ.
127 3202 172 3234 50,
200 3204 232 3228 6:
259 3204 316 3229 Tibi
342 3205 388 3229 soli
416 3205 520 3235 peccavi
546 3208 595 3230 etc.
620 3220 654 3223 -
677 3206 723 3230 Pro
750 3205 828 3231 rebus
855 3206 932 3232 codd.
962 3207 1010 3232 FG

67 3243 144 3271 bonis.

133 3289 141 3304 ⁴
162 3290 251 3321 Eplics.
277 3292 307 3324 5,
336 3293 367 3316 2:
396 3292 511 3316 Tradidit
537 3294 705 3324 semetipsum
733 3300 779 3324 pro
807 3294 881 3319 nobis
906 3295 1010 3320 oblatio-

66 3338 122 3356 nem
148 3338 193 3358 etc.
223 3335 284 3359 Edd.
314 3343 372 3360 cum
400 3336 518 3367 pluribus
546 3336 621 3361 codd.
651 3344 698 3367 pro
723 3337 892 3370 scmclz'psum
918 3339 1011 3363 substi-

65 3379 135 3400 tuunt
162 3377 241 3403 setttel
268 3385 294 3404 se
323 3379 424 3412 ipsum,
450 3381 616 3411 respicienti-s
643 3380 720 3405 llcbr.
740 3382 773 3412 7,
799 3382 839 3406 27.
860 3387 884 3407 ct
910 3384 938 3413 9,
973 3384 1008 3407 ΕΞ.

1076 2820 1148 2845 seqq.
1163 2827 1197 2830 —
1212 2813 1246 2837 Dc
1268 2812 1366 2838 nullom?
1384 2814 1429 2837 cl'r.
1450 2813 1484 2838 lll.
1506 2814 1572 2838 Seni.
1600 2813 1626 2838 d.
1654 2814 1690 2839 ΙΙ.
1713 2821 1735 2839 a.
1761 2815 1779 2839 1.
1801 2822 1825 2847 q.
1847 2816 1874 2846 2,
1900 2820 1924 2841 ct
1944 2816 1968 2841 d.
1990 2817 2030 2842 20.

1077 2864 1100 2888 q.
1122 2857 1145 2881 5.
1168 2857 1230 2881 Vide.
1250 2857 1326 2881 ctiam
1348 2858 1409 2881 inl'ra
1432 2857 1456 2881 d.
1483 2857 1519 2882 ΞΒ.
1540 2864 1562 2882 u.
1588 2858 1608 2882 l.
1630 2866 1654 2890 ¹l·
1676 2859 1705 2889 ὕ,
1734 2858 1776 2884 ubi
1804 2860 1894 2884 similis
1914 2861 2030 2892 quaestio

1076 2900 1108 2925 de
1128 2902 1315 2926 resurrectione.
1335 2902 1482 2926 instituitur.

1146 2945 1156 2960 5
1177 2945 1206 2970 Ut
1226 2945 1368 2970 ostenditur
1389 2946 1450 2969 infra
1477 2945 1502 2970 d.
1531 2946 1570 2970 ²20.
1600 2953 1624 2977 p.
1647 2947 1661 2970 l.
1689 2954 1713 2979 q.
1739 2948 1758 2971 l.
1775 2962 1808 2964 -—
1832 2948 1957 2978 Superius
1983 2956 2030 2979 pro

1075 2988 1180 3014 videtui·
1199 2989 1247 3013 cod
1277 2996 1306 3013 :ta
1326 2988 1467 3014 ‘cirlvrelun

1146 3031 1156 3047 ὃ
1176 3033 1243 3056 §lent
1265 3033 1375 3056 insinuat
1400 3034 1515 3063 August,
1545 3033 1579 3057 lll.
1601 3033 1632 3058 de
1657 3033 1711 3058 Lil).
1733 3034 1792 3059 ΑΗ).
1814 3042 1836 3060 c.
1870 3036 1907 3061 l5.
1937 3044 1960 3060 n.
1988 3035 2028 3060 tt.

1075 3076 1125 3101 Ct'r.
1147 3081 1206 3101 tom.
1222 3077 1247 3101 ll.
1269 3084 1329 3108 pag.
1345 3077 1410 3104 770,
1428 3081 1482 3100 nota
1509 3078 1526 3101 t.
1543 3092 1575 3094 —
1590 3077 1653 3103 Eild.
1671 3078 1824 3111 {ransart-ili
1836 3081 1929 3105 contra
1945 3080 2029 3105 Deum

1075 3119 1246 3152 simpli«.-e'l111·,-
1266 3122 1289 3145 et
1308 3120 1356 3146 liat:
1376 3122 1415 3146 est
1437 3120 1636 3152 inconveniens,
1659 3122 1720 3155 quiri
1742 3122 1765 3147 si
1787 3122 1849 3155 lior,
1873 3123 2028 3150 um'rersum

1074 3163 1148 3197 fieret
1167 3163 1360 3189 inordinatum.

1146 3207 1156 3223 ⁷
1176 3208 1221 3231 iiic
1241 3215 1263 3232 c.
1285 3207 1308 3232 7.
1331 3207 1392 3232 Edd.
1408 3215 1465 3232 cnm
1482 3213 1547 3233 textu
1569 3210 1685 3240 originali
1701 3215 1756 3240 post
1772 3210 1857 3236 iustus·
1872 3213 1909 3236 est
1929 3212 2028 3236 addunt

1075 3252 1099 3276 el
1117 3251 1227 3276 institia.

1145 3295 1154 3311 ὃ
1175 3295 1209 3319 De
1230 3294 1328 3321 maiori
1353 3296 1428 3320 liuius
1448 3300 1471 3320 ct
1497 3303 1568 3328 seqq.
1590 3303 1663 3328 argg.
1689 3298 1733 3322 cfr.
1755 3298 1816 3323 infra
1845 3299 1878 3323 lit.
1900 3300 2026 3331 Magistri,

1076 3339 1100 3364 d.
1122 3340 1197 3364 xx‘tt.
1219 3343 1242 3363 ct
1262 3340 1347 3363 xvnt.

1145 3383 1156 3399 ⁹
1175 3382 1237 3408 Coa.
1258 3383 1280 3407 X
1302 3382 1366 3408 bene
1386 3385 1488 3416 supplet
1508 3384 1556 3411 linc
1577 3392 1667 3411 rernm
1688 3388 1732 3412 est.
