2483 3882
693 248 786 280 DIST.
811 248 963 282 XXXVIII.
987 249 1070 281 ΛΒΤ.
1095 249 1128 281 II.
1152 250 1304 291 QUAEST.
1329 250 1361 282 11.

47 334 244 368 manifestum
277 334 307 366 in
338 334 407 367 foro
442 335 612 375 Ecclesiae,
648 336 703 368 sed
734 336 827 368 etiam
862 337 893 368 in
925 337 992 369 foro

46 385 250 420 conscientiae
264 386 285 418 ¹.

131 439 160 471 3.
185 439 228 471 Ad
253 439 332 471 illud
356 440 440 482 quod
461 439 621 479 obiicitur,
651 440 735 482 quod
766 444 891 473 tenetur
915 450 991 473 nun-

43 500 135 534 quam
160 490 243 523 coire
250 503 258 529 ;
275 490 459 530 dicendum,
475 491 560 533 quod
585 500 696 524 verum
713 495 774 530 est,
791 492 848 524 nisi
869 492 989 524 fortiori

43 543 166 577 vinculo
190 543 347 583 solvatur3
372 547 403 576 et
429 544 503 585 quia
527 544 763 576 matrimonium
790 544 902 577 fortius
925 549 990 585 est,

0 605 30 627 10-
42 596 111 629 ideo
134 595 256 635 dicunt,
278 596 362 637 quod
379 604 451 628 cum
476 599 715 628 consummatur
737 597 990 636 matrimonium,

42 652 115 682 tunc
139 648 265 680 omnino
281 648 456 681 absolvitur
472 658 490 680 a
513 651 599 686 voto,
623 649 676 681 sed
696 648 788 681 debet
809 649 848 681 de
864 658 901 682 eo
921 658 991 690 poe-

43 700 201 733 nitentiam
225 709 333 742 agere,
357 700 431 742 quia
454 703 564 733 votum
588 700 730 739 violavit;
754 700 838 733 unde
862 701 989 741 dicunt,

1 753 125 795 u=.qu0d
147 756 249 795 potest
272 752 414 785 debitum
438 756 545 794 petere
565 755 596 785 et
615 752 769 785 solvere2.
786 771 832 776 —-
846 754 906 786 Sed
930 754 989 787 hoc

40 815 100 839 non
124 805 232 844 credo,
250 805 366 838 scilicet
390 805 474 847 quod
498 805 682 838 absolvatur
704 815 723 838 a
747 809 818 838 voto
835 810 989 848 quantum

40 858 79 891 ad
103 857 357 896 matrimonium,
389 858 447 890 nisi
473 858 504 889 in
536 861 689 899 quantum
719 858 769 890 ius
797 859 988 891 matrimonii

1943 254 2002 286 821

1057 337 1216 379 compellit
1239 346 1312 370 eum
1344 346 1437 379 agere
1462 342 1570 371 contra
1602 343 1727 379 votum3
1753 340 1807 372 sed
1840 349 1902 372 non
1927 349 2007 372 com-

1057 390 1145 431 pellit
1169 390 1217 422 ius
1233 391 1423 422 matrimonii
1441 391 1582 424 debitum
1602 396 1711 433 petere
1728 412 1768 415 —
1786 392 1860 434 quia
1884 393 1943 425 hoc
1959 396 2007 425 est

1057 442 1209 474 libertatis
1230 461 1274 466 —-
1295 443 1349 475 sed
1374 443 1475 475 solum
1500 444 1630 476 solvere.
1649 464 1692 469 —
1714 445 1785 478 Ideo
1810 445 1897 484 (1100,
1921 445 2005 487 quod
2021 452 2098 483 opinio
2112 459 2149 474 au-

1057 497 1157 535 potest
1180 494 1246 527 sine
1276 498 1403 536 peccato
1434 496 1568 534 solvere,
1592 497 1666 538 quia
1689 497 1762 530 facit
1786 498 1834 537 id,
1858 498 1898 531 ad
1923 498 2007 540 quod
2036 481 2108 500 'mm'

1056 550 1191 586 tenetur,
1208 556 1371 589 nunquam
1394 551 1498 581 tamen
1521 552 1621 590 potest
1644 549 1711 582 sine
1732 553 1858 592 peccato
1880 554 2005 592 petere,-

1057 602 1087 630 et
1111 598 1135 631 si
1160 608 1245 631 uxor
1269 600 1432 639 moriatur,
1456 604 1581 634 tenetur
1604 602 1731 634 omnino
1755 602 1914 635 continere
1928 602 1949 634 ⁸.

1144 651 1233 692 Quod
1269 655 1374 684 tamen
1410 653 1531 693 obiicit,
1560 654 1645 695 quod
1673 655 1908 687 matrimonium
1943 664 2004 687 non
2021 662 2153 710 Adtssmrun-

1055 707 1309 736 consummatum
1334 714 1396 737 non
1414 706 1544 747 impedit
1566 710 1692 745 votum;
1714 708 1793 740 ratio
1818 708 1913 741 liuius
1942 712 2006 748 est,
2112 706 2116 710 '

1055 755 1129 797 quia
1153 756 1277 789 nullum
1301 757 1337 789 fit
1360 758 1387 790 ei
1411 759 1658 799 praeiudicium,
1682 764 1783 802 potest
1806 761 1889 793 enim
1912 770 2005 800 uxor,

1054 808 1120 840 sive
1144 817 1258 850 sponsa
1289 810 1380 843 alteri
1411 811 1571 850 nubere&
1597 813 1652 845 sed
1683 821 1740 854 per
1769 814 2004 847 matrimonium

1053 861 1138 893 omni
1162 865 1234 894 voto
1257 863 1487 904 praeiudicium
1512 869 1689 906 generatur.

872 988 1167 1031 SGHOLION.

107 1113 123 1137 l.
145 1112 240 1137 Votum
260 1110 377 1137 solemne
397 1111 527 1142 religionis
555 1112 655 1136 irritare
675 1112 883 1143 matrimonium,
904 1112 986 1137 decla-

40 1159 124 1182 ratum
144 1158 181 1180 est
200 1154 346 1180 a‘Concilio
367 1155 482 1180 Trident.
499 1155 547 1186 (cfr
560 1162 639 1186 supra
661 1155 684 1179 d.
705 1155 745 1179 27.
760 1162 774 1180 a
791 1156 812 1180 l.
827 1163 851 1188 q.
877 1156 895 1180 l.
916 1157 987 1181 selio-

40 1193 114 1232 lion).
143 1200 238 1225 Votum
266 1198 381 1232 simplest·
404 1206 468 1224 vero
497 1206 547 1224 non
575 1197 677 1224 dirimit
704 1199 913 1230 matrimonium,
940 1200 985 1225 sed

38 1243 144 1277 impedit
163 1247 273 1274 tanturn,
293 1244 406 1274 exceptis
435 1243 501 1268 votis
526 1242 697 1274 simplicibus,
725 1244 749 1267 in
779 1243 904 1269 Societate
930 1244 985 1269 lesu

38 1292 96 1320 post
114 1289 228 1319 primum
253 1288 404 1312 novitiatum
433 1288 548 1318 emissis,
568 1294 635 1319 quae
654 1294 668 1312 a
688 1288 814 1319 Gregorio
833 1288 894 1313 Xlll.
915 1289 986 1319 paria

37 1333 61 1358 in
79 1333 129 1358 hoe
147 1331 307 1357 solemnibus
335 1332 417 1363 posita
437 1335 504 1357 sunt.
525 1345 559 1349 ——
579 1332 684 1357 Multum
714 1335 799 1357 tamen
829 1332 861 1357 ab
881 1333 987 1365 antiquo

38 1376 207 1407 disceptatum
227 1377 265 1400 est
283 1375 316 1400 de
334 1374 479 1401 intrinseca
498 1374 616 1407 ratione,
638 1383 689 1408 qua
716 1375 837 1401 differunt
855 1377 901 1401 ista
926 1381 986 1402 vota

37 1420 162 1451 simplicia
182 1422 205 1444 et
224 1419 356 1445 solemnia.
376 1419 442 1444 Cum
462 1420 486 1444 S.
507 1419 603 1444 Bonav.
623 1420 700 1445 etiam
721 1420 745 1445 S.
766 1420 888 1452 Thomas,
904 1421 930 1445 B.
948 1421 986 1445 Al-

35 1464 108 1495 bert.,
122 1464 186 1489 Petr.
200 1471 214 1488 a
234 1464 293 1488 Tar.
308 1466 332 1488 et
351 1463 464 1488 Durand.
479 1463 586 1495 docent,
606 1464 631 1488 in
651 1467 712 1490 voto
731 1463 844 1490 solemni
862 1472 911 1489 non
930 1464 985 1490 fieri

35 1510 132 1533 tantum
153 1508 350 1539 promissionem
370 1514 429 1532 cum
450 1507 620 1540 obligatione,
634 1509 699 1533 utin
714 1509 831 1540 simplici,
850 1509 895 1533 sed
909 1509 985 1534 etiam

36 1552 159 1578 actualem
181 1552 343 1577 traditionem
362 1552 417 1576 sive
437 1552 627 1577 translationem
647 1553 776 1583 corporis,
792 1560 842 1585 qua
862 1554 916 1584 ipsa
931 1560 988 1584 per-

35 1603 97 1622 sona
115 1596 169 1621 Deo
188 1598 360 1621 consecratur.
380 1596 472 1621 scotus
491 1602 555 1621 vero
575 1602 634 1621 cum
654 1596 783 1621 Richardo
796 1604 809 1621 a
824 1597 888 1622 Med.
904 1597 986 1629 docet,

36 1640 149 1673 solemne
162 1642 252 1665 votum
273 1639 375 1664 differre
394 1647 407 1664 a
428 1640 537 1671 simplici
558 1640 607 1665 hoc
627 1642 739 1672 tantum,
753 1641 822 1673 quod
838 1641 932 1666 habeat
944 1648 986 1666 an-

36 1689 126 1708 nexam
144 1683 274 1715 quandam
291 1682 482 1709 institutionem
501 1683 721 1716 ecclesiasticam,
738 1684 865 1716 quosdam
879 1685 986 1709 effeetus

37 1726 255 1752 determinantem.
277 1728 360 1752 Prima
389 1728 512 1752 sententia
541 1727 589 1752 sibi
619 1731 739 1753 constans
766 1728 836 1759 vult,
858 1731 918 1753 vota
947 1735 984 1753 so-

36 1771 128 1796 lemnia
148 1771 268 1796 dirimere
287 1769 346 1796 iure
366 1770 453 1797 divino
473 1771 636 1796 matrimonia
657 1778 704 1796 nec
723 1771 858 1796 admittere
874 1770 985 1804 proprie

1051 1113 1282 1146 dispensationem,
1298 1122 1329 1140 ne
1349 1122 1363 1140 a
1384 1116 1492 1141 Summo
1508 1116 1614 1149 quidem
1635 1117 1762 1143 Pontifice.
1777 1118 1925 1144 Secundum
1946 1120 2004 1144 Sco-

1052 1160 1105 1181 tum
1135 1160 1184 1183 tota
1213 1157 1354 1183 differentia
1383 1159 1488 1184 fundata
1517 1162 1554 1184 est
1582 1161 1606 1184 in
1636 1161 1691 1185 iure
1720 1160 1904 1194 ecclesiastico,
1936 1162 2004 1188 unde

1050 1202 1127 1226 etiam
1153 1203 1258 1233 proprie
1284 1202 1442 1234 dispensatio
1462 1203 1516 1228 sieri
1536 1207 1627 1235 potest.
1653 1205 1796 1230 Sententiae
1823 1206 1890 1231 Scoti
1917 1207 2005 1232 favent

1051 1245 1139 1276 plures
1158 1247 1351 1271 constitutiones
1371 1250 1395 1272 et
1414 1248 1469 1279 ipsa
1484 1249 1569 1279 praxis
1583 1249 1607 1273 S.
1622 1248 1703 1274 Sedis.
1718 1249 1769 1274 lam
1783 1250 1928 1275 Bonisacius
1942 1250 2003 1275 vni.

1052 1289 1119 1321 (libr.
1140 1290 1177 1314 lll.
1198 1291 1232 1315 tit.
1254 1290 1305 1323 115.)
1320 1291 1392 1323 dicit,
1411 1292 1505 1324 «quod
1525 1293 1577 1317 voti
1597 1293 1744 1318 solemnitas
1764 1301 1794 1319 ex
1812 1294 1865 1319 sola
1886 1295 2005 1320 constitu-

1051 1334 1119 1358 tione
1137 1334 1263 1359 Ecclesiae
1283 1338 1321 1360 est
1340 1336 1442 1360 inventa
1454 1343 1478 1368 »ς
1498 1336 1569 1368 quod
1588 1338 1680 1368 repetit
1699 1338 1806 1370 Gregor.
1832 1338 1894 1363 Xlll.
1914 1338 2001 1364 Const.

1050 1377 1211 1403 Asoeudeute
1234 1378 1355 1404 Domino.
1376 1379 1448 1404 Unde
1470 1381 1575 1412 antiqua
1594 1381 1634 1406 illa
1655 1381 1770 1407 doctrina
1797 1382 1959 1414 aliquatenus
1980 1383 2004 1407 li-

1051 1421 1163 1446 mitanda
1184 1424 1234 1453 est,
1255 1423 1405 1453 praesertim
1426 1423 1513 1455 quoad
1533 1423 1558 1448 3.
1581 1425 1738 1456 quaestionis
1758 1425 1925 1451 solutionem.

1123 1465 1147 1489 ll.
1169 1465 1203 1489 De
1225 1466 1247 1490 i.
1267 1467 1431 1498 quaestione:
1450 1466 1517 1491 Scot.
1532 1466 1576 1497 (de
1595 1468 1643 1492 hac
1662 1471 1687 1492 et
1706 1468 1729 1492 2.
1744 1468 1836 1500 seqq),
1852 1469 1892 1493 liic
1910 1476 1934 1501 q.
1949 1469 2003 1493 uni-

1050 1515 1088 1534 ca.
1107 1522 1143 1527 —
1162 1509 1188 1534 S.
1210 1509 1312 1541 Tbom.,
1333 1510 1374 1535 hic
1393 1517 1417 1542 q.
1437 1510 1460 1535 rl.
1480 1517 1503 1535 a.
1524 1512 1553 1542 2;
1574 1511 1598 1535 S.
1619 1511 1644 1535 ll.
1665 1511 1691 1535 ll.
1712 1518 1736 1543 q.
1757 1512 1798 1536 88.
1819 1518 1841 1536 a.
1861 1511 1892 1543 7;
1912 1512 2004 1544 Suppl.

1050 1559 1075 1584 q.
1096 1553 1138 1578 53.
1153 1560 1175 1578 a.
1198 1554 1221 1578 l.
1243 1554 1266 1578 2.
1288 1567 1321 1571 —
1342 1554 1368 1578 Β.
1388 1553 1496 1586 Albert.,
1520 1555 1561 1579 bic
1579 1561 1602 1579 a.
1617 1555 1626 1579 ¹l
1635 1555 1673 1579 2-1
1682 1555 1705 1580 5.
1719 1556 1831 1581 —Petr.
1846 1562 1859 1580 a
1881 1555 1949 1587 Tar„
1963 1556 2005 1581 hic

1050 1604 1074 1628 q.
1097 1597 1121 1621 l.
1143 1604 1165 1621 a.
1186 1596 1209 1622 4.
1230 1597 1253 1622 5.
1275 1611 1308 1615 —-
1327 1597 1447 1622 Ricliard.
1468 1605 1481 1622 a
1502 1598 1576 1630 Med„
1590 1599 1633 1623 hic
1645 1605 1668 1623 a.
1681 1598 1705 1623 7.
1725 1606 1750 1631 q.
1768 1600 1865 1624 1ι-3.-
1879 1599 2002 1632 Durand„

1050 1641 1091 1665 liic
1110 1648 1135 1673 q.
1156 1641 1183 1672 2;
1205 1641 1308 1672 Dionys.
1328 1640 1421 1674 Chart.,
1442 1642 1483 1667 liic
1503 1649 1528 1674 q.
1549 1643 1572 1666 2.

1122 1684 1157 1709 ΙΙΙ.
1179 1685 1214 1709 De
1233 1686 1383 1717 quaestione
1398 1686 1421 1710 2.
1435 1688 1460 1710 et
1479 1686 1509 1711 3:
1529 1686 1554 1711 S.
1575 1686 1677 1719 Thom„
1694 1687 1756 1712 locis
1769 1688 1819 1712 citt.
1840 1688 1881 1712 hie
1901 1695 1923 1712 a.
1938 1688 1962 1712 3.
1978 1687 2001 1719 4,

1049 1729 1074 1753 S.
1094 1735 1117 1753 a.
1139 1729 1180 1753 40.
1204 1729 1244 1753 41,
1263 1742 1298 1747 -
1318 1729 1344 1754 Β.
1364 1729 1468 1761 Albert.,
1489 1730 1530 1755 hic
1549 1737 1573 1755 a.
1600 1731 1681 1755 16-18.
1700 1745 1734 1748 -
1752 1731 1817 1756 Petr.
1838 1738 1851 1756 a
1872 1731 1941 1763 Tar.,
1963 1732 2005 1756 hic

1049 1779 1073 1804 q.
1095 1772 1119 1797 2.
1139 1779 1162 1797 a.
1184 1772 1233 1797 4-5.
1247 1786 1283 1791 -
1297 1772 1416 1798 Richard.
1436 1780 1450 1798 a
1471 1773 1546 1805 Med,
1567 1774 1607 1799 hie
1626 1781 1648 1799 a.
1670 1774 1692 1799 8.
1713 1782 1738 1807 q.
1759 1775 1808 1804 4-3,
1827 1782 1849 1800 a.
1864 1776 1887 1800 9.
1908 1782 1934 1807 q.
1951 1775 2003 1800 Ι1·3.

895 1886 1079 1928 ρυΑΕΞΤιο
1103 1887 1135 1918 11.

724 1984 842 2015 Utrum
865 1988 976 2016 votum
994 1984 1098 2026 possit
1119 1985 1318 2026 permutari.

123 2095 265 2127 Secundo
289 2095 454 2137 quaeritur
479 2095 517 2127 de
541 2095 729 2136 obligatione
753 2094 815 2126 voti
844 2095 875 2126 in
907 2104 988 2127 com-

35 2147 196 2189 paratione
219 2147 259 2179 ad
283 2140 611 2185 commmutationem,
643 2149 752 2178 utrum
784 2146 882 2188 possit
906 2155 987 2178 com-

35 2201 160 2233 mutari.
187 2201 220 2232 Et
244 2200 326 2242 quod
353 2210 433 2238 nou,
458 2200 594 2232 videtur.

123 2254 150 2284 i.
176 2253 303 2285 Levitici
331 2253 443 2285 ultimo
460 2252 485 2284 ⁵:
510 2252 666 2291 Animal,
699 2253 786 2295 quod
816 2252 988 2285 immolari

0 2319 23 2340 ³1-
34 2310 134 2347 potest
167 2305 317 2344 Domino,
340 2305 472 2337 mutari
497 2315 563 2337 non
591 2309 714 2347 potest,
737 2315 796 2337 uec
827 2305 862 2337 iu
889 2305 985 2347 peius

34 2368 90 2391 nec
113 2359 149 2390 in
172 2358 308 2390 melius.-
333 2367 408 2400 ergo
432 2362 488 2391 etc.

121 2413 150 2443 2.
174 2411 264 2450 ltem,
290 2410 484 2444 Ecclesiastis
508 2404 617 2452 quinto
631 2411 660 2442 ⁶:
680 2411 913 2453 Quodcumque
935 2420 985 2442 vo-

34 2463 139 2502 veris,
162 2464 280 2495 redde.-
304 2473 380 2505 ergo
403 2464 442 2496 ad
467 2463 547 2496 illud
580 2464 664 2505 quod
696 2467 788 2496 vovet
812 2464 920 2502 homo,
945 2466 987 2495 te-

37 2520 145 2549 netur:
171 2525 246 2558 ergo
270 2526 331 2548 non
355 2520 457 2558 potest
480 2520 684 2548 commutare.

122 2569 152 2601 3.
177 2569 267 2608 ltem,
294 2569 376 2601 sicut
393 2569 508 2601 veritas
532 2569 697 2601 locutionis
713 2569 853 2601 consistit
869 2569 898 2600 in
917 2578 986 2600 con-

36 2622 141 2654 cordia
165 2622 250 2655 vocis
275 2625 305 2654 et
328 2621 538 2660 intellectus⁷,
563 2621 607 2654 sic
631 2622 747 2654 veritas
770 2621 833 2653 voti
862 2621 891 2653 in
917 2630 986 2653 con-

36 2674 141 2707 cordia
157 2674 374 2716 promissionis
390 2676 421 2706 et
446 2674 627 2712 solutionis3
644 2674 698 2706 sed
721 2673 985 2715 quandocumque

36 2735 98 2759 vox
122 2727 281 2760 discordat
304 2727 344 2759 ab
368 2727 544 2766 intellectu,
567 2730 614 2759 est
637 2726 680 2758 ibi
703 2726 839 2759 falsitas:
864 2735 938 2768 ergo
955 2729 985 2758 et

35 2778 66 2811 in
82 2782 168 2818 voto,
184 2781 311 2821 quando
329 2779 495 2821 promissio
519 2788 537 2811 a
553 2779 717 2812 solutione.
742 2779 801 2811 Sed
817 2779 985 2820 unusquis-

35 2840 95 2873 que
118 2835 243 2865 tenetur
266 2841 335 2865 esse
358 2841 458 2865 verax
483 2832 513 2864 in
538 2832 710 2874 promisso:
734 2840 809 2873 ergo
832 2835 890 2864 etc.

1139 2097 1168 2127 lt.
1195 2096 1285 2134 Item,
1310 2097 1393 2138 quod
1419 2107 1479 2129 non
1506 2098 1603 2139 possit
1632 2098 1698 2131 sine
1723 2099 1921 2131 auctoritate
1951 2110 2005 2132 sn-

1049 2147 1205 2189 perioris,
1224 2149 1359 2181 videtur.
1386 2149 1565 2182 Bernartius
1590 2150 1628 2182 de
1649 2150 1885 2192 Dispensatione
1900 2151 1910 2166 ⁸
1928 2155 2003 2184 etc:

1057 2201 1133 2233 «De
1157 2201 1236 2234 bene
1260 2202 1413 2234 ordinatis
1445 2203 1643 2235 monasteriis
1673 2203 1781 2236 nullus
1813 2212 1884 2236 meo
1907 2205 2004 2237 consi-

1051 2253 1092 2285 lio
1116 2254 1297 2295 egredietur
1322 2255 1479 2287 desiderio
1503 2256 1648 2288 arctioris
1676 2256 1757 2288 vitae
1782 2257 1848 2289 sine.
1880 2257 2004 2289 licentia

1050 2307 1223 2347 superioris
1241 2319 1275 2338 »:
1293 2307 1317 2339 si
1336 2316 1411 2348 ergo
1434 2308 1474 2340 de
1491 2308 1550 2340 boc
1574 2308 1673 2350 magis
1690 2312 1824 2347 tenetur,
1846 2313 1930 2351 patet
1946 2313 2002 2342 etc.

1140 2360 1168 2390 5.
1193 2359 1283 2398 Item,
1308 2361 1392 2401 qnod
1409 2361 1563 2402 superior
1586 2371 1651 2393 non
1666 2361 1769 2403 possit
1789 2366 1936 2400 mutare,
1963 2362 2004 2394 vi-

1050 2412 1160 2444 detur:
1186 2412 1260 2454 quia
1283 2421 1383 2454 aeque
1400 2413 1517 2455 obligat
1540 2416 1648 2446 votum
1667 2414 1820 2453 solemne,
1844 2419 1880 2446 ut
1901 2415 2005 2447 matri-

1051 2464 1206 2503 monium;
1235 2465 1289 2497 sed
1324 2465 1558 2498 matrimonium
1584 2466 1671 2498 nulla
1699 2466 1885 2499 auctoritate
1914 2475 2004 2509 supe-

1050 2516 1143 2548 rioris
1167 2520 1269 2558 potest
1292 2517 1426 2549 mutari:
1451 2527 1526 2559 ergo
1550 2527 1607 2550 nec
1633 2522 1749 2550 votum.

1138 2569 1282 2601 CONTRA:
1311 2571 1337 2601 1.
1363 2571 1476 2603 Votum
1502 2571 1680 2603 institutum
1705 2576 1752 2604 est
1775 2572 1815 2604 ad
1839 2572 2159 2606 caritatemrunciamema.

1050 2622 1233 2660 fovendam;
1263 2623 1318 2655 sed
1343 2623 1418 2655 dicit
1445 2624 1626 2656 Bernardus
1643 2624 1672 2656 ⁹:
1704 2625 1829 2666 «Quod
1858 2634 1899 2657 ex
1927 2626 2003 2658 cari·

1049 2678 1112 2706 tate
1140 2675 1317 2708 institutum
1347 2679 1394 2708 est
1425 2679 1533 2708 contra
1563 2677 1723 2709 caritatem
1758 2678 1904 2710 sustineri
1941 2687 2003 2710 non

1050 2727 1141 2759 debet
1158 2739 1191 2759 »ι
1217 2737 1291 2769 ergo
1307 2728 1361 2760 ubi
1386 2732 1433 2760 est
1449 2729 1617 2761 necessitas
1641 2730 1691 2761 vel
1716 2730 1848 2768 utilitas,
1866 2739 1939 2763 cum
1957 2739 2004 2763 ca-

1049 2780 1126 2812 ritas
1149 2781 1272 2822 exigat,
1296 2784 1398 2822 potest
1423 2782 1628 2820 commutari3
1646 2782 1700 2814 sed
1726 2782 1785 2815 hoc
1808 2786 1855 2815 est
1871 2792 1928 2825 per
1952 2792 2004 2815 vo-

1049 2835 1133 2864 tum:
1159 2841 1234 2874 ergo
1259 2836 1316 2865 etc.

108 2986 115 3002 ¹
136 2986 185 3012 Cir.
205 2988 294 3013 Glossa
314 2989 338 3012 in
360 2989 426 3013 hanc
445 2980 600 3013 decretalem
621 2988 738 3019 (Rursus
757 2988 888 3022 quidam).

107 3030 118 3046 ²
136 3031 207 3056 Hanc
234 3032 383 3062 opinionem
409 3031 544 3063 profitetur
569 3031 689 3063 Magister
714 3031 774 3063 (hie
799 3039 820 3057 c.
847 3032 892 3064 3.),

43 3074 133 3099 merito
152 3081 165 3099 a
185 3075 371 3106 posterioribus
390 3075 553 3107 reprobatur.

105 3116 116 3133 ³
135 3118 199 3143 Vide
219 3126 297 3150 supra
318 3119 344 3144 d.
366 3119 407 3144 27.
428 3118 490 3144 dub.
511 3118 539 3150 43
561 3119 586 3144 d.
607 3120 649 3144 32.
669 3127 691 3144 a.
713 3120 736 3143 rl.
756 3126 780 3151 q.
803 3120 826 3144 rl.
846 3123 870 3145 et
884 3119 946 3144 dub.
961 3120 985 3144 2.

105 3160 116 3177 ⁴
135 3161 186 3187 Cir.
207 3170 285 3194 supra
312 3163 338 3188 d.
365 3163 405 3188 27.
431 3162 494 3188 dub.
518 3162 544 3199 ¹5.
564 3177 599 3181 —
617 3163 674 3188 lllox
698 3165 757 3194 post
781 3162 986 3189 matrimonium

38 3205 94 3231 Vat.
113 3205 184 3231 addit
203 3208 427 3232 consummatum.

105 3248 117 3265 ⁵
134 3249 208 3275 Vers.
229 3251 252 3275 9.
273 3257 344 3282 seq.:
364 3251 463 3275 Animal
484 3252 586 3281 autem,
606 3250 678 3282 quod
697 3250 825 3275 immolari
839 3253 923 3281 potest
936 3250 986 3275 Do-

37 3293 120 3325 mino,
140 3294 161 3318 si
179 3295 238 3326 quis
260 3295 375 3326 voverit,
395 3297 512 3319 sanctum
538 3295 586 3319 erit
610 3296 635 3319 et
653 3295 747 3319 mutari
767 3301 818 3319 non
837 3295 939 3326 poterit,
959 3294 985 3319 id

38 3337 76 3360 est
93 3342 140 3361 nec
158 3337 250 3362 melius
269 3337 337 3362 malo
357 3344 404 3362 nec
424 3337 498 3369 peius
516 3336 595 3362 bono.

107 3378 118 3395 6
137 3380 209 3405 Vers.
230 3381 254 3406 3.

920 3039 987 3064 quae

1121 2988 1132 3005 ⁷
1152 2988 1201 3014 Csr.
1223 2992 1283 3014 tom.
1303 2989 1319 3014 l.
1339 2996 1400 3021 pag.
1419 2989 1485 3021 707,
1505 2991 1563 3014 nota
1578 2990 1602 3014 5.
1617 3003 1651 3007 —-
1664 2990 1712 3015 Pro
1731 2989 1802 3016 vocis
1822 2990 1910 3021 plures
1924 2990 2000 3016 codd.

1050 3035 1074 3057 et
1095 3032 1156 3058 edd.
1175 3032 1329 3059 voluntatis.
1350 3033 1375 3057 ln
1395 3033 1445 3058 fine
1464 3040 1519 3064 arg.
1535 3040 1582 3064 pro
1595 3033 1728 3066 promisso
1743 3033 1802 3058 edd.
1815 3033 2000 3066 promissione.

1123 3075 1134 3092 8
1152 3076 1188 3101 De
1206 3077 1346 3108 Praecepto
1365 3080 1389 3101 et
1408 3077 1547 3108 dispensat.
1576 3083 1599 3102 c.
1627 3077 1668 3102 16.
1690 3084 1714 3101 n.
1736 3077 1782 3102 45:
1803 3078 1868 3102 Sane
1897 3077 1928 3103 de
1948 3078 2003 3103 reli-

1050 3120 1130 3151 giosis
1149 3127 1179 3145 ac
1198 3120 1264 3145 bene
1293 3120 1417 3146 ordinatis
1444 3121 1606 3146 monasteriis
1635 3121 1720 3146 nullus
1746 3121 1922 3152 professorum
1943 3128 2001 3147 meo

1050 3164 1171 3195 consilio,
1194 3171 1226 3188 ne
1245 3165 1360 3189 arctioris
1379 3163 1486 3196 quidem
1505 3165 1573 3189 vitae
1602 3164 1745 3197 desiderio,
1767 3165 1822 3190 sine
1842 3165 1942 3191 licentia
1961 3167 2002 3191 sui

1049 3208 1158 3231 senioris
1176 3207 1332 3238 egredietur.

1119 3250 1130 3267 ⁹
1150 3251 1185 3275 De
1205 3251 1343 3282 Praecepto
1362 3253 1386 3276 et
1400 3251 1539 3283 dispensat.
1554 3259 1575 3277 c.
1590 3253 1614 3277 2.
1629 3259 1653 3277 n.
1669 3251 1758 3278 5.Cs1·.
1774 3259 1854 3284 supra
1868 3260 1928 3285 pag.
1940 3253 2000 3285 453,

1050 3298 1107 3320 nota
1128 3295 1151 3319 3.
1166 3308 1201 3312 —-
1214 3295 1357 3326 Propositio
1377 3296 1401 3320 in
1421 3296 1473 3321 fine
1491 3303 1546 3328 arg.
1565 3295 1612 3322 secl
1630 3295 1678 3323 hoe
1697 3297 1736 3322 est
1752 3303 1800 3330 per
1824 3298 1915 3323 votum
1933 3298 2003 3323 intel-

1049 3338 1152 3369 ligenda
1171 3337 1275 3363 videtur
1293 3339 1345 3363 sic:
1364 3338 1410 3364 sed
1438 3340 1576 3365 necessitas
1604 3340 1644 3365 vel
1673 3341 1768 3366 utilitas
1792 3342 2002 3367 commutationis

1050 3381 1159 3407 liabetur
1178 3381 1306 3407 interdum
1328 3389 1374 3413 per
1392 3385 1483 3408 votum
1504 3384 1519 3408 i.
1539 3391 1562 3409 e.
1581 3386 1642 3409 voto
1661 3385 1770 3410 emisso:
1790 3392 1862 3417 ergo.
