2483 3882
662 252 756 284 DIST.
782 252 878 284 XLIV.
903 252 933 283 P.
959 252 978 284 Ι.
1003 252 1084 284 ART.
1110 252 1128 283 Ι.
1154 251 1306 293 QUAEST.
1333 251 1352 283 1.

114 341 217 373 Prima
247 349 321 382 pars
350 340 444 372 habet
467 340 556 373 duas.
582 341 614 372 In
637 340 740 382 prima
763 343 851 382 parte
876 340 975 373 deter-

27 395 133 432 minat,
157 396 273 435 quanta
297 396 327 424 et
350 392 455 434 qualia
471 396 564 425 erunt
580 393 813 434 resurgentium
831 402 972 434 corpora.

26 448 57 480 ln
82 446 219 479 secunda
242 454 317 477 vero
341 445 545 484 determinat,
570 446 727 487 quomodo
751 446 972 478 damnatorum

27 508 158 541 corpora
182 502 275 530 erunt
298 497 475 539 passibilia,
499 498 557 529 ibi:
583 498 623 530 Si
644 508 719 529 vero
736 498 912 540 quaeritur
936 499 974 530 de

27 550 220 593 corporibus
243 549 429 587 malorum,
454 550 623 591 quomodo.
654 550 758 581 PrIma
781 559 855 591 pars
879 550 974 583 habet

27 605 115 637 duas.
139 603 170 634 ln
195 602 298 644 prima
321 602 527 641 determinat,
545 602 575 634 in
593 606 709 644 quanta
734 607 854 635 statura
871 612 975 636 resur-

27 655 128 698 gent¹.
154 656 185 687 ln
210 655 348 688 secunda
372 655 577 693 determinat,
594 655 699 696 qualia
716 659 899 696 resurgent,
917 655 972 688 ihi:

26 708 95 740 Hoc
121 711 231 739 autem
255 706 291 738 iu
315 706 510 748 corporibus
535 707 745 739 Sanctorum.
770 708 873 739 Prima
900 716 974 749 pars

27 760 107 793 duas
129 759 232 791 habet.
257 759 288 790 In
318 759 421 800 prima
445 758 650 798 determinat,
677 760 705 791 in
731 769 793 801 qua
816 764 917 792 aetate
945 764 975 793 et

27 814 146 844 statura
178 814 352 852 resurgent.
382 811 414 842 In
439 811 577 843 secunda
601 811 806 851 determinat,
839 812 975 854 qualiter

27 867 147 897 statura
170 863 310 905 corporis
335 863 428 895 debet
459 864 618 904 reparari,
650 868 680 896 et
710 873 766 906 per
790 864 888 906 quid,
920 865 973 897 ubi

1924 253 1986 284 907

1038 340 1241 378 determinat,
1266 339 1341 381 quid
1375 340 1405 371 in
1429 349 1492 381 quo
1526 344 1687 382 resurget,
1712 340 1770 372 ibi:
1797 339 1869 372 Non
1901 340 1986 372 cuim

1034 393 1122 435 perit
1147 393 1210 424 Deo
1235 396 1365 424 terrena
1388 392 1542 424 materies
1566 396 1623 425 etc.

1126 444 1273 477 Similiter
1298 445 1436 477 secunda
1459 454 1550 486 pars,
1568 445 1599 477 in
1616 455 1678 487 qua
1694 446 1757 487 agit
1774 446 1813 478 de
1837 446 1986 488 qualitate

1038 506 1225 539 corporum,
1250 497 1329 530 duas
1354 498 1457 530 habet.
1474 497 1504 529 In
1522 498 1625 539 prima
1648 498 1800 537 ostendit,
1822 499 1906 540 quod
1924 507 1989 531 cor-

1038 559 1115 590 pora
1127 550 1299 582 electorum
1313 550 1465 582 carebunt
1477 551 1561 582 omni
1575 550 1782 583 deformitate.
1799 551 1831 582 In
1849 551 1987 584 secunda

1039 611 1114 634 vero
1138 603 1176 635 de
1200 603 1386 644 corporibus
1402 603 1611 644 reproborum
1628 604 1778 645 relinquit
1795 604 1855 636 sub
1872 604 1987 642 dubio;

1039 654 1140 686 innuit
1161 659 1263 687 tamen
1275 681 1282 694 ,
1298 655 1383 697 quod
1401 655 1652 688 deformitatibus
1669 665 1730 687 non
1747 656 1909 695 carebunt,
1927 656 1986 688 ibi:

1041 707 1085 739 De
1099 707 1248 749 reprobis
1264 711 1374 739 autem
1390 708 1509 750 quaeri
1523 708 1601 740 solet
1617 711 1674 740 etc.
1688 727 1732 732 —-
1745 709 1779 740 Et
1796 708 1839 741 sic
1856 709 1916 740 tria
1938 709 1989 741 de-

1038 761 1194 792 terminat.
1220 760 1338 799 Primo,
1363 761 1439 802 quid
1464 764 1607 802 resurget
1625 761 1759 793 hominis
1776 761 1814 793 ad
1833 765 1986 793 staturam

1039 813 1256 854 complendam
1270 825 1278 852 ;
1302 813 1457 852 secundo,
1481 814 1557 855 quid
1582 814 1612 845 in
1637 823 1698 856 qua
1715 818 1804 855 parte
1821 818 1986 856 resurgat;

1038 869 1068 898 et
1093 866 1201 905 tertio,
1225 866 1335 908 quale,
1359 870 1467 898 utrum
1485 876 1557 899 cum
1575 867 1837 906 deformitatibus,
1855 877 1892 899 an
1911 868 1986 900 sine.

759 975 967 1008 TRACTATIO
992 976 1264 1018 QUAESTlONUM.

114 1081 158 1113 Ad
183 1080 417 1122 intelligentiam
443 1080 538 1113 huius
555 1081 653 1122 partis
676 1081 736 1113 tria
760 1081 974 1123 principaliter

27 1137 233 1176 quaeruntur.

114 1186 216 1218 Primo
223 1185 479 1227 quaeritur,quid
489 1188 634 1227 resurget
645 1186 675 1217 in
685 1195 815 1227 corpore
825 1187 973 1219 humano.

114 1238 271 1276 Secundo,
295 1238 370 1280 quid
395 1238 425 1270 in
448 1237 541 1280 qu02.

114 1291 217 1323 Tertio
241 1291 414 1333 quaeritur,
439 1290 544 1332 qualia
569 1294 734 1332 resurgent
758 1300 900 1333 corpora.

1127 1083 1215 1116 Circa
1239 1084 1378 1125 primum
1403 1088 1600 1126 quaeruntur
1626 1085 1699 1117 duo.

1126 1137 1228 1168 Primo
1251 1137 1425 1178 quaeritur,
1448 1137 1524 1178 quid
1548 1141 1693 1179 resurgat
1709 1141 1862 1179 quantum
1886 1138 1925 1170 ad
1944 1138 1985 1170 in-

1038 1189 1217 1230 digentiam.

1126 1241 1285 1279 Secundo,
1311 1241 1387 1283 quid
1412 1245 1557 1283 resurgat
1581 1245 1734 1283 quantum
1758 1242 1798 1274 ad
1823 1241 1990 1284 superflui-

1039 1295 1144 1325 tatem.

853 1401 1116 1440 ARTICULUS
1141 1404 1167 1440 I.

678 1490 765 1530 Quid
787 1494 944 1533 resuryott
967 1490 1002 1522 iu
1025 1500 1161 1532 corpore
1185 1490 1341 1523 humano.

896 1588 1079 1639 Quaesrio
1103 1589 1122 1619 1.

755 1671 871 1703 Utrum
896 1670 1050 1703 humores
1073 1676 1262 1714 rcsuryunt.

113 1769 270 1810 Quantum
290 1777 365 1810 ergo
381 1769 421 1801 ad
438 1768 577 1810 primum
595 1769 773 1811 quaeritur,
790 1772 899 1801 utrum
920 1770 976 1801 hu-

25 1829 129 1853 mores
153 1824 327 1862 resurgent.
354 1821 388 1853 Et
411 1821 495 1863 quod
521 1830 596 1860 non,
620 1821 763 1853 videtur:

117 1874 144 1905 1.
169 1873 248 1915 Quia
271 1873 350 1906 nihil
379 1877 540 1915 resurget,
564 1874 623 1906 nisi
648 1874 733 1915 quod
764 1877 811 1906 est
835 1874 873 1906 de
897 1873 975 1905 veri-

0 1935 14 1952 ·-
26 1928 88 1958 tate
104 1925 261 1958 humanae
285 1930 416 1959 naturae
423 1939 431 1965 3
448 1927 503 1959 sed
528 1927 679 1959 humores
703 1936 764 1959 non
781 1931 854 1959 sunt
871 1926 910 1959 de
927 1935 976 1958 ve-

26 1978 117 2010 ritate
141 1978 298 2010 humanae
326 1982 472 2017 naturae,
496 1979 570 2020 quia
591 1979 730 2020 quotidie
756 1982 918 2011 mutantur
945 1982 975 2011 et

25 2034 244 2064 restaurantur
268 2035 299 2064 et
322 2032 555 2073 deperduntur:
580 2041 656 2074 ergo
680 2036 737 2065 etc.

113 2086 142 2116 Ξ).
167 2084 257 2124 item,
275 2084 300 2117 si
316 2085 433 2117 humor
449 2088 595 2127 resurget
614 2089 644 2118 et
660 2089 707 2118 est
723 2085 762 2118 de
778 2085 909 2118 veritate
925 2094 976 2117 na-

25 2140 115 2169 turae
133 2137 305 2176 humanae,
322 2146 397 2179 ergo
413 2137 549 2170 totaliter
566 2141 688 2179 oportet
705 2147 886 2179 resurgere:
900 2146 975 2180 ergo

25 2192 108 2222 totus
124 2190 260 2232 sanguis,
279 2191 332 2232 qui
349 2190 415 2222 exit
431 2190 470 2223 de
485 2191 610 2223 homine
622 2199 679 2232 per
696 2190 941 2232 phlebotomiam
953 2190 974 2229 ³,

23 2243 73 2275 vel
96 2243 157 2275 alio
181 2243 288 2282 modo,
306 2247 464 2285 resurget,
489 2243 543 2276 sed
569 2244 627 2276 hoc
644 2246 809 2285 generaret
835 2243 975 2276 indecen-

25 2296 119 2328 tiam:
144 2305 219 2338 ergo
243 2300 300 2329 etc.

111 2348 140 2381 3.
164 2349 255 2388 lieni,
277 2349 360 2391 quod
386 2358 447 2381 non
473 2349 549 2381 vivit
573 2358 635 2381 non
660 2348 752 2381 debet
775 2349 975 2390 resurgere⁴,

25 2401 96 2442 quia
131 2401 321 2434 resurrectio
352 2405 399 2434 est
429 2402 467 2434 ad
498 2402 616 2440 vitam3
652 2401 707 2434 sed
732 2402 882 2433 humores
914 2410 974 2433 non

25 2453 153 2486 vivunt:
178 2463 253 2496 ergo
277 2458 334 2486 etc.
548 2490 551 2492 v

110 2507 141 2538 li.
158 2506 232 2538 Item
244 2533 252 2546 ,
268 2506 347 2538 nihil
368 2507 461 2539 dehet
479 2516 645 2549 resurgere
670 2507 700 2539 in
725 2515 871 2548 corpore,
888 2506 974 2548 quod

25 2567 84 2590 non
109 2559 222 2592 haheat
237 2559 375 2601 aliquem
399 2569 510 2599 usum;
535 2560 589 2593 sed
607 2560 758 2592 humores
783 2562 856 2591 sunt
871 2559 912 2591 ad
928 2567 974 2590 re-

25 2612 247 2644 staurationem
272 2612 442 2654 deperditi,
467 2613 552 2655 quod
576 2623 636 2645 non
661 2612 753 2645 estin
779 2620 911 2654 corpore
928 2621 974 2644 re-

27 2668 191 2705 surgente:
216 2674 291 2707 ergo
314 2669 371 2698 etc.

113 2718 141 2749 5.
165 2717 239 2749 Item
251 2743 258 2757 ,
275 2718 354 2750 nihil
371 2721 533 2760 resurget,
549 2718 607 2751 nisi
632 2718 716 2759 quod
734 2721 883 2750 consonat
900 2727 973 2759 qua-

25 2768 101 2801 litati
124 2773 154 2801 et
170 2773 302 2802 naturae
326 2771 466 2812 corporis
482 2771 698 2812 resurgentis3
724 2770 777 2803 sed
796 2779 910 2811 corpus
927 2778 973 2801 re-

26 2828 156 2862 surgens
172 2822 231 2854 erit
247 2822 439 2855 luminosum
462 2826 493 2856 et
509 2823 700 2863 impassibile
715 2822 736 2862 ⁵,
753 2823 904 2854 humores
921 2831 973 2854 au-

26 2875 86 2904 tem
111 2877 184 2909 sunt
206 2875 367 2907 fluxibiles
390 2878 420 2907 et
444 2875 627 2907 variabiles:
654 2884 728 2916 ergo
752 2879 809 2907 etc.

1127 1769 1273 1801 CONTRA:
1313 1771 1340 1801 1.
1365 1768 1454 1811 Quod
1490 1774 1537 1803 est
1568 1771 1607 1803 de
1635 1772 1854 1805 constitutione
1883 1782 2149 1816 corpo-Fundamenta.

1040 1822 1083 1853 ris
1107 1825 1251 1864 resurget
1278 1822 1308 1854 in
1333 1822 1407 1862 illo;
1431 1823 1486 1855 sed
1510 1823 1661 1857 humores
1685 1828 1758 1857 sunt
1781 1826 1986 1859 huiusmodi:

1039 1883 1113 1916 ergo
1137 1878 1192 1907 etc.
1226 1875 1312 1907 Unde
1344 1875 1534 1917 Augustinus
1552 1876 1580 1908 ³:
1611 1876 1763 1919 «Corpus
1795 1882 1915 1911 constat
1946 1888 1987 1912 ex

1039 1927 1191 1959 membris
1214 1926 1428 1970 officialibus‘,
1459 1928 1604 1961 officialia
1627 1938 1667 1962 ex
1691 1930 1877 1969 similibus,
1907 1932 1990 1964 simi-

1040 1979 1081 2010 lia
1104 1988 1144 2011 ex
1169 1978 1382 2018 humoribus,
1405 1981 1555 2014 humores
1579 1991 1620 2014 ex
1644 1982 1743 2021 cibiS,
1769 1983 1828 2016 cibi
1861 1993 1901 2017 ex
1934 1985 1988 2017 ele-

1040 2032 1156 2064 mentis
1172 2043 1208 2064 »:
1232 2041 1307 2074 ergo
1332 2034 1543 2067 immediatius
1575 2043 1608 2067 se
1632 2035 1748 2068 habent
1772 2036 1923 2070 humores
1947 2038 1988 2070 ad

1041 2094 1155 2126 corpus
1179 2094 1274 2127 quam
1298 2086 1467 2119 elementa:
1493 2088 1518 2119 si
1543 2096 1618 2129 ergo
1634 2088 1688 2120 illa
1711 2094 1892 2131 resurgent,
1909 2091 1988 2123 ethi

1041 2138 1194 2170 similiter.

1129 2193 1158 2223 2.
1183 2192 1276 2231 Item,
1301 2193 1385 2234 quod
1417 2196 1464 2225 est
1488 2193 1526 2225 de
1556 2194 1745 2235 perfectione
1773 2196 1913 2237 corporis
1945 2205 1990 2228 re-

1041 2247 1148 2284 surget
1166 2244 1195 2275 in
1213 2244 1280 2281 illo;
1305 2245 1358 2276 sed
1376 2244 1527 2277 humores
1542 2249 1615 2277 sunt
1631 2246 1828 2287 huiusmodi,
1850 2248 1923 2289 quia
1939 2257 1990 2290 pe-

1040 2305 1095 2329 nes
1119 2297 1269 2329 humores
1293 2297 1531 2339 distinguuntur
1548 2299 1782 2341 complexiones
1797 2300 1821 2331 ⁷:
1839 2309 1914 2342 ergo
1930 2305 1988 2334 etc.

1129 2349 1158 2381 3.
1183 2349 1274 2388 ltem,
1300 2350 1358 2381 hoc
1382 2349 1523 2382 videtur:
1547 2350 1620 2392 quia
1644 2352 1784 2384 medium
1806 2356 1836 2384 et
1860 2352 1990 2395 disposi-

1039 2400 1082 2432 tio
1114 2401 1242 2433 uniendi
1274 2402 1411 2434 animam
1443 2403 1566 2445 corpori
1598 2408 1742 2446 resurget
1773 2405 1803 2436 in
1833 2405 1908 2444 illo;
1932 2406 1987 2438 sed

1040 2453 1167 2494 sanguis
1183 2457 1229 2486 est
1254 2454 1449 2493 huiusmodi,
1466 2458 1496 2487 et
1519 2455 1578 2487 hoc
1594 2459 1679 2497 patet
1694 2457 1893 2496 auctoritate,
1910 2458 1990 2490 Deu-

1039 2506 1202 2538 teronomii
1227 2506 1413 2539 duodecimo
1428 2506 1451 2538 ⁸:
1478 2507 1624 2550 Saizyuis
1640 2518 1754 2541 eorum
1775 2519 1838 2551 pro
1854 2510 1988 2548 animm

1038 2558 1158 2590 Glossa:
1179 2559 1328 2601 «Aliquid
1353 2560 1446 2592 vitale
1463 2564 1510 2593 est
1529 2560 1560 2592 in
1577 2562 1742 2603 sanguine,
1763 2566 1793 2594 et
1810 2571 1866 2604 per
1882 2563 1987 2605 ipsum

1038 2612 1177 2643 maxime
1200 2612 1303 2644 anima
1328 2613 1414 2645 carni
1438 2613 1590 2645 unitur».

1125 2665 1155 2696 li.
1181 2664 1270 2703 Item,
1295 2665 1353 2697 hoc
1378 2666 1481 2707 ipsum
1506 2666 1632 2699 videtur
1654 2667 1801 2700 ratione:
1827 2669 1901 2710 quia
1929 2669 1988 2710 spi-

1037 2717 1117 2749 ritus
1141 2721 1188 2749 est
1213 2717 1352 2749 medium
1376 2718 1513 2751 uniendi
1527 2719 1664 2751 animam
1682 2721 1824 2762 corpori;
1849 2721 1903 2753 sed
1929 2722 1988 2763 spi-

1037 2769 1130 2808 ritus,
1155 2769 1235 2802 sicut
1259 2769 1367 2802 dicunt
1390 2771 1509 2812 physici
1520 2770 1542 2810 ⁹,
1563 2780 1604 2804 ex
1628 2772 1817 2805 humoribus
1841 2782 1988 2814 generan-

1037 2825 1106 2860 tur;
1131 2822 1190 2854 hoc
1219 2822 1323 2863 ipsum
1344 2826 1428 2864 patet
1456 2823 1622 2865 exemplo.-
1647 2824 1720 2866 quia
1742 2825 1828 2857 nulla
1852 2826 1987 2859 laesione

1036 2874 1113 2906 facta
1148 2874 1178 2905 in
1210 2883 1358 2916 corpore,
1390 2875 1414 2907 si
1449 2878 1531 2908 totus
1563 2877 1691 2918 sanguis
1722 2878 1848 2916 exiret,
1882 2879 1987 2910 statim

94 3026 102 3042 ¹
122 3026 185 3053 Cod.
205 3027 224 3054 C
243 3029 347 3061 supplet
366 3036 489 3063 corpora.

94 3071 104 3087 ²
123 3071 188 3097 Cum
201 3072 241 3098 ed.
258 3073 266 3097 l
286 3074 422 3099 omisimus
440 3073 568 3106 membro,
585 3074 656 3106 quod
676 3076 713 3099 est
732 3074 756 3098 in
776 3073 832 3098 Vat.
847 3075 871 3098 et
885 3073 972 3104 codd.;

27 3114 109 3139 tamen
127 3115 191 3140 infra
210 3117 235 3140 in
259 3116 363 3142 rubrica
383 3118 407 3142 2.
427 3120 474 3143 art.
496 3119 572 3143 etiam
593 3117 625 3142 ab
646 3118 684 3142 his
704 3120 772 3142 recte
791 3117 924 3142 omittitur.

94 3157 105 3175 ³
122 3159 150 3184 Id
168 3162 207 3185 est.
224 3167 272 3192 per
290 3168 373 3186 venae
392 3163 540 3187 sectionem.

94 3201 105 3218 ⁴
123 3203 240 3229 Nonnulli
260 3205 337 3230 codd.
358 3212 413 3231 non
430 3207 567 3239 resurget,
590 3206 683 3230 omissa
704 3212 758 3237 seq.
772 3206 870 3230 ratione
884 3204 973 3238 quia...

27 3244 62 3270 ad
77 3246 166 3273 vitam.
186 3249 231 3273 Ed.
256 3250 261 3273 1
287 3256 347 3274 cum
367 3256 418 3274 non
438 3250 528 3281 paucis
547 3249 623 3274 codd.
644 3249 737 3274 omittit
756 3249 804 3273 hoc
823 3256 878 3280 arg.

94 3289 106 3307 ⁵
124 3292 154 3317 Ut
172 3293 315 3319 ostenditur
334 3294 398 3318 infra
418 3294 442 3318 (1.
464 3293 505 3318 49.
525 3300 550 3325 p.
571 3293 595 3317 ΙΙ,
616 3306 651 3311 -
670 3293 718 3318 Pro
742 3292 788 3318 sed
812 3299 909 3326 corpus
933 3299 975 3318 re-

27 3339 137 3368 suryens
149 3336 205 3362 cod.
223 3344 253 3362 aa
273 3336 399 3363 humores
418 3338 508 3363 autem
527 3343 582 3363 non
600 3338 663 3363 sum
683 3336 793 3363 consoni
810 3336 918 3370 corpori
936 3343 974 3363 re-

27 3377 152 3410 surgenti,
171 3379 249 3412 quod.

1108 3028 1119 3045 ⁶
1137 3029 1205 3054 Libr.
1226 3029 1258 3054 de
1278 3030 1372 3061 Spiritu
1393 3033 1418 3055 et
1436 3031 1522 3055 anima
1541 3031 1617 3063 (inter
1636 3038 1714 3063 opera
1734 3032 1866 3064 August),
1886 3040 1908 3058 c.
1934 3033 1970 3058 15.

1108 3072 1119 3089 ⁷
1138 3073 1198 3098 Sive
1217 3076 1428 3105 temperamenta.
1448 3073 1499 3100 Cfr.
1521 3081 1600 3106 supra
1620 3082 1682 3107 pag.
1704 3076 1768 3108 852,
1790 3079 1849 3101 nota
1869 3076 1893 3101 5.

1108 3116 1119 3132 Β
1138 3117 1211 3142 VerS.
1232 3117 1272 3142 23.
1293 3131 1327 3135 —
1346 3118 1370 3142 ln
1390 3117 1494 3150 Glossa,
1517 3125 1584 3150 quae
1602 3121 1641 3144 est
1659 3118 1814 3152 ordinaria,
1836 3120 1944 3146 Strabus
1963 3124 1988 3146 et

1038 3160 1154 3191 Lyranus
1173 3167 1233 3186 eum
1254 3160 1359 3186 Rabano
1378 3169 1426 3193 pro
1453 3161 1546 3188 anima
1574 3162 1653 3189 carni
1668 3163 1763 3189 unitur
1782 3163 1941 3190 substituunt
1959 3164 1988 3190 in

1038 3203 1088 3230 hac
1108 3211 1188 3230 carne
1207 3204 1315 3231 vivitur.

1108 3247 1119 3264 9
1140 3248 1204 3273 Vide
1222 3249 1316 3274 Alfred.
1336 3250 1445 3282 Anglic.‚
1465 3250 1497 3275 de
1517 3250 1585 3276 Motu
1605 3251 1705 3284 cordis,
1728 3259 1749 3277 c.
1770 3252 1803 3277 7:
1822 3252 1857 3278 Eo
1878 3251 1987 3286 [calore]

1038 3293 1112 3316 utens
1130 3292 1241 3316 anima...
1262 3292 1350 3317 cibum
1369 3293 1394 3317 in
1415 3294 1550 3326 humores,
1570 3296 1723 3326 sanguinem
1744 3296 1768 3320 in
1789 3297 1908 3328 spiritum
1928 3304 1987 3328 per-

1038 3338 1127 3361 mutat.
1146 3335 1196 3361 Csr.
1216 3335 1460 3370 Costa-Ben-Lucae,
1480 3337 1513 3363 de
1532 3338 1675 3364 Differentia
1704 3340 1806 3365 animae
1824 3343 1849 3365 et
1867 3341 1986 3373 spiritus,

1038 3386 1059 3405 c.
1081 3380 1106 3405 ¹l.
1127 3387 1199 3412 seqq.
