2483 3882
801 248 804 251 '
849 246 1058 279 DlSTlNCTlO
1082 247 1170 280 XXV.

36 339 97 365 tare
118 335 248 371 ponunt,
270 340 338 362 cum
361 340 416 361 nec
442 332 607 362 sacrificari
637 332 748 362 oblatio
781 333 842 362 illic
868 333 978 371 possit,

36 381 85 413 ubi
107 380 234 419 Spiritus
255 383 377 409 sanctus
399 387 457 409 non
479 379 534 416 sit;
558 388 613 409 nec
628 380 750 410 cuidam
766 381 910 410 Dominus
925 389 979 419 per

35 431 97 460 eius
119 436 225 467 preces
243 431 272 457 et
293 427 445 457 orationes
471 427 583 465 prosit,
605 428 656 466 qui
681 429 774 458 Deum
799 429 897 466 ipsum
921 429 979 458 vio-

0 493 24 508 ιε.
35 478 114 509 lavit.
136 475 353 514 Hieronymus¹
377 483 499 513 quoque
514 476 636 511 asserit,
665 488 676 501 α
692 476 791 505 onmia
812 484 891 514 quae
913 477 979 506 offe-

34 529 137 557 runtur
168 524 205 554 ab
238 524 414 560 haereticis,
441 524 644 554 contaminata
675 532 740 554 esse
763 524 792 553 in
814 527 979 562 conspectu

34 572 166 609 Domini;
183 572 269 610 quia,
285 571 355 601 licet
370 574 472 601 sancta
489 571 647 601 videantur
662 572 764 610 specie
783 572 828 602 sui
839 595 846 608 ,
863 576 978 608 tamen,

33 622 100 661 quia
123 623 260 651 contacta
275 624 344 649 sunt
359 619 397 649 ab
420 619 470 649 illo
491 620 543 658 qui
565 620 699 658 pollutus
721 623 781 656 est,
802 620 978 659 polluuntur

33 670 170 701 omnia».
192 668 293 698 Idem:
319 668 415 698 «Odit
438 668 517 698 Deus
539 668 688 698 sacrificia
710 668 933 698 haereticorum
950 672 979 698 et

32 727 47 749 a
68 725 99 747 se
120 716 258 755 proiicit;
281 719 310 745 et
331 716 449 754 quoties
464 716 493 745 in
510 716 630 746 nomine
646 717 711 746 eius
731 717 903 755 congregati
921 717 979 747 fue-

33 766 104 801 rint,
125 764 289 794 detestatur
305 764 447 793 foetorem
464 772 568 794 eorum
585 768 613 794 et
629 764 742 794 claudit
758 773 845 794 nares
865 773 935 795 suas
950 776 977 794 ι».

33 814 128 844 Idem:
167 825 179 839 «ι
194 813 237 842 1111
271 813 398 842 offerunt
430 820 539 851 panem
571 813 780 850 sacrilegum»
808 816 863 843 etc.
895 812 977 843 Leo²

1 876 18 891 o.
33 863 119 894 etiam
142 864 282 896 testatur,
311 873 323 886 «
338 864 422 890 extra
444 861 611 891 Ecclesiam
632 869 687 891 nec
709 864 772 891 rata
795 870 860 891 esse
881 870 979 891 sacer-

32 911 126 946 dotia,
148 918 203 939 nec
224 917 294 939 vera
329 917 394 939 esse
426 909 618 939 sacrificia».
650 909 731 939 Idem
764 909 853 939 etiam
885 909 976 939 dicit:

37 973 47 986 tt
66 960 119 989 Per
151 958 390 988 crudelissimam
423 958 575 987 vesaniam
608 958 636 987 in
671 958 872 988 Alexandrina
905 958 977 988 sede

34 1007 162 1038 omnium
184 1006 447 1036 Sacramentorum
469 1005 569 1035 lumen
593 1007 793 1036 exstinctum:
810 1007 976 1045 intercepta

32 1059 73 1086 est
93 1054 233 1084 sacrificii
257 1054 385 1089 oblatio,
407 1053 516 1083 defecit
537 1054 710 1083 chrismatis
724 1054 932 1089 sanctificatio,
948 1057 977 1084 et

31 1102 260 1143 parricidalibus
281 1102 421 1132 manibus
442 1102 604 1141 impiorum
627 1103 727 1132 omnia
746 1111 778 1132 se
797 1102 976 1132 subtraxere

32 1152 168 1191 mysteria
184 1164 210 1180 ».
226 1168 265 1173 —
281 1151 332 1180 His
360 1150 487 1189 aliisque
516 1151 693 1180 testimoniis
726 1152 819 1180 astrui
846 1151 975 1187 videtur,

29 1201 215 1232 Sacramenta
233 1199 455 1234 ecclesiastica,
471 1199 636 1237 praecipue
651 1199 789 1237 corporis
810 1202 839 1228 et
859 1199 976 1236 sangui-

30 1250 89 1286 nis,
110 1248 307 1278 ordinationis
329 1251 358 1276 et
379 1247 631 1283 confirmationis,
655 1256 710 1285 per
731 1248 901 1277 haereticos
917 1256 975 1277 non

27 1305 113 1337 posse
133 1295 306 1326 ministrari.

103 1345 211 1375 Contra
233 1348 332 1374 autem
355 1343 405 1373 alii
428 1343 539 1373 sentire
561 1343 718 1379 videntur,
741 1344 823 1382 quod
845 1345 882 1374 ab
907 1346 976 1375 hae-

0 1394 125 1425 o-reticis
157 1393 246 1422 etiam
279 1392 425 1430 praecisis
457 1392 535 1422 sacri
568 1392 705 1427 ordines,
732 1392 810 1422 sicut
831 1396 860 1422 et
882 1392 976 1431 bapti-

0 1429 17 1449 εἰ
29 1450 122 1479 smus,
146 1441 222 1470 tradi
246 1441 379 1476 valeant,
402 1448 457 1470 nec
480 1440 517 1470 ab
540 1440 701 1470 haereticis
722 1440 900 1477 redeuntes,
923 1441 973 1479 qui

29 1490 87 1520 illic
108 1489 235 1519 ordinati
257 1492 327 1518 sunt
349 1492 377 1518 et
400 1488 560 1526 baptizati,
583 1488 692 1518 iterum
715 1489 874 1519 ordinandi
896 1493 975 1526 sunt,

3 1540 101 1570 s-sicut
121 1546 177 1568 nec
199 1536 380 1576 baptizandi.
413 1536 498 1566 Unde
525 1536 751 1573 Augustinusssz
780 1538 849 1567 «De
870 1538 975 1567 haere-

27 1587 90 1617 ticis
112 1587 202 1616 etiam
225 1585 374 1615 damnatis
396 1585 476 1624 quod
506 1585 628 1623 quidam
659 1585 782 1615 dicunt:
805 1584 970 1625 baptisma,

28 1635 105 1675 quod
128 1635 259 1672 accepit,
292 1642 351 1663 non
383 1634 492 1663 amittit
524 1634 575 1672 qui
602 1634 717 1663 recedit
746 1633 783 1663 ab
818 1634 973 1671 Ecclesia3

26 1683 73 1714 ius
93 1682 190 1713 dandi
209 1682 290 1721 quod
317 1681 436 1720 accepit
457 1682 581 1718 amittit;
605 1682 707 1711 multis
730 1682 826 1711 modis
848 1686 975 1720 apparet

27 1732 149 1762 inaniter
171 1731 250 1761 dici:
272 1730 388 1769 primo,
410 1730 480 1768 quia
504 1730 584 1760 nulla
607 1730 776 1760 ostenditur
795 1739 903 1766 cansa,
919 1739 975 1760 cur

28 1781 73 1811 ille
94 1780 145 1819 qui
168 1779 240 1809 illud
263 1779 413 1817 baptisma
435 1779 572 1808 amittere
594 1787 652 1808 non
675 1782 790 1816 potest,
814 1779 860 1808 ius
882 1779 973 1808 dandi

27 1829 117 1867 possit
138 1828 284 1858 amittere.
314 1828 482 1865 Utrumque
505 1827 583 1856 enim
606 1827 833 1857 Sacramentum
856 1831 915 1864 est,
945 1831 974 1857 et

28 1876 151 1915 quadam
176 1875 403 1905 consecratione
433 1878 595 1913 utrumque
617 1875 730 1904 homini
756 1875 859 1912 datur,
883 1875 973 1911 illud,

27 1933 90 1955 cum
111 1924 297 1963 baptizatur,
321 1927 350 1953 ct
371 1923 468 1958 istud,
490 1931 558 1952 cum
582 1923 747 1953 ordinatur.
769 1923 838 1953 Ideo
862 1932 919 1953 non
943 1924 975 1953 li-

26 1976 70 2003 cet
100 1973 128 2002 in
160 1972 310 2002 catholica
341 1972 477 2001 Ecclesia
510 1975 674 2010 utrumque
704 1972 815 2001 iterari.
845 1972 919 2002 Nam
948 1972 972 2001 si

28 2021 142 2060 quando
163 2029 201 2051 ex
222 2021 288 2059 ipsa
311 2024 397 2059 parte
420 2020 589 2056 venientes,
613 2021 703 2050 etiam
726 2021 902 2058 praepositi,
917 2029 971 2059 pro

26 2070 99 2100 bono
121 2070 219 2108 paciS,
243 2072 379 2099 correcto
402 2069 573 2098 schismatis
596 2077 715 2104 errore,
738 2069 870 2107 suscepti
890 2072 971 2104 sunt,

27 2121 54 2147 et
72 2118 95 2147 si
118 2118 213 2147 visum
236 2121 281 2147 est
303 2126 380 2155 opus
401 2125 480 2154 esse,
505 2119 537 2146 ut
559 2117 664 2146 eadem
695 2116 793 2146 officia
819 2121 971 2155 gererent,

26 2173 99 2204 quae
121 2165 265 2202 agebant3
290 2173 348 2195 non
371 2168 440 2194 sunt
465 2173 569 2194 rursus
601 2164 780 2200 ordinandi,
811 2165 862 2194 sed
895 2165 973 2195 sicut

26 2213 186 2252 baptismus
208 2214 237 2243 in
260 2214 319 2249 eiS,
342 2214 383 2243 ita
405 2213 554 2243 ordinatio
571 2214 679 2242 mansit
701 2213 832 2251 integra,
855 2214 925 2252 quia
944 2214 970 2243 in

25 2261 205 2300 praecisione
225 2261 324 2291 fuerat
346 2262 468 2298 vitium,
490 2262 572 2300 quod
595 2262 707 2291 unitate
736 2262 821 2299 pacis
843 2266 888 2291 est
909 2271 972 2292 cor-

27 2313 150 2346 rectum,
172 2318 230 2339 non
252 2310 281 2339 in
304 2309 526 2344 Sacramentis,
554 2318 648 2348 quae,
672 2310 856 2348 ubicumque
885 2314 970 2347 sunt,

26 2358 108 2396 ipsa‘*
129 2362 204 2388 sunt.
228 2359 264 2387 Et
286 2366 356 2388 cum
379 2358 434 2396 ipsi
457 2358 601 2396 expedire
623 2358 743 2388 videtur
758 2359 922 2393 Ecclesiae,
939 2362 971 2388 ut

26 2407 185 2444 praepositi
207 2414 321 2442 eorum,
341 2407 494 2436 venientes
516 2407 552 2436 ad
577 2407 756 2437 catholicam
780 2407 970 2443 societatem,

27 2454 150 2485 honores
171 2463 241 2485 suos
264 2455 304 2484 ibi
328 2463 384 2484 non
407 2455 633 2491 administrent;
656 2464 714 2485 non
732 2456 774 2485 eis
789 2459 888 2485 tamen
905 2456 969 2494 ipsa

26 2503 215 2533 ordinationis
246 2504 440 2534 Sacramenta
473 2504 688 2540 detrahuntur,
715 2504 767 2534 sed
796 2512 888 2542 super
919 2513 970 2534 eos

26 2555 158 2587 manent3
181 2552 310 2590 ideoque
332 2561 389 2582 non
412 2553 455 2582 eis
477 2560 583 2582 manus
600 2552 777 2590 imponitur,
794 2560 830 2581 ne
846 2561 904 2582 non
922 2552 971 2582 ho-

26 2599 110 2636 mini,
132 2600 182 2629 sed
205 2600 262 2638 ipsi
286 2600 480 2630 Sacramento
503 2600 554 2629 siat
577 2600 694 2629 iniuria.
718 2600 916 2629 Sicutautem
941 2601 969 2629 in

26 2645 169 2684 baptismo
191 2652 236 2678 est
258 2648 320 2683 ius,
343 2647 425 2686 quod
446 2656 501 2686 per
523 2655 575 2677 eos
597 2647 661 2677 dari
686 2648 798 2685 possit;
822 2648 865 2677 sic
882 2648 909 2677 in
926 2656 971 2677 or-

28 2693 173 2725 dinatione
195 2696 240 2725 ius
261 2696 351 2725 dandi
375 2699 434 2732 est,
464 2699 627 2734 utrumque
660 2695 782 2733 quidem
813 2696 850 2725 ad
874 2697 971 2734 perni-

25 2742 100 2772 ciem
120 2751 213 2774 suam.
236 2744 294 2774 Sed
317 2744 398 2774 aliud
422 2748 466 2773 est
486 2753 550 2774 mm
566 2743 690 2778 habere,
706 2744 787 2774 aliud
800 2744 970 2783 perniciose

27 2788 141 2825 habere,
163 2792 242 2822 aliud
265 2792 431 2822 salubriter
452 2792 560 2822 habere
576 2805 603 2823 ».
625 2792 704 2822 Idem
720 2793 749 2821 ⁵:
771 2805 782 2818 «
799 2793 840 2822 De
857 2793 902 2822 his
918 2793 969 2832 qui

1929 251 1990 284 639

1043 333 1081 363 ab
1102 334 1256 364 Ecclesiae
1277 334 1391 365 unitate
1412 336 1543 373 separati
1563 339 1648 372 sunt,
1672 336 1751 366 nulla
1774 336 1833 367 iam
1855 337 1992 376 quaestio

1043 385 1103 417 est,
1126 382 1199 420 quin
1222 382 1351 412 habeant
1373 386 1402 412 et
1423 383 1495 413 dare
1517 385 1650 422 possint;
1673 384 1726 414 sed
1748 385 1918 423 perniciose
1944 386 1994 416 ba-

1045 429 1114 459 bent
1134 430 1365 469 pernicioseque
1386 431 1471 467 dant,
1502 432 1574 470 quia
1606 436 1691 463 extra
1722 432 1882 463 vinculum
1906 433 1992 473 pacis

1043 481 1119 507 sunt.
1142 478 1246 508 Neutri
1270 478 1463 509 Sacramento
1485 480 1621 510 facienda
1641 485 1685 510 est
1701 478 1819 511 iniuria.
1835 481 1918 512 Sicut
1933 490 1992 512 non

1043 528 1123 555 recte
1146 526 1237 556 habet
1258 527 1310 565 qui
1333 527 1371 557 ab
1400 528 1514 558 unitate
1536 529 1665 564 recedit,
1686 529 1739 559 sed
1763 533 1861 560 tamen
1884 530 1990 567 habet,

1042 575 1072 603 et
1093 574 1160 604 ideo
1183 575 1319 605 redeunti
1345 584 1402 606 non
1425 576 1577 613 redditur;
1599 578 1643 607 sic
1665 578 1754 608 etiam
1771 586 1830 608 non
1844 582 1926 608 recte
1941 578 1993 608 dat

1042 624 1093 661 qui
1117 624 1154 654 ab
1176 625 1291 655 unitate
1312 626 1439 662 recedit,
1462 627 1515 656 sed
1537 630 1634 657 tamen
1657 628 1727 663 dat;
1743 632 1773 657 et
1787 628 1870 664 ideo,
1886 629 1936 667 qui
1954 629 1991 658 ab

1042 679 1077 700 eo
1100 672 1227 710 accipit,
1250 674 1380 703 venienti
1403 674 1440 704 ad
1464 675 1607 705 unitatem
1630 684 1688 705 non
1712 676 1837 706 iteratur
1852 688 1878 706 ».
1893 676 2140 713 Idemmugnsunus.

1046 732 1059 745 «
1075 720 1164 750 Aliud
1187 725 1231 750 est
1252 730 1315 751 non
1337 721 1445 752 habere
1467 723 1597 762 aliquid,
1620 724 1700 754 aliud
1724 728 1845 754 estnon
1861 724 1927 754 iure
1942 723 1993 754 Ιια-

1042 765 1108 796 bere
1130 767 1177 797 vel
1199 768 1304 798 illicite
1326 778 1487 809 usurpare.
1510 771 1575 801 Non
1599 772 1689 810 igitur
1704 772 1771 802 ideo
1786 781 1845 802 non
1859 776 1928 802 sunt
1943 773 1992 803 Sa-

1041 819 1194 846 cramenta
1217 816 1325 846 Christi
1348 821 1376 847 et
1398 818 1565 856 Ecclesiae,
1588 820 1659 858 quia
1680 820 1723 850 eis
1746 820 1849 850 illicite
1871 824 1993 850 utantur

1041 871 1099 892 non
1122 864 1396 901 modobaeretici,
1427 866 1478 895 sed
1509 867 1599 896 etiam
1623 876 1726 898 omnes
1748 868 1852 907 impii;
1874 868 1926 898 sed
1950 868 1991 898 illi

1040 912 1210 948 corrigendi
1233 916 1302 942 sunt
1324 916 1353 942 et
1374 914 1534 951 puniendi,
1558 915 1607 945 illa
1630 920 1729 946 autem
1752 916 1941 954 agnoscenda
1963 919 1991 946 et

1042 960 1212 990 veneranda
1226 973 1254 991 ».
1283 961 1354 991 Item
1381 961 1585 999 Gregoi·ius⁰:
1613 976 1625 990 a
1641 963 1724 999 Quod
1747 964 1863 1000 dicitis,
1886 968 1918 995 ut
1939 965 1991 1003 qui
2006 976 2127 1002 Gregorius.

1040 1007 1195 1038 ordinatus
1228 1012 1273 1038 est
1301 1009 1409 1039 iterum
1443 1011 1608 1047 ordinetur,
1634 1013 1721 1042 valde
1746 1014 1907 1043 ridiculum
1937 1017 1990 1044 est.

1039 1055 1077 1085 Ut
1099 1057 1178 1086 enim
1201 1057 1370 1096 baptizatus
1391 1059 1483 1088 semel
1507 1059 1613 1089 iterum
1636 1060 1781 1098 baptizari
1805 1070 1861 1091 non
1883 1062 1990 1099 debet3

1040 1104 1080 1134 ita
1102 1105 1153 1143 qui
1176 1109 1370 1136 consecratus
1386 1110 1430 1136 est
1444 1107 1536 1137 semel
1559 1108 1587 1137 in
1610 1108 1716 1138 eodem
1738 1109 1843 1139 ordine
1866 1118 1923 1139 non
1945 1118 1992 1139 va-

1040 1153 1080 1183 let
1102 1154 1209 1184 iterum
1241 1155 1411 1185 consecrari
1428 1167 1455 1184 n.
1477 1172 1517 1178 -—
1538 1156 1589 1186 His
1612 1157 1739 1196 aliisque
1760 1159 1991 1189 auctoritatibus

1040 1202 1160 1232 videtur
1181 1204 1291 1238 asseri,
1315 1203 1343 1233 in
1366 1204 1505 1234 omnibus
1527 1205 1644 1243 impiis,
1666 1206 1755 1235 etiam
1778 1207 1807 1235 in
1830 1206 1991 1237 haereticis

1040 1250 1186 1287 praecisis
1213 1253 1241 1280 et
1270 1250 1435 1287 damnatis,
1456 1252 1565 1282 Christi
1588 1252 1781 1284 Sacramenta
1813 1262 1991 1292 permanere

1040 1306 1109 1328 cum
1132 1299 1197 1328 iure
1225 1299 1335 1336 dand13
1365 1304 1491 1338 possunt
1517 1302 1596 1330 enim
1618 1301 1707 1337 dare,
1729 1302 1782 1331 sed
1804 1303 1990 1340 pernicioso,

1040 1350 1069 1376 et
1089 1347 1201 1385 quibus
1232 1348 1370 1378 dederint
1402 1357 1460 1378 non
1493 1353 1562 1379 sunt
1584 1350 1692 1379 iterum
1715 1350 1884 1381 ordinandi.
1909 1350 1991 1386 Quae

1040 1397 1214 1434 praemissis
1236 1405 1273 1427 ex
1295 1397 1434 1435 opposito
1457 1397 1585 1428 obviare
1607 1398 1755 1428 videntur.

1119 1444 1199 1474 Haec
1221 1448 1321 1474 autem
1344 1445 1467 1484 quidam
1490 1445 1529 1475 ita
1553 1445 1761 1476 determinant.
1777 1447 1886 1477 Dicunt
1901 1448 1990 1485 enim,

1040 1492 1224 1529 haereticos,
1247 1497 1371 1531 accepta
1391 1494 1571 1524 sacerdotali
1590 1494 1636 1524 vel
1651 1495 1817 1533 episcopali
1833 1496 1989 1533 unctione,

1039 1541 1077 1570 ab
1100 1541 1234 1571 Ecclesia
1258 1541 1433 1571 recedentes
1456 1541 1601 1581 baptismi
1620 1543 1743 1581 quidem
1765 1543 1856 1573 dandi
1880 1544 1925 1574 ius
1947 1553 1991 1574 re-

1039 1590 1150 1624 tinere,
1167 1589 1219 1619 sed
1241 1598 1298 1619 non
1323 1590 1435 1620 habere
1457 1590 1627 1620 facultatem
1651 1591 1801 1621 tribuendi
1822 1601 1923 1621 sacros
1946 1602 1991 1622 or-

1038 1636 1137 1672 dines,
1161 1637 1207 1667 vel
1238 1637 1434 1667 consecrandi
1464 1637 1653 1667 dominicum
1682 1647 1804 1678 corpus,
1828 1644 1989 1679 postquam

1039 1685 1167 1723 praecisi
1184 1689 1253 1715 sunt
1275 1689 1303 1715 et
1319 1685 1451 1715 damnati
1475 1685 1512 1716 ab
1534 1686 1685 1722 Ecclesia,
1708 1688 1786 1717 sicut
1808 1687 1989 1725 degradatus

1038 1734 1201 1772 episcopus
1223 1741 1281 1763 non
1304 1733 1396 1763 habet
1417 1737 1595 1772 potestatem
1618 1734 1764 1772 largiendi
1790 1743 1893 1766 sacros
1915 1737 1991 1766 ordi-

1038 1790 1107 1817 nes,
1129 1781 1300 1811 facultatem
1316 1786 1414 1811 tamen
1430 1782 1603 1820 baptizandi
1619 1791 1677 1812 non
1694 1784 1801 1813 amisit.
1818 1784 1902 1819 Quod
1919 1792 1990 1814 vero

1040 1830 1224 1866 Augustinus
1246 1831 1288 1860 ait
1304 1830 1478 1868 intelligitur
1494 1831 1607 1861 dictum
1624 1831 1662 1862 de
1678 1832 1847 1868 haereticis,
1863 1833 1914 1871 qui
1931 1841 1989 1862 non

1037 1877 1185 1908 sementia
1214 1877 1375 1913 Ecclesiae,
1397 1879 1450 1908 sed
1483 1880 1632 1917 pravitate
1665 1888 1771 1909 sensus
1799 1880 1846 1910 sui
1875 1888 1891 1910 a
1921 1880 1991 1910 fidei

1040 1927 1165 1956 veritate
1187 1935 1223 1956 ac
1245 1927 1401 1957 doctrinae
1423 1928 1537 1958 unitate
1559 1927 1647 1957 divisi
1671 1931 1758 1965 sunt;
1782 1929 1849 1966 qui,
1866 1928 1935 1958 licet
1951 1932 1989 1959 ta-

1037 1975 1080 2005 les
1102 1976 1176 2012 sint,
1198 1976 1245 2005 ius
1268 1980 1366 2005 tamen
1390 1976 1547 2006 ordinandi
1581 1981 1609 2006 et
1641 1977 1839 2007 consecrandi
1869 1977 1987 2007 habent.

1037 2024 1073 2053 Et
1094 2024 1146 2061 qui
1170 2023 1207 2053 ab
1230 2024 1273 2053 eis
1302 2024 1480 2054 ordinantur
1512 2028 1580 2054 ante
1612 2025 1799 2055 manifestam
1829 2026 1990 2064 praecisio-

1038 2079 1121 2106 nem,
1144 2072 1233 2101 etiam
1256 2072 1280 2101 si
1303 2080 1372 2102 cum
1395 2073 1438 2102 eis
1460 2076 1564 2111 aperte
1585 2073 1714 2103 exierint
1732 2077 1760 2103 et
1775 2074 1921 2104 sententia
1938 2074 1991 2103 Ec-

1036 2119 1146 2149 clesiae
1169 2120 1301 2150 damnati
1325 2120 1451 2156 fuerint,
1467 2124 1565 2151 tamen
1588 2122 1611 2150 si
1635 2121 1794 2157 redierint,
1818 2123 1925 2152 iterum
1943 2131 1990 2152 or-

1036 2168 1160 2198 dinandi
1183 2177 1240 2198 non
1263 2173 1341 2199 sunt.
1364 2170 1400 2198 Et
1423 2169 1608 2208 ubicumque
1640 2170 1749 2208 legitur
1777 2170 1815 2200 de
1844 2171 1989 2201 ordinatis

1037 2217 1074 2246 ab
1097 2217 1274 2254 haereticis,
1297 2218 1378 2256 quod
1400 2219 1528 2248 servatis
1560 2219 1603 2248 eis
1636 2219 1792 2248 ordinibus
1819 2220 1989 2249 ministrare

1037 2265 1169 2300 valeant,
1193 2265 1239 2294 vel
1263 2266 1370 2295 iterum
1394 2266 1552 2295 ordinandi
1576 2274 1634 2295 non
1656 2266 1733 2301 sint;
1756 2266 1793 2295 de
1815 2266 1989 2296 huiusmodi

1036 2313 1248 2351 accipiendum
1271 2313 1385 2343 dicunt.
1407 2313 1483 2344 Nam
1506 2318 1665 2352 postquam
1689 2314 1819 2352 praecisi
1835 2315 1944 2344 fuerint
1960 2319 1989 2344 et

1036 2361 1168 2390 damnati
1193 2361 1305 2390 iudicio
1320 2361 1491 2396 Ecclesiae,
1509 2362 1555 2391 ius
1570 2362 1728 2391 ordinandi
1745 2366 1773 2391 et
1788 2362 1985 2392 consecrandi

1035 2410 1077 2438 eis
1106 2409 1275 2439 detractum
1306 2413 1459 2446 asserunt,
1483 2413 1514 2439 ut
1536 2410 1723 2447 degradatis,
1746 2410 1793 2440 vel
1816 2418 1987 2440 excommn-

1034 2458 1151 2487 nicatis.
1166 2474 1206 2479 —
1220 2458 1277 2487 Alii
1294 2466 1364 2487 vero
1387 2458 1505 2495 dicunt,
1522 2458 1714 2488 Sacramenta
1730 2458 1768 2488 ab
1783 2458 1943 2488 haereticis
1958 2461 1987 2488 et
2001 2473 2075 2494 Modus
2089 2473 2108 2493 4,
2123 2475 2146 2494 ee

1035 2506 1181 2544 praecisis
1201 2507 1368 2536 secundum
1398 2506 1522 2536 formam
1552 2506 1706 2536 Ecclesiae
1732 2506 1883 2536 celebrata
1914 2515 1984 2537 vera
2013 2505 2082 2520 ΜΗ·

1034 2562 1099 2583 esse
1121 2557 1149 2583 et
1170 2557 1248 2590 rata,
1271 2554 1343 2592 quia
1364 2554 1540 2583 recedentes
1562 2554 1600 2583 ab
1623 2554 1756 2584 Ecclesia
1780 2554 1826 2584 ius
1850 2555 1941 2584 dandi
1957 2559 1985 2585 et

1034 2601 1230 2630 consecrandi
1254 2610 1311 2631 non
1334 2601 1551 2638 perdiderunt;
1575 2605 1603 2631 et
1625 2602 1676 2639 qui
1699 2602 1743 2631 sic
1765 2602 1803 2632 ab
1825 2603 1985 2633 haereticis

1034 2649 1220 2684 ordinantur,
1244 2657 1313 2679 cum
1336 2650 1478 2684 redeunt,
1501 2650 1609 2678 iterum
1637 2649 1795 2679 ordinandi
1823 2658 1880 2679 non
1907 2655 1984 2682 sunt.

1034 2698 1115 2732 Quae
1139 2706 1208 2727 vero
1225 2698 1263 2727 ab
1279 2698 1440 2727 haereticis
1462 2697 1548 2727 aliter
1568 2705 1658 2736 quam
1684 2699 1712 2727 in
1738 2699 1872 2729 Ecclesia
1896 2699 1985 2737 fiunt,

1035 2745 1106 2774 salsa
1129 2749 1198 2775 sunt
1220 2749 1248 2774 et
1270 2745 1385 2778 inania:
1408 2745 1501 2783 etqui
1525 2753 1542 2775 a
1566 2745 1674 2775 talibus
1690 2746 1823 2776 ordinari
1847 2747 1986 2777 videntur

1035 2802 1091 2822 non
1115 2802 1237 2829 munus,
1259 2794 1311 2823 sed
1334 2793 1442 2823 vulnus
1469 2794 1631 2832 accipiunt.
1654 2794 1691 2823 Et
1718 2794 1883 2825 secundum
1907 2796 1985 2826 hanc

2040 1461 2114 1482 Modus
2129 1461 2148 1482 3.

2005 1493 2052 1517 enm
2061 1488 2112 1517 salsa
2119 1487 2151 1508 di-

2005 1517 2125 1535 §unctione-

96 3060 103 3076 ¹
123 3060 263 3088 Comment.
284 3064 308 3088 in
328 3064 463 3095 Aggaeum
494 3065 522 3095 2,
555 3064 603 3095 15;
633 3063 659 3089 C.
688 3063 732 3089 Sic
755 3056 871 3097 populus
891 3064 969 3096 (ot),

26 3102 86 3128 ibid.
98 3112 103 3135 ;
117 3112 170 3137 seq.
184 3106 254 3132 locus
267 3111 304 3132 est
317 3108 434 3132 eiusdem
449 3108 472 3132 in
487 3108 566 3132 Amos
585 3108 612 3138 5,
629 3108 675 3138 22;
691 3107 717 3132 C.
732 3107 792 3133 Odit
805 3108 876 3133 Deus
891 3108 968 3139 (62.1,

27 3146 101 3179 ibid.;
121 3150 208 3174 tertius
227 3151 251 3175 in
271 3150 363 3176 Oseam
384 3152 412 3181 6,
433 3152 466 3183 7;
487 3151 513 3176 C.
534 3150 577 3176 Illi
595 3151 713 3184 offerunt
732 3152 812 3183 (63.),
833 3151 894 3176 ibid.

94 3191 105 3207 ²
123 3193 200 3224 Epist.
220 3195 260 3219 80.
281 3194 354 3226 (alias
374 3196 426 3226 60.)
447 3195 480 3220 ad
500 3195 658 3226 Anatolium,
679 3202 700 3219 c.
721 3196 752 3225 2;
774 3194 800 3219 C.
828 3196 860 3220 In
885 3195 971 3221 Eccle-

27 3232 67 3259 sia
85 3234 164 3268 (68.)‚
185 3237 260 3269 ibid.;
281 3245 335 3270 seq.
355 3239 427 3263 locus
446 3241 484 3263 est
503 3239 580 3269 Epist.
603 3238 659 3262 156.
680 3239 753 3270 (alias
773 3239 841 3270 125.)
863 3238 894 3263 ad
908 3239 971 3263 Leo—

28 3283 100 3309 nem,
121 3285 141 3304 c.
162 3280 193 3311 ὅς
213 3280 240 3306 C.
259 3281 431 3315 Manifestmn
450 3283 488 3307 est
505 3282 584 3313 (69),
605 3282 666 3306 ibid.

94 3320 105 3337 ³
123 3322 190 3348 Libr.
210 3324 236 3349 11.
256 3328 344 3350 contra
363 3327 436 3357 epist.
457 3326 632 3357 Parmeniani,
655 3332 675 3350 c.
697 3326 733 3350 13.
753 3332 778 3350 n.
792 3326 838 3357 28;
853 3325 879 3351 C.
896 3325 972 3356 Quod

26 3364 133 3397 quidam
154 3367 229 3400 (97.),
250 3368 311 3395 ibid.

1105 3063 1115 3079 ⁴
1135 3064 1197 3088 Edd.
1218 3064 1248 3095 6,
1268 3064 1282 3088 8
1303 3067 1327 3089 et
1347 3063 1403 3088 Vat.
1433 3063 1531 3088 addunt
1560 3070 1637 3095 vera,
1669 3064 1714 3089 sed
1744 3064 1888 3096 refragante
1907 3067 1984 3091 etiam

1035 3108 1146 3133 editione
1166 3109 1278 3132 Maurina
1298 3108 1436 3139 originalis.

1105 3152 1116 3168 ⁵
1136 3151 1212 3182 thid,
1233 3155 1257 3176 et
1276 3151 1302 3176 C.
1323 3152 1364 3176 cit.
1386 3152 1400 3183 S
1421 3152 1449 3182 6,
1471 3152 1575 3176 variatis
1595 3152 1732 3177 nonnullis.
1757 3152 1902 3184 Respicitur
1920 3154 1984 3185 Eph.

1036 3195 1064 3227 4,
1087 3197 1110 3220 3.
1130 3209 1163 3212 —
1183 3196 1241 3227 Seq.
1262 3196 1334 3220 locus
1353 3196 1435 3220 eiusd.
1461 3196 1496 3220 111.
1526 3196 1557 3220 de
1586 3196 1716 3227 Baptismo
1746 3200 1833 3222 contra
1863 3198 1984 3224 Donatist.

1034 3246 1056 3264 c.
1082 3240 1119 3263 10.
1142 3246 1165 3263 n.
1188 3240 1226 3263 13.

1106 3282 1116 3298 ⁶
1135 3282 1205 3307 Libr.
1228 3283 1252 3306 11.
1272 3283 1382 3314 Registr.
1397 3282 1484 3308 indict.
1503 3283 1546 3314 iO,
1560 3284 1634 3315 epist.
1650 3283 1690 3309 46.
1711 3283 1784 3315 (alias
1804 3285 1857 3317 22.)
1871 3285 1903 3310 ad
1916 3286 1983 3311 loen.

1036 3327 1115 3358 episc.
1136 3326 1294 3357 Ravennat.;
1315 3325 1341 3351 C.
1362 3325 1437 3352 Sicut
1455 3325 1537 3352 semel
1555 3326 1616 3359 (t),
1638 3327 1663 3352 d.
1684 3328 1724 3352 68.
