<?xml version="1.0" encoding="UTF-8"?>
<!DOCTYPE html PUBLIC "-//W3C//DTD XHTML 1.0 Transitional//EN"
    "http://www.w3.org/TR/xhtml1/DTD/xhtml1-transitional.dtd">
<html xmlns="http://www.w3.org/1999/xhtml" xml:lang="en" lang="en">
 <head>
  <title>
</title>
<meta http-equiv="Content-Type" content="text/html;charset=utf-8" />
  <meta name='ocr-system' content='tesseract 3.04.00' />
  <meta name='ocr-capabilities' content='ocr_page ocr_carea ocr_par ocr_line ocrx_word'/>
</head>
<body>
  <div class='ocr_page' id='page_1' title='image "./doctorisseraphic04bona/doctorisseraphic04bona_0586.png"; bbox 0 0 2483 3882; ppageno 0'>
   <div class='ocr_carea' id='block_1_1' title="bbox 455 251 2483 695">
    <p class='ocr_par' dir='ltr' id='par_1_1' title="bbox 455 251 2483 695">
     <span class='ocr_line' id='line_1_1' title="bbox 461 251 1643 289; baseline -0.007 0"><span class='ocrx_word' id='word_1_1' title='bbox 461 257 523 289; x_wconf 76' lang='lat'>566</span> <span class='ocrx_word' id='word_1_2' title='bbox 1197 251 1480 284; x_wconf 79' lang='lat' dir='ltr'>SENTENTIARUM</span> <span class='ocrx_word' id='word_1_3' title='bbox 1505 251 1572 282; x_wconf 85' lang='lat' dir='ltr'>LIB.</span> <span class='ocrx_word' id='word_1_4' title='bbox 1596 251 1643 282; x_wconf 80' lang='lat' dir='ltr'>[v.</span> 
     </span>
     <span class='ocr_line' id='line_1_2' title="bbox 458 340 2067 376; baseline -0.007 0"><span class='ocrx_word' id='word_1_5' title='bbox 458 343 656 376; x_wconf 72' lang='lat' dir='ltr'>poenitentiis</span> <span class='ocrx_word' id='word_1_6' title='bbox 680 345 710 374; x_wconf 92' lang='lat' dir='ltr'>et</span> <span class='ocrx_word' id='word_1_7' title='bbox 741 340 1018 374; x_wconf 77' lang='lat' dir='ltr'>remissionibus¹2</span> <span class='ocrx_word' id='word_1_8' title='bbox 1049 340 1196 371; x_wconf 84' lang='lat' dir='ltr'>«Caveat</span> <span class='ocrx_word' id='word_1_9' title='bbox 1226 342 1331 370; x_wconf 90' lang='lat' dir='ltr'>autem</span> <span class='ocrx_word' id='word_1_10' title='bbox 1364 346 1409 370; x_wconf 87' lang='lat' dir='ltr'>sa·</span> <span class='ocrx_word' id='word_1_11' title='bbox 1828 347 2067 371; x_wconf 76' lang='lat' dir='ltr'>CONCLthlo.</span> 
     </span>
     <span class='ocr_line' id='line_1_3' title="bbox 457 388 2483 434; baseline -0.006 -5"><span class='ocrx_word' id='word_1_12' title='bbox 457 397 584 434; x_wconf 76' lang='grc'>0011105,</span> <span class='ocrx_word' id='word_1_13' title='bbox 609 404 647 427; x_wconf 87' lang='grc'>110</span> <span class='ocrx_word' id='word_1_14' title='bbox 675 394 772 426; x_wconf 78' lang='lat' dir='ltr'>verbo</span> <span class='ocrx_word' id='word_1_15' title='bbox 803 394 853 425; x_wconf 88' lang='lat' dir='ltr'>vel</span> <span class='ocrx_word' id='word_1_16' title='bbox 884 393 971 433; x_wconf 84' lang='lat' dir='ltr'>signo</span> <span class='ocrx_word' id='word_1_17' title='bbox 1003 392 1053 424; x_wconf 91' lang='lat' dir='ltr'>vel</span> <span class='ocrx_word' id='word_1_18' title='bbox 1084 392 1145 423; x_wconf 87' lang='lat' dir='ltr'>alio</span> <span class='ocrx_word' id='word_1_19' title='bbox 1173 391 1285 433; x_wconf 87' lang='lat' dir='ltr'>quovis</span> <span class='ocrx_word' id='word_1_20' title='bbox 1314 391 1407 423; x_wconf 87' lang='lat' dir='ltr'>modo</span> <span class='ocrx_word' id='word_1_21' title='bbox 2482 388 2483 418; x_wconf 84' lang='lat' dir='ltr'>l</span> 
     </span>
     <span class='ocr_line' id='line_1_4' title="bbox 456 442 2483 504; baseline -0.002 -24"><span class='ocrx_word' id='word_1_22' title='bbox 456 448 569 490; x_wconf 87' lang='lat' dir='ltr'>prodat</span> <span class='ocrx_word' id='word_1_23' title='bbox 592 447 790 488; x_wconf 83' lang='lat' dir='ltr'>aliquatenus</span> <span class='ocrx_word' id='word_1_24' title='bbox 813 449 1052 486; x_wconf 84' lang='lat' dir='ltr'>peccatorem».</span> <span class='ocrx_word' id='word_1_25' title='bbox 1539 443 1608 474; x_wconf 77' lang='lat' dir='ltr'>Pro</span> <span class='ocrx_word' id='word_1_26' title='bbox 1632 442 1722 474; x_wconf 73' lang='grc'>1111110</span> <span class='ocrx_word' id='word_1_27' title='bbox 1745 442 1919 481; x_wconf 63' lang='lat' dir='ltr'>scandalo,</span> <span class='ocrx_word' id='word_1_28' title='bbox 1944 442 1992 474; x_wconf 81' lang='lat' dir='ltr'>vel</span> <span class='ocrx_word' id='word_1_29' title='bbox 2015 452 2121 475; x_wconf 81' lang='lat' dir='ltr'>causa</span> <span class='ocrx_word' id='word_1_30' title='bbox 2149 442 2308 486; x_wconf 73' lang='lat' dir='ltr'>confessio</span> <span class='ocrx_word' id='word_1_31' title='bbox 2333 453 2355 476; x_wconf 81' lang='lat' dir='ltr'>a</span> <span class='ocrx_word' id='word_1_32' title='bbox 2481 450 2483 504; x_wconf 66' lang='grc'>1</span> 
     </span>
     <span class='ocr_line' id='line_1_5' title="bbox 546 495 2483 538; baseline -0.003 -7"><span class='ocrx_word' id='word_1_33' title='bbox 546 500 574 531; x_wconf 85' lang='grc'>3.</span> <span class='ocrx_word' id='word_1_34' title='bbox 599 500 691 536; x_wconf 87' lang='lat' dir='ltr'>Item,</span> <span class='ocrx_word' id='word_1_35' title='bbox 717 498 775 529; x_wconf 88' lang='lat' dir='ltr'>hoc</span> <span class='ocrx_word' id='word_1_36' title='bbox 798 497 924 529; x_wconf 85' lang='lat' dir='ltr'>videtur</span> <span class='ocrx_word' id='word_1_37' title='bbox 947 496 1094 528; x_wconf 73' lang='lat' dir='ltr'>ratione:</span> <span class='ocrx_word' id='word_1_38' title='bbox 1119 496 1193 538; x_wconf 84' lang='lat' dir='ltr'>quia</span> <span class='ocrx_word' id='word_1_39' title='bbox 1216 499 1343 537; x_wconf 84' lang='lat' dir='ltr'>peccata</span> <span class='ocrx_word' id='word_1_40' title='bbox 1376 495 1406 527; x_wconf 87' lang='lat' dir='ltr'>in</span> <span class='ocrx_word' id='word_1_41' title='bbox 1721 495 1889 527; x_wconf 78' lang='lat' dir='ltr'><em>sacerdote</em></span> <span class='ocrx_word' id='word_1_42' title='bbox 1912 499 1957 527; x_wconf 76' lang='lat' dir='ltr'>esc</span> <span class='ocrx_word' id='word_1_43' title='bbox 1981 495 2169 527; x_wconf 76' lang='lat' dir='ltr'>revelanda.</span> <span class='ocrx_word' id='word_1_44' title='bbox 2481 505 2483 526; x_wconf 61' lang='lat'>*2</span> 
     </span>
     <span class='ocr_line' id='line_1_6' title="bbox 457 548 1408 590; baseline -0.003 -6"><span class='ocrx_word' id='word_1_45' title='bbox 457 551 648 585; x_wconf 81' lang='lat' dir='ltr'>consessione</span> <span class='ocrx_word' id='word_1_46' title='bbox 672 550 834 588; x_wconf 83' lang='lat' dir='ltr'>delentur;</span> <span class='ocrx_word' id='word_1_47' title='bbox 868 549 920 581; x_wconf 89' lang='lat' dir='ltr'>sed</span> <span class='ocrx_word' id='word_1_48' title='bbox 947 558 1005 590; x_wconf 89' lang='lat' dir='ltr'>pro</span> <span class='ocrx_word' id='word_1_49' title='bbox 1037 552 1182 590; x_wconf 86' lang='lat' dir='ltr'>peccato,</span> <span class='ocrx_word' id='word_1_50' title='bbox 1206 548 1291 589; x_wconf 88' lang='lat' dir='ltr'>quod</span> <span class='ocrx_word' id='word_1_51' title='bbox 1324 548 1408 581; x_wconf 88' lang='lat' dir='ltr'>Deus</span> 
     </span>
     <span class='ocr_line' id='line_1_7' title="bbox 456 601 1408 642; baseline -0.004 -6"><span class='ocrx_word' id='word_1_52' title='bbox 456 604 591 641; x_wconf 76' lang='lat' dir='ltr'>remisit,</span> <span class='ocrx_word' id='word_1_53' title='bbox 615 611 707 634; x_wconf 89' lang='lat' dir='ltr'>nemo</span> <span class='ocrx_word' id='word_1_54' title='bbox 730 606 777 634; x_wconf 88' lang='lat' dir='ltr'>est</span> <span class='ocrx_word' id='word_1_55' title='bbox 799 601 1013 634; x_wconf 81' lang='lat' dir='ltr'>accusandus:</span> <span class='ocrx_word' id='word_1_56' title='bbox 1039 610 1114 642; x_wconf 85' lang='lat' dir='ltr'>ergo</span> <span class='ocrx_word' id='word_1_57' title='bbox 1138 601 1162 633; x_wconf 90' lang='lat' dir='ltr'>si</span> <span class='ocrx_word' id='word_1_58' title='bbox 1189 601 1336 633; x_wconf 83' lang='lat' dir='ltr'>sacerdos</span> <span class='ocrx_word' id='word_1_59' title='bbox 1361 605 1408 633; x_wconf 87' lang='lat' dir='ltr'>est</span> 
     </span>
     <span class='ocr_line' id='line_1_8' title="bbox 455 653 1409 695; baseline -0.002 -8"><span class='ocrx_word' id='word_1_60' title='bbox 455 656 597 688; x_wconf 78' lang='lat' dir='ltr'>minister</span> <span class='ocrx_word' id='word_1_61' title='bbox 622 655 830 693; x_wconf 71' lang='lat' dir='ltr'>remissionis,</span> <span class='ocrx_word' id='word_1_62' title='bbox 863 663 922 686; x_wconf 92' lang='lat' dir='ltr'>non</span> <span class='ocrx_word' id='word_1_63' title='bbox 947 657 1048 695; x_wconf 87' lang='lat' dir='ltr'>potest</span> <span class='ocrx_word' id='word_1_64' title='bbox 1079 662 1228 686; x_wconf 89' lang='lat' dir='ltr'>accusare</span> <span class='ocrx_word' id='word_1_65' title='bbox 1252 653 1302 685; x_wconf 85' lang='lat' dir='ltr'>vel</span> <span class='ocrx_word' id='word_1_66' title='bbox 1326 653 1409 685; x_wconf 89' lang='lat' dir='ltr'>dete-</span> 
     </span>
    </p>
   </div>
   <div class='ocr_carea' id='block_1_2' title="bbox 1471 584 2483 694">
    <p class='ocr_par' dir='ltr' id='par_1_2' title="bbox 1471 584 2483 694">
     <span class='ocr_line' id='line_1_9' title="bbox 1561 584 2483 645; baseline 0.004 -14"><span class='ocrx_word' id='word_1_67' title='bbox 1561 601 1755 632; x_wconf 64' lang='lat' dir='ltr'>Respormno:</span> <span class='ocrx_word' id='word_1_68' title='bbox 1774 600 1816 632; x_wconf 82' lang='lat' dir='ltr'>Ad</span> <span class='ocrx_word' id='word_1_69' title='bbox 1834 600 1892 632; x_wconf 89' lang='lat' dir='ltr'>hoc</span> <span class='ocrx_word' id='word_1_70' title='bbox 1910 600 2078 632; x_wconf 91' lang='lat' dir='ltr'>voluerunt</span> <span class='ocrx_word' id='word_1_71' title='bbox 2093 600 2189 642; x_wconf 83' lang='lat' dir='ltr'>aliqui</span> <span class='ocrx_word' id='word_1_72' title='bbox 2212 601 2417 643; x_wconf 79' lang='lat' dir='ltr'>distinguere,</span> <span class='ocrx_word' id='word_1_73' title='bbox 2460 584 2483 645; x_wconf 44' lang='lat'>0,¹</span> 
     </span>
     <span class='ocr_line' id='line_1_10' title="bbox 1471 647 2477 694; baseline 0.006 -10"><span class='ocrx_word' id='word_1_74' title='bbox 1471 653 1555 694; x_wconf 89' lang='lat' dir='ltr'>quod</span> <span class='ocrx_word' id='word_1_75' title='bbox 1580 652 1748 694; x_wconf 79' lang='lat' dir='ltr'>dupliciter</span> <span class='ocrx_word' id='word_1_76' title='bbox 1772 656 1872 694; x_wconf 89' lang='lat' dir='ltr'>potest</span> <span class='ocrx_word' id='word_1_77' title='bbox 1896 652 1967 694; x_wconf 91' lang='lat' dir='ltr'>quis</span> <span class='ocrx_word' id='word_1_78' title='bbox 1991 653 2145 685; x_wconf 88' lang='lat' dir='ltr'>sacerdoti</span> <span class='ocrx_word' id='word_1_79' title='bbox 2178 654 2338 686; x_wconf 80' lang='lat' dir='ltr'>confiteri:</span> <span class='ocrx_word' id='word_1_80' title='bbox 2364 660 2417 688; x_wconf 90' lang='lat' dir='ltr'>aut</span> <span class='ocrx_word' id='word_1_81' title='bbox 2429 647 2477 691; x_wconf 62' lang='grc' dir='ltr'>ἓιῖἓῖ,</span> 
     </span>
    </p>
   </div>
   <div class='ocr_carea' id='block_1_3' title="bbox 308 1405 440 1452">
    <p class='ocr_par' dir='ltr' id='par_1_3' title="bbox 308 1405 440 1452">
     <span class='ocr_line' id='line_1_11' title="bbox 308 1405 440 1431; baseline 0.008 -6"><span class='ocrx_word' id='word_1_82' title='bbox 308 1405 342 1425; x_wconf 79' lang='lat' dir='ltr'>Ad</span> <span class='ocrx_word' id='word_1_83' title='bbox 357 1406 440 1431; x_wconf 83' lang='lat' dir='ltr'>opposi-</span> 
     </span>
     <span class='ocr_line' id='line_1_12' title="bbox 350 1433 401 1452; baseline 0 0"><span class='ocrx_word' id='word_1_84' title='bbox 350 1433 401 1452; x_wconf 86' lang='lat' dir='ltr'>tum.</span> 
     </span>
    </p>
   </div>
   <div class='ocr_carea' id='block_1_4' title="bbox 452 705 1408 2014">
    <p class='ocr_par' dir='ltr' id='par_1_4' title="bbox 455 705 1407 801">
     <span class='ocr_line' id='line_1_13' title="bbox 455 705 1407 750; baseline -0.004 -9"><span class='ocrx_word' id='word_1_85' title='bbox 455 717 529 750; x_wconf 82' lang='lat' dir='ltr'>gere</span> <span class='ocrx_word' id='word_1_86' title='bbox 563 712 776 749; x_wconf 81' lang='lat' dir='ltr'>peccatorem,</span> <span class='ocrx_word' id='word_1_87' title='bbox 812 707 887 748; x_wconf 91' lang='lat' dir='ltr'>quin</span> <span class='ocrx_word' id='word_1_88' title='bbox 913 707 1005 739; x_wconf 85' lang='lat' dir='ltr'>faciat</span> <span class='ocrx_word' id='word_1_89' title='bbox 1035 710 1143 739; x_wconf 83' lang='lat' dir='ltr'>contra</span> <span class='ocrx_word' id='word_1_90' title='bbox 1166 705 1305 738; x_wconf 87' lang='lat' dir='ltr'>officium</span> <span class='ocrx_word' id='word_1_91' title='bbox 1340 706 1407 738; x_wconf 89' lang='lat' dir='ltr'>veri</span> 
     </span>
     <span class='ocr_line' id='line_1_14' title="bbox 455 759 1273 801; baseline -0.002 -8"><span class='ocrx_word' id='word_1_92' title='bbox 455 761 645 793; x_wconf 86' lang='lat' dir='ltr'>sacerdotis:</span> <span class='ocrx_word' id='word_1_93' title='bbox 671 769 746 801; x_wconf 87' lang='lat' dir='ltr'>ergo</span> <span class='ocrx_word' id='word_1_94' title='bbox 769 760 870 792; x_wconf 88' lang='lat' dir='ltr'>omnis</span> <span class='ocrx_word' id='word_1_95' title='bbox 895 760 965 792; x_wconf 84' lang='lat' dir='ltr'>talis</span> <span class='ocrx_word' id='word_1_96' title='bbox 989 764 1035 792; x_wconf 89' lang='lat' dir='ltr'>est</span> <span class='ocrx_word' id='word_1_97' title='bbox 1059 759 1273 801; x_wconf 87' lang='lat' dir='ltr'>deponendus.</span> 
     </span>
    </p>

    <p class='ocr_par' dir='ltr' id='par_1_5' title="bbox 454 812 1408 1004">
     <span class='ocr_line' id='line_1_15' title="bbox 543 812 1408 854; baseline -0.002 -9"><span class='ocrx_word' id='word_1_98' title='bbox 543 814 573 846; x_wconf 78' lang='grc'>[1.</span> <span class='ocrx_word' id='word_1_99' title='bbox 598 813 691 851; x_wconf 85' lang='lat' dir='ltr'>Item,</span> <span class='ocrx_word' id='word_1_100' title='bbox 709 816 852 854; x_wconf 88' lang='lat' dir='ltr'>peccator</span> <span class='ocrx_word' id='word_1_101' title='bbox 876 813 1042 845; x_wconf 85' lang='lat' dir='ltr'>confitetur</span> <span class='ocrx_word' id='word_1_102' title='bbox 1059 812 1231 851; x_wconf 84' lang='lat' dir='ltr'>sacerdoti,</span> <span class='ocrx_word' id='word_1_103' title='bbox 1255 815 1286 844; x_wconf 90' lang='lat' dir='ltr'>et</span> <span class='ocrx_word' id='word_1_104' title='bbox 1309 820 1408 844; x_wconf 86' lang='lat' dir='ltr'>sacer-</span> 
     </span>
     <span class='ocr_line' id='line_1_16' title="bbox 455 864 1407 907; baseline -0.001 -9"><span class='ocrx_word' id='word_1_105' title='bbox 455 866 512 898; x_wconf 90' lang='lat' dir='ltr'>dos</span> <span class='ocrx_word' id='word_1_106' title='bbox 536 866 647 907; x_wconf 86' lang='lat' dir='ltr'>accipit</span> <span class='ocrx_word' id='word_1_107' title='bbox 672 865 738 897; x_wconf 89' lang='lat' dir='ltr'>loco</span> <span class='ocrx_word' id='word_1_108' title='bbox 762 865 835 903; x_wconf 78' lang='lat' dir='ltr'>Dei3</span> <span class='ocrx_word' id='word_1_109' title='bbox 853 865 907 897; x_wconf 90' lang='lat' dir='ltr'>sed</span> <span class='ocrx_word' id='word_1_110' title='bbox 933 865 1016 897; x_wconf 85' lang='lat' dir='ltr'>Deus</span> <span class='ocrx_word' id='word_1_111' title='bbox 1033 869 1196 907; x_wconf 86' lang='lat' dir='ltr'>peccatum</span> <span class='ocrx_word' id='word_1_112' title='bbox 1222 864 1407 906; x_wconf 86' lang='lat' dir='ltr'>poenitentis</span> 
     </span>
     <span class='ocr_line' id='line_1_17' title="bbox 454 917 1408 959; baseline -0.002 -9"><span class='ocrx_word' id='word_1_113' title='bbox 454 918 590 951; x_wconf 83' lang='lat' dir='ltr'>occultat</span> <span class='ocrx_word' id='word_1_114' title='bbox 607 923 636 951; x_wconf 86' lang='lat' dir='ltr'>et</span> <span class='ocrx_word' id='word_1_115' title='bbox 652 927 713 950; x_wconf 88' lang='lat' dir='ltr'>non</span> <span class='ocrx_word' id='word_1_116' title='bbox 732 919 848 959; x_wconf 85' lang='lat' dir='ltr'>detegit</span> <span class='ocrx_word' id='word_1_117' title='bbox 862 918 889 949; x_wconf 87' lang='lat'>²:</span> <span class='ocrx_word' id='word_1_118' title='bbox 907 927 982 959; x_wconf 81' lang='lat' dir='ltr'>ergo</span> <span class='ocrx_word' id='word_1_119' title='bbox 999 922 1029 950; x_wconf 87' lang='lat' dir='ltr'>et</span> <span class='ocrx_word' id='word_1_120' title='bbox 1045 917 1192 950; x_wconf 75' lang='lat' dir='ltr'>sacerdos</span> <span class='ocrx_word' id='word_1_121' title='bbox 1218 921 1340 949; x_wconf 88' lang='lat' dir='ltr'>tenetur</span> <span class='ocrx_word' id='word_1_122' title='bbox 1361 926 1408 949; x_wconf 87' lang='lat' dir='ltr'>oc-</span> 
     </span>
     <span class='ocr_line' id='line_1_18' title="bbox 454 972 584 1004; baseline -0.008 0"><span class='ocrx_word' id='word_1_123' title='bbox 454 972 584 1004; x_wconf 89' lang='lat' dir='ltr'>cultare.</span> 
     </span>
    </p>

    <p class='ocr_par' dir='ltr' id='par_1_6' title="bbox 453 1022 1407 1320">
     <span class='ocr_line' id='line_1_19' title="bbox 545 1022 1406 1065; baseline -0.002 -9"><span class='ocrx_word' id='word_1_124' title='bbox 545 1026 572 1056; x_wconf 78' lang='grc'>5.</span> <span class='ocrx_word' id='word_1_125' title='bbox 598 1024 688 1063; x_wconf 84' lang='lat' dir='ltr'>Item,</span> <span class='ocrx_word' id='word_1_126' title='bbox 705 1023 866 1062; x_wconf 80' lang='lat' dir='ltr'>sacerdos,</span> <span class='ocrx_word' id='word_1_127' title='bbox 883 1023 936 1065; x_wconf 90' lang='lat' dir='ltr'>qui</span> <span class='ocrx_word' id='word_1_128' title='bbox 961 1023 1050 1055; x_wconf 88' lang='lat' dir='ltr'>audit</span> <span class='ocrx_word' id='word_1_129' title='bbox 1066 1026 1276 1064; x_wconf 80' lang='lat' dir='ltr'>peccatorem,</span> <span class='ocrx_word' id='word_1_130' title='bbox 1294 1022 1406 1060; x_wconf 83' lang='lat' dir='ltr'>nescit,</span> 
     </span>
     <span class='ocr_line' id='line_1_20' title="bbox 453 1075 1407 1117; baseline -0.003 -8"><span class='ocrx_word' id='word_1_131' title='bbox 453 1080 563 1109; x_wconf 86' lang='lat' dir='ltr'>utrum</span> <span class='ocrx_word' id='word_1_132' title='bbox 588 1077 671 1109; x_wconf 89' lang='lat' dir='ltr'>dicat</span> <span class='ocrx_word' id='word_1_133' title='bbox 694 1077 751 1109; x_wconf 86' lang='lat' dir='ltr'>sibi</span> <span class='ocrx_word' id='word_1_134' title='bbox 778 1085 903 1109; x_wconf 88' lang='lat' dir='ltr'>verum:</span> <span class='ocrx_word' id='word_1_135' title='bbox 930 1085 1005 1117; x_wconf 86' lang='lat' dir='ltr'>ergo</span> <span class='ocrx_word' id='word_1_136' title='bbox 1029 1076 1141 1114; x_wconf 87' lang='lat' dir='ltr'>nescit,</span> <span class='ocrx_word' id='word_1_137' title='bbox 1165 1079 1273 1107; x_wconf 86' lang='lat' dir='ltr'>utrum</span> <span class='ocrx_word' id='word_1_138' title='bbox 1299 1075 1350 1107; x_wconf 86' lang='lat' dir='ltr'>ille</span> <span class='ocrx_word' id='word_1_139' title='bbox 1368 1075 1407 1107; x_wconf 89' lang='lat' dir='ltr'>sit</span> 
     </span>
     <span class='ocr_line' id='line_1_21' title="bbox 454 1128 1407 1171; baseline -0.003 -9"><span class='ocrx_word' id='word_1_140' title='bbox 454 1129 635 1171; x_wconf 84' lang='lat' dir='ltr'>culpabilis:</span> <span class='ocrx_word' id='word_1_141' title='bbox 661 1138 735 1171; x_wconf 84' lang='lat' dir='ltr'>ergo</span> <span class='ocrx_word' id='word_1_142' title='bbox 760 1129 785 1161; x_wconf 92' lang='lat' dir='ltr'>si</span> <span class='ocrx_word' id='word_1_143' title='bbox 811 1129 928 1161; x_wconf 90' lang='lat' dir='ltr'>nullius</span> <span class='ocrx_word' id='word_1_144' title='bbox 953 1132 1116 1169; x_wconf 87' lang='lat' dir='ltr'>peccatum</span> <span class='ocrx_word' id='word_1_145' title='bbox 1142 1128 1295 1160; x_wconf 87' lang='lat' dir='ltr'>debemus</span> <span class='ocrx_word' id='word_1_146' title='bbox 1319 1136 1407 1159; x_wconf 87' lang='lat' dir='ltr'>accu-</span> 
     </span>
     <span class='ocr_line' id='line_1_22' title="bbox 453 1181 1407 1223; baseline -0.002 -9"><span class='ocrx_word' id='word_1_147' title='bbox 453 1191 524 1214; x_wconf 85' lang='lat' dir='ltr'>sare</span> <span class='ocrx_word' id='word_1_148' title='bbox 547 1182 605 1214; x_wconf 90' lang='lat' dir='ltr'>nisi</span> <span class='ocrx_word' id='word_1_149' title='bbox 638 1182 720 1221; x_wconf 84' lang='lat' dir='ltr'>eius,</span> <span class='ocrx_word' id='word_1_150' title='bbox 754 1182 792 1214; x_wconf 92' lang='lat' dir='ltr'>de</span> <span class='ocrx_word' id='word_1_151' title='bbox 820 1191 882 1223; x_wconf 91' lang='lat' dir='ltr'>quo</span> <span class='ocrx_word' id='word_1_152' title='bbox 913 1181 1002 1212; x_wconf 88' lang='lat' dir='ltr'>nobis</span> <span class='ocrx_word' id='word_1_153' title='bbox 1026 1183 1162 1213; x_wconf 84' lang='lat' dir='ltr'>constat:</span> <span class='ocrx_word' id='word_1_154' title='bbox 1195 1189 1270 1221; x_wconf 87' lang='lat' dir='ltr'>ergo</span> <span class='ocrx_word' id='word_1_155' title='bbox 1302 1189 1407 1222; x_wconf 82' lang='lat' dir='ltr'>pecca-</span> 
     </span>
     <span class='ocr_line' id='line_1_23' title="bbox 454 1233 1407 1277; baseline -0.003 -10"><span class='ocrx_word' id='word_1_156' title='bbox 454 1239 519 1267; x_wconf 89' lang='lat' dir='ltr'>tum</span> <span class='ocrx_word' id='word_1_157' title='bbox 545 1244 602 1277; x_wconf 89' lang='lat' dir='ltr'>per</span> <span class='ocrx_word' id='word_1_158' title='bbox 627 1234 849 1267; x_wconf 82' lang='lat' dir='ltr'>confessionem</span> <span class='ocrx_word' id='word_1_159' title='bbox 875 1233 1032 1275; x_wconf 87' lang='lat' dir='ltr'>cognitum</span> <span class='ocrx_word' id='word_1_160' title='bbox 1059 1233 1240 1265; x_wconf 82' lang='lat' dir='ltr'>nullatenus</span> <span class='ocrx_word' id='word_1_161' title='bbox 1268 1236 1315 1265; x_wconf 86' lang='lat' dir='ltr'>est</span> <span class='ocrx_word' id='word_1_162' title='bbox 1338 1242 1407 1274; x_wconf 88' lang='lat' dir='ltr'>pro-</span> 
     </span>
     <span class='ocr_line' id='line_1_24' title="bbox 454 1287 603 1320; baseline -0.013 0"><span class='ocrx_word' id='word_1_163' title='bbox 454 1287 603 1320; x_wconf 76' lang='lat' dir='ltr'>(lendum.</span> 
     </span>
    </p>

    <p class='ocr_par' dir='ltr' id='par_1_7' title="bbox 452 1338 1406 1593">
     <span class='ocr_line' id='line_1_25' title="bbox 543 1338 1405 1381; baseline -0.001 -10"><span class='ocrx_word' id='word_1_164' title='bbox 543 1340 686 1372; x_wconf 73' lang='lat' dir='ltr'>CONTRA:</span> <span class='ocrx_word' id='word_1_165' title='bbox 715 1341 742 1371; x_wconf 87' lang='grc'>1.</span> <span class='ocrx_word' id='word_1_166' title='bbox 767 1340 917 1378; x_wconf 78' lang='lat' dir='ltr'>Ponatur,</span> <span class='ocrx_word' id='word_1_167' title='bbox 942 1339 1026 1381; x_wconf 84' lang='lat' dir='ltr'>quod</span> <span class='ocrx_word' id='word_1_168' title='bbox 1051 1338 1165 1380; x_wconf 88' lang='lat' dir='ltr'>aliquis</span> <span class='ocrx_word' id='word_1_169' title='bbox 1189 1339 1272 1371; x_wconf 87' lang='lat' dir='ltr'>iuret</span> <span class='ocrx_word' id='word_1_170' title='bbox 1301 1338 1405 1371; x_wconf 83' lang='lat' dir='ltr'>dicere</span> 
     </span>
     <span class='ocr_line' id='line_1_26' title="bbox 454 1391 1406 1434; baseline -0.002 -9"><span class='ocrx_word' id='word_1_171' title='bbox 454 1402 566 1425; x_wconf 90' lang='lat' dir='ltr'>verum</span> <span class='ocrx_word' id='word_1_172' title='bbox 591 1401 686 1434; x_wconf 89' lang='lat' dir='ltr'>super</span> <span class='ocrx_word' id='word_1_173' title='bbox 710 1392 815 1434; x_wconf 89' lang='lat' dir='ltr'>aliquo</span> <span class='ocrx_word' id='word_1_174' title='bbox 843 1392 941 1430; x_wconf 69' lang='lat' dir='ltr'>facto,</span> <span class='ocrx_word' id='word_1_175' title='bbox 966 1391 1074 1423; x_wconf 89' lang='lat' dir='ltr'>nullus</span> <span class='ocrx_word' id='word_1_176' title='bbox 1108 1395 1208 1433; x_wconf 84' lang='lat' dir='ltr'>potest</span> <span class='ocrx_word' id='word_1_177' title='bbox 1232 1400 1288 1423; x_wconf 91' lang='lat' dir='ltr'>nec</span> <span class='ocrx_word' id='word_1_178' title='bbox 1313 1391 1406 1423; x_wconf 87' lang='lat' dir='ltr'>debet</span> 
     </span>
     <span class='ocr_line' id='line_1_27' title="bbox 456 1444 1406 1486; baseline -0.001 -9"><span class='ocrx_word' id='word_1_179' title='bbox 456 1445 581 1478; x_wconf 87' lang='lat' dir='ltr'>mentiri</span> <span class='ocrx_word' id='word_1_180' title='bbox 618 1454 674 1477; x_wconf 89' lang='lat' dir='ltr'>nec</span> <span class='ocrx_word' id='word_1_181' title='bbox 707 1445 821 1477; x_wconf 83' lang='lat' dir='ltr'>salsum</span> <span class='ocrx_word' id='word_1_182' title='bbox 855 1445 961 1477; x_wconf 89' lang='lat' dir='ltr'>iurare</span> <span class='ocrx_word' id='word_1_183' title='bbox 992 1453 1049 1477; x_wconf 91' lang='lat' dir='ltr'>nec</span> <span class='ocrx_word' id='word_1_184' title='bbox 1081 1444 1223 1486; x_wconf 84' lang='lat' dir='ltr'>peierare</span> <span class='ocrx_word' id='word_1_185' title='bbox 1255 1444 1321 1476; x_wconf 90' lang='lat' dir='ltr'>sive</span> <span class='ocrx_word' id='word_1_186' title='bbox 1356 1444 1406 1476; x_wconf 89' lang='lat' dir='ltr'>de-</span> 
     </span>
     <span class='ocr_line' id='line_1_28' title="bbox 455 1496 1406 1540; baseline -0.002 -10"><span class='ocrx_word' id='word_1_187' title='bbox 455 1499 556 1531; x_wconf 84' lang='lat' dir='ltr'>ierare</span> <span class='ocrx_word' id='word_1_188' title='bbox 580 1502 709 1540; x_wconf 87' lang='lat' dir='ltr'>propter</span> <span class='ocrx_word' id='word_1_189' title='bbox 733 1498 860 1540; x_wconf 84' lang='lat' dir='ltr'>aliquod</span> <span class='ocrx_word' id='word_1_190' title='bbox 878 1498 1062 1530; x_wconf 91' lang='lat' dir='ltr'>scandalum</span> <span class='ocrx_word' id='word_1_191' title='bbox 1080 1497 1262 1529; x_wconf 84' lang='lat' dir='ltr'>evitandum</span> <span class='ocrx_word' id='word_1_192' title='bbox 1278 1496 1305 1528; x_wconf 78' lang='lat'>³:</span> <span class='ocrx_word' id='word_1_193' title='bbox 1331 1505 1406 1538; x_wconf 82' lang='lat' dir='ltr'>ergo</span> 
     </span>
     <span class='ocr_line' id='line_1_29' title="bbox 452 1550 1378 1593; baseline -0.001 -10"><span class='ocrx_word' id='word_1_194' title='bbox 452 1552 552 1593; x_wconf 79' lang='lat' dir='ltr'>inagis</span> <span class='ocrx_word' id='word_1_195' title='bbox 577 1551 669 1584; x_wconf 87' lang='lat' dir='ltr'>debet</span> <span class='ocrx_word' id='word_1_196' title='bbox 694 1552 893 1584; x_wconf 83' lang='lat' dir='ltr'>manifestare</span> <span class='ocrx_word' id='word_1_197' title='bbox 918 1560 1012 1593; x_wconf 84' lang='lat' dir='ltr'>quam</span> <span class='ocrx_word' id='word_1_198' title='bbox 1037 1550 1151 1583; x_wconf 84' lang='lat' dir='ltr'>falsum</span> <span class='ocrx_word' id='word_1_199' title='bbox 1178 1550 1378 1591; x_wconf 84' lang='lat' dir='ltr'>respondere.</span> 
     </span>
    </p>

    <p class='ocr_par' dir='ltr' id='par_1_8' title="bbox 452 1603 1407 1908">
     <span class='ocr_line' id='line_1_30' title="bbox 541 1603 1406 1646; baseline -0.002 -10"><span class='ocrx_word' id='word_1_200' title='bbox 541 1606 569 1636; x_wconf 67' lang='lat'>2.</span> <span class='ocrx_word' id='word_1_201' title='bbox 595 1604 688 1643; x_wconf 84' lang='lat' dir='ltr'>Item,</span> <span class='ocrx_word' id='word_1_202' title='bbox 712 1608 862 1646; x_wconf 79' lang='lat' dir='ltr'>ponatur,</span> <span class='ocrx_word' id='word_1_203' title='bbox 895 1604 979 1646; x_wconf 86' lang='lat' dir='ltr'>quod</span> <span class='ocrx_word' id='word_1_204' title='bbox 1011 1604 1120 1635; x_wconf 86' lang='lat' dir='ltr'>audiat</span> <span class='ocrx_word' id='word_1_205' title='bbox 1150 1603 1342 1635; x_wconf 84' lang='lat' dir='ltr'>haereticum</span> <span class='ocrx_word' id='word_1_206' title='bbox 1375 1603 1406 1635; x_wconf 91' lang='lat' dir='ltr'>in</span> 
     </span>
     <span class='ocr_line' id='line_1_31' title="bbox 453 1655 1406 1698; baseline -0.002 -9"><span class='ocrx_word' id='word_1_207' title='bbox 453 1657 661 1696; x_wconf 83' lang='lat' dir='ltr'>confessione,</span> <span class='ocrx_word' id='word_1_208' title='bbox 686 1656 738 1698; x_wconf 88' lang='lat' dir='ltr'>qui</span> <span class='ocrx_word' id='word_1_209' title='bbox 764 1657 840 1688; x_wconf 87' lang='lat' dir='ltr'>nolit</span> <span class='ocrx_word' id='word_1_210' title='bbox 864 1656 1042 1698; x_wconf 86' lang='lat' dir='ltr'>poenitere,</span> <span class='ocrx_word' id='word_1_211' title='bbox 1067 1656 1122 1688; x_wconf 87' lang='lat' dir='ltr'>sed</span> <span class='ocrx_word' id='word_1_212' title='bbox 1154 1655 1231 1688; x_wconf 84' lang='lat' dir='ltr'>alios</span> <span class='ocrx_word' id='word_1_213' title='bbox 1267 1665 1406 1687; x_wconf 88' lang='lat' dir='ltr'>corrum-</span> 
     </span>
     <span class='ocr_line' id='line_1_32' title="bbox 453 1709 1406 1751; baseline -0.001 -10"><span class='ocrx_word' id='word_1_214' title='bbox 453 1718 542 1751; x_wconf 77' lang='lat' dir='ltr'>pere3</span> <span class='ocrx_word' id='word_1_215' title='bbox 574 1709 672 1750; x_wconf 82' lang='lat' dir='ltr'>magis</span> <span class='ocrx_word' id='word_1_216' title='bbox 697 1709 790 1741; x_wconf 87' lang='lat' dir='ltr'>debet</span> <span class='ocrx_word' id='word_1_217' title='bbox 820 1709 915 1741; x_wconf 83' lang='lat' dir='ltr'>fidem</span> <span class='ocrx_word' id='word_1_218' title='bbox 948 1709 1071 1741; x_wconf 87' lang='lat' dir='ltr'>Christo</span> <span class='ocrx_word' id='word_1_219' title='bbox 1099 1717 1227 1741; x_wconf 87' lang='lat' dir='ltr'>servare</span> <span class='ocrx_word' id='word_1_220' title='bbox 1259 1709 1406 1741; x_wconf 78' lang='lat' dir='ltr'>sacerdos</span> 
     </span>
     <span class='ocr_line' id='line_1_33' title="bbox 452 1760 1404 1803; baseline -0.001 -10"><span class='ocrx_word' id='word_1_221' title='bbox 452 1770 547 1803; x_wconf 86' lang='lat' dir='ltr'>quam</span> <span class='ocrx_word' id='word_1_222' title='bbox 573 1761 629 1803; x_wconf 91' lang='lat' dir='ltr'>ipsi</span> <span class='ocrx_word' id='word_1_223' title='bbox 656 1761 828 1793; x_wconf 86' lang='lat' dir='ltr'>haeretico:</span> <span class='ocrx_word' id='word_1_224' title='bbox 854 1770 929 1803; x_wconf 85' lang='lat' dir='ltr'>ergo</span> <span class='ocrx_word' id='word_1_225' title='bbox 946 1761 1045 1802; x_wconf 82' lang='lat' dir='ltr'>magis</span> <span class='ocrx_word' id='word_1_226' title='bbox 1067 1761 1159 1793; x_wconf 87' lang='lat' dir='ltr'>debet</span> <span class='ocrx_word' id='word_1_227' title='bbox 1180 1760 1404 1793; x_wconf 80' lang='lat' dir='ltr'>confessionem</span> 
     </span>
     <span class='ocr_line' id='line_1_34' title="bbox 452 1813 1407 1856; baseline -0.001 -10"><span class='ocrx_word' id='word_1_228' title='bbox 452 1814 539 1846; x_wconf 89' lang='lat' dir='ltr'>illius</span> <span class='ocrx_word' id='word_1_229' title='bbox 575 1814 740 1855; x_wconf 83' lang='lat' dir='ltr'>detegere,</span> <span class='ocrx_word' id='word_1_230' title='bbox 764 1823 859 1856; x_wconf 87' lang='lat' dir='ltr'>quam</span> <span class='ocrx_word' id='word_1_231' title='bbox 895 1814 1077 1856; x_wconf 86' lang='lat' dir='ltr'>permittat,</span> <span class='ocrx_word' id='word_1_232' title='bbox 1101 1822 1174 1846; x_wconf 91' lang='lat' dir='ltr'>eum</span> <span class='ocrx_word' id='word_1_233' title='bbox 1200 1822 1326 1855; x_wconf 82' lang='lat' dir='ltr'>gregem</span> <span class='ocrx_word' id='word_1_234' title='bbox 1351 1813 1407 1845; x_wconf 93' lang='lat' dir='ltr'>Do-</span> 
     </span>
     <span class='ocr_line' id='line_1_35' title="bbox 454 1867 770 1908; baseline 0.003 -10"><span class='ocrx_word' id='word_1_235' title='bbox 454 1867 530 1899; x_wconf 86' lang='lat' dir='ltr'>mini</span> <span class='ocrx_word' id='word_1_236' title='bbox 555 1876 770 1908; x_wconf 86' lang='lat' dir='ltr'>corrumpere.</span> 
     </span>
    </p>

    <p class='ocr_par' dir='ltr' id='par_1_9' title="bbox 453 1919 1405 2014">
     <span class='ocr_line' id='line_1_36' title="bbox 542 1919 1404 1961; baseline 0 -10"><span class='ocrx_word' id='word_1_237' title='bbox 542 1920 570 1952; x_wconf 82' lang='lat'>3.</span> <span class='ocrx_word' id='word_1_238' title='bbox 595 1920 685 1959; x_wconf 84' lang='lat' dir='ltr'>item,</span> <span class='ocrx_word' id='word_1_239' title='bbox 713 1924 862 1961; x_wconf 88' lang='lat' dir='ltr'>ponatur,</span> <span class='ocrx_word' id='word_1_240' title='bbox 891 1920 975 1961; x_wconf 89' lang='lat' dir='ltr'>quod</span> <span class='ocrx_word' id='word_1_241' title='bbox 998 1919 1145 1952; x_wconf 76' lang='lat' dir='ltr'>sacerdos</span> <span class='ocrx_word' id='word_1_242' title='bbox 1162 1919 1239 1951; x_wconf 90' lang='lat' dir='ltr'>sciat</span> <span class='ocrx_word' id='word_1_243' title='bbox 1263 1928 1319 1960; x_wconf 86' lang='lat' dir='ltr'>per</span> <span class='ocrx_word' id='word_1_244' title='bbox 1336 1928 1404 1952; x_wconf 90' lang='lat' dir='ltr'>con-</span> 
     </span>
     <span class='ocr_line' id='line_1_37' title="bbox 453 1972 1405 2014; baseline -0.001 -9"><span class='ocrx_word' id='word_1_245' title='bbox 453 1973 636 2011; x_wconf 86' lang='lat' dir='ltr'>fessionem,</span> <span class='ocrx_word' id='word_1_246' title='bbox 654 1973 734 2005; x_wconf 89' lang='lat' dir='ltr'>inter</span> <span class='ocrx_word' id='word_1_247' title='bbox 751 1973 830 2005; x_wconf 88' lang='lat' dir='ltr'>duos</span> <span class='ocrx_word' id='word_1_248' title='bbox 855 1981 923 2005; x_wconf 88' lang='lat' dir='ltr'>esse</span> <span class='ocrx_word' id='word_1_249' title='bbox 940 1976 1130 2005; x_wconf 84' lang='lat' dir='ltr'>contractam</span> <span class='ocrx_word' id='word_1_250' title='bbox 1149 1972 1330 2005; x_wconf 81' lang='lat' dir='ltr'>affinitatem</span> <span class='ocrx_word' id='word_1_251' title='bbox 1349 1982 1405 2014; x_wconf 91' lang='lat' dir='ltr'>per</span> 
     </span>
    </p>
   </div>
   <div class='ocr_carea' id='block_1_5' title="bbox 1469 705 2479 2003">
    <p class='ocr_par' dir='ltr' id='par_1_10' title="bbox 1471 705 2420 1062">
     <span class='ocr_line' id='line_1_38' title="bbox 1472 705 2419 747; baseline 0.003 -10"><span class='ocrx_word' id='word_1_252' title='bbox 1472 709 1620 747; x_wconf 79' lang='lat' dir='ltr'>tanquam</span> <span class='ocrx_word' id='word_1_253' title='bbox 1654 705 1816 746; x_wconf 90' lang='lat' dir='ltr'>poenitens</span> <span class='ocrx_word' id='word_1_254' title='bbox 1847 708 1877 737; x_wconf 89' lang='lat' dir='ltr'>et</span> <span class='ocrx_word' id='word_1_255' title='bbox 1900 705 2007 737; x_wconf 90' lang='lat' dir='ltr'>volens</span> <span class='ocrx_word' id='word_1_256' title='bbox 2030 715 2049 737; x_wconf 90' lang='lat' dir='ltr'>a</span> <span class='ocrx_word' id='word_1_257' title='bbox 2080 710 2207 747; x_wconf 83' lang='lat' dir='ltr'>peccato</span> <span class='ocrx_word' id='word_1_258' title='bbox 2230 706 2367 746; x_wconf 82' lang='lat' dir='ltr'>absolvi,</span> <span class='ocrx_word' id='word_1_259' title='bbox 2390 712 2419 741; x_wconf 90' lang='lat' dir='ltr'>et</span> 
     </span>
     <span class='ocr_line' id='line_1_39' title="bbox 1472 757 2416 800; baseline 0.002 -10"><span class='ocrx_word' id='word_1_260' title='bbox 1472 763 1546 790; x_wconf 87' lang='lat' dir='ltr'>tunc</span> <span class='ocrx_word' id='word_1_261' title='bbox 1570 758 1708 798; x_wconf 82' lang='lat' dir='ltr'>sigillum</span> <span class='ocrx_word' id='word_1_262' title='bbox 1733 757 1934 790; x_wconf 81' lang='lat' dir='ltr'>confessionis</span> <span class='ocrx_word' id='word_1_263' title='bbox 1958 757 2076 790; x_wconf 84' lang='lat' dir='ltr'>claudit</span> <span class='ocrx_word' id='word_1_264' title='bbox 2103 767 2195 791; x_wconf 91' lang='lat' dir='ltr'>omne</span> <span class='ocrx_word' id='word_1_265' title='bbox 2219 759 2303 800; x_wconf 91' lang='lat' dir='ltr'>quod</span> <span class='ocrx_word' id='word_1_266' title='bbox 2327 759 2416 800; x_wconf 84' lang='lat' dir='ltr'>dicit,</span> 
     </span>
     <span class='ocr_line' id='line_1_40' title="bbox 1472 810 2418 853; baseline 0.003 -11"><span class='ocrx_word' id='word_1_267' title='bbox 1472 811 1538 843; x_wconf 87' lang='lat' dir='ltr'>sine</span> <span class='ocrx_word' id='word_1_268' title='bbox 1572 810 1749 852; x_wconf 81' lang='lat' dir='ltr'>apertione3</span> <span class='ocrx_word' id='word_1_269' title='bbox 1785 815 1840 842; x_wconf 88' lang='lat' dir='ltr'>aut</span> <span class='ocrx_word' id='word_1_270' title='bbox 1864 811 1920 848; x_wconf 88' lang='lat' dir='ltr'>ita,</span> <span class='ocrx_word' id='word_1_271' title='bbox 1945 811 2029 852; x_wconf 89' lang='lat' dir='ltr'>quod</span> <span class='ocrx_word' id='word_1_272' title='bbox 2066 820 2126 843; x_wconf 86' lang='lat' dir='ltr'>non</span> <span class='ocrx_word' id='word_1_273' title='bbox 2154 811 2220 843; x_wconf 90' lang='lat' dir='ltr'>vult</span> <span class='ocrx_word' id='word_1_274' title='bbox 2254 821 2272 843; x_wconf 84' lang='lat' dir='ltr'>a</span> <span class='ocrx_word' id='word_1_275' title='bbox 2297 816 2418 853; x_wconf 86' lang='lat' dir='ltr'>peccato</span> 
     </span>
     <span class='ocr_line' id='line_1_41' title="bbox 1472 863 2419 905; baseline 0.002 -9"><span class='ocrx_word' id='word_1_276' title='bbox 1472 864 1639 902; x_wconf 78' lang='lat' dir='ltr'>desistere,</span> <span class='ocrx_word' id='word_1_277' title='bbox 1664 867 1700 895; x_wconf 89' lang='lat' dir='ltr'>ut</span> <span class='ocrx_word' id='word_1_278' title='bbox 1723 863 1746 895; x_wconf 91' lang='lat' dir='ltr'>si</span> <span class='ocrx_word' id='word_1_279' title='bbox 1773 863 1892 895; x_wconf 85' lang='lat' dir='ltr'>revelat</span> <span class='ocrx_word' id='word_1_280' title='bbox 1923 864 2119 905; x_wconf 89' lang='lat' dir='ltr'>propositum</span> <span class='ocrx_word' id='word_1_281' title='bbox 2148 865 2348 905; x_wconf 88' lang='lat' dir='ltr'>periurandi,</span> <span class='ocrx_word' id='word_1_282' title='bbox 2373 866 2419 899; x_wconf 89' lang='lat' dir='ltr'>vel</span> 
     </span>
     <span class='ocr_line' id='line_1_42' title="bbox 1471 916 2417 958; baseline 0.003 -10"><span class='ocrx_word' id='word_1_283' title='bbox 1471 916 1631 949; x_wconf 87' lang='lat' dir='ltr'>occidendi</span> <span class='ocrx_word' id='word_1_284' title='bbox 1657 916 1834 955; x_wconf 89' lang='lat' dir='ltr'>hominem,</span> <span class='ocrx_word' id='word_1_285' title='bbox 1859 916 1907 948; x_wconf 90' lang='lat' dir='ltr'>vel</span> <span class='ocrx_word' id='word_1_286' title='bbox 1936 917 2064 958; x_wconf 80' lang='lat' dir='ltr'>aliquod</span> <span class='ocrx_word' id='word_1_287' title='bbox 2089 917 2167 956; x_wconf 86' lang='lat' dir='ltr'>tale,</span> <span class='ocrx_word' id='word_1_288' title='bbox 2199 922 2229 950; x_wconf 87' lang='lat' dir='ltr'>et</span> <span class='ocrx_word' id='word_1_289' title='bbox 2253 921 2327 950; x_wconf 87' lang='lat' dir='ltr'>tunc</span> <span class='ocrx_word' id='word_1_290' title='bbox 2359 928 2417 952; x_wconf 90' lang='grc'>11011</span> 
     </span>
     <span class='ocr_line' id='line_1_43' title="bbox 1471 968 2420 1012; baseline 0.003 -11"><span class='ocrx_word' id='word_1_291' title='bbox 1471 972 1595 1001; x_wconf 85' lang='lat' dir='ltr'>tenetur</span> <span class='ocrx_word' id='word_1_292' title='bbox 1620 968 1680 1001; x_wconf 88' lang='lat' dir='ltr'>sub</span> <span class='ocrx_word' id='word_1_293' title='bbox 1704 968 1805 1010; x_wconf 84' lang='lat' dir='ltr'>sigillo</span> <span class='ocrx_word' id='word_1_294' title='bbox 1829 968 2031 1001; x_wconf 85' lang='lat' dir='ltr'>confessionis</span> <span class='ocrx_word' id='word_1_295' title='bbox 2055 969 2217 1009; x_wconf 82' lang='lat' dir='ltr'>claudere,</span> <span class='ocrx_word' id='word_1_296' title='bbox 2242 970 2297 1002; x_wconf 89' lang='lat' dir='ltr'>sed</span> <span class='ocrx_word' id='word_1_297' title='bbox 2321 974 2420 1012; x_wconf 88' lang='lat' dir='ltr'>potest</span> 
     </span>
     <span class='ocr_line' id='line_1_44' title="bbox 1471 1021 2312 1062; baseline 0.002 -10"><span class='ocrx_word' id='word_1_298' title='bbox 1471 1021 1575 1053; x_wconf 87' lang='lat' dir='ltr'>dicere</span> <span class='ocrx_word' id='word_1_299' title='bbox 1600 1021 1652 1052; x_wconf 69' lang='grc' dir='ltr'>01Β</span> <span class='ocrx_word' id='word_1_300' title='bbox 1677 1021 1731 1062; x_wconf 89' lang='lat' dir='ltr'>qui</span> <span class='ocrx_word' id='word_1_301' title='bbox 1755 1024 1857 1062; x_wconf 90' lang='lat' dir='ltr'>potest</span> <span class='ocrx_word' id='word_1_302' title='bbox 1880 1021 2029 1062; x_wconf 86' lang='lat' dir='ltr'>prodesse</span> <span class='ocrx_word' id='word_1_303' title='bbox 2053 1025 2083 1053; x_wconf 89' lang='lat' dir='ltr'>et</span> <span class='ocrx_word' id='word_1_304' title='bbox 2107 1030 2167 1053; x_wconf 90' lang='lat' dir='ltr'>non</span> <span class='ocrx_word' id='word_1_305' title='bbox 2192 1022 2312 1054; x_wconf 87' lang='lat' dir='ltr'>obesse.</span> 
     </span>
    </p>

    <p class='ocr_par' dir='ltr' id='par_1_11' title="bbox 1469 1073 2479 2003">
     <span class='ocr_line' id='line_1_45' title="bbox 1560 1073 2479 1116; baseline 0.003 -10"><span class='ocrx_word' id='word_1_306' title='bbox 1560 1073 1617 1106; x_wconf 87' lang='lat' dir='ltr'>Sed</span> <span class='ocrx_word' id='word_1_307' title='bbox 1643 1073 1787 1115; x_wconf 85' lang='lat' dir='ltr'>quamvis</span> <span class='ocrx_word' id='word_1_308' title='bbox 1819 1073 1898 1105; x_wconf 87' lang='lat' dir='ltr'>illud</span> <span class='ocrx_word' id='word_1_309' title='bbox 1930 1074 2075 1105; x_wconf 87' lang='lat' dir='ltr'>videatur</span> <span class='ocrx_word' id='word_1_310' title='bbox 2108 1074 2167 1106; x_wconf 88' lang='lat' dir='ltr'>dici</span> <span class='ocrx_word' id='word_1_311' title='bbox 2201 1075 2479 1116; x_wconf 74' lang='lat' dir='ltr'>probabiliter,impr‹</span> 
     </span>
     <span class='ocr_line' id='line_1_46' title="bbox 1471 1126 2420 1170; baseline 0.003 -12"><span class='ocrx_word' id='word_1_312' title='bbox 1471 1131 1592 1165; x_wconf 90' lang='lat' dir='ltr'>tamen,</span> <span class='ocrx_word' id='word_1_313' title='bbox 1617 1135 1689 1159; x_wconf 90' lang='lat' dir='ltr'>cum</span> <span class='ocrx_word' id='word_1_314' title='bbox 1714 1126 1898 1158; x_wconf 85' lang='lat' dir='ltr'>mandatum</span> <span class='ocrx_word' id='word_1_315' title='bbox 1923 1131 1954 1158; x_wconf 91' lang='lat' dir='ltr'>et</span> <span class='ocrx_word' id='word_1_316' title='bbox 1981 1127 2134 1159; x_wconf 86' lang='lat' dir='ltr'>institutio</span> <span class='ocrx_word' id='word_1_317' title='bbox 2159 1128 2197 1160; x_wconf 90' lang='lat' dir='ltr'>de</span> <span class='ocrx_word' id='word_1_318' title='bbox 2222 1128 2305 1159; x_wconf 91' lang='lat' dir='ltr'>omni</span> <span class='ocrx_word' id='word_1_319' title='bbox 2330 1128 2420 1170; x_wconf 88' lang='lat' dir='ltr'>culpa</span> 
     </span>
     <span class='ocr_line' id='line_1_47' title="bbox 1470 1170 2440 1221; baseline 0.002 -9"><span class='ocrx_word' id='word_1_320' title='bbox 1470 1180 1553 1212; x_wconf 86' lang='lat' dir='ltr'>dicat</span> <span class='ocrx_word' id='word_1_321' title='bbox 1574 1179 1772 1221; x_wconf 63' lang='lat' dir='ltr'>generaliter</span> <span class='ocrx_word' id='word_1_322' title='bbox 1784 1179 1805 1217; x_wconf 86' lang='lat'>⁷,</span> <span class='ocrx_word' id='word_1_323' title='bbox 1823 1183 1853 1211; x_wconf 91' lang='lat' dir='ltr'>et</span> <span class='ocrx_word' id='word_1_324' title='bbox 1869 1179 2030 1221; x_wconf 87' lang='lat' dir='ltr'>poenitens</span> <span class='ocrx_word' id='word_1_325' title='bbox 2055 1184 2216 1221; x_wconf 84' lang='lat' dir='ltr'>peccatum</span> <span class='ocrx_word' id='word_1_326' title='bbox 2242 1189 2335 1212; x_wconf 89' lang='lat' dir='ltr'>suum</span> <span class='ocrx_word' id='word_1_327' title='bbox 2360 1170 2440 1214; x_wconf 42' lang='lat' dir='ltr'>non*</span> 
     </span>
     <span class='ocr_line' id='line_1_48' title="bbox 1470 1232 2420 1274; baseline 0.003 -10"><span class='ocrx_word' id='word_1_328' title='bbox 1470 1237 1618 1274; x_wconf 82' lang='lat' dir='ltr'>tanquam</span> <span class='ocrx_word' id='word_1_329' title='bbox 1646 1232 1781 1270; x_wconf 78' lang='lat' dir='ltr'>homini,</span> <span class='ocrx_word' id='word_1_330' title='bbox 1806 1233 1860 1265; x_wconf 83' lang='lat' dir='ltr'>sed</span> <span class='ocrx_word' id='word_1_331' title='bbox 1897 1237 2044 1274; x_wconf 84' lang='lat' dir='ltr'>tanquam</span> <span class='ocrx_word' id='word_1_332' title='bbox 2072 1233 2133 1265; x_wconf 90' lang='lat' dir='ltr'>Deo</span> <span class='ocrx_word' id='word_1_333' title='bbox 2159 1233 2290 1272; x_wconf 86' lang='lat' dir='ltr'>revelet,</span> <span class='ocrx_word' id='word_1_334' title='bbox 2314 1238 2345 1266; x_wconf 88' lang='lat' dir='ltr'>et</span> <span class='ocrx_word' id='word_1_335' title='bbox 2373 1244 2420 1267; x_wconf 88' lang='lat' dir='ltr'>ne-</span> 
     </span>
     <span class='ocr_line' id='line_1_49' title="bbox 1470 1285 2419 1325; baseline 0.003 -9"><span class='ocrx_word' id='word_1_336' title='bbox 1470 1285 1547 1317; x_wconf 88' lang='lat' dir='ltr'>sciat</span> <span class='ocrx_word' id='word_1_337' title='bbox 1571 1285 1731 1323; x_wconf 86' lang='lat' dir='ltr'>sacerdos,</span> <span class='ocrx_word' id='word_1_338' title='bbox 1757 1288 1866 1316; x_wconf 89' lang='lat' dir='ltr'>utrum</span> <span class='ocrx_word' id='word_1_339' title='bbox 1891 1285 1942 1317; x_wconf 88' lang='lat' dir='ltr'>ille</span> <span class='ocrx_word' id='word_1_340' title='bbox 1967 1293 2077 1317; x_wconf 87' lang='lat' dir='ltr'>verum</span> <span class='ocrx_word' id='word_1_341' title='bbox 2103 1285 2200 1325; x_wconf 87' lang='lat' dir='ltr'>dicat,</span> <span class='ocrx_word' id='word_1_342' title='bbox 2224 1295 2263 1318; x_wconf 87' lang='lat' dir='ltr'>an</span> <span class='ocrx_word' id='word_1_343' title='bbox 2287 1295 2360 1318; x_wconf 89' lang='lat' dir='ltr'>eum</span> <span class='ocrx_word' id='word_1_344' title='bbox 2377 1296 2419 1319; x_wconf 86' lang='lat' dir='ltr'>se-</span> 
     </span>
     <span class='ocr_line' id='line_1_50' title="bbox 1470 1337 2420 1380; baseline 0.001 -10"><span class='ocrx_word' id='word_1_345' title='bbox 1470 1338 1579 1377; x_wconf 89' lang='lat' dir='ltr'>ducat,</span> <span class='ocrx_word' id='word_1_346' title='bbox 1604 1338 1662 1370; x_wconf 88' lang='lat' dir='ltr'>nisi</span> <span class='ocrx_word' id='word_1_347' title='bbox 1687 1338 1810 1370; x_wconf 87' lang='lat' dir='ltr'>noverit</span> <span class='ocrx_word' id='word_1_348' title='bbox 1832 1346 1888 1379; x_wconf 90' lang='lat' dir='ltr'>per</span> <span class='ocrx_word' id='word_1_349' title='bbox 1913 1337 2006 1369; x_wconf 89' lang='lat' dir='ltr'>aliam</span> <span class='ocrx_word' id='word_1_350' title='bbox 2031 1347 2216 1380; x_wconf 77' lang='lat' dir='ltr'>personam3</span> <span class='ocrx_word' id='word_1_351' title='bbox 2242 1338 2420 1372; x_wconf 87' lang='lat' dir='ltr'>nullatenus</span> 
     </span>
     <span class='ocr_line' id='line_1_51' title="bbox 1470 1390 2418 1433; baseline 0.002 -11"><span class='ocrx_word' id='word_1_352' title='bbox 1470 1390 1563 1423; x_wconf 89' lang='lat' dir='ltr'>debet</span> <span class='ocrx_word' id='word_1_353' title='bbox 1580 1391 1779 1423; x_wconf 84' lang='lat' dir='ltr'>manifestare</span> <span class='ocrx_word' id='word_1_354' title='bbox 1797 1399 1962 1432; x_wconf 81' lang='lat' dir='ltr'>personam</span> <span class='ocrx_word' id='word_1_355' title='bbox 1987 1390 2071 1422; x_wconf 87' lang='lat' dir='ltr'>illam</span> <span class='ocrx_word' id='word_1_356' title='bbox 2083 1416 2090 1429; x_wconf 93' lang='lat'>,</span> <span class='ocrx_word' id='word_1_357' title='bbox 2108 1394 2235 1432; x_wconf 86' lang='lat' dir='ltr'>propter</span> <span class='ocrx_word' id='word_1_358' title='bbox 2262 1391 2319 1424; x_wconf 87' lang='grc'>1100</span> <span class='ocrx_word' id='word_1_359' title='bbox 2336 1392 2418 1433; x_wconf 86' lang='lat' dir='ltr'>quod</span> 
     </span>
     <span class='ocr_line' id='line_1_52' title="bbox 1470 1443 2418 1484; baseline 0.002 -10"><span class='ocrx_word' id='word_1_360' title='bbox 1470 1443 1606 1484; x_wconf 85' lang='lat' dir='ltr'>sigillum</span> <span class='ocrx_word' id='word_1_361' title='bbox 1632 1443 1833 1475; x_wconf 85' lang='lat' dir='ltr'>confessionis</span> <span class='ocrx_word' id='word_1_362' title='bbox 1853 1443 2091 1484; x_wconf 83' lang='lat' dir='ltr'>diligentissime</span> <span class='ocrx_word' id='word_1_363' title='bbox 2108 1447 2155 1476; x_wconf 89' lang='lat' dir='ltr'>est</span> <span class='ocrx_word' id='word_1_364' title='bbox 2179 1443 2418 1476; x_wconf 85' lang='lat' dir='ltr'>custodiendum</span> 
     </span>
     <span class='ocr_line' id='line_1_53' title="bbox 1470 1496 2421 1538; baseline 0.002 -11"><span class='ocrx_word' id='word_1_365' title='bbox 1470 1500 1598 1537; x_wconf 84' lang='lat' dir='ltr'>propter</span> <span class='ocrx_word' id='word_1_366' title='bbox 1622 1496 1820 1534; x_wconf 85' lang='lat' dir='ltr'>scandalum,</span> <span class='ocrx_word' id='word_1_367' title='bbox 1845 1505 1884 1528; x_wconf 91' lang='lat' dir='ltr'>ne</span> <span class='ocrx_word' id='word_1_368' title='bbox 1913 1496 2074 1538; x_wconf 88' lang='lat' dir='ltr'>poenitens</span> <span class='ocrx_word' id='word_1_369' title='bbox 2108 1497 2289 1529; x_wconf 83' lang='lat' dir='ltr'>retrahatur</span> <span class='ocrx_word' id='word_1_370' title='bbox 2312 1506 2330 1528; x_wconf 91' lang='lat' dir='ltr'>a</span> <span class='ocrx_word' id='word_1_371' title='bbox 2354 1505 2421 1529; x_wconf 87' lang='lat' dir='ltr'>con-</span> 
     </span>
     <span class='ocr_line' id='line_1_54' title="bbox 1470 1549 2417 1591; baseline 0.001 -11"><span class='ocrx_word' id='word_1_372' title='bbox 1470 1549 1612 1581; x_wconf 85' lang='lat' dir='ltr'>fessione.</span> <span class='ocrx_word' id='word_1_373' title='bbox 1638 1549 1766 1590; x_wconf 85' lang='lat' dir='ltr'>Propter</span> <span class='ocrx_word' id='word_1_374' title='bbox 1784 1549 1867 1590; x_wconf 88' lang='lat' dir='ltr'>quod</span> <span class='ocrx_word' id='word_1_375' title='bbox 1893 1549 1985 1581; x_wconf 84' lang='lat' dir='ltr'>etiam</span> <span class='ocrx_word' id='word_1_376' title='bbox 2004 1549 2193 1581; x_wconf 77' lang='lat' dir='ltr'>miraculum</span> <span class='ocrx_word' id='word_1_377' title='bbox 2219 1559 2367 1591; x_wconf 83' lang='lat' dir='ltr'>magnum</span> <span class='ocrx_word' id='word_1_378' title='bbox 2388 1550 2417 1582; x_wconf 95' lang='lat' dir='ltr'>in</span> 
     </span>
     <span class='ocr_line' id='line_1_55' title="bbox 1470 1602 2416 1644; baseline 0.002 -11"><span class='ocrx_word' id='word_1_379' title='bbox 1470 1602 1606 1643; x_wconf 88' lang='lat' dir='ltr'>quadam</span> <span class='ocrx_word' id='word_1_380' title='bbox 1632 1602 1704 1633; x_wconf 84' lang='lat' dir='ltr'>navi</span> <span class='ocrx_word' id='word_1_381' title='bbox 1728 1602 1869 1643; x_wconf 85' lang='lat' dir='ltr'>contigit,</span> <span class='ocrx_word' id='word_1_382' title='bbox 1894 1605 1929 1633; x_wconf 92' lang='lat' dir='ltr'>ut</span> <span class='ocrx_word' id='word_1_383' title='bbox 1952 1606 2101 1634; x_wconf 81' lang='lat' dir='ltr'>narratur</span> <span class='ocrx_word' id='word_1_384' title='bbox 2126 1602 2165 1634; x_wconf 88' lang='lat' dir='ltr'>de</span> <span class='ocrx_word' id='word_1_385' title='bbox 2189 1603 2341 1644; x_wconf 84' lang='lat' dir='ltr'>quodam,</span> <span class='ocrx_word' id='word_1_386' title='bbox 2366 1603 2416 1644; x_wconf 90' lang='lat' dir='ltr'>qui</span> 
     </span>
     <span class='ocr_line' id='line_1_56' title="bbox 1470 1654 2419 1697; baseline 0 -10"><span class='ocrx_word' id='word_1_387' title='bbox 1470 1659 1596 1696; x_wconf 87' lang='lat' dir='ltr'>peccata</span> <span class='ocrx_word' id='word_1_388' title='bbox 1619 1663 1676 1686; x_wconf 84' lang='lat' dir='ltr'>sua</span> <span class='ocrx_word' id='word_1_389' title='bbox 1700 1654 1825 1696; x_wconf 83' lang='lat' dir='ltr'>publice</span> <span class='ocrx_word' id='word_1_390' title='bbox 1850 1654 2010 1686; x_wconf 83' lang='lat' dir='ltr'>confessus</span> <span class='ocrx_word' id='word_1_391' title='bbox 2035 1657 2082 1686; x_wconf 87' lang='lat' dir='ltr'>est</span> <span class='ocrx_word' id='word_1_392' title='bbox 2106 1654 2135 1686; x_wconf 91' lang='lat' dir='ltr'>in</span> <span class='ocrx_word' id='word_1_393' title='bbox 2169 1655 2263 1694; x_wconf 88' lang='lat' dir='ltr'>mari,</span> <span class='ocrx_word' id='word_1_394' title='bbox 2288 1658 2317 1687; x_wconf 90' lang='lat' dir='ltr'>et</span> <span class='ocrx_word' id='word_1_395' title='bbox 2342 1659 2419 1697; x_wconf 86' lang='lat' dir='ltr'>post-</span> 
     </span>
     <span class='ocr_line' id='line_1_57' title="bbox 1469 1707 2418 1749; baseline -0.001 -9"><span class='ocrx_word' id='word_1_396' title='bbox 1469 1716 1564 1749; x_wconf 87' lang='lat' dir='ltr'>quam</span> <span class='ocrx_word' id='word_1_397' title='bbox 1590 1710 1718 1739; x_wconf 90' lang='lat' dir='ltr'>ventum</span> <span class='ocrx_word' id='word_1_398' title='bbox 1743 1710 1790 1739; x_wconf 88' lang='lat' dir='ltr'>est</span> <span class='ocrx_word' id='word_1_399' title='bbox 1813 1707 1853 1739; x_wconf 88' lang='lat' dir='ltr'>ad</span> <span class='ocrx_word' id='word_1_400' title='bbox 1879 1710 2019 1748; x_wconf 83' lang='lat' dir='ltr'>portum,</span> <span class='ocrx_word' id='word_1_401' title='bbox 2045 1716 2136 1739; x_wconf 90' lang='lat' dir='ltr'>nemo</span> <span class='ocrx_word' id='word_1_402' title='bbox 2160 1707 2245 1739; x_wconf 85' lang='lat' dir='ltr'>novit</span> <span class='ocrx_word' id='word_1_403' title='bbox 2269 1708 2354 1749; x_wconf 88' lang='lat' dir='ltr'>quod</span> <span class='ocrx_word' id='word_1_404' title='bbox 2378 1707 2418 1740; x_wconf 89' lang='lat' dir='ltr'>di-</span> 
     </span>
     <span class='ocr_line' id='line_1_58' title="bbox 1470 1760 2417 1802; baseline 0.001 -10"><span class='ocrx_word' id='word_1_405' title='bbox 1470 1764 1570 1792; x_wconf 83' lang='lat' dir='ltr'>xerat.</span> <span class='ocrx_word' id='word_1_406' title='bbox 1603 1760 1689 1792; x_wconf 86' lang='lat' dir='ltr'>Unde</span> <span class='ocrx_word' id='word_1_407' title='bbox 1721 1760 1868 1792; x_wconf 84' lang='lat' dir='ltr'>sacerdos</span> <span class='ocrx_word' id='word_1_408' title='bbox 1900 1760 2002 1792; x_wconf 85' lang='lat' dir='ltr'>taliter</span> <span class='ocrx_word' id='word_1_409' title='bbox 2034 1760 2127 1792; x_wconf 88' lang='lat' dir='ltr'>debet</span> <span class='ocrx_word' id='word_1_410' title='bbox 2156 1769 2301 1799; x_wconf 84' lang='lat' dir='ltr'>noscere,</span> <span class='ocrx_word' id='word_1_411' title='bbox 2332 1760 2417 1802; x_wconf 91' lang='lat' dir='ltr'>quasi</span> 
     </span>
     <span class='ocr_line' id='line_1_59' title="bbox 1469 1813 2418 1855; baseline 0.001 -10"><span class='ocrx_word' id='word_1_412' title='bbox 1469 1822 1530 1845; x_wconf 93' lang='lat' dir='ltr'>non</span> <span class='ocrx_word' id='word_1_413' title='bbox 1554 1813 1691 1845; x_wconf 89' lang='lat' dir='ltr'>audierit</span> <span class='ocrx_word' id='word_1_414' title='bbox 1718 1816 1749 1845; x_wconf 92' lang='lat' dir='ltr'>et</span> <span class='ocrx_word' id='word_1_415' title='bbox 1776 1813 1865 1854; x_wconf 89' lang='lat' dir='ltr'>quasi</span> <span class='ocrx_word' id='word_1_416' title='bbox 1898 1822 1959 1845; x_wconf 91' lang='lat' dir='ltr'>non</span> <span class='ocrx_word' id='word_1_417' title='bbox 1989 1813 2119 1846; x_wconf 89' lang='lat' dir='ltr'>noverit.</span> <span class='ocrx_word' id='word_1_418' title='bbox 2147 1814 2180 1846; x_wconf 83' lang='lat' dir='ltr'>Et</span> <span class='ocrx_word' id='word_1_419' title='bbox 2204 1817 2333 1855; x_wconf 87' lang='lat' dir='ltr'>propter</span> <span class='ocrx_word' id='word_1_420' title='bbox 2362 1814 2418 1846; x_wconf 87' lang='lat' dir='ltr'>hoc</span> 
     </span>
     <span class='ocr_line' id='line_1_60' title="bbox 1470 1866 2478 1908; baseline 0.003 -10"><span class='ocrx_word' id='word_1_421' title='bbox 1470 1866 1653 1904; x_wconf 89' lang='lat' dir='ltr'>dicendum,</span> <span class='ocrx_word' id='word_1_422' title='bbox 1681 1866 1783 1907; x_wconf 86' lang='lat' dir='ltr'>quod,</span> <span class='ocrx_word' id='word_1_423' title='bbox 1812 1866 1892 1898; x_wconf 90' lang='lat' dir='ltr'>sicut</span> <span class='ocrx_word' id='word_1_424' title='bbox 1916 1866 1990 1899; x_wconf 87' lang='lat' dir='ltr'>dicit</span> <span class='ocrx_word' id='word_1_425' title='bbox 2014 1866 2199 1908; x_wconf 83' lang='lat' dir='ltr'>Gregorius,</span> <span class='ocrx_word' id='word_1_426' title='bbox 2224 1871 2255 1899; x_wconf 87' lang='lat' dir='ltr'>et</span> <span class='ocrx_word' id='word_1_427' title='bbox 2286 1867 2417 1899; x_wconf 78' lang='lat' dir='ltr'>habetur</span> <span class='ocrx_word' id='word_1_428' title='bbox 2431 1879 2478 1901; x_wconf 69' lang='lat' dir='ltr'>eone</span> 
     </span>
     <span class='ocr_line' id='line_1_61' title="bbox 1470 1918 2419 1960; baseline 0.002 -10"><span class='ocrx_word' id='word_1_429' title='bbox 1470 1919 1500 1950; x_wconf 95' lang='lat' dir='ltr'>in</span> <span class='ocrx_word' id='word_1_430' title='bbox 1525 1919 1628 1951; x_wconf 86' lang='lat' dir='ltr'>littera</span> <span class='ocrx_word' id='word_1_431' title='bbox 1646 1918 1667 1957; x_wconf 76' lang='lat'>⁸,</span> <span class='ocrx_word' id='word_1_432' title='bbox 1692 1928 1749 1960; x_wconf 89' lang='lat' dir='ltr'>pro</span> <span class='ocrx_word' id='word_1_433' title='bbox 1782 1918 1868 1950; x_wconf 90' lang='lat' dir='ltr'>nullo</span> <span class='ocrx_word' id='word_1_434' title='bbox 1900 1919 2047 1951; x_wconf 82' lang='lat' dir='ltr'>scandalo</span> <span class='ocrx_word' id='word_1_435' title='bbox 2080 1924 2127 1951; x_wconf 89' lang='lat' dir='ltr'>est</span> <span class='ocrx_word' id='word_1_436' title='bbox 2158 1919 2309 1952; x_wconf 87' lang='lat' dir='ltr'>confessio</span> <span class='ocrx_word' id='word_1_437' title='bbox 2338 1928 2419 1952; x_wconf 84' lang='lat' dir='ltr'>reve-</span> 
     </span>
     <span class='ocr_line' id='line_1_62' title="bbox 1470 1971 1572 2003; baseline 0 0"><span class='ocrx_word' id='word_1_438' title='bbox 1470 1971 1572 2003; x_wconf 83' lang='lat' dir='ltr'>landa.</span> 
     </span>
    </p>
   </div>
   <div class='ocr_carea' id='block_1_6' title="bbox 453 2025 1405 2173">
    <p class='ocr_par' dir='ltr' id='par_1_12' title="bbox 453 2025 1405 2173">
     <span class='ocr_line' id='line_1_63' title="bbox 453 2025 1405 2067; baseline -0.001 -9"><span class='ocrx_word' id='word_1_439' title='bbox 453 2026 568 2058; x_wconf 88' lang='lat' dir='ltr'>coitum</span> <span class='ocrx_word' id='word_1_440' title='bbox 594 2026 816 2064; x_wconf 83' lang='lat' dir='ltr'>fornicarium,</span> <span class='ocrx_word' id='word_1_441' title='bbox 841 2029 871 2057; x_wconf 87' lang='lat' dir='ltr'>et</span> <span class='ocrx_word' id='word_1_442' title='bbox 895 2030 964 2067; x_wconf 90' lang='lat' dir='ltr'>post</span> <span class='ocrx_word' id='word_1_443' title='bbox 987 2034 1040 2058; x_wconf 88' lang='lat' dir='ltr'>eos</span> <span class='ocrx_word' id='word_1_444' title='bbox 1062 2025 1142 2057; x_wconf 84' lang='lat' dir='ltr'>velle</span> <span class='ocrx_word' id='word_1_445' title='bbox 1166 2025 1352 2058; x_wconf 86' lang='lat' dir='ltr'>contrahere</span> <span class='ocrx_word' id='word_1_446' title='bbox 1374 2026 1405 2057; x_wconf 92' lang='lat' dir='ltr'>in</span> 
     </span>
     <span class='ocr_line' id='line_1_64' title="bbox 453 2078 1403 2120; baseline -0.002 -8"><span class='ocrx_word' id='word_1_447' title='bbox 453 2079 531 2112; x_wconf 79' lang='lat' dir='ltr'>facie</span> <span class='ocrx_word' id='word_1_448' title='bbox 556 2079 726 2117; x_wconf 81' lang='lat' dir='ltr'>Ecclesiae;</span> <span class='ocrx_word' id='word_1_449' title='bbox 758 2080 782 2111; x_wconf 91' lang='lat' dir='ltr'>si</span> <span class='ocrx_word' id='word_1_450' title='bbox 816 2079 963 2111; x_wconf 82' lang='lat' dir='ltr'>sacerdos</span> <span class='ocrx_word' id='word_1_451' title='bbox 995 2079 1096 2120; x_wconf 81' lang='lat' dir='ltr'>iungit</span> <span class='ocrx_word' id='word_1_452' title='bbox 1127 2078 1220 2117; x_wconf 89' lang='lat' dir='ltr'>istos,</span> <span class='ocrx_word' id='word_1_453' title='bbox 1249 2088 1322 2111; x_wconf 89' lang='lat' dir='ltr'>cum</span> <span class='ocrx_word' id='word_1_454' title='bbox 1354 2079 1403 2111; x_wconf 92' lang='lat' dir='ltr'>isti</span> 
     </span>
     <span class='ocr_line' id='line_1_65' title="bbox 453 2132 1405 2173; baseline -0.002 -9"><span class='ocrx_word' id='word_1_455' title='bbox 453 2135 582 2173; x_wconf 80' lang='lat' dir='ltr'>peccent</span> <span class='ocrx_word' id='word_1_456' title='bbox 613 2132 801 2170; x_wconf 86' lang='lat' dir='ltr'>mortaliter,</span> <span class='ocrx_word' id='word_1_457' title='bbox 826 2132 978 2164; x_wconf 88' lang='lat' dir='ltr'>consentit</span> <span class='ocrx_word' id='word_1_458' title='bbox 1010 2136 1136 2173; x_wconf 86' lang='lat' dir='ltr'>peccato</span> <span class='ocrx_word' id='word_1_459' title='bbox 1169 2140 1300 2163; x_wconf 88' lang='lat' dir='ltr'>eorum:</span> <span class='ocrx_word' id='word_1_460' title='bbox 1330 2139 1405 2172; x_wconf 82' lang='lat' dir='ltr'>ergo</span> 
     </span>
    </p>
   </div>
   <div class='ocr_carea' id='block_1_7' title="bbox 1469 2024 2478 2171">
    <p class='ocr_par' dir='ltr' id='par_1_13' title="bbox 1469 2024 2478 2171">
     <span class='ocr_line' id='line_1_66' title="bbox 1561 2024 2478 2068; baseline 0.003 -13"><span class='ocrx_word' id='word_1_461' title='bbox 1561 2025 1588 2055; x_wconf 85' lang='lat'>1.</span> <span class='ocrx_word' id='word_1_462' title='bbox 1612 2024 1655 2056; x_wconf 78' lang='lat' dir='ltr'>Ad</span> <span class='ocrx_word' id='word_1_463' title='bbox 1681 2024 1758 2056; x_wconf 89' lang='lat' dir='ltr'>illud</span> <span class='ocrx_word' id='word_1_464' title='bbox 1783 2033 1858 2065; x_wconf 86' lang='lat' dir='ltr'>ergo</span> <span class='ocrx_word' id='word_1_465' title='bbox 1882 2024 1967 2065; x_wconf 89' lang='lat' dir='ltr'>quod</span> <span class='ocrx_word' id='word_1_466' title='bbox 1991 2024 2137 2057; x_wconf 87' lang='lat' dir='ltr'>obiicitur</span> <span class='ocrx_word' id='word_1_467' title='bbox 2162 2025 2201 2057; x_wconf 90' lang='lat' dir='ltr'>de</span> <span class='ocrx_word' id='word_1_468' title='bbox 2228 2025 2417 2064; x_wconf 84' lang='lat' dir='ltr'>iuramento,</span> <span class='ocrx_word' id='word_1_469' title='bbox 2442 2038 2478 2068; x_wconf 61' lang='grc'>5111</span> 
     </span>
     <span class='ocr_line' id='line_1_67' title="bbox 1469 2067 2478 2119; baseline 0.001 -10"><span class='ocrx_word' id='word_1_470' title='bbox 1469 2077 1653 2116; x_wconf 84' lang='lat' dir='ltr'>dicendum,</span> <span class='ocrx_word' id='word_1_471' title='bbox 1681 2077 1765 2119; x_wconf 85' lang='lat' dir='ltr'>quod</span> <span class='ocrx_word' id='word_1_472' title='bbox 1791 2086 1901 2110; x_wconf 87' lang='lat' dir='ltr'>secure</span> <span class='ocrx_word' id='word_1_473' title='bbox 1934 2081 2034 2119; x_wconf 88' lang='lat' dir='ltr'>potest</span> <span class='ocrx_word' id='word_1_474' title='bbox 2066 2078 2186 2110; x_wconf 85' lang='lat' dir='ltr'>dicere:</span> <span class='ocrx_word' id='word_1_475' title='bbox 2220 2078 2341 2117; x_wconf 79' lang='lat' dir='ltr'>nesci03</span> <span class='ocrx_word' id='word_1_476' title='bbox 2365 2067 2478 2110; x_wconf 65' lang='grc' dir='ltr'>1100βοειι</span> 
     </span>
     <span class='ocr_line' id='line_1_68' title="bbox 1470 2130 2477 2171; baseline 0.003 -10"><span class='ocrx_word' id='word_1_477' title='bbox 1470 2130 1628 2171; x_wconf 85' lang='lat' dir='ltr'>periurat,</span> <span class='ocrx_word' id='word_1_478' title='bbox 1653 2130 1727 2171; x_wconf 91' lang='lat' dir='ltr'>quia</span> <span class='ocrx_word' id='word_1_479' title='bbox 1750 2130 1965 2162; x_wconf 82' lang='lat' dir='ltr'>iuramentum</span> <span class='ocrx_word' id='word_1_480' title='bbox 1989 2139 2051 2161; x_wconf 90' lang='lat' dir='ltr'>non</span> <span class='ocrx_word' id='word_1_481' title='bbox 2076 2130 2193 2171; x_wconf 80' lang='lat' dir='ltr'>obligat</span> <span class='ocrx_word' id='word_1_482' title='bbox 2209 2130 2297 2162; x_wconf 89' lang='lat' dir='ltr'>illum</span> <span class='ocrx_word' id='word_1_483' title='bbox 2323 2130 2361 2162; x_wconf 89' lang='lat' dir='ltr'>ad</span> <span class='ocrx_word' id='word_1_484' title='bbox 2378 2130 2418 2162; x_wconf 88' lang='lat' dir='ltr'>di·</span> <span class='ocrx_word' id='word_1_485' title='bbox 2433 2143 2477 2165; x_wconf 72' lang='lat' dir='ltr'>noia</span> 
     </span>
    </p>
   </div>
   <div class='ocr_carea' id='block_1_8' title="bbox 452 2183 1407 2806">
    <p class='ocr_par' dir='ltr' id='par_1_14' title="bbox 452 2183 1406 2437">
     <span class='ocr_line' id='line_1_69' title="bbox 453 2183 1404 2226; baseline -0.001 -10"><span class='ocrx_word' id='word_1_486' title='bbox 453 2184 627 2216; x_wconf 86' lang='lat' dir='ltr'>mortaliter</span> <span class='ocrx_word' id='word_1_487' title='bbox 652 2189 774 2226; x_wconf 84' lang='lat' dir='ltr'>peccat:</span> <span class='ocrx_word' id='word_1_488' title='bbox 801 2193 875 2225; x_wconf 87' lang='lat' dir='ltr'>ergo</span> <span class='ocrx_word' id='word_1_489' title='bbox 900 2184 925 2216; x_wconf 88' lang='lat' dir='ltr'>si</span> <span class='ocrx_word' id='word_1_490' title='bbox 950 2193 1010 2215; x_wconf 92' lang='lat' dir='ltr'>non</span> <span class='ocrx_word' id='word_1_491' title='bbox 1036 2184 1128 2216; x_wconf 85' lang='lat' dir='ltr'>debet</span> <span class='ocrx_word' id='word_1_492' title='bbox 1153 2183 1280 2216; x_wconf 89' lang='lat' dir='ltr'>sceleris</span> <span class='ocrx_word' id='word_1_493' title='bbox 1311 2183 1404 2215; x_wconf 91' lang='lat' dir='ltr'>alieni</span> 
     </span>
     <span class='ocr_line' id='line_1_70' title="bbox 452 2236 1406 2279; baseline 0 -10"><span class='ocrx_word' id='word_1_494' title='bbox 452 2237 521 2270; x_wconf 88' lang='lat' dir='ltr'>fieri</span> <span class='ocrx_word' id='word_1_495' title='bbox 546 2237 718 2279; x_wconf 83' lang='lat' dir='ltr'>particeps,</span> <span class='ocrx_word' id='word_1_496' title='bbox 743 2237 837 2269; x_wconf 87' lang='lat' dir='ltr'>debet</span> <span class='ocrx_word' id='word_1_497' title='bbox 861 2237 919 2269; x_wconf 87' lang='lat' dir='ltr'>hoc</span> <span class='ocrx_word' id='word_1_498' title='bbox 944 2236 1152 2269; x_wconf 82' lang='lat' dir='ltr'>manifestare.</span> <span class='ocrx_word' id='word_1_499' title='bbox 1178 2236 1293 2269; x_wconf 88' lang='lat' dir='ltr'>Similis</span> <span class='ocrx_word' id='word_1_500' title='bbox 1314 2245 1406 2269; x_wconf 87' lang='lat' dir='ltr'>casus</span> 
     </span>
     <span class='ocr_line' id='line_1_71' title="bbox 453 2289 1405 2331; baseline -0.001 -10"><span class='ocrx_word' id='word_1_501' title='bbox 453 2293 500 2322; x_wconf 88' lang='lat' dir='ltr'>est</span> <span class='ocrx_word' id='word_1_502' title='bbox 524 2289 554 2321; x_wconf 93' lang='lat' dir='ltr'>in</span> <span class='ocrx_word' id='word_1_503' title='bbox 579 2290 697 2322; x_wconf 88' lang='lat' dir='ltr'>decano</span> <span class='ocrx_word' id='word_1_504' title='bbox 711 2290 733 2329; x_wconf 61' lang='lat'>4,</span> <span class='ocrx_word' id='word_1_505' title='bbox 750 2289 803 2331; x_wconf 89' lang='lat' dir='ltr'>qui</span> <span class='ocrx_word' id='word_1_506' title='bbox 828 2289 949 2321; x_wconf 83' lang='lat' dir='ltr'>audivit</span> <span class='ocrx_word' id='word_1_507' title='bbox 970 2289 1195 2321; x_wconf 88' lang='lat' dir='ltr'>confessionem</span> <span class='ocrx_word' id='word_1_508' title='bbox 1221 2289 1405 2320; x_wconf 86' lang='lat' dir='ltr'>habentium</span> 
     </span>
     <span class='ocr_line' id='line_1_72' title="bbox 453 2342 1406 2384; baseline 0.001 -10"><span class='ocrx_word' id='word_1_509' title='bbox 453 2342 734 2384; x_wconf 79' lang='lat' dir='ltr'>irregularitatem,</span> <span class='ocrx_word' id='word_1_510' title='bbox 759 2343 783 2375; x_wconf 92' lang='lat' dir='ltr'>si</span> <span class='ocrx_word' id='word_1_511' title='bbox 802 2342 894 2374; x_wconf 88' lang='lat' dir='ltr'>debet</span> <span class='ocrx_word' id='word_1_512' title='bbox 917 2351 971 2374; x_wconf 90' lang='lat' dir='ltr'>eos</span> <span class='ocrx_word' id='word_1_513' title='bbox 987 2345 1189 2383; x_wconf 86' lang='lat' dir='ltr'>praesentare</span> <span class='ocrx_word' id='word_1_514' title='bbox 1213 2342 1406 2375; x_wconf 87' lang='lat' dir='ltr'>ordinandos</span> 
     </span>
     <span class='ocr_line' id='line_1_73' title="bbox 453 2394 1179 2437; baseline -0.001 -10"><span class='ocrx_word' id='word_1_515' title='bbox 453 2395 493 2427; x_wconf 85' lang='lat' dir='ltr'>ab</span> <span class='ocrx_word' id='word_1_516' title='bbox 517 2396 679 2437; x_wconf 86' lang='lat' dir='ltr'>episcopo,</span> <span class='ocrx_word' id='word_1_517' title='bbox 704 2395 754 2427; x_wconf 85' lang='lat' dir='ltr'>vel</span> <span class='ocrx_word' id='word_1_518' title='bbox 778 2395 920 2428; x_wconf 87' lang='lat' dir='ltr'>revelare</span> <span class='ocrx_word' id='word_1_519' title='bbox 944 2394 1179 2427; x_wconf 80' lang='lat' dir='ltr'>confessionem.</span> 
     </span>
    </p>

    <p class='ocr_par' dir='ltr' id='par_1_15' title="bbox 454 2447 1407 2806">
     <span class='ocr_line' id='line_1_74' title="bbox 541 2447 1406 2490; baseline 0 -10"><span class='ocrx_word' id='word_1_520' title='bbox 541 2449 571 2480; x_wconf 72' lang='lat' dir='ltr'>li.</span> <span class='ocrx_word' id='word_1_521' title='bbox 597 2448 689 2487; x_wconf 90' lang='lat' dir='ltr'>Item,</span> <span class='ocrx_word' id='word_1_522' title='bbox 714 2452 859 2490; x_wconf 84' lang='lat' dir='ltr'>ponatur,</span> <span class='ocrx_word' id='word_1_523' title='bbox 883 2448 967 2490; x_wconf 86' lang='lat' dir='ltr'>quod</span> <span class='ocrx_word' id='word_1_524' title='bbox 992 2448 1106 2490; x_wconf 87' lang='lat' dir='ltr'>aliquis</span> <span class='ocrx_word' id='word_1_525' title='bbox 1124 2448 1210 2490; x_wconf 86' lang='lat' dir='ltr'>prior</span> <span class='ocrx_word' id='word_1_526' title='bbox 1232 2448 1271 2480; x_wconf 91' lang='lat' dir='ltr'>de</span> <span class='ocrx_word' id='word_1_527' title='bbox 1295 2447 1406 2480; x_wconf 89' lang='lat' dir='ltr'>ordine</span> 
     </span>
     <span class='ocr_line' id='line_1_75' title="bbox 455 2501 1406 2543; baseline -0.001 -9"><span class='ocrx_word' id='word_1_528' title='bbox 455 2502 680 2534; x_wconf 88' lang='lat' dir='ltr'>monachorum</span> <span class='ocrx_word' id='word_1_529' title='bbox 705 2501 891 2534; x_wconf 88' lang='lat' dir='ltr'>confiteatur</span> <span class='ocrx_word' id='word_1_530' title='bbox 915 2501 1041 2540; x_wconf 85' lang='lat' dir='ltr'>abbati,</span> <span class='ocrx_word' id='word_1_531' title='bbox 1066 2505 1096 2533; x_wconf 90' lang='lat' dir='ltr'>et</span> <span class='ocrx_word' id='word_1_532' title='bbox 1127 2501 1280 2543; x_wconf 87' lang='lat' dir='ltr'>quamdiu</span> <span class='ocrx_word' id='word_1_533' title='bbox 1305 2505 1351 2533; x_wconf 91' lang='lat' dir='ltr'>est</span> <span class='ocrx_word' id='word_1_534' title='bbox 1375 2501 1406 2533; x_wconf 89' lang='lat' dir='ltr'>in</span> 
     </span>
     <span class='ocr_line' id='line_1_76' title="bbox 454 2554 1405 2596; baseline -0.001 -10"><span class='ocrx_word' id='word_1_535' title='bbox 454 2555 615 2596; x_wconf 82' lang='lat' dir='ltr'>prioratu,</span> <span class='ocrx_word' id='word_1_536' title='bbox 633 2554 726 2586; x_wconf 90' lang='lat' dir='ltr'>habet</span> <span class='ocrx_word' id='word_1_537' title='bbox 742 2555 935 2587; x_wconf 83' lang='lat' dir='ltr'>occasionem</span> <span class='ocrx_word' id='word_1_538' title='bbox 959 2554 1134 2586; x_wconf 85' lang='lat' dir='ltr'>trahentem</span> <span class='ocrx_word' id='word_1_539' title='bbox 1159 2554 1198 2586; x_wconf 87' lang='lat' dir='ltr'>ad</span> <span class='ocrx_word' id='word_1_540' title='bbox 1225 2557 1405 2595; x_wconf 85' lang='lat' dir='ltr'>peccatum,</span> 
     </span>
     <span class='ocr_line' id='line_1_77' title="bbox 454 2606 1405 2649; baseline 0 -10"><span class='ocrx_word' id='word_1_541' title='bbox 454 2616 472 2638; x_wconf 85' lang='lat' dir='ltr'>a</span> <span class='ocrx_word' id='word_1_542' title='bbox 495 2607 582 2649; x_wconf 79' lang='lat' dir='ltr'>quo⁵</span> <span class='ocrx_word' id='word_1_543' title='bbox 607 2616 669 2639; x_wconf 90' lang='grc'>11011</span> <span class='ocrx_word' id='word_1_544' title='bbox 694 2607 761 2639; x_wconf 80' lang='lat' dir='ltr'>vult</span> <span class='ocrx_word' id='word_1_545' title='bbox 785 2607 954 2645; x_wconf 72' lang='lat' dir='ltr'>desistere,</span> <span class='ocrx_word' id='word_1_546' title='bbox 979 2607 1003 2638; x_wconf 88' lang='lat' dir='ltr'>si</span> <span class='ocrx_word' id='word_1_547' title='bbox 1030 2607 1124 2639; x_wconf 87' lang='lat' dir='ltr'>habet</span> <span class='ocrx_word' id='word_1_548' title='bbox 1149 2616 1258 2639; x_wconf 89' lang='lat' dir='ltr'>curam</span> <span class='ocrx_word' id='word_1_549' title='bbox 1283 2606 1405 2639; x_wconf 88' lang='lat' dir='ltr'>animae</span> 
     </span>
     <span class='ocr_line' id='line_1_78' title="bbox 455 2659 1407 2699; baseline -0.001 -7"><span class='ocrx_word' id='word_1_550' title='bbox 455 2669 548 2699; x_wconf 81' lang='lat' dir='ltr'>suae,</span> <span class='ocrx_word' id='word_1_551' title='bbox 573 2664 696 2692; x_wconf 87' lang='lat' dir='ltr'>tenetur</span> <span class='ocrx_word' id='word_1_552' title='bbox 728 2660 799 2692; x_wconf 90' lang='lat' dir='ltr'>inde</span> <span class='ocrx_word' id='word_1_553' title='bbox 824 2660 913 2692; x_wconf 92' lang='lat' dir='ltr'>illum</span> <span class='ocrx_word' id='word_1_554' title='bbox 946 2668 1111 2698; x_wconf 74' lang='lat' dir='ltr'>amovere,</span> <span class='ocrx_word' id='word_1_555' title='bbox 1143 2659 1198 2692; x_wconf 91' lang='lat' dir='ltr'>sed</span> <span class='ocrx_word' id='word_1_556' title='bbox 1231 2659 1407 2691; x_wconf 87' lang='lat' dir='ltr'>amovendo</span> 
     </span>
     <span class='ocr_line' id='line_1_79' title="bbox 456 2712 1407 2754; baseline 0 -10"><span class='ocrx_word' id='word_1_557' title='bbox 456 2713 632 2750; x_wconf 86' lang='lat' dir='ltr'>innotescit,</span> <span class='ocrx_word' id='word_1_558' title='bbox 657 2713 760 2754; x_wconf 86' lang='lat' dir='ltr'>ipsum</span> <span class='ocrx_word' id='word_1_559' title='bbox 786 2721 946 2754; x_wconf 83' lang='lat' dir='ltr'>peccasse:</span> <span class='ocrx_word' id='word_1_560' title='bbox 971 2722 1046 2753; x_wconf 81' lang='lat' dir='ltr'>ergo</span> <span class='ocrx_word' id='word_1_561' title='bbox 1071 2713 1212 2751; x_wconf 88' lang='lat' dir='ltr'>videtur,</span> <span class='ocrx_word' id='word_1_562' title='bbox 1238 2712 1322 2754; x_wconf 89' lang='lat' dir='ltr'>quod</span> <span class='ocrx_word' id='word_1_563' title='bbox 1339 2722 1407 2745; x_wconf 90' lang='lat' dir='ltr'>con-</span> 
     </span>
     <span class='ocr_line' id='line_1_80' title="bbox 455 2765 1082 2806; baseline 0 -9"><span class='ocrx_word' id='word_1_564' title='bbox 455 2765 547 2797; x_wconf 86' lang='lat' dir='ltr'>fessio</span> <span class='ocrx_word' id='word_1_565' title='bbox 571 2765 668 2806; x_wconf 82' lang='lat' dir='ltr'>possit</span> <span class='ocrx_word' id='word_1_566' title='bbox 691 2765 796 2806; x_wconf 88' lang='lat' dir='ltr'>aliquo</span> <span class='ocrx_word' id='word_1_567' title='bbox 822 2765 914 2797; x_wconf 90' lang='lat' dir='ltr'>modo</span> <span class='ocrx_word' id='word_1_568' title='bbox 939 2765 1082 2797; x_wconf 85' lang='lat' dir='ltr'>revelari.</span> 
     </span>
    </p>
   </div>
   <div class='ocr_carea' id='block_1_9' title="bbox 454 3043 1407 3429">
    <p class='ocr_par' dir='ltr' id='par_1_16' title="bbox 527 3043 1375 3077">
     <span class='ocr_line' id='line_1_81' title="bbox 527 3043 1375 3077; baseline -0.001 -8"><span class='ocrx_word' id='word_1_569' title='bbox 527 3044 535 3060; x_wconf 88' lang='lat'>1</span> <span class='ocrx_word' id='word_1_570' title='bbox 556 3045 628 3070; x_wconf 83' lang='lat' dir='ltr'>Extra</span> <span class='ocrx_word' id='word_1_571' title='bbox 648 3044 690 3069; x_wconf 88' lang='lat' dir='ltr'>lib.</span> <span class='ocrx_word' id='word_1_572' title='bbox 713 3045 742 3070; x_wconf 89' lang='lat' dir='ltr'>V.</span> <span class='ocrx_word' id='word_1_573' title='bbox 763 3046 797 3070; x_wconf 81' lang='grc'>111.</span> <span class='ocrx_word' id='word_1_574' title='bbox 819 3045 860 3069; x_wconf 83' lang='grc'>38.</span> <span class='ocrx_word' id='word_1_575' title='bbox 881 3044 907 3070; x_wconf 91' lang='lat' dir='ltr'>C.</span> <span class='ocrx_word' id='word_1_576' title='bbox 929 3044 1021 3070; x_wconf 77' lang='lat' dir='ltr'>Omnis</span> <span class='ocrx_word' id='word_1_577' title='bbox 1040 3043 1181 3077; x_wconf 68' lang='lat' dir='ltr'>utriusque</span> <span class='ocrx_word' id='word_1_578' title='bbox 1201 3050 1283 3069; x_wconf 68' lang='lat' dir='ltr'>semus</span> <span class='ocrx_word' id='word_1_579' title='bbox 1302 3044 1375 3076; x_wconf 63' lang='lat'>(12).</span> 
     </span>
    </p>

    <p class='ocr_par' dir='ltr' id='par_1_17' title="bbox 526 3087 1015 3120">
     <span class='ocr_line' id='line_1_82' title="bbox 526 3087 1015 3120; baseline 0 -7"><span class='ocrx_word' id='word_1_580' title='bbox 526 3087 538 3104; x_wconf 80' lang='lat'>2</span> <span class='ocrx_word' id='word_1_581' title='bbox 556 3088 606 3113; x_wconf 81' lang='lat' dir='ltr'>Csr.</span> <span class='ocrx_word' id='word_1_582' title='bbox 627 3089 666 3113; x_wconf 90' lang='lat' dir='ltr'>Ps.</span> <span class='ocrx_word' id='word_1_583' title='bbox 687 3089 734 3120; x_wconf 75' lang='lat'>31,</span> <span class='ocrx_word' id='word_1_584' title='bbox 759 3089 782 3113; x_wconf 90' lang='grc'>1.</span> <span class='ocrx_word' id='word_1_585' title='bbox 804 3091 828 3113; x_wconf 84' lang='grc'>01</span> <span class='ocrx_word' id='word_1_586' title='bbox 848 3089 921 3113; x_wconf 80' lang='lat' dir='ltr'>Rom.</span> <span class='ocrx_word' id='word_1_587' title='bbox 943 3088 971 3119; x_wconf 67' lang='lat'>4,</span> <span class='ocrx_word' id='word_1_588' title='bbox 992 3088 1015 3113; x_wconf 92' lang='lat'>7.</span> 
     </span>
    </p>

    <p class='ocr_par' dir='ltr' id='par_1_18' title="bbox 526 3131 1090 3163">
     <span class='ocr_line' id='line_1_83' title="bbox 526 3131 1090 3163; baseline 0 -7"><span class='ocrx_word' id='word_1_589' title='bbox 526 3131 537 3147; x_wconf 80' lang='grc'>3</span> <span class='ocrx_word' id='word_1_590' title='bbox 555 3131 605 3157; x_wconf 86' lang='lat' dir='ltr'>Csr.</span> <span class='ocrx_word' id='word_1_591' title='bbox 625 3139 703 3163; x_wconf 82' lang='lat' dir='ltr'>supra</span> <span class='ocrx_word' id='word_1_592' title='bbox 723 3139 782 3163; x_wconf 80' lang='lat' dir='ltr'>pag.</span> <span class='ocrx_word' id='word_1_593' title='bbox 803 3132 844 3163; x_wconf 79' lang='lat'>86,</span> <span class='ocrx_word' id='word_1_594' title='bbox 865 3135 923 3157; x_wconf 86' lang='lat' dir='ltr'>nota</span> <span class='ocrx_word' id='word_1_595' title='bbox 944 3132 967 3156; x_wconf 81' lang='grc'>6.</span> <span class='ocrx_word' id='word_1_596' title='bbox 988 3133 1012 3156; x_wconf 90' lang='lat' dir='ltr'>in</span> <span class='ocrx_word' id='word_1_597' title='bbox 1032 3132 1090 3156; x_wconf 84' lang='lat' dir='ltr'>fine.</span> 
     </span>
    </p>

    <p class='ocr_par' dir='ltr' id='par_1_19' title="bbox 527 3175 880 3202">
     <span class='ocr_line' id='line_1_84' title="bbox 527 3175 880 3202; baseline 0.003 -2"><span class='ocrx_word' id='word_1_598' title='bbox 527 3175 538 3191; x_wconf 84' lang='lat'>⁴</span> <span class='ocrx_word' id='word_1_599' title='bbox 557 3175 637 3200; x_wconf 85' lang='lat' dir='ltr'>Codd.</span> <span class='ocrx_word' id='word_1_600' title='bbox 658 3176 706 3201; x_wconf 85' lang='lat' dir='ltr'>FG</span> <span class='ocrx_word' id='word_1_601' title='bbox 725 3175 755 3201; x_wconf 77' lang='lat' dir='ltr'>de</span> <span class='ocrx_word' id='word_1_602' title='bbox 773 3175 880 3202; x_wconf 79' lang='lat' dir='ltr'>decano.</span> 
     </span>
    </p>

    <p class='ocr_par' dir='ltr' id='par_1_20' title="bbox 457 3218 1407 3337">
     <span class='ocr_line' id='line_1_85' title="bbox 528 3218 1406 3252; baseline 0.001 -8"><span class='ocrx_word' id='word_1_603' title='bbox 528 3219 539 3235; x_wconf 91' lang='lat'>⁵</span> <span class='ocrx_word' id='word_1_604' title='bbox 556 3218 618 3244; x_wconf 84' lang='lat' dir='ltr'>Cod.</span> <span class='ocrx_word' id='word_1_605' title='bbox 639 3219 655 3244; x_wconf 89' lang='lat' dir='ltr'>F</span> <span class='ocrx_word' id='word_1_606' title='bbox 675 3219 704 3250; x_wconf 84' lang='lat' dir='ltr'>(E</span> <span class='ocrx_word' id='word_1_607' title='bbox 723 3220 852 3251; x_wconf 86' lang='lat' dir='ltr'>primitus)</span> <span class='ocrx_word' id='word_1_608' title='bbox 874 3219 945 3245; x_wconf 87' lang='lat' dir='ltr'>addit</span> <span class='ocrx_word' id='word_1_609' title='bbox 972 3221 1074 3252; x_wconf 80' lang='lat' dir='ltr'>tamen,</span> <span class='ocrx_word' id='word_1_610' title='bbox 1097 3220 1167 3252; x_wconf 85' lang='lat' dir='ltr'>quod</span> <span class='ocrx_word' id='word_1_611' title='bbox 1195 3220 1254 3245; x_wconf 88' lang='lat' dir='ltr'>cod.</span> <span class='ocrx_word' id='word_1_612' title='bbox 1279 3220 1299 3245; x_wconf 91' lang='lat' dir='ltr'><strong>G</strong></span> <span class='ocrx_word' id='word_1_613' title='bbox 1328 3223 1406 3245; x_wconf 85' lang='lat' dir='ltr'>trans-</span> 
     </span>
     <span class='ocr_line' id='line_1_86' title="bbox 458 3262 1407 3297; baseline 0.003 -11"><span class='ocrx_word' id='word_1_614' title='bbox 458 3263 529 3292; x_wconf 84' lang='lat' dir='ltr'>ponit</span> <span class='ocrx_word' id='word_1_615' title='bbox 552 3266 611 3293; x_wconf 88' lang='lat' dir='ltr'>post</span> <span class='ocrx_word' id='word_1_616' title='bbox 638 3264 748 3288; x_wconf 63' lang='lat' dir='ltr'>tenetur.</span> <span class='ocrx_word' id='word_1_617' title='bbox 778 3264 903 3295; x_wconf 83' lang='lat' dir='ltr'>Superius</span> <span class='ocrx_word' id='word_1_618' title='bbox 928 3270 976 3295; x_wconf 88' lang='lat' dir='ltr'>pro</span> <span class='ocrx_word' id='word_1_619' title='bbox 1004 3265 1029 3289; x_wconf 82' lang='lat' dir='ltr'>et</span> <span class='ocrx_word' id='word_1_620' title='bbox 1055 3263 1185 3297; x_wconf 70' lang='lat' dir='ltr'>quamdiu</span> <span class='ocrx_word' id='word_1_621' title='bbox 1214 3263 1271 3289; x_wconf 88' lang='lat' dir='ltr'>cod.</span> <span class='ocrx_word' id='word_1_622' title='bbox 1291 3264 1312 3288; x_wconf 94' lang='lat' dir='ltr'><strong>U</strong></span> <span class='ocrx_word' id='word_1_623' title='bbox 1335 3262 1407 3297; x_wconf 80' lang='lat' dir='ltr'>quod</span> 
     </span>
     <span class='ocr_line' id='line_1_87' title="bbox 457 3304 595 3337; baseline 0.007 -8"><span class='ocrx_word' id='word_1_624' title='bbox 457 3304 595 3337; x_wconf 79' lang='lat' dir='ltr'>quamdiu.</span> 
     </span>
    </p>

    <p class='ocr_par' dir='ltr' id='par_1_21' title="bbox 454 3349 1406 3429">
     <span class='ocr_line' id='line_1_88' title="bbox 527 3349 1406 3384; baseline 0.003 -11"><span class='ocrx_word' id='word_1_625' title='bbox 527 3349 538 3365; x_wconf 66' lang='grc' dir='ltr'><em>ὃ</em></span> <span class='ocrx_word' id='word_1_626' title='bbox 557 3349 619 3374; x_wconf 88' lang='lat' dir='ltr'>Cod.</span> <span class='ocrx_word' id='word_1_627' title='bbox 633 3350 657 3374; x_wconf 84' lang='lat' dir='ltr'>X</span> <span class='ocrx_word' id='word_1_628' title='bbox 676 3350 721 3375; x_wconf 69' lang='lat' dir='ltr'>secl</span> <span class='ocrx_word' id='word_1_629' title='bbox 739 3357 792 3376; x_wconf 79' lang='grc'>111111</span> <span class='ocrx_word' id='word_1_630' title='bbox 809 3352 893 3383; x_wconf 77' lang='lat' dir='ltr'>potest</span> <span class='ocrx_word' id='word_1_631' title='bbox 912 3351 997 3378; x_wconf 83' lang='lat' dir='ltr'>dicere</span> <span class='ocrx_word' id='word_1_632' title='bbox 1016 3351 1068 3378; x_wconf 71' lang='lat' dir='ltr'>nisi</span> <span class='ocrx_word' id='word_1_633' title='bbox 1088 3352 1125 3384; x_wconf 82' lang='lat' dir='ltr'>ei,</span> <span class='ocrx_word' id='word_1_634' title='bbox 1148 3359 1199 3384; x_wconf 83' lang='lat' dir='ltr'>qua</span> <span class='ocrx_word' id='word_1_635' title='bbox 1220 3352 1328 3377; x_wconf 87' lang='lat' dir='ltr'>lectione</span> <span class='ocrx_word' id='word_1_636' title='bbox 1347 3351 1406 3376; x_wconf 88' lang='lat' dir='ltr'>red-</span> 
     </span>
     <span class='ocr_line' id='line_1_89' title="bbox 454 3392 1406 3429; baseline 0.006 -14"><span class='ocrx_word' id='word_1_637' title='bbox 454 3392 600 3423; x_wconf 86' lang='lat' dir='ltr'>integratur</span> <span class='ocrx_word' id='word_1_638' title='bbox 620 3392 692 3417; x_wconf 87' lang='lat' dir='ltr'>lectio</span> <span class='ocrx_word' id='word_1_639' title='bbox 710 3394 797 3418; x_wconf 84' lang='lat' dir='ltr'>mutila</span> <span class='ocrx_word' id='word_1_640' title='bbox 811 3394 975 3425; x_wconf 87' lang='lat' dir='ltr'>quorundam</span> <span class='ocrx_word' id='word_1_641' title='bbox 996 3395 1071 3420; x_wconf 85' lang='lat' dir='ltr'>codd.</span> <span class='ocrx_word' id='word_1_642' title='bbox 1085 3395 1131 3421; x_wconf 80' lang='lat' dir='ltr'>sed</span> <span class='ocrx_word' id='word_1_643' title='bbox 1142 3402 1197 3421; x_wconf 79' lang='grc'>11011</span> <span class='ocrx_word' id='word_1_644' title='bbox 1214 3396 1301 3429; x_wconf 79' lang='lat' dir='ltr'>potest</span> <span class='ocrx_word' id='word_1_645' title='bbox 1318 3394 1406 3421; x_wconf 79' lang='lat' dir='ltr'>dicere</span> 
     </span>
    </p>
   </div>
   <div class='ocr_carea' id='block_1_10' title="bbox 1438 677 1442 2799">
    <p class='ocr_par' dir='ltr' id='par_1_22' title="bbox 1438 677 1442 2799">
     <span class='ocr_line' id='line_1_90' title="bbox 1438 677 1442 2799; baseline 0 0"><span class='ocrx_word' id='word_1_646' title='bbox 1438 677 1442 2799; x_wconf 95' lang='lat' dir='ltr'> </span> 
     </span>
    </p>
   </div>
   <div class='ocr_carea' id='block_1_11' title="bbox 1469 2182 2418 2806">
    <p class='ocr_par' dir='ltr' id='par_1_23' title="bbox 1469 2182 2418 2373">
     <span class='ocr_line' id='line_1_91' title="bbox 1469 2182 2417 2224; baseline 0.001 -10"><span class='ocrx_word' id='word_1_647' title='bbox 1469 2183 1604 2214; x_wconf 89' lang='lat' dir='ltr'>cendum</span> <span class='ocrx_word' id='word_1_648' title='bbox 1622 2182 1680 2214; x_wconf 88' lang='lat' dir='ltr'>nisi</span> <span class='ocrx_word' id='word_1_649' title='bbox 1698 2182 1776 2214; x_wconf 86' lang='lat' dir='ltr'>illud</span> <span class='ocrx_word' id='word_1_650' title='bbox 1793 2182 1877 2224; x_wconf 88' lang='lat' dir='ltr'>quod</span> <span class='ocrx_word' id='word_1_651' title='bbox 1895 2183 1980 2214; x_wconf 89' lang='lat' dir='ltr'>novit</span> <span class='ocrx_word' id='word_1_652' title='bbox 2001 2186 2036 2214; x_wconf 90' lang='lat' dir='ltr'>ut</span> <span class='ocrx_word' id='word_1_653' title='bbox 2057 2183 2168 2221; x_wconf 83' lang='lat' dir='ltr'>homo,</span> <span class='ocrx_word' id='word_1_654' title='bbox 2186 2192 2245 2215; x_wconf 93' lang='lat' dir='ltr'>non</span> <span class='ocrx_word' id='word_1_655' title='bbox 2269 2187 2303 2215; x_wconf 89' lang='lat' dir='ltr'>ut</span> <span class='ocrx_word' id='word_1_656' title='bbox 2324 2183 2417 2221; x_wconf 86' lang='lat' dir='ltr'>Deus,</span> 
     </span>
     <span class='ocr_line' id='line_1_92' title="bbox 1469 2235 2418 2278; baseline 0.002 -12"><span class='ocrx_word' id='word_1_657' title='bbox 1469 2235 1543 2276; x_wconf 84' lang='lat' dir='ltr'>quia</span> <span class='ocrx_word' id='word_1_658' title='bbox 1566 2244 1664 2277; x_wconf 89' lang='lat' dir='ltr'>supra</span> <span class='ocrx_word' id='word_1_659' title='bbox 1688 2235 1788 2267; x_wconf 89' lang='lat' dir='ltr'>Deum</span> <span class='ocrx_word' id='word_1_660' title='bbox 1813 2235 1920 2267; x_wconf 87' lang='lat' dir='ltr'>nullus</span> <span class='ocrx_word' id='word_1_661' title='bbox 1948 2239 2004 2268; x_wconf 88' lang='lat' dir='ltr'>est.</span> <span class='ocrx_word' id='word_1_662' title='bbox 2030 2236 2116 2268; x_wconf 91' lang='lat' dir='ltr'>Unde</span> <span class='ocrx_word' id='word_1_663' title='bbox 2140 2245 2197 2277; x_wconf 85' lang='lat' dir='ltr'>pro</span> <span class='ocrx_word' id='word_1_664' title='bbox 2224 2236 2312 2267; x_wconf 89' lang='lat' dir='ltr'>nullo</span> <span class='ocrx_word' id='word_1_665' title='bbox 2336 2245 2418 2278; x_wconf 86' lang='lat' dir='ltr'>prae-</span> 
     </span>
     <span class='ocr_line' id='line_1_93' title="bbox 1470 2287 2418 2331; baseline 0.001 -12"><span class='ocrx_word' id='word_1_666' title='bbox 1470 2291 1559 2329; x_wconf 89' lang='lat' dir='ltr'>cepto</span> <span class='ocrx_word' id='word_1_667' title='bbox 1582 2287 1791 2326; x_wconf 78' lang='lat' dir='ltr'>obedientiae,</span> <span class='ocrx_word' id='word_1_668' title='bbox 1816 2297 1873 2329; x_wconf 91' lang='lat' dir='ltr'>pro</span> <span class='ocrx_word' id='word_1_669' title='bbox 1890 2288 1977 2320; x_wconf 91' lang='lat' dir='ltr'>nullo</span> <span class='ocrx_word' id='word_1_670' title='bbox 1998 2288 2190 2327; x_wconf 71' lang='lat' dir='ltr'>iuramento,</span> <span class='ocrx_word' id='word_1_671' title='bbox 2208 2289 2257 2321; x_wconf 90' lang='lat' dir='ltr'>vel</span> <span class='ocrx_word' id='word_1_672' title='bbox 2282 2289 2418 2331; x_wconf 87' lang='lat' dir='ltr'>periculo</span> 
     </span>
     <span class='ocr_line' id='line_1_94' title="bbox 1470 2340 1806 2373; baseline -0.003 0"><span class='ocrx_word' id='word_1_673' title='bbox 1470 2341 1562 2373; x_wconf 88' lang='lat' dir='ltr'>debet</span> <span class='ocrx_word' id='word_1_674' title='bbox 1587 2340 1666 2372; x_wconf 87' lang='lat' dir='ltr'>illud</span> <span class='ocrx_word' id='word_1_675' title='bbox 1691 2341 1806 2373; x_wconf 89' lang='lat' dir='ltr'>dicere.</span> 
     </span>
    </p>

    <p class='ocr_par' dir='ltr' id='par_1_24' title="bbox 1469 2393 2418 2806">
     <span class='ocr_line' id='line_1_95' title="bbox 1559 2393 2418 2436; baseline 0.001 -10"><span class='ocrx_word' id='word_1_676' title='bbox 1559 2395 1588 2426; x_wconf 71' lang='lat'>2.</span> <span class='ocrx_word' id='word_1_677' title='bbox 1613 2394 1656 2426; x_wconf 84' lang='lat' dir='ltr'>Ad</span> <span class='ocrx_word' id='word_1_678' title='bbox 1681 2394 1759 2426; x_wconf 89' lang='lat' dir='ltr'>illud</span> <span class='ocrx_word' id='word_1_679' title='bbox 1785 2394 1868 2436; x_wconf 87' lang='lat' dir='ltr'>quod</span> <span class='ocrx_word' id='word_1_680' title='bbox 1893 2393 2039 2426; x_wconf 90' lang='lat' dir='ltr'>obiicitur</span> <span class='ocrx_word' id='word_1_681' title='bbox 2064 2395 2103 2427; x_wconf 88' lang='lat' dir='ltr'>de</span> <span class='ocrx_word' id='word_1_682' title='bbox 2127 2395 2297 2434; x_wconf 73' lang='grc'>1100101100,</span> <span class='ocrx_word' id='word_1_683' title='bbox 2322 2395 2418 2427; x_wconf 88' lang='lat' dir='ltr'>dicen-</span> 
     </span>
     <span class='ocr_line' id='line_1_96' title="bbox 1471 2447 2417 2490; baseline 0.001 -11"><span class='ocrx_word' id='word_1_684' title='bbox 1471 2447 1565 2486; x_wconf 90' lang='lat' dir='ltr'>dum,</span> <span class='ocrx_word' id='word_1_685' title='bbox 1583 2447 1666 2489; x_wconf 87' lang='lat' dir='ltr'>quod</span> <span class='ocrx_word' id='word_1_686' title='bbox 1684 2447 1777 2479; x_wconf 89' lang='lat' dir='ltr'>debet</span> <span class='ocrx_word' id='word_1_687' title='bbox 1800 2450 1903 2479; x_wconf 84' lang='lat' dir='ltr'>tacere</span> <span class='ocrx_word' id='word_1_688' title='bbox 1928 2456 1984 2479; x_wconf 90' lang='lat' dir='ltr'>nec</span> <span class='ocrx_word' id='word_1_689' title='bbox 2008 2447 2083 2489; x_wconf 70' lang='lat' dir='ltr'>per⁹</span> <span class='ocrx_word' id='word_1_690' title='bbox 2105 2447 2189 2479; x_wconf 87' lang='lat' dir='ltr'>illam</span> <span class='ocrx_word' id='word_1_691' title='bbox 2215 2448 2417 2490; x_wconf 84' lang='lat' dir='ltr'>cognitionem</span> 
     </span>
     <span class='ocr_line' id='line_1_97' title="bbox 1469 2499 2417 2542; baseline 0.002 -11"><span class='ocrx_word' id='word_1_692' title='bbox 1469 2500 1589 2542; x_wconf 86' lang='lat' dir='ltr'>aliquid</span> <span class='ocrx_word' id='word_1_693' title='bbox 1613 2499 1717 2532; x_wconf 90' lang='lat' dir='ltr'>dicere</span> <span class='ocrx_word' id='word_1_694' title='bbox 1741 2499 1932 2541; x_wconf 76' lang='lat' dir='ltr'>specialiter,</span> <span class='ocrx_word' id='word_1_695' title='bbox 1956 2504 2058 2541; x_wconf 87' lang='lat' dir='ltr'>potest</span> <span class='ocrx_word' id='word_1_696' title='bbox 2084 2504 2185 2533; x_wconf 86' lang='lat' dir='ltr'>tamen</span> <span class='ocrx_word' id='word_1_697' title='bbox 2216 2501 2282 2533; x_wconf 86' lang='lat' dir='ltr'>sine</span> <span class='ocrx_word' id='word_1_698' title='bbox 2306 2501 2417 2533; x_wconf 82' lang='lat' dir='ltr'>revela-</span> 
     </span>
     <span class='ocr_line' id='line_1_98' title="bbox 1471 2552 2416 2595; baseline 0.001 -11"><span class='ocrx_word' id='word_1_699' title='bbox 1471 2553 1553 2585; x_wconf 90' lang='lat' dir='ltr'>tione</span> <span class='ocrx_word' id='word_1_700' title='bbox 1570 2552 1771 2585; x_wconf 81' lang='lat' dir='ltr'>confessionis</span> <span class='ocrx_word' id='word_1_701' title='bbox 1788 2553 1942 2594; x_wconf 89' lang='lat' dir='ltr'>superiori</span> <span class='ocrx_word' id='word_1_702' title='bbox 1961 2553 2083 2585; x_wconf 84' lang='lat' dir='ltr'>dicere:</span> <span class='ocrx_word' id='word_1_703' title='bbox 2101 2553 2195 2594; x_wconf 84' lang='lat' dir='ltr'>vigila</span> <span class='ocrx_word' id='word_1_704' title='bbox 2213 2562 2309 2595; x_wconf 87' lang='lat' dir='ltr'>super</span> <span class='ocrx_word' id='word_1_705' title='bbox 2333 2562 2416 2591; x_wconf 90' lang='lat' dir='ltr'>oves,</span> 
     </span>
     <span class='ocr_line' id='line_1_99' title="bbox 1471 2605 2414 2648; baseline 0.001 -11"><span class='ocrx_word' id='word_1_706' title='bbox 1471 2606 1545 2647; x_wconf 83' lang='lat' dir='ltr'>quia</span> <span class='ocrx_word' id='word_1_707' title='bbox 1566 2605 1659 2647; x_wconf 90' lang='lat' dir='ltr'>lupus</span> <span class='ocrx_word' id='word_1_708' title='bbox 1684 2610 1730 2638; x_wconf 89' lang='lat' dir='ltr'>est</span> <span class='ocrx_word' id='word_1_709' title='bbox 1754 2606 1783 2637; x_wconf 89' lang='lat' dir='ltr'>iu</span> <span class='ocrx_word' id='word_1_710' title='bbox 1809 2615 1920 2647; x_wconf 82' lang='lat' dir='ltr'>grege,</span> <span class='ocrx_word' id='word_1_711' title='bbox 1938 2606 1962 2638; x_wconf 92' lang='lat' dir='ltr'>si</span> <span class='ocrx_word' id='word_1_712' title='bbox 1982 2606 2185 2648; x_wconf 84' lang='lat' dir='ltr'>probabiliter</span> <span class='ocrx_word' id='word_1_713' title='bbox 2210 2607 2311 2646; x_wconf 86' lang='lat' dir='ltr'>videt,</span> <span class='ocrx_word' id='word_1_714' title='bbox 2329 2606 2414 2638; x_wconf 89' lang='lat' dir='ltr'>illum</span> 
     </span>
     <span class='ocr_line' id='line_1_100' title="bbox 1471 2658 2413 2701; baseline 0 -12"><span class='ocrx_word' id='word_1_715' title='bbox 1471 2659 1523 2700; x_wconf 90' lang='lat' dir='ltr'>qui</span> <span class='ocrx_word' id='word_1_716' title='bbox 1560 2658 1721 2691; x_wconf 85' lang='lat' dir='ltr'>confessus</span> <span class='ocrx_word' id='word_1_717' title='bbox 1756 2662 1819 2697; x_wconf 85' lang='lat' dir='ltr'>est,</span> <span class='ocrx_word' id='word_1_718' title='bbox 1855 2667 1967 2691; x_wconf 89' lang='lat' dir='ltr'>verum</span> <span class='ocrx_word' id='word_1_719' title='bbox 2004 2659 2140 2698; x_wconf 81' lang='lat' dir='ltr'>dixisse,</span> <span class='ocrx_word' id='word_1_720' title='bbox 2176 2663 2206 2691; x_wconf 89' lang='lat' dir='ltr'>et</span> <span class='ocrx_word' id='word_1_721' title='bbox 2241 2658 2413 2701; x_wconf 86' lang='lat' dir='ltr'>periculum</span> 
     </span>
     <span class='ocr_line' id='line_1_101' title="bbox 1471 2710 2416 2744; baseline 0 -2"><span class='ocrx_word' id='word_1_722' title='bbox 1471 2712 1578 2743; x_wconf 86' lang='lat' dir='ltr'>ovium</span> <span class='ocrx_word' id='word_1_723' title='bbox 1605 2711 1778 2743; x_wconf 86' lang='lat' dir='ltr'>imminere.</span> <span class='ocrx_word' id='word_1_724' title='bbox 1804 2711 1904 2743; x_wconf 85' lang='lat' dir='ltr'>Potest</span> <span class='ocrx_word' id='word_1_725' title='bbox 1927 2711 2020 2743; x_wconf 85' lang='lat' dir='ltr'>etiam</span> <span class='ocrx_word' id='word_1_726' title='bbox 2045 2715 2075 2744; x_wconf 91' lang='lat' dir='ltr'>et</span> <span class='ocrx_word' id='word_1_727' title='bbox 2104 2711 2196 2744; x_wconf 86' lang='lat' dir='ltr'>dehet</span> <span class='ocrx_word' id='word_1_728' title='bbox 2220 2720 2288 2744; x_wconf 86' lang='lat' dir='ltr'>esse</span> <span class='ocrx_word' id='word_1_729' title='bbox 2312 2710 2416 2744; x_wconf 89' lang='lat' dir='ltr'>sollici-</span> 
     </span>
     <span class='ocr_line' id='line_1_102' title="bbox 1473 2763 2418 2806; baseline -0.001 -10"><span class='ocrx_word' id='word_1_730' title='bbox 1473 2768 1523 2796; x_wconf 91' lang='lat' dir='ltr'>tus</span> <span class='ocrx_word' id='word_1_731' title='bbox 1547 2765 1613 2796; x_wconf 92' lang='lat' dir='ltr'>sine</span> <span class='ocrx_word' id='word_1_732' title='bbox 1638 2764 1827 2796; x_wconf 88' lang='lat' dir='ltr'>revelatione</span> <span class='ocrx_word' id='word_1_733' title='bbox 1851 2763 2070 2803; x_wconf 82' lang='lat' dir='ltr'>confessionis,</span> <span class='ocrx_word' id='word_1_734' title='bbox 2104 2765 2261 2806; x_wconf 90' lang='lat' dir='ltr'>quomodo</span> <span class='ocrx_word' id='word_1_735' title='bbox 2293 2764 2368 2797; x_wconf 88' lang='lat' dir='ltr'>sciat</span> <span class='ocrx_word' id='word_1_736' title='bbox 2390 2766 2418 2796; x_wconf 87' lang='lat' dir='ltr'>et</span> 
     </span>
    </p>
   </div>
   <div class='ocr_carea' id='block_1_12' title="bbox 1469 3042 2416 3428">
    <p class='ocr_par' dir='ltr' id='par_1_25' title="bbox 1469 3042 2415 3120">
     <span class='ocr_line' id='line_1_103' title="bbox 1469 3042 2415 3076; baseline -0.004 -6"><span class='ocrx_word' id='word_1_737' title='bbox 1469 3044 1499 3070; x_wconf 80' lang='lat' dir='ltr'>ei.</span> <span class='ocrx_word' id='word_1_738' title='bbox 1516 3044 1586 3069; x_wconf 82' lang='lat' dir='ltr'>—ln</span> <span class='ocrx_word' id='word_1_739' title='bbox 1608 3044 1650 3069; x_wconf 84' lang='lat' dir='ltr'>lib.</span> <span class='ocrx_word' id='word_1_740' title='bbox 1670 3044 1702 3069; x_wconf 87' lang='lat' dir='ltr'>de</span> <span class='ocrx_word' id='word_1_741' title='bbox 1722 3045 1837 3076; x_wconf 83' lang='lat' dir='ltr'>Quatuor</span> <span class='ocrx_word' id='word_1_742' title='bbox 1856 3044 2001 3070; x_wconf 81' lang='lat' dir='ltr'>Virtutibus</span> <span class='ocrx_word' id='word_1_743' title='bbox 2020 3045 2101 3076; x_wconf 84' lang='lat' dir='ltr'>(inter</span> <span class='ocrx_word' id='word_1_744' title='bbox 2120 3052 2199 3076; x_wconf 84' lang='lat' dir='ltr'>opera</span> <span class='ocrx_word' id='word_1_745' title='bbox 2217 3045 2343 3076; x_wconf 86' lang='lat' dir='ltr'>Senecae)</span> <span class='ocrx_word' id='word_1_746' title='bbox 2357 3050 2378 3068; x_wconf 85' lang='grc'>0.</span> <span class='ocrx_word' id='word_1_747' title='bbox 2393 3042 2415 3067; x_wconf 76' lang='grc'>4.</span> 
     </span>
     <span class='ocr_line' id='line_1_104' title="bbox 1470 3088 2308 3120; baseline 0 -7"><span class='ocrx_word' id='word_1_748' title='bbox 1470 3092 1555 3119; x_wconf 77' lang='lat' dir='ltr'>partes</span> <span class='ocrx_word' id='word_1_749' title='bbox 1575 3089 1684 3113; x_wconf 82' lang='lat' dir='ltr'>iustitiae</span> <span class='ocrx_word' id='word_1_750' title='bbox 1703 3092 1778 3113; x_wconf 82' lang='lat' dir='ltr'>sunt:</span> <span class='ocrx_word' id='word_1_751' title='bbox 1798 3088 1920 3113; x_wconf 83' lang='lat' dir='ltr'>omnibus</span> <span class='ocrx_word' id='word_1_752' title='bbox 1940 3088 2065 3120; x_wconf 85' lang='lat' dir='ltr'>prodesse</span> <span class='ocrx_word' id='word_1_753' title='bbox 2084 3092 2108 3114; x_wconf 88' lang='lat' dir='ltr'>et</span> <span class='ocrx_word' id='word_1_754' title='bbox 2128 3089 2187 3113; x_wconf 89' lang='lat' dir='ltr'>nulli</span> <span class='ocrx_word' id='word_1_755' title='bbox 2209 3095 2308 3113; x_wconf 89' lang='lat' dir='ltr'>nocere.</span> 
     </span>
    </p>

    <p class='ocr_par' dir='ltr' id='par_1_26' title="bbox 1469 3129 2416 3340">
     <span class='ocr_line' id='line_1_105' title="bbox 1541 3129 2413 3165; baseline -0.003 -8"><span class='ocrx_word' id='word_1_756' title='bbox 1541 3132 1552 3148; x_wconf 97' lang='lat'><strong>⁷</strong></span> <span class='ocrx_word' id='word_1_757' title='bbox 1571 3132 1633 3157; x_wconf 84' lang='lat' dir='ltr'>Edd.</span> <span class='ocrx_word' id='word_1_758' title='bbox 1653 3132 1752 3157; x_wconf 84' lang='lat' dir='ltr'>addunt</span> <span class='ocrx_word' id='word_1_759' title='bbox 1770 3132 1926 3165; x_wconf 72' lang='lat' dir='ltr'>oppositum.</span> <span class='ocrx_word' id='word_1_760' title='bbox 1946 3133 2053 3157; x_wconf 79' lang='lat' dir='ltr'>inferius</span> <span class='ocrx_word' id='word_1_761' title='bbox 2067 3139 2114 3163; x_wconf 91' lang='lat' dir='ltr'>pro</span> <span class='ocrx_word' id='word_1_762' title='bbox 2127 3131 2180 3157; x_wconf 77' lang='grc' dir='ltr'>11ἰεί</span> <span class='ocrx_word' id='word_1_763' title='bbox 2197 3131 2299 3158; x_wconf 76' lang='lat' dir='ltr'>noverit</span> <span class='ocrx_word' id='word_1_764' title='bbox 2316 3130 2383 3164; x_wconf 86' lang='lat' dir='ltr'>[cod.</span> <span class='ocrx_word' id='word_1_765' title='bbox 2397 3129 2413 3154; x_wconf 85' lang='lat' dir='ltr'>E</span> 
     </span>
     <span class='ocr_line' id='line_1_106' title="bbox 1469 3172 2416 3209; baseline -0.002 -9"><span class='ocrx_word' id='word_1_766' title='bbox 1469 3174 1588 3207; x_wconf 75' lang='lat' dir='ltr'>sciverit,</span> <span class='ocrx_word' id='word_1_767' title='bbox 1611 3176 1670 3200; x_wconf 88' lang='lat' dir='ltr'>edd.</span> <span class='ocrx_word' id='word_1_768' title='bbox 1690 3175 1891 3209; x_wconf 73' lang='lat' dir='ltr'>manifestatum</span> <span class='ocrx_word' id='word_1_769' title='bbox 1908 3175 2004 3209; x_wconf 73' lang='lat' dir='ltr'>fuerit]</span> <span class='ocrx_word' id='word_1_770' title='bbox 2022 3182 2070 3208; x_wconf 77' lang='lat' dir='ltr'>per</span> <span class='ocrx_word' id='word_1_771' title='bbox 2088 3175 2172 3201; x_wconf 79' lang='lat' dir='ltr'>aliam</span> <span class='ocrx_word' id='word_1_772' title='bbox 2188 3181 2346 3208; x_wconf 58' lang='lat' dir='ltr'>persentiam·</span> <span class='ocrx_word' id='word_1_773' title='bbox 2359 3172 2416 3199; x_wconf 76' lang='lat' dir='ltr'>nul·</span> 
     </span>
     <span class='ocr_line' id='line_1_107' title="bbox 1471 3218 2413 3254; baseline -0.003 -9"><span class='ocrx_word' id='word_1_774' title='bbox 1471 3219 1575 3246; x_wconf 72' lang='lat' dir='ltr'>latenas</span> <span class='ocrx_word' id='word_1_775' title='bbox 1594 3221 1662 3252; x_wconf 84' lang='lat' dir='ltr'>[cod.</span> <span class='ocrx_word' id='word_1_776' title='bbox 1682 3228 1711 3246; x_wconf 79' lang='lat' dir='ltr'>aa</span> <span class='ocrx_word' id='word_1_777' title='bbox 1732 3220 1813 3254; x_wconf 78' lang='lat' dir='ltr'>nulii]</span> <span class='ocrx_word' id='word_1_778' title='bbox 1834 3227 1884 3245; x_wconf 89' lang='lat' dir='ltr'>non</span> <span class='ocrx_word' id='word_1_779' title='bbox 1911 3221 1986 3251; x_wconf 84' lang='lat' dir='ltr'>pauci</span> <span class='ocrx_word' id='word_1_780' title='bbox 2013 3220 2088 3245; x_wconf 88' lang='lat' dir='ltr'>codd.</span> <span class='ocrx_word' id='word_1_781' title='bbox 2110 3227 2247 3252; x_wconf 83' lang='lat' dir='ltr'>perperam</span> <span class='ocrx_word' id='word_1_782' title='bbox 2272 3218 2324 3245; x_wconf 81' lang='lat' dir='ltr'>nisi</span> <span class='ocrx_word' id='word_1_783' title='bbox 2345 3223 2413 3244; x_wconf 80' lang='lat' dir='ltr'>vene-</span> 
     </span>
     <span class='ocr_line' id='line_1_108' title="bbox 1470 3261 2412 3297; baseline -0.001 -8"><span class='ocrx_word' id='word_1_784' title='bbox 1470 3263 1505 3289; x_wconf 76' lang='lat' dir='ltr'>rit</span> <span class='ocrx_word' id='word_1_785' title='bbox 1523 3271 1571 3297; x_wconf 80' lang='lat' dir='ltr'>per</span> <span class='ocrx_word' id='word_1_786' title='bbox 1588 3264 1663 3290; x_wconf 76' lang='lat' dir='ltr'>illam</span> <span class='ocrx_word' id='word_1_787' title='bbox 1675 3271 1833 3297; x_wconf 73' lang='lat' dir='ltr'>personam,</span> <span class='ocrx_word' id='word_1_788' title='bbox 1849 3263 2003 3290; x_wconf 75' lang='lat' dir='ltr'>nallatenus</span> <span class='ocrx_word' id='word_1_789' title='bbox 2022 3263 2123 3297; x_wconf 88' lang='lat' dir='ltr'>[plures</span> <span class='ocrx_word' id='word_1_790' title='bbox 2143 3264 2218 3289; x_wconf 89' lang='lat' dir='ltr'>codd.</span> <span class='ocrx_word' id='word_1_791' title='bbox 2234 3261 2412 3293; x_wconf 53' lang='lat' dir='ltr'>nihilominus</span> 
     </span>
     <span class='ocr_line' id='line_1_109' title="bbox 1470 3306 2122 3340; baseline 0.002 -8"><span class='ocrx_word' id='word_1_792' title='bbox 1470 3307 1527 3332; x_wconf 89' lang='lat' dir='ltr'>cod.</span> <span class='ocrx_word' id='word_1_793' title='bbox 1548 3308 1567 3332; x_wconf 84' lang='lat' dir='ltr'><strong>A</strong></span> <span class='ocrx_word' id='word_1_794' title='bbox 1586 3315 1601 3332; x_wconf 85' lang='lat' dir='ltr'>a</span> <span class='ocrx_word' id='word_1_795' title='bbox 1620 3308 1733 3333; x_wconf 84' lang='lat' dir='ltr'>secunda</span> <span class='ocrx_word' id='word_1_796' title='bbox 1754 3315 1831 3333; x_wconf 88' lang='lat' dir='ltr'>manu</span> <span class='ocrx_word' id='word_1_797' title='bbox 1850 3306 2025 3333; x_wconf 75' lang='lat' dir='ltr'>nihilominus</span> <span class='ocrx_word' id='word_1_798' title='bbox 2044 3306 2122 3340; x_wconf 64' lang='grc'>11011]</span> 
     </span>
    </p>

    <p class='ocr_par' dir='ltr' id='par_1_27' title="bbox 1540 3350 1702 3376">
     <span class='ocr_line' id='line_1_110' title="bbox 1540 3350 1702 3376; baseline 0.006 -1"><span class='ocrx_word' id='word_1_799' title='bbox 1540 3350 1551 3367; x_wconf 78' lang='lat'>8</span> <span class='ocrx_word' id='word_1_800' title='bbox 1570 3351 1614 3376; x_wconf 89' lang='lat' dir='ltr'>Hic</span> <span class='ocrx_word' id='word_1_801' title='bbox 1634 3358 1656 3376; x_wconf 88' lang='lat' dir='ltr'>c.</span> <span class='ocrx_word' id='word_1_802' title='bbox 1679 3353 1702 3376; x_wconf 83' lang='lat'>9.</span> 
     </span>
    </p>

    <p class='ocr_par' dir='ltr' id='par_1_28' title="bbox 1540 3394 1942 3428">
     <span class='ocr_line' id='line_1_111' title="bbox 1540 3394 1942 3428; baseline 0.002 -8"><span class='ocrx_word' id='word_1_803' title='bbox 1540 3394 1551 3411; x_wconf 79' lang='lat'>⁹</span> <span class='ocrx_word' id='word_1_804' title='bbox 1570 3395 1701 3420; x_wconf 83' lang='lat' dir='ltr'>Mallemus</span> <span class='ocrx_word' id='word_1_805' title='bbox 1721 3395 1806 3427; x_wconf 80' lang='lat' dir='ltr'>legere</span> <span class='ocrx_word' id='word_1_806' title='bbox 1824 3396 1942 3428; x_wconf 75' lang='lat' dir='ltr'>propter.</span> 
     </span>
    </p>
   </div>
  </div>
 </body>
</html>
