<?xml version="1.0" encoding="UTF-8"?>
<!DOCTYPE html PUBLIC "-//W3C//DTD XHTML 1.0 Transitional//EN"
    "http://www.w3.org/TR/xhtml1/DTD/xhtml1-transitional.dtd">
<html xmlns="http://www.w3.org/1999/xhtml" xml:lang="en" lang="en">
 <head>
  <title>
</title>
<meta http-equiv="Content-Type" content="text/html;charset=utf-8" />
  <meta name='ocr-system' content='tesseract 3.04.00' />
  <meta name='ocr-capabilities' content='ocr_page ocr_carea ocr_par ocr_line ocrx_word'/>
</head>
<body>
  <div class='ocr_page' id='page_1' title='image "./doctorisseraphic04bona_0595.png"; bbox 0 0 2483 3882; ppageno 0'>
   <div class='ocr_carea' id='block_1_1' title="bbox 718 250 1295 292">
    <p class='ocr_par' dir='ltr' id='par_1_1' title="bbox 718 250 1295 292">
     <span class='ocr_line' id='line_1_1' title="bbox 718 250 1295 292; baseline -0.002 -9"><span class='ocrx_word' id='word_1_1' title='bbox 718 252 812 284; x_wconf 82' lang='lat' dir='ltr'>DIS&#39;r.</span> <span class='ocrx_word' id='word_1_2' title='bbox 837 251 921 283; x_wconf 78' lang='lat' dir='ltr'>XXII.</span> <span class='ocrx_word' id='word_1_3' title='bbox 946 250 1027 283; x_wconf 79' lang='lat' dir='ltr'>ART.</span> <span class='ocrx_word' id='word_1_4' title='bbox 1053 251 1073 282; x_wconf 90' lang='grc' dir='ltr'>Ι.</span> <span class='ocrx_word' id='word_1_5' title='bbox 1098 250 1250 292; x_wconf 82' lang='lat' dir='ltr'>QUAEST.</span> <span class='ocrx_word' id='word_1_6' title='bbox 1276 250 1295 282; x_wconf 94' lang='grc' dir='ltr'>Ι.</span> 
     </span>
    </p>
   </div>
   <div class='ocr_carea' id='block_1_2' title="bbox 0 339 976 1697">
    <p class='ocr_par' dir='ltr' id='par_1_2' title="bbox 26 339 976 644">
     <span class='ocr_line' id='line_1_2' title="bbox 29 339 976 383; baseline -0.003 -9"><span class='ocrx_word' id='word_1_7' title='bbox 29 345 58 375; x_wconf 90' lang='lat' dir='ltr'>et</span> <span class='ocrx_word' id='word_1_8' title='bbox 79 340 284 383; x_wconf 81' lang='lat' dir='ltr'>pronitatem:</span> <span class='ocrx_word' id='word_1_9' title='bbox 314 349 388 381; x_wconf 87' lang='lat' dir='ltr'>ergo</span> <span class='ocrx_word' id='word_1_10' title='bbox 412 343 469 372; x_wconf 88' lang='lat' dir='ltr'>etc.</span> <span class='ocrx_word' id='word_1_11' title='bbox 503 339 661 371; x_wconf 75' lang='lat' dir='ltr'>Probatz&#39;o</span> <span class='ocrx_word' id='word_1_12' title='bbox 692 339 852 371; x_wconf 74' lang='lat' dir='ltr'>minoris:</span> <span class='ocrx_word' id='word_1_13' title='bbox 877 339 976 372; x_wconf 88' lang='lat' dir='ltr'>defor-</span> 
     </span>
     <span class='ocr_line' id='line_1_3' title="bbox 28 391 975 434; baseline -0.003 -8"><span class='ocrx_word' id='word_1_14' title='bbox 28 394 118 426; x_wconf 87' lang='lat' dir='ltr'>mitas</span> <span class='ocrx_word' id='word_1_15' title='bbox 141 393 280 426; x_wconf 83' lang='lat' dir='ltr'>consistit</span> <span class='ocrx_word' id='word_1_16' title='bbox 304 393 334 424; x_wconf 91' lang='lat' dir='ltr'>in</span> <span class='ocrx_word' id='word_1_17' title='bbox 359 392 577 434; x_wconf 88' lang='lat' dir='ltr'>deturpatione</span> <span class='ocrx_word' id='word_1_18' title='bbox 594 392 754 434; x_wconf 82' lang='lat' dir='ltr'>imaginis,</span> <span class='ocrx_word' id='word_1_19' title='bbox 781 392 920 433; x_wconf 84' lang='lat' dir='ltr'>pronitas</span> <span class='ocrx_word' id='word_1_20' title='bbox 944 391 975 423; x_wconf 94' lang='lat' dir='ltr'>in</span> 
     </span>
     <span class='ocr_line' id='line_1_4' title="bbox 28 444 975 486; baseline -0.002 -8"><span class='ocrx_word' id='word_1_21' title='bbox 28 446 223 479; x_wconf 86' lang='lat' dir='ltr'>inclinatione</span> <span class='ocrx_word' id='word_1_22' title='bbox 263 446 302 478; x_wconf 91' lang='lat' dir='ltr'>ad</span> <span class='ocrx_word' id='word_1_23' title='bbox 338 448 443 477; x_wconf 89' lang='lat' dir='ltr'>actum</span> <span class='ocrx_word' id='word_1_24' title='bbox 481 445 617 486; x_wconf 77' lang='lat' dir='ltr'>aliquem</span> <span class='ocrx_word' id='word_1_25' title='bbox 656 444 830 477; x_wconf 87' lang='lat' dir='ltr'>secundum</span> <span class='ocrx_word' id='word_1_26' title='bbox 870 452 975 476; x_wconf 86' lang='lat' dir='ltr'>exces-</span> 
     </span>
     <span class='ocr_line' id='line_1_5' title="bbox 28 498 976 539; baseline -0.003 -8"><span class='ocrx_word' id='word_1_27' title='bbox 28 507 116 537; x_wconf 82' lang='lat' dir='ltr'>sum3</span> <span class='ocrx_word' id='word_1_28' title='bbox 133 498 187 530; x_wconf 88' lang='lat' dir='ltr'>sed</span> <span class='ocrx_word' id='word_1_29' title='bbox 213 498 353 539; x_wconf 81' lang='lat' dir='ltr'>pronitas</span> <span class='ocrx_word' id='word_1_30' title='bbox 376 500 517 529; x_wconf 88' lang='lat' dir='ltr'>remanet</span> <span class='ocrx_word' id='word_1_31' title='bbox 540 500 610 538; x_wconf 86' lang='lat' dir='ltr'>post</span> <span class='ocrx_word' id='word_1_32' title='bbox 633 500 796 537; x_wconf 87' lang='lat' dir='ltr'>peccatum</span> <span class='ocrx_word' id='word_1_33' title='bbox 821 499 851 528; x_wconf 89' lang='lat' dir='ltr'>et</span> <span class='ocrx_word' id='word_1_34' title='bbox 875 499 976 537; x_wconf 89' lang='lat' dir='ltr'>potest</span> 
     </span>
     <span class='ocr_line' id='line_1_6' title="bbox 28 548 974 593; baseline -0.002 -11"><span class='ocrx_word' id='word_1_35' title='bbox 28 559 83 593; x_wconf 88' lang='lat' dir='ltr'>per</span> <span class='ocrx_word' id='word_1_36' title='bbox 105 550 230 591; x_wconf 85' lang='lat' dir='ltr'>eulpam</span> <span class='ocrx_word' id='word_1_37' title='bbox 256 553 437 592; x_wconf 81' lang='lat' dir='ltr'>sequentem</span> <span class='ocrx_word' id='word_1_38' title='bbox 463 549 598 588; x_wconf 85' lang='lat' dir='ltr'>intendi,</span> <span class='ocrx_word' id='word_1_39' title='bbox 616 552 646 581; x_wconf 88' lang='lat' dir='ltr'>et</span> <span class='ocrx_word' id='word_1_40' title='bbox 666 548 770 580; x_wconf 88' lang='lat' dir='ltr'>anima</span> <span class='ocrx_word' id='word_1_41' title='bbox 787 548 974 581; x_wconf 86' lang='lat' dir='ltr'>deformari:</span> 
     </span>
     <span class='ocr_line' id='line_1_7' title="bbox 26 606 179 644; baseline -0.02 -8"><span class='ocrx_word' id='word_1_42' title='bbox 26 612 99 644; x_wconf 85' lang='lat' dir='ltr'>ergo</span> <span class='ocrx_word' id='word_1_43' title='bbox 122 606 179 634; x_wconf 87' lang='lat' dir='ltr'>etc.</span> 
     </span>
    </p>

    <p class='ocr_par' dir='ltr' id='par_1_3' title="bbox 0 653 976 854">
     <span class='ocr_line' id='line_1_8' title="bbox 112 653 975 696; baseline -0.001 -10"><span class='ocrx_word' id='word_1_44' title='bbox 112 654 255 687; x_wconf 64' lang='lat' dir='ltr'>CONTaa:</span> <span class='ocrx_word' id='word_1_45' title='bbox 283 656 310 686; x_wconf 82' lang='lat' dir='ltr'>l.</span> <span class='ocrx_word' id='word_1_46' title='bbox 339 654 438 693; x_wconf 89' lang='lat' dir='ltr'>Nihil,</span> <span class='ocrx_word' id='word_1_47' title='bbox 463 654 547 696; x_wconf 88' lang='lat' dir='ltr'>quod</span> <span class='ocrx_word' id='word_1_48' title='bbox 579 653 706 686; x_wconf 88' lang='lat' dir='ltr'>omnino</span> <span class='ocrx_word' id='word_1_49' title='bbox 730 653 812 686; x_wconf 85' lang='lat' dir='ltr'>cedit</span> <span class='ocrx_word' id='word_1_50' title='bbox 843 653 874 685; x_wconf 89' lang='lat' dir='ltr'>in</span> <span class='ocrx_word' id='word_1_51' title='bbox 899 662 975 685; x_wconf 92' lang='lat' dir='ltr'>non-</span> 
     </span>
     <span class='ocr_line' id='line_1_9' title="bbox 0 705 976 748; baseline -0.002 -8"><span class='ocrx_word' id='word_1_52' title='bbox 0 716 97 746; x_wconf 66' lang='lat' dir='ltr'>=.ens,</span> <span class='ocrx_word' id='word_1_53' title='bbox 120 707 254 739; x_wconf 75' lang='lat' dir='ltr'>iteratur</span> <span class='ocrx_word' id='word_1_54' title='bbox 277 708 403 739; x_wconf 92' lang='lat' dir='ltr'>omnino</span> <span class='ocrx_word' id='word_1_55' title='bbox 427 707 509 739; x_wconf 90' lang='lat' dir='ltr'>idem</span> <span class='ocrx_word' id='word_1_56' title='bbox 525 707 551 745; x_wconf 79' lang='lat'>¹3</span> <span class='ocrx_word' id='word_1_57' title='bbox 575 707 629 739; x_wconf 90' lang='lat' dir='ltr'>sed</span> <span class='ocrx_word' id='word_1_58' title='bbox 655 706 765 748; x_wconf 83' lang='lat' dir='ltr'>culpa,</span> <span class='ocrx_word' id='word_1_59' title='bbox 798 715 869 738; x_wconf 92' lang='lat' dir='ltr'>cum</span> <span class='ocrx_word' id='word_1_60' title='bbox 895 705 976 738; x_wconf 89' lang='lat' dir='ltr'>dele-</span> 
     </span>
     <span class='ocr_line' id='line_1_10' title="bbox 29 759 976 801; baseline -0.001 -10"><span class='ocrx_word' id='word_1_61' title='bbox 29 765 94 796; x_wconf 87' lang='lat' dir='ltr'>tur,</span> <span class='ocrx_word' id='word_1_62' title='bbox 118 760 244 791; x_wconf 91' lang='lat' dir='ltr'>omnino</span> <span class='ocrx_word' id='word_1_63' title='bbox 275 769 336 791; x_wconf 93' lang='lat' dir='ltr'>non</span> <span class='ocrx_word' id='word_1_64' title='bbox 361 763 427 792; x_wconf 89' lang='lat' dir='ltr'>est:</span> <span class='ocrx_word' id='word_1_65' title='bbox 457 768 532 801; x_wconf 87' lang='lat' dir='ltr'>ergo</span> <span class='ocrx_word' id='word_1_66' title='bbox 557 759 749 801; x_wconf 88' lang='lat' dir='ltr'>impossibile</span> <span class='ocrx_word' id='word_1_67' title='bbox 773 762 835 797; x_wconf 88' lang='lat' dir='ltr'>est,</span> <span class='ocrx_word' id='word_1_68' title='bbox 858 767 915 800; x_wconf 89' lang='lat' dir='ltr'>per</span> <span class='ocrx_word' id='word_1_69' title='bbox 932 767 976 790; x_wconf 88' lang='lat' dir='ltr'>se-</span> 
     </span>
     <span class='ocr_line' id='line_1_11' title="bbox 26 811 945 854; baseline -0.002 -10"><span class='ocrx_word' id='word_1_70' title='bbox 26 815 171 854; x_wconf 90' lang='lat' dir='ltr'>quentem</span> <span class='ocrx_word' id='word_1_71' title='bbox 195 815 299 844; x_wconf 86' lang='lat' dir='ltr'>actum</span> <span class='ocrx_word' id='word_1_72' title='bbox 324 812 455 844; x_wconf 85' lang='lat' dir='ltr'>eandem</span> <span class='ocrx_word' id='word_1_73' title='bbox 481 811 606 853; x_wconf 91' lang='lat' dir='ltr'>culpam</span> <span class='ocrx_word' id='word_1_74' title='bbox 632 820 765 843; x_wconf 90' lang='lat' dir='ltr'>numero</span> <span class='ocrx_word' id='word_1_75' title='bbox 790 811 945 843; x_wconf 89' lang='lat' dir='ltr'>renovari.</span> 
     </span>
    </p>

    <p class='ocr_par' dir='ltr' id='par_1_4' title="bbox 26 863 976 1117">
     <span class='ocr_line' id='line_1_12' title="bbox 113 863 974 906; baseline -0.001 -10"><span class='ocrx_word' id='word_1_76' title='bbox 113 866 142 897; x_wconf 69' lang='grc' dir='ltr'>Ξ.</span> <span class='ocrx_word' id='word_1_77' title='bbox 167 865 259 903; x_wconf 80' lang='lat' dir='ltr'>item,</span> <span class='ocrx_word' id='word_1_78' title='bbox 283 864 361 896; x_wconf 83' lang='lat' dir='ltr'>nihil</span> <span class='ocrx_word' id='word_1_79' title='bbox 386 865 509 897; x_wconf 84' lang='lat' dir='ltr'>reducit</span> <span class='ocrx_word' id='word_1_80' title='bbox 532 864 650 906; x_wconf 85' lang='lat' dir='ltr'>aliquid</span> <span class='ocrx_word' id='word_1_81' title='bbox 669 864 808 896; x_wconf 91' lang='lat' dir='ltr'>deletum</span> <span class='ocrx_word' id='word_1_82' title='bbox 833 863 871 896; x_wconf 91' lang='lat' dir='ltr'>ad</span> <span class='ocrx_word' id='word_1_83' title='bbox 890 873 974 900; x_wconf 74' lang='lat' dir='ltr'>esse,</span> 
     </span>
     <span class='ocr_line' id='line_1_13' title="bbox 26 916 976 959; baseline -0.002 -9"><span class='ocrx_word' id='word_1_84' title='bbox 26 918 83 950; x_wconf 88' lang='lat' dir='ltr'>nisi</span> <span class='ocrx_word' id='word_1_85' title='bbox 107 918 191 959; x_wconf 90' lang='lat' dir='ltr'>quod</span> <span class='ocrx_word' id='word_1_86' title='bbox 215 920 317 959; x_wconf 87' lang='lat' dir='ltr'>potest</span> <span class='ocrx_word' id='word_1_87' title='bbox 339 917 442 950; x_wconf 84' lang='lat' dir='ltr'>facere</span> <span class='ocrx_word' id='word_1_88' title='bbox 459 927 544 955; x_wconf 58' lang='lat' dir='ltr'>asse,-</span> <span class='ocrx_word' id='word_1_89' title='bbox 568 917 623 950; x_wconf 88' lang='lat' dir='ltr'>sed</span> <span class='ocrx_word' id='word_1_90' title='bbox 644 926 728 950; x_wconf 90' lang='lat' dir='ltr'>unus</span> <span class='ocrx_word' id='word_1_91' title='bbox 744 920 833 949; x_wconf 87' lang='lat' dir='ltr'>actus</span> <span class='ocrx_word' id='word_1_92' title='bbox 857 925 918 959; x_wconf 87' lang='lat' dir='ltr'>non</span> <span class='ocrx_word' id='word_1_93' title='bbox 937 916 976 948; x_wconf 84' lang='lat' dir='ltr'>fa-</span> 
     </span>
     <span class='ocr_line' id='line_1_14' title="bbox 27 969 975 1012; baseline -0.003 -9"><span class='ocrx_word' id='word_1_94' title='bbox 27 971 67 1003; x_wconf 89' lang='lat' dir='ltr'>cit</span> <span class='ocrx_word' id='word_1_95' title='bbox 82 970 140 1003; x_wconf 91' lang='lat' dir='ltr'>nisi</span> <span class='ocrx_word' id='word_1_96' title='bbox 166 979 260 1002; x_wconf 87' lang='lat' dir='ltr'>unam</span> <span class='ocrx_word' id='word_1_97' title='bbox 279 970 435 1003; x_wconf 75' lang='lat' dir='ltr'>maculam</span> <span class='ocrx_word' id='word_1_98' title='bbox 461 970 526 1002; x_wconf 86' lang='lat' dir='ltr'>sive</span> <span class='ocrx_word' id='word_1_99' title='bbox 551 970 675 1012; x_wconf 86' lang='lat' dir='ltr'>culpam</span> <span class='ocrx_word' id='word_1_100' title='bbox 702 970 732 1001; x_wconf 90' lang='lat' dir='ltr'>in</span> <span class='ocrx_word' id='word_1_101' title='bbox 757 969 875 1001; x_wconf 88' lang='lat' dir='ltr'>anima:</span> <span class='ocrx_word' id='word_1_102' title='bbox 900 978 975 1009; x_wconf 86' lang='lat' dir='ltr'>ergo</span> 
     </span>
     <span class='ocr_line' id='line_1_15' title="bbox 26 1021 975 1065; baseline -0.002 -10"><span class='ocrx_word' id='word_1_103' title='bbox 26 1023 216 1064; x_wconf 84' lang='lat' dir='ltr'>impossibile</span> <span class='ocrx_word' id='word_1_104' title='bbox 240 1026 302 1062; x_wconf 87' lang='lat' dir='ltr'>est,</span> <span class='ocrx_word' id='word_1_105' title='bbox 322 1023 413 1065; x_wconf 90' lang='lat' dir='ltr'>plura</span> <span class='ocrx_word' id='word_1_106' title='bbox 438 1032 553 1064; x_wconf 86' lang='lat' dir='ltr'>genera</span> <span class='ocrx_word' id='word_1_107' title='bbox 570 1025 771 1064; x_wconf 85' lang='lat' dir='ltr'>peccatorum</span> <span class='ocrx_word' id='word_1_108' title='bbox 796 1021 901 1054; x_wconf 90' lang='lat' dir='ltr'>redire</span> <span class='ocrx_word' id='word_1_109' title='bbox 918 1030 975 1063; x_wconf 89' lang='lat' dir='ltr'>per</span> 
     </span>
     <span class='ocr_line' id='line_1_16' title="bbox 26 1075 280 1117; baseline -0.004 -10"><span class='ocrx_word' id='word_1_110' title='bbox 26 1084 118 1107; x_wconf 89' lang='lat' dir='ltr'>unam</span> <span class='ocrx_word' id='word_1_111' title='bbox 144 1075 280 1117; x_wconf 83' lang='lat' dir='ltr'>culpam.</span> 
     </span>
    </p>

    <p class='ocr_par' dir='ltr' id='par_1_5' title="bbox 25 1127 976 1381">
     <span class='ocr_line' id='line_1_17' title="bbox 113 1127 973 1167; baseline -0.002 -7"><span class='ocrx_word' id='word_1_112' title='bbox 113 1128 142 1160; x_wconf 87' lang='lat'>3.</span> <span class='ocrx_word' id='word_1_113' title='bbox 166 1129 259 1167; x_wconf 86' lang='lat' dir='ltr'>ltem,</span> <span class='ocrx_word' id='word_1_114' title='bbox 284 1129 475 1160; x_wconf 82' lang='lat' dir='ltr'>contrarium</span> <span class='ocrx_word' id='word_1_115' title='bbox 501 1138 562 1160; x_wconf 91' lang='lat' dir='ltr'>non</span> <span class='ocrx_word' id='word_1_116' title='bbox 579 1127 702 1161; x_wconf 85' lang='lat' dir='ltr'>reducit</span> <span class='ocrx_word' id='word_1_117' title='bbox 726 1128 765 1160; x_wconf 89' lang='lat' dir='ltr'>ad</span> <span class='ocrx_word' id='word_1_118' title='bbox 790 1137 856 1159; x_wconf 77' lang='lat' dir='ltr'>esse</span> <span class='ocrx_word' id='word_1_119' title='bbox 880 1135 973 1159; x_wconf 90' lang='lat' dir='ltr'>suum</span> 
     </span>
     <span class='ocr_line' id='line_1_18' title="bbox 26 1179 973 1222; baseline -0.002 -9"><span class='ocrx_word' id='word_1_120' title='bbox 26 1181 257 1220; x_wconf 40' lang='lat' dir='ltr'>contrarium&amp;</span> <span class='ocrx_word' id='word_1_121' title='bbox 283 1181 337 1213; x_wconf 89' lang='lat' dir='ltr'>sed</span> <span class='ocrx_word' id='word_1_122' title='bbox 369 1181 517 1222; x_wconf 86' lang='lat' dir='ltr'>possibile</span> <span class='ocrx_word' id='word_1_123' title='bbox 545 1185 609 1219; x_wconf 87' lang='lat' dir='ltr'>est,</span> <span class='ocrx_word' id='word_1_124' title='bbox 641 1181 725 1222; x_wconf 91' lang='lat' dir='ltr'>quod</span> <span class='ocrx_word' id='word_1_125' title='bbox 757 1180 888 1222; x_wconf 85' lang='lat' dir='ltr'>aliquis,</span> <span class='ocrx_word' id='word_1_126' title='bbox 921 1179 973 1221; x_wconf 86' lang='lat' dir='ltr'>qui</span> 
     </span>
     <span class='ocr_line' id='line_1_19' title="bbox 25 1233 976 1275; baseline -0.001 -10"><span class='ocrx_word' id='word_1_127' title='bbox 25 1233 125 1275; x_wconf 89' lang='lat' dir='ltr'>primo</span> <span class='ocrx_word' id='word_1_128' title='bbox 149 1234 289 1275; x_wconf 86' lang='lat' dir='ltr'>peccavit</span> <span class='ocrx_word' id='word_1_129' title='bbox 313 1243 369 1275; x_wconf 90' lang='lat' dir='ltr'>per</span> <span class='ocrx_word' id='word_1_130' title='bbox 393 1234 573 1272; x_wconf 86' lang='lat' dir='ltr'>avaritiam,</span> <span class='ocrx_word' id='word_1_131' title='bbox 598 1234 798 1275; x_wconf 90' lang='lat' dir='ltr'>postmodum</span> <span class='ocrx_word' id='word_1_132' title='bbox 824 1233 976 1265; x_wconf 76' lang='lat' dir='ltr'>recidivet</span> 
     </span>
     <span class='ocr_line' id='line_1_20' title="bbox 25 1285 976 1328; baseline -0.001 -10"><span class='ocrx_word' id='word_1_133' title='bbox 25 1295 79 1328; x_wconf 90' lang='lat' dir='ltr'>per</span> <span class='ocrx_word' id='word_1_134' title='bbox 102 1286 371 1327; x_wconf 71' lang='lat' dir='ltr'>prodigalitatem:</span> <span class='ocrx_word' id='word_1_135' title='bbox 397 1286 420 1318; x_wconf 87' lang='lat' dir='ltr'>si</span> <span class='ocrx_word' id='word_1_136' title='bbox 446 1295 521 1328; x_wconf 88' lang='lat' dir='ltr'>ergo</span> <span class='ocrx_word' id='word_1_137' title='bbox 544 1286 749 1328; x_wconf 77' lang='lat' dir='ltr'>prodigalitas</span> <span class='ocrx_word' id='word_1_138' title='bbox 766 1295 826 1318; x_wconf 92' lang='lat' dir='ltr'>non</span> <span class='ocrx_word' id='word_1_139' title='bbox 853 1285 976 1317; x_wconf 85' lang='lat' dir='ltr'>reducit</span> 
     </span>
     <span class='ocr_line' id='line_1_21' title="bbox 25 1339 548 1381; baseline 0 -10"><span class='ocrx_word' id='word_1_140' title='bbox 25 1339 185 1371; x_wconf 80' lang='lat' dir='ltr'>avaritiam</span> <span class='ocrx_word' id='word_1_141' title='bbox 210 1340 249 1371; x_wconf 92' lang='lat' dir='ltr'>ad</span> <span class='ocrx_word' id='word_1_142' title='bbox 274 1349 358 1377; x_wconf 76' lang='lat' dir='ltr'>esse,</span> <span class='ocrx_word' id='word_1_143' title='bbox 384 1343 468 1381; x_wconf 85' lang='lat' dir='ltr'>patet</span> <span class='ocrx_word' id='word_1_144' title='bbox 491 1343 548 1371; x_wconf 90' lang='lat' dir='ltr'>etc.</span> 
     </span>
    </p>

    <p class='ocr_par' dir='ltr' id='par_1_6' title="bbox 24 1392 976 1697">
     <span class='ocr_line' id='line_1_22' title="bbox 109 1392 973 1433; baseline -0.001 -10"><span class='ocrx_word' id='word_1_145' title='bbox 109 1392 140 1424; x_wconf 71' lang='lat' dir='ltr'>lt.</span> <span class='ocrx_word' id='word_1_146' title='bbox 164 1392 258 1430; x_wconf 89' lang='lat' dir='ltr'>Item,</span> <span class='ocrx_word' id='word_1_147' title='bbox 283 1392 307 1424; x_wconf 87' lang='lat' dir='ltr'>si</span> <span class='ocrx_word' id='word_1_148' title='bbox 333 1396 459 1433; x_wconf 88' lang='lat' dir='ltr'>peccata</span> <span class='ocrx_word' id='word_1_149' title='bbox 491 1392 621 1424; x_wconf 88' lang='lat' dir='ltr'>dimissa</span> <span class='ocrx_word' id='word_1_150' title='bbox 652 1392 788 1424; x_wconf 89' lang='lat' dir='ltr'>redeunt</span> <span class='ocrx_word' id='word_1_151' title='bbox 819 1394 973 1432; x_wconf 88' lang='lat' dir='ltr'>quantum</span> 
     </span>
     <span class='ocr_line' id='line_1_23' title="bbox 24 1443 975 1486; baseline -0.001 -10"><span class='ocrx_word' id='word_1_152' title='bbox 24 1445 62 1477; x_wconf 88' lang='lat' dir='ltr'>ad</span> <span class='ocrx_word' id='word_1_153' title='bbox 87 1444 226 1486; x_wconf 85' lang='lat' dir='ltr'>culpam,</span> <span class='ocrx_word' id='word_1_154' title='bbox 250 1448 305 1476; x_wconf 88' lang='lat' dir='ltr'>aut</span> <span class='ocrx_word' id='word_1_155' title='bbox 328 1453 403 1486; x_wconf 87' lang='lat' dir='ltr'>ergo</span> <span class='ocrx_word' id='word_1_156' title='bbox 428 1445 501 1486; x_wconf 89' lang='lat' dir='ltr'>quia</span> <span class='ocrx_word' id='word_1_157' title='bbox 518 1443 612 1476; x_wconf 72' lang='lat' dir='ltr'>homo</span> <span class='ocrx_word' id='word_1_158' title='bbox 636 1445 695 1477; x_wconf 88' lang='lat' dir='ltr'>boc</span> <span class='ocrx_word' id='word_1_159' title='bbox 712 1444 798 1482; x_wconf 80' lang='lat' dir='ltr'>facit,</span> <span class='ocrx_word' id='word_1_160' title='bbox 822 1448 877 1476; x_wconf 90' lang='lat' dir='ltr'>aut</span> <span class='ocrx_word' id='word_1_161' title='bbox 901 1444 975 1485; x_wconf 86' lang='lat' dir='ltr'>quia</span> 
     </span>
     <span class='ocr_line' id='line_1_24' title="bbox 25 1497 975 1539; baseline -0.001 -10"><span class='ocrx_word' id='word_1_162' title='bbox 25 1497 119 1529; x_wconf 73' lang='lat' dir='ltr'>Deus.</span> <span class='ocrx_word' id='word_1_163' title='bbox 145 1498 248 1529; x_wconf 39' lang='lat' dir='ltr'>Hormo</span> <span class='ocrx_word' id='word_1_164' title='bbox 281 1507 359 1536; x_wconf 79' lang='lat' dir='ltr'>non,</span> <span class='ocrx_word' id='word_1_165' title='bbox 384 1498 457 1539; x_wconf 88' lang='lat' dir='ltr'>quia</span> <span class='ocrx_word' id='word_1_166' title='bbox 489 1507 550 1529; x_wconf 92' lang='lat' dir='ltr'>non</span> <span class='ocrx_word' id='word_1_167' title='bbox 580 1501 682 1539; x_wconf 87' lang='lat' dir='ltr'>potest</span> <span class='ocrx_word' id='word_1_168' title='bbox 713 1497 822 1529; x_wconf 88' lang='lat' dir='ltr'>eodem</span> <span class='ocrx_word' id='word_1_169' title='bbox 849 1500 975 1538; x_wconf 86' lang='lat' dir='ltr'>peccato</span> 
     </span>
     <span class='ocr_line' id='line_1_25' title="bbox 24 1550 976 1592; baseline -0.001 -11"><span class='ocrx_word' id='word_1_170' title='bbox 24 1559 155 1582; x_wconf 86' lang='lat' dir='ltr'>numero</span> <span class='ocrx_word' id='word_1_171' title='bbox 179 1550 226 1582; x_wconf 87' lang='lat' dir='ltr'>his</span> <span class='ocrx_word' id='word_1_172' title='bbox 250 1559 395 1592; x_wconf 77' lang='lat' dir='ltr'>peccare3</span> <span class='ocrx_word' id='word_1_173' title='bbox 420 1551 507 1582; x_wconf 72' lang='lat' dir='ltr'>Deus</span> <span class='ocrx_word' id='word_1_174' title='bbox 532 1560 606 1589; x_wconf 88' lang='lat' dir='ltr'>non,</span> <span class='ocrx_word' id='word_1_175' title='bbox 637 1550 711 1592; x_wconf 87' lang='lat' dir='ltr'>quia</span> <span class='ocrx_word' id='word_1_176' title='bbox 742 1550 899 1582; x_wconf 87' lang='lat' dir='ltr'>neminem</span> <span class='ocrx_word' id='word_1_177' title='bbox 924 1559 976 1590; x_wconf 90' lang='lat' dir='ltr'>po-</span> 
     </span>
     <span class='ocr_line' id='line_1_26' title="bbox 25 1602 973 1644; baseline 0 -10"><span class='ocrx_word' id='word_1_178' title='bbox 25 1605 82 1634; x_wconf 89' lang='lat' dir='ltr'>test</span> <span class='ocrx_word' id='word_1_179' title='bbox 105 1602 206 1634; x_wconf 86' lang='lat' dir='ltr'>facere</span> <span class='ocrx_word' id='word_1_180' title='bbox 229 1606 425 1644; x_wconf 85' lang='lat' dir='ltr'>peccatorem</span> <span class='ocrx_word' id='word_1_181' title='bbox 442 1603 465 1634; x_wconf 82' lang='lat'>³:</span> <span class='ocrx_word' id='word_1_182' title='bbox 491 1612 566 1644; x_wconf 87' lang='lat' dir='ltr'>ergo</span> <span class='ocrx_word' id='word_1_183' title='bbox 598 1602 685 1634; x_wconf 82' lang='lat' dir='ltr'>nullo</span> <span class='ocrx_word' id='word_1_184' title='bbox 706 1602 800 1634; x_wconf 89' lang='lat' dir='ltr'>modo</span> <span class='ocrx_word' id='word_1_185' title='bbox 825 1602 883 1634; x_wconf 89' lang='lat' dir='ltr'>boc</span> <span class='ocrx_word' id='word_1_186' title='bbox 907 1605 973 1634; x_wconf 89' lang='lat' dir='ltr'>est:</span> 
     </span>
     <span class='ocr_line' id='line_1_27' title="bbox 25 1658 176 1697; baseline -0.007 -10"><span class='ocrx_word' id='word_1_187' title='bbox 25 1663 96 1697; x_wconf 86' lang='lat' dir='ltr'>ergo</span> <span class='ocrx_word' id='word_1_188' title='bbox 120 1658 176 1688; x_wconf 90' lang='lat' dir='ltr'>etc.</span> 
     </span>
    </p>
   </div>
   <div class='ocr_carea' id='block_1_3' title="bbox 375 1770 613 1793">
    <p class='ocr_par' dir='ltr' id='par_1_7' title="bbox 375 1770 613 1793">
     <span class='ocr_line' id='line_1_28' title="bbox 375 1770 613 1793; baseline -0.004 0"><span class='ocrx_word' id='word_1_189' title='bbox 375 1770 613 1793; x_wconf 89' lang='lat' dir='ltr'>CONCLUSIO.</span> 
     </span>
    </p>
   </div>
   <div class='ocr_carea' id='block_1_4' title="bbox 151 1865 848 1962">
    <p class='ocr_par' dir='ltr' id='par_1_8' title="bbox 151 1865 848 1962">
     <span class='ocr_line' id='line_1_29' title="bbox 151 1865 848 1908; baseline -0.001 -10"><span class='ocrx_word' id='word_1_190' title='bbox 151 1867 297 1899; x_wconf 69' lang='lat' dir='ltr'>Dimissa</span> <span class='ocrx_word' id='word_1_191' title='bbox 319 1871 454 1908; x_wconf 71' lang='lat' dir='ltr'>peccata</span> <span class='ocrx_word' id='word_1_192' title='bbox 478 1866 568 1898; x_wconf 73' lang='lat' dir='ltr'>nullo</span> <span class='ocrx_word' id='word_1_193' title='bbox 592 1866 686 1898; x_wconf 75' lang='lat' dir='ltr'>modo</span> <span class='ocrx_word' id='word_1_194' title='bbox 711 1865 848 1897; x_wconf 68' lang='lat' dir='ltr'>redeunt</span> 
     </span>
     <span class='ocr_line' id='line_1_30' title="bbox 359 1919 634 1962; baseline -0.004 -11"><span class='ocrx_word' id='word_1_195' title='bbox 359 1920 469 1962; x_wconf 75' lang='lat' dir='ltr'>quoad</span> <span class='ocrx_word' id='word_1_196' title='bbox 492 1919 634 1961; x_wconf 73' lang='lat' dir='ltr'>culpam.</span> 
     </span>
    </p>
   </div>
   <div class='ocr_carea' id='block_1_5' title="bbox 7 2023 975 2697">
    <p class='ocr_par' dir='ltr' id='par_1_9' title="bbox 7 2023 975 2697">
     <span class='ocr_line' id='line_1_31' title="bbox 111 2023 974 2065; baseline -0.002 -9"><span class='ocrx_word' id='word_1_197' title='bbox 111 2025 309 2057; x_wconf 74' lang='lat' dir='ltr'>RcsPoNnEo:</span> <span class='ocrx_word' id='word_1_198' title='bbox 334 2025 523 2063; x_wconf 73' lang='lat' dir='ltr'>Dicendum,</span> <span class='ocrx_word' id='word_1_199' title='bbox 555 2024 639 2065; x_wconf 89' lang='lat' dir='ltr'>quod</span> <span class='ocrx_word' id='word_1_200' title='bbox 665 2024 845 2065; x_wconf 89' lang='lat' dir='ltr'>aliquorum</span> <span class='ocrx_word' id='word_1_201' title='bbox 870 2023 974 2064; x_wconf 90' lang='lat' dir='ltr'>opinio</span> 
     </span>
     <span class='ocr_line' id='line_1_32' title="bbox 7 2076 974 2119; baseline 0 -11"><span class='ocrx_word' id='word_1_202' title='bbox 7 2077 98 2115; x_wconf 84' lang='lat' dir='ltr'>.fuit,</span> <span class='ocrx_word' id='word_1_203' title='bbox 122 2077 206 2119; x_wconf 88' lang='lat' dir='ltr'>quod</span> <span class='ocrx_word' id='word_1_204' title='bbox 231 2077 336 2118; x_wconf 88' lang='lat' dir='ltr'>priora</span> <span class='ocrx_word' id='word_1_205' title='bbox 360 2080 487 2118; x_wconf 84' lang='lat' dir='ltr'>peccata</span> <span class='ocrx_word' id='word_1_206' title='bbox 517 2077 657 2109; x_wconf 85' lang='lat' dir='ltr'>redirent</span> <span class='ocrx_word' id='word_1_207' title='bbox 681 2081 711 2109; x_wconf 91' lang='lat' dir='ltr'>et</span> <span class='ocrx_word' id='word_1_208' title='bbox 742 2076 848 2118; x_wconf 87' lang='lat' dir='ltr'>priora</span> <span class='ocrx_word' id='word_1_209' title='bbox 873 2076 974 2108; x_wconf 91' lang='lat' dir='ltr'>deme-</span> 
     </span>
     <span class='ocr_line' id='line_1_33' title="bbox 28 2130 975 2171; baseline 0 -10"><span class='ocrx_word' id='word_1_210' title='bbox 28 2130 106 2167; x_wconf 78' lang='lat' dir='ltr'>rita,</span> <span class='ocrx_word' id='word_1_211' title='bbox 141 2130 220 2162; x_wconf 82' lang='lat' dir='ltr'>sicut.</span> <span class='ocrx_word' id='word_1_212' title='bbox 254 2134 414 2162; x_wconf 86' lang='lat' dir='ltr'>ostensum</span> <span class='ocrx_word' id='word_1_213' title='bbox 450 2130 509 2162; x_wconf 80' lang='lat' dir='ltr'>fuit</span> <span class='ocrx_word' id='word_1_214' title='bbox 545 2130 681 2171; x_wconf 75' lang='lat' dir='ltr'>supra⁴¹,</span> <span class='ocrx_word' id='word_1_215' title='bbox 718 2130 803 2171; x_wconf 87' lang='lat' dir='ltr'>quod</span> <span class='ocrx_word' id='word_1_216' title='bbox 840 2130 975 2161; x_wconf 89' lang='lat' dir='ltr'>redeunt</span> 
     </span>
     <span class='ocr_line' id='line_1_34' title="bbox 27 2182 974 2224; baseline 0 -10"><span class='ocrx_word' id='word_1_217' title='bbox 27 2182 128 2223; x_wconf 86' lang='lat' dir='ltr'>priora</span> <span class='ocrx_word' id='word_1_218' title='bbox 153 2183 265 2215; x_wconf 90' lang='lat' dir='ltr'>merita</span> <span class='ocrx_word' id='word_1_219' title='bbox 289 2186 319 2215; x_wconf 92' lang='lat' dir='ltr'>et</span> <span class='ocrx_word' id='word_1_220' title='bbox 335 2183 528 2215; x_wconf 69' lang='lat' dir='ltr'>reviviscunt</span> <span class='ocrx_word' id='word_1_221' title='bbox 552 2192 608 2224; x_wconf 89' lang='lat' dir='ltr'>per</span> <span class='ocrx_word' id='word_1_222' title='bbox 625 2183 757 2224; x_wconf 86' lang='lat' dir='ltr'>gratiam</span> <span class='ocrx_word' id='word_1_223' title='bbox 783 2182 974 2224; x_wconf 82' lang='lat' dir='ltr'>subsequen-</span> 
     </span>
     <span class='ocr_line' id='line_1_35' title="bbox 29 2236 974 2278; baseline -0.001 -11"><span class='ocrx_word' id='word_1_224' title='bbox 29 2239 98 2268; x_wconf 85' lang='lat' dir='ltr'>tem.</span> <span class='ocrx_word' id='word_1_225' title='bbox 119 2236 268 2268; x_wconf 77' lang='lat' dir='ltr'>Dicebant</span> <span class='ocrx_word' id='word_1_226' title='bbox 284 2237 385 2275; x_wconf 84' lang='lat' dir='ltr'>enim,</span> <span class='ocrx_word' id='word_1_227' title='bbox 403 2236 484 2268; x_wconf 90' lang='lat' dir='ltr'>bona</span> <span class='ocrx_word' id='word_1_228' title='bbox 508 2239 538 2268; x_wconf 90' lang='lat' dir='ltr'>et</span> <span class='ocrx_word' id='word_1_229' title='bbox 562 2236 645 2268; x_wconf 88' lang='lat' dir='ltr'>mala</span> <span class='ocrx_word' id='word_1_230' title='bbox 665 2240 819 2278; x_wconf 85' lang='lat' dir='ltr'>quantum</span> <span class='ocrx_word' id='word_1_231' title='bbox 836 2236 875 2267; x_wconf 87' lang='lat' dir='ltr'>ad</span> <span class='ocrx_word' id='word_1_232' title='bbox 896 2244 974 2267; x_wconf 90' lang='lat' dir='ltr'>mor-</span> 
     </span>
     <span class='ocr_line' id='line_1_36' title="bbox 27 2289 971 2331; baseline -0.001 -10"><span class='ocrx_word' id='word_1_233' title='bbox 27 2289 222 2322; x_wconf 87' lang='lat' dir='ltr'>tificationem</span> <span class='ocrx_word' id='word_1_234' title='bbox 255 2293 285 2321; x_wconf 89' lang='lat' dir='ltr'>et</span> <span class='ocrx_word' id='word_1_235' title='bbox 317 2289 503 2322; x_wconf 88' lang='lat' dir='ltr'>deletionem</span> <span class='ocrx_word' id='word_1_236' title='bbox 529 2293 559 2321; x_wconf 89' lang='lat' dir='ltr'>et</span> <span class='ocrx_word' id='word_1_237' title='bbox 590 2294 743 2331; x_wconf 84' lang='lat' dir='ltr'>quantum</span> <span class='ocrx_word' id='word_1_238' title='bbox 770 2290 807 2322; x_wconf 88' lang='lat' dir='ltr'>ad</span> <span class='ocrx_word' id='word_1_239' title='bbox 834 2289 971 2321; x_wconf 82' lang='lat' dir='ltr'>reditum</span> 
     </span>
     <span class='ocr_line' id='line_1_37' title="bbox 27 2341 974 2384; baseline 0 -11"><span class='ocrx_word' id='word_1_240' title='bbox 27 2346 56 2373; x_wconf 84' lang='lat' dir='ltr'>et</span> <span class='ocrx_word' id='word_1_241' title='bbox 79 2341 314 2373; x_wconf 82' lang='lat' dir='ltr'>vivificationem</span> <span class='ocrx_word' id='word_1_242' title='bbox 340 2342 407 2384; x_wconf 85' lang='lat' dir='ltr'>pari</span> <span class='ocrx_word' id='word_1_243' title='bbox 426 2351 520 2384; x_wconf 86' lang='lat' dir='ltr'>passu</span> <span class='ocrx_word' id='word_1_244' title='bbox 541 2342 723 2381; x_wconf 88' lang='lat' dir='ltr'>ambulare,</span> <span class='ocrx_word' id='word_1_245' title='bbox 748 2342 922 2375; x_wconf 87' lang='lat' dir='ltr'>secundum</span> <span class='ocrx_word' id='word_1_246' title='bbox 941 2341 974 2373; x_wconf 93' lang='lat' dir='ltr'>il-</span> 
     </span>
     <span class='ocr_line' id='line_1_38' title="bbox 27 2392 972 2435; baseline 0 -10"><span class='ocrx_word' id='word_1_247' title='bbox 27 2392 79 2425; x_wconf 88' lang='lat' dir='ltr'>lud</span> <span class='ocrx_word' id='word_1_248' title='bbox 104 2394 187 2435; x_wconf 90' lang='lat' dir='ltr'>quod</span> <span class='ocrx_word' id='word_1_249' title='bbox 211 2394 362 2426; x_wconf 82' lang='lat' dir='ltr'>Dominus</span> <span class='ocrx_word' id='word_1_250' title='bbox 394 2394 468 2427; x_wconf 91' lang='lat' dir='ltr'>dicit</span> <span class='ocrx_word' id='word_1_251' title='bbox 493 2394 661 2427; x_wconf 85' lang='lat' dir='ltr'>Ezechielis</span> <span class='ocrx_word' id='word_1_252' title='bbox 686 2394 807 2426; x_wconf 90' lang='lat' dir='ltr'>decimo</span> <span class='ocrx_word' id='word_1_253' title='bbox 838 2398 947 2426; x_wconf 84' lang='lat' dir='ltr'>octavo</span> <span class='ocrx_word' id='word_1_254' title='bbox 962 2393 972 2407; x_wconf 82' lang='lat'>⁵</span> 
     </span>
     <span class='ocr_line' id='line_1_39' title="bbox 29 2445 972 2488; baseline 0 -11"><span class='ocrx_word' id='word_1_255' title='bbox 29 2445 66 2477; x_wconf 91' lang='lat' dir='ltr'>de</span> <span class='ocrx_word' id='word_1_256' title='bbox 89 2446 155 2477; x_wconf 82' lang='lat' dir='ltr'>viro</span> <span class='ocrx_word' id='word_1_257' title='bbox 179 2446 275 2485; x_wconf 78' lang='lat' dir='ltr'>iusto,</span> <span class='ocrx_word' id='word_1_258' title='bbox 300 2447 384 2488; x_wconf 90' lang='lat' dir='ltr'>quod</span> <span class='ocrx_word' id='word_1_259' title='bbox 408 2447 432 2478; x_wconf 88' lang='lat' dir='ltr'>si</span> <span class='ocrx_word' id='word_1_260' title='bbox 451 2455 483 2479; x_wconf 89' lang='lat' dir='ltr'>se</span> <span class='ocrx_word' id='word_1_261' title='bbox 500 2456 517 2478; x_wconf 92' lang='lat' dir='ltr'>a</span> <span class='ocrx_word' id='word_1_262' title='bbox 543 2447 661 2479; x_wconf 86' lang='lat' dir='ltr'>iustitia</span> <span class='ocrx_word' id='word_1_263' title='bbox 684 2447 812 2485; x_wconf 85' lang='lat' dir='ltr'>avertit,</span> <span class='ocrx_word' id='word_1_264' title='bbox 831 2446 972 2477; x_wconf 89' lang='lat' dir='ltr'>omnium</span> 
     </span>
     <span class='ocr_line' id='line_1_40' title="bbox 28 2498 974 2540; baseline -0.001 -10"><span class='ocrx_word' id='word_1_265' title='bbox 28 2498 215 2531; x_wconf 89' lang='lat' dir='ltr'>iustitiarum</span> <span class='ocrx_word' id='word_1_266' title='bbox 239 2499 307 2531; x_wconf 89' lang='lat' dir='ltr'>eius</span> <span class='ocrx_word' id='word_1_267' title='bbox 323 2508 384 2531; x_wconf 89' lang='lat' dir='ltr'>non</span> <span class='ocrx_word' id='word_1_268' title='bbox 403 2499 630 2538; x_wconf 78' lang='lat' dir='ltr'>recordabitur,</span> <span class='ocrx_word' id='word_1_269' title='bbox 647 2503 677 2531; x_wconf 91' lang='lat' dir='ltr'>et</span> <span class='ocrx_word' id='word_1_270' title='bbox 694 2500 732 2531; x_wconf 91' lang='lat' dir='ltr'>de</span> <span class='ocrx_word' id='word_1_271' title='bbox 750 2503 911 2540; x_wconf 79' lang='lat' dir='ltr'>peccatore</span> <span class='ocrx_word' id='word_1_272' title='bbox 928 2507 974 2530; x_wconf 91' lang='lat' dir='ltr'>re-</span> 
     </span>
     <span class='ocr_line' id='line_1_41' title="bbox 16 2551 972 2593; baseline -0.001 -10"><span class='ocrx_word' id='word_1_273' title='bbox 16 2554 190 2593; x_wconf 84' lang='lat' dir='ltr'>.surgente,</span> <span class='ocrx_word' id='word_1_274' title='bbox 214 2551 298 2593; x_wconf 90' lang='lat' dir='ltr'>quod</span> <span class='ocrx_word' id='word_1_275' title='bbox 323 2561 382 2583; x_wconf 93' lang='lat' dir='ltr'>non</span> <span class='ocrx_word' id='word_1_276' title='bbox 409 2552 594 2583; x_wconf 82' lang='lat' dir='ltr'>recordatur</span> <span class='ocrx_word' id='word_1_277' title='bbox 619 2552 830 2593; x_wconf 79' lang='lat' dir='ltr'>iniquitatum.</span> <span class='ocrx_word' id='word_1_278' title='bbox 848 2568 891 2573; x_wconf 82' lang='lat'>—</span> <span class='ocrx_word' id='word_1_279' title='bbox 913 2551 972 2583; x_wconf 84' lang='lat' dir='ltr'>Sed</span> 
     </span>
     <span class='ocr_line' id='line_1_42' title="bbox 27 2604 972 2645; baseline 0 -10"><span class='ocrx_word' id='word_1_280' title='bbox 27 2606 127 2636; x_wconf 88' lang='lat' dir='ltr'>tamen</span> <span class='ocrx_word' id='word_1_281' title='bbox 156 2605 233 2637; x_wconf 88' lang='lat' dir='ltr'>illud</span> <span class='ocrx_word' id='word_1_282' title='bbox 266 2614 326 2636; x_wconf 91' lang='lat' dir='ltr'>non</span> <span class='ocrx_word' id='word_1_283' title='bbox 353 2605 478 2637; x_wconf 88' lang='lat' dir='ltr'>videtur</span> <span class='ocrx_word' id='word_1_284' title='bbox 512 2604 720 2645; x_wconf 76' lang='lat' dir='ltr'>intelligibile,</span> <span class='ocrx_word' id='word_1_285' title='bbox 745 2604 830 2645; x_wconf 90' lang='lat' dir='ltr'>quod</span> <span class='ocrx_word' id='word_1_286' title='bbox 862 2604 972 2636; x_wconf 87' lang='lat' dir='ltr'>eadem</span> 
     </span>
     <span class='ocr_line' id='line_1_43' title="bbox 29 2657 973 2697; baseline -0.001 -8"><span class='ocrx_word' id='word_1_287' title='bbox 29 2657 137 2690; x_wconf 86' lang='lat' dir='ltr'>caritas</span> <span class='ocrx_word' id='word_1_288' title='bbox 168 2658 282 2690; x_wconf 83' lang='lat' dir='ltr'>amissa</span> <span class='ocrx_word' id='word_1_289' title='bbox 314 2658 435 2697; x_wconf 89' lang='lat' dir='ltr'>redeat,</span> <span class='ocrx_word' id='word_1_290' title='bbox 467 2658 492 2690; x_wconf 90' lang='lat' dir='ltr'>si</span> <span class='ocrx_word' id='word_1_291' title='bbox 517 2661 564 2690; x_wconf 87' lang='lat' dir='ltr'>est</span> <span class='ocrx_word' id='word_1_292' title='bbox 596 2657 722 2689; x_wconf 85' lang='lat' dir='ltr'>habitus</span> <span class='ocrx_word' id='word_1_293' title='bbox 751 2660 891 2695; x_wconf 85' lang='lat' dir='ltr'>creatus,</span> <span class='ocrx_word' id='word_1_294' title='bbox 917 2666 973 2689; x_wconf 86' lang='lat' dir='ltr'>nec</span> 
     </span>
    </p>
   </div>
   <div class='ocr_carea' id='block_1_6' title="bbox 1004 469 1009 2695">
    <p class='ocr_par' dir='ltr' id='par_1_10' title="bbox 1004 469 1009 2695">
     <span class='ocr_line' id='line_1_44' title="bbox 1004 469 1009 2695; baseline 0 0"><span class='ocrx_word' id='word_1_295' title='bbox 1004 469 1009 2695; x_wconf 95' lang='lat' dir='ltr'> </span> 
     </span>
    </p>
   </div>
   <div class='ocr_carea' id='block_1_7' title="bbox 1927 250 1989 281">
    <p class='ocr_par' dir='ltr' id='par_1_11' title="bbox 1927 250 1989 281">
     <span class='ocr_line' id='line_1_45' title="bbox 1927 250 1989 281; baseline 0 0"><span class='ocrx_word' id='word_1_296' title='bbox 1927 250 1989 281; x_wconf 74' lang='lat'>57¹5</span> 
     </span>
    </p>
   </div>
   <div class='ocr_carea' id='block_1_8' title="bbox 1039 335 2114 738">
    <p class='ocr_par' dir='ltr' id='par_1_12' title="bbox 1039 335 2114 485">
     <span class='ocr_line' id='line_1_46' title="bbox 1039 335 1991 381; baseline -0.004 -10"><span class='ocrx_word' id='word_1_297' title='bbox 1039 339 1123 381; x_wconf 93' lang='lat' dir='ltr'>quod</span> <span class='ocrx_word' id='word_1_298' title='bbox 1148 338 1258 371; x_wconf 90' lang='lat' dir='ltr'>eadem</span> <span class='ocrx_word' id='word_1_299' title='bbox 1290 338 1383 380; x_wconf 87' lang='lat' dir='ltr'>culpa</span> <span class='ocrx_word' id='word_1_300' title='bbox 1407 337 1568 376; x_wconf 74' lang='lat' dir='ltr'>similiter,</span> <span class='ocrx_word' id='word_1_301' title='bbox 1593 337 1617 370; x_wconf 92' lang='lat' dir='ltr'>si</span> <span class='ocrx_word' id='word_1_302' title='bbox 1650 337 1733 369; x_wconf 91' lang='lat' dir='ltr'>enim</span> <span class='ocrx_word' id='word_1_303' title='bbox 1758 337 1884 368; x_wconf 90' lang='lat' dir='ltr'>omnino</span> <span class='ocrx_word' id='word_1_304' title='bbox 1909 335 1991 368; x_wconf 91' lang='lat' dir='ltr'>dele-</span> 
     </span>
     <span class='ocr_line' id='line_1_47' title="bbox 1040 389 1874 432; baseline -0.004 -9"><span class='ocrx_word' id='word_1_305' title='bbox 1040 394 1105 430; x_wconf 84' lang='lat' dir='ltr'>tur,</span> <span class='ocrx_word' id='word_1_306' title='bbox 1130 400 1191 423; x_wconf 90' lang='lat' dir='ltr'>non</span> <span class='ocrx_word' id='word_1_307' title='bbox 1216 391 1299 424; x_wconf 91' lang='lat' dir='ltr'>redit</span> <span class='ocrx_word' id='word_1_308' title='bbox 1322 391 1449 430; x_wconf 91' lang='lat' dir='ltr'>eadem,</span> <span class='ocrx_word' id='word_1_309' title='bbox 1474 399 1554 432; x_wconf 89' lang='lat' dir='ltr'>quae</span> <span class='ocrx_word' id='word_1_310' title='bbox 1579 389 1681 431; x_wconf 88' lang='lat' dir='ltr'>prius.</span> <span class='ocrx_word' id='word_1_311' title='bbox 1706 389 1758 422; x_wconf 83' lang='lat' dir='ltr'>sed</span> <span class='ocrx_word' id='word_1_312' title='bbox 1785 398 1874 421; x_wconf 91' lang='lat' dir='ltr'>nova.</span> 
     </span>
     <span class='ocr_line' id='line_1_48' title="bbox 1130 441 2114 485; baseline -0.003 -9"><span class='ocrx_word' id='word_1_313' title='bbox 1130 445 1164 476; x_wconf 90' lang='lat' dir='ltr'>Et</span> <span class='ocrx_word' id='word_1_314' title='bbox 1188 444 1257 477; x_wconf 92' lang='lat' dir='ltr'>ideo</span> <span class='ocrx_word' id='word_1_315' title='bbox 1274 444 1331 476; x_wconf 88' lang='lat' dir='ltr'>fuit</span> <span class='ocrx_word' id='word_1_316' title='bbox 1348 444 1486 476; x_wconf 89' lang='lat' dir='ltr'>secunda</span> <span class='ocrx_word' id='word_1_317' title='bbox 1502 443 1606 485; x_wconf 90' lang='lat' dir='ltr'>opinio</span> <span class='ocrx_word' id='word_1_318' title='bbox 1632 443 1730 483; x_wconf 84' lang='lat' dir='ltr'>magis</span> <span class='ocrx_word' id='word_1_319' title='bbox 1754 441 1987 483; x_wconf 89' lang='lat' dir='ltr'>aliquantulum</span> <span class='ocrx_word' id='word_1_320' title='bbox 2002 452 2078 479; x_wconf 84' lang='lat' dir='ltr'>Opinio</span> <span class='ocrx_word' id='word_1_321' title='bbox 2092 453 2114 473; x_wconf 60' lang='grc' dir='ltr'>ε».</span> 
     </span>
    </p>

    <p class='ocr_par' dir='ltr' id='par_1_13' title="bbox 1040 495 1993 538">
     <span class='ocr_line' id='line_1_49' title="bbox 1040 495 1993 538; baseline -0.002 -10"><span class='ocrx_word' id='word_1_322' title='bbox 1040 500 1230 538; x_wconf 85' lang='lat' dir='ltr'>temperata,</span> <span class='ocrx_word' id='word_1_323' title='bbox 1254 496 1338 538; x_wconf 89' lang='lat' dir='ltr'>quod</span> <span class='ocrx_word' id='word_1_324' title='bbox 1363 500 1489 538; x_wconf 84' lang='lat' dir='ltr'>peccata</span> <span class='ocrx_word' id='word_1_325' title='bbox 1514 505 1573 528; x_wconf 88' lang='lat' dir='ltr'>non</span> <span class='ocrx_word' id='word_1_326' title='bbox 1600 496 1729 528; x_wconf 78' lang='lat' dir='ltr'>redeant</span> <span class='ocrx_word' id='word_1_327' title='bbox 1754 495 1811 527; x_wconf 92' lang='lat' dir='ltr'>nisi</span> <span class='ocrx_word' id='word_1_328' title='bbox 1837 504 1894 536; x_wconf 88' lang='lat' dir='ltr'>per</span> <span class='ocrx_word' id='word_1_329' title='bbox 1914 503 1993 536; x_wconf 81' lang='lat' dir='ltr'>qua-</span> 
     </span>
    </p>

    <p class='ocr_par' dir='ltr' id='par_1_14' title="bbox 1041 547 1993 591">
     <span class='ocr_line' id='line_1_50' title="bbox 1041 547 1993 591; baseline -0.002 -11"><span class='ocrx_word' id='word_1_330' title='bbox 1041 552 1117 580; x_wconf 77' lang='lat' dir='ltr'>tuor</span> <span class='ocrx_word' id='word_1_331' title='bbox 1139 553 1350 590; x_wconf 76' lang='lat' dir='ltr'>peccatorum</span> <span class='ocrx_word' id='word_1_332' title='bbox 1371 559 1510 591; x_wconf 61' lang='lat' dir='ltr'>genera,</span> <span class='ocrx_word' id='word_1_333' title='bbox 1536 549 1653 581; x_wconf 89' lang='lat' dir='ltr'>scilicet</span> <span class='ocrx_word' id='word_1_334' title='bbox 1677 558 1732 590; x_wconf 90' lang='lat' dir='ltr'>per</span> <span class='ocrx_word' id='word_1_335' title='bbox 1749 548 1857 580; x_wconf 91' lang='lat' dir='ltr'>odium</span> <span class='ocrx_word' id='word_1_336' title='bbox 1882 547 1993 579; x_wconf 83' lang='lat' dir='ltr'>frater-</span> 
     </span>
    </p>

    <p class='ocr_par' dir='ltr' id='par_1_15' title="bbox 1040 597 1989 643">
     <span class='ocr_line' id='line_1_51' title="bbox 1040 597 1989 643; baseline -0.002 -10"><span class='ocrx_word' id='word_1_337' title='bbox 1040 610 1135 640; x_wconf 91' lang='lat' dir='ltr'>num,</span> <span class='ocrx_word' id='word_1_338' title='bbox 1158 611 1215 643; x_wconf 90' lang='lat' dir='ltr'>per</span> <span class='ocrx_word' id='word_1_339' title='bbox 1246 601 1451 643; x_wconf 82' lang='lat' dir='ltr'>apostasiam,</span> <span class='ocrx_word' id='word_1_340' title='bbox 1477 611 1532 643; x_wconf 91' lang='lat' dir='ltr'>per</span> <span class='ocrx_word' id='word_1_341' title='bbox 1565 597 1780 643; x_wconf 88' lang='lat' dir='ltr'>contemptum</span> <span class='ocrx_word' id='word_1_342' title='bbox 1804 600 1989 639; x_wconf 81' lang='lat' dir='ltr'>confitendi,</span> 
     </span>
    </p>

    <p class='ocr_par' dir='ltr' id='par_1_16' title="bbox 1040 653 1990 738">
     <span class='ocr_line' id='line_1_52' title="bbox 1040 653 1990 696; baseline -0.001 -11"><span class='ocrx_word' id='word_1_343' title='bbox 1040 657 1070 686; x_wconf 90' lang='lat' dir='ltr'>et</span> <span class='ocrx_word' id='word_1_344' title='bbox 1086 663 1143 695; x_wconf 91' lang='lat' dir='ltr'>per</span> <span class='ocrx_word' id='word_1_345' title='bbox 1159 654 1233 693; x_wconf 85' lang='lat' dir='ltr'>hoc,</span> <span class='ocrx_word' id='word_1_346' title='bbox 1250 654 1334 695; x_wconf 90' lang='lat' dir='ltr'>quod</span> <span class='ocrx_word' id='word_1_347' title='bbox 1357 654 1454 692; x_wconf 86' lang='lat' dir='ltr'>dolet,</span> <span class='ocrx_word' id='word_1_348' title='bbox 1471 663 1504 686; x_wconf 89' lang='lat' dir='ltr'>se</span> <span class='ocrx_word' id='word_1_349' title='bbox 1524 654 1724 696; x_wconf 87' lang='lat' dir='ltr'>poenituisse.</span> <span class='ocrx_word' id='word_1_350' title='bbox 1743 654 1828 686; x_wconf 90' lang='lat' dir='ltr'>Unde</span> <span class='ocrx_word' id='word_1_351' title='bbox 1848 653 1990 685; x_wconf 86' lang='lat' dir='ltr'>fecerunt</span> 
     </span>
     <span class='ocr_line' id='line_1_53' title="bbox 1040 714 1171 738; baseline -0.008 0"><span class='ocrx_word' id='word_1_352' title='bbox 1040 714 1171 738; x_wconf 87' lang='lat' dir='ltr'>versus:</span> 
     </span>
    </p>
   </div>
   <div class='ocr_carea' id='block_1_9' title="bbox 1182 783 1837 860">
    <p class='ocr_par' dir='ltr' id='par_1_17' title="bbox 1182 783 1837 860">
     <span class='ocr_line' id='line_1_54' title="bbox 1184 783 1837 817; baseline 0.002 -9"><span class='ocrx_word' id='word_1_353' title='bbox 1184 783 1283 808; x_wconf 82' lang='lat' dir='ltr'>Fratres</span> <span class='ocrx_word' id='word_1_354' title='bbox 1303 783 1367 815; x_wconf 86' lang='lat' dir='ltr'>odit,</span> <span class='ocrx_word' id='word_1_355' title='bbox 1388 786 1502 815; x_wconf 80' lang='lat' dir='ltr'>apostata</span> <span class='ocrx_word' id='word_1_356' title='bbox 1524 784 1563 815; x_wconf 82' lang='lat' dir='ltr'>sit,</span> <span class='ocrx_word' id='word_1_357' title='bbox 1584 785 1733 817; x_wconf 73' lang='lat' dir='ltr'>spernitque</span> <span class='ocrx_word' id='word_1_358' title='bbox 1754 786 1837 815; x_wconf 82' lang='lat' dir='ltr'>t&#39;atcri,</span> 
     </span>
     <span class='ocr_line' id='line_1_55' title="bbox 1182 828 1757 860; baseline 0.002 -8"><span class='ocrx_word' id='word_1_359' title='bbox 1182 828 1339 852; x_wconf 83' lang='lat' dir='ltr'>Poenituisse</span> <span class='ocrx_word' id='word_1_360' title='bbox 1359 828 1443 859; x_wconf 81' lang='lat' dir='ltr'>pigct;</span> <span class='ocrx_word' id='word_1_361' title='bbox 1464 829 1570 860; x_wconf 84' lang='lat' dir='ltr'>pristina</span> <span class='ocrx_word' id='word_1_362' title='bbox 1590 829 1665 860; x_wconf 87' lang='lat' dir='ltr'>culpa</span> <span class='ocrx_word' id='word_1_363' title='bbox 1684 829 1757 854; x_wconf 84' lang='lat' dir='ltr'>redit.</span> 
     </span>
    </p>
   </div>
   <div class='ocr_carea' id='block_1_10' title="bbox 1036 915 2154 2698">
    <p class='ocr_par' dir='ltr' id='par_1_18' title="bbox 1039 915 2142 1856">
     <span class='ocr_line' id='line_1_56' title="bbox 1128 915 2077 959; baseline 0 -12"><span class='ocrx_word' id='word_1_364' title='bbox 1128 915 1215 947; x_wconf 82' lang='lat' dir='ltr'>Ratio</span> <span class='ocrx_word' id='word_1_365' title='bbox 1239 919 1344 948; x_wconf 88' lang='lat' dir='ltr'>autem</span> <span class='ocrx_word' id='word_1_366' title='bbox 1370 925 1480 948; x_wconf 85' lang='lat' dir='ltr'>eorum</span> <span class='ocrx_word' id='word_1_367' title='bbox 1512 920 1636 958; x_wconf 89' lang='lat' dir='ltr'>praeter</span> <span class='ocrx_word' id='word_1_368' title='bbox 1667 917 1886 956; x_wconf 75' lang='lat' dir='ltr'>auctoritates,</span> <span class='ocrx_word' id='word_1_369' title='bbox 1910 926 1991 959; x_wconf 87' lang='lat' dir='ltr'>quae</span> <span class='ocrx_word' id='word_1_370' title='bbox 2005 927 2077 948; x_wconf 80' lang='lat' dir='ltr'>Ratio.</span> 
     </span>
     <span class='ocr_line' id='line_1_57' title="bbox 1041 969 1992 1011; baseline 0.003 -11"><span class='ocrx_word' id='word_1_371' title='bbox 1041 969 1099 1001; x_wconf 84' lang='lat' dir='ltr'>boc</span> <span class='ocrx_word' id='word_1_372' title='bbox 1124 969 1229 1001; x_wconf 89' lang='lat' dir='ltr'>dicere</span> <span class='ocrx_word' id='word_1_373' title='bbox 1253 969 1402 1000; x_wconf 88' lang='lat' dir='ltr'>videntur</span> <span class='ocrx_word' id='word_1_374' title='bbox 1427 973 1457 1001; x_wconf 89' lang='lat' dir='ltr'>et</span> <span class='ocrx_word' id='word_1_375' title='bbox 1481 973 1653 1011; x_wconf 83' lang='lat' dir='ltr'>tanguntur</span> <span class='ocrx_word' id='word_1_376' title='bbox 1691 970 1721 1001; x_wconf 94' lang='lat' dir='ltr'>in</span> <span class='ocrx_word' id='word_1_377' title='bbox 1754 970 1856 1002; x_wconf 87' lang='lat' dir='ltr'>littera</span> <span class='ocrx_word' id='word_1_378' title='bbox 1872 971 1891 1007; x_wconf 76' lang='lat'>⁶,</span> <span class='ocrx_word' id='word_1_379' title='bbox 1916 971 1992 1010; x_wconf 81' lang='lat' dir='ltr'>suit,</span> 
     </span>
     <span class='ocr_line' id='line_1_58' title="bbox 1040 1021 1993 1064; baseline 0.003 -12"><span class='ocrx_word' id='word_1_380' title='bbox 1040 1021 1114 1062; x_wconf 88' lang='lat' dir='ltr'>quia</span> <span class='ocrx_word' id='word_1_381' title='bbox 1137 1021 1290 1053; x_wconf 85' lang='lat' dir='ltr'>Dominus</span> <span class='ocrx_word' id='word_1_382' title='bbox 1314 1021 1444 1053; x_wconf 85' lang='lat' dir='ltr'>remittit</span> <span class='ocrx_word' id='word_1_383' title='bbox 1468 1021 1592 1063; x_wconf 87' lang='lat' dir='ltr'>culpam</span> <span class='ocrx_word' id='word_1_384' title='bbox 1620 1022 1678 1054; x_wconf 91' lang='lat' dir='ltr'>sub</span> <span class='ocrx_word' id='word_1_385' title='bbox 1703 1022 1901 1064; x_wconf 83' lang='lat' dir='ltr'>quadruplici</span> <span class='ocrx_word' id='word_1_386' title='bbox 1925 1032 1993 1055; x_wconf 89' lang='lat' dir='ltr'>con-</span> 
     </span>
     <span class='ocr_line' id='line_1_59' title="bbox 1040 1073 1993 1117; baseline 0.003 -12"><span class='ocrx_word' id='word_1_387' title='bbox 1040 1073 1172 1112; x_wconf 84' lang='lat' dir='ltr'>ditione,</span> <span class='ocrx_word' id='word_1_388' title='bbox 1198 1073 1315 1106; x_wconf 87' lang='lat' dir='ltr'>scilicet</span> <span class='ocrx_word' id='word_1_389' title='bbox 1340 1074 1364 1106; x_wconf 91' lang='lat' dir='ltr'>si</span> <span class='ocrx_word' id='word_1_390' title='bbox 1390 1074 1456 1115; x_wconf 88' lang='lat' dir='ltr'>ipse</span> <span class='ocrx_word' id='word_1_391' title='bbox 1485 1074 1621 1106; x_wconf 83' lang='lat' dir='ltr'>dimittat</span> <span class='ocrx_word' id='word_1_392' title='bbox 1644 1075 1808 1116; x_wconf 85' lang='lat' dir='ltr'>proximo,</span> <span class='ocrx_word' id='word_1_393' title='bbox 1840 1076 1864 1107; x_wconf 81' lang='lat' dir='ltr'>si</span> <span class='ocrx_word' id='word_1_394' title='bbox 1890 1084 1993 1117; x_wconf 87' lang='lat' dir='ltr'>perse-</span> 
     </span>
     <span class='ocr_line' id='line_1_60' title="bbox 1040 1126 1993 1169; baseline 0.002 -11"><span class='ocrx_word' id='word_1_395' title='bbox 1040 1130 1128 1158; x_wconf 83' lang='lat' dir='ltr'>veret</span> <span class='ocrx_word' id='word_1_396' title='bbox 1152 1126 1183 1158; x_wconf 87' lang='lat' dir='ltr'>in</span> <span class='ocrx_word' id='word_1_397' title='bbox 1208 1126 1288 1165; x_wconf 87' lang='lat' dir='ltr'>fide,</span> <span class='ocrx_word' id='word_1_398' title='bbox 1314 1127 1338 1159; x_wconf 89' lang='lat' dir='ltr'>si</span> <span class='ocrx_word' id='word_1_399' title='bbox 1356 1127 1543 1159; x_wconf 80' lang='lat' dir='ltr'>confiteatur</span> <span class='ocrx_word' id='word_1_400' title='bbox 1565 1127 1705 1169; x_wconf 87' lang='lat' dir='ltr'>culpam,</span> <span class='ocrx_word' id='word_1_401' title='bbox 1724 1128 1747 1159; x_wconf 90' lang='lat' dir='ltr'>si</span> <span class='ocrx_word' id='word_1_402' title='bbox 1773 1132 1926 1169; x_wconf 87' lang='lat' dir='ltr'>perpetuo</span> <span class='ocrx_word' id='word_1_403' title='bbox 1943 1128 1993 1160; x_wconf 91' lang='lat' dir='ltr'>de-</span> 
     </span>
     <span class='ocr_line' id='line_1_61' title="bbox 1040 1179 1992 1222; baseline 0.001 -11"><span class='ocrx_word' id='word_1_404' title='bbox 1040 1183 1173 1212; x_wconf 89' lang='lat' dir='ltr'>testetur</span> <span class='ocrx_word' id='word_1_405' title='bbox 1197 1179 1323 1221; x_wconf 91' lang='lat' dir='ltr'>culpam</span> <span class='ocrx_word' id='word_1_406' title='bbox 1341 1180 1551 1212; x_wconf 86' lang='lat' dir='ltr'>commissam.</span> <span class='ocrx_word' id='word_1_407' title='bbox 1578 1181 1611 1212; x_wconf 89' lang='lat' dir='ltr'>Et</span> <span class='ocrx_word' id='word_1_408' title='bbox 1629 1181 1776 1222; x_wconf 87' lang='lat' dir='ltr'>qnoniam</span> <span class='ocrx_word' id='word_1_409' title='bbox 1795 1181 1895 1221; x_wconf 85' lang='lat' dir='ltr'>pactio</span> <span class='ocrx_word' id='word_1_410' title='bbox 1912 1181 1992 1212; x_wconf 86' lang='lat' dir='ltr'>fran-</span> 
     </span>
     <span class='ocr_line' id='line_1_62' title="bbox 1040 1233 1992 1275; baseline 0.002 -11"><span class='ocrx_word' id='word_1_411' title='bbox 1040 1233 1137 1274; x_wconf 83' lang='lat' dir='ltr'>gitur,</span> <span class='ocrx_word' id='word_1_412' title='bbox 1163 1242 1222 1264; x_wconf 92' lang='lat' dir='ltr'>non</span> <span class='ocrx_word' id='word_1_413' title='bbox 1249 1233 1403 1265; x_wconf 87' lang='lat' dir='ltr'>existente</span> <span class='ocrx_word' id='word_1_414' title='bbox 1427 1233 1618 1272; x_wconf 85' lang='lat' dir='ltr'>conditione,</span> <span class='ocrx_word' id='word_1_415' title='bbox 1643 1234 1769 1275; x_wconf 84' lang='lat' dir='ltr'>quando</span> <span class='ocrx_word' id='word_1_416' title='bbox 1794 1233 1907 1275; x_wconf 86' lang='lat' dir='ltr'>aliquis</span> <span class='ocrx_word' id='word_1_417' title='bbox 1924 1242 1992 1275; x_wconf 82' lang='lat' dir='ltr'>pec-</span> 
     </span>
     <span class='ocr_line' id='line_1_63' title="bbox 1040 1286 1992 1327; baseline 0.001 -10"><span class='ocrx_word' id='word_1_418' title='bbox 1040 1289 1089 1317; x_wconf 85' lang='lat' dir='ltr'>cat</span> <span class='ocrx_word' id='word_1_419' title='bbox 1112 1286 1217 1327; x_wconf 87' lang='lat' dir='ltr'>aliquo</span> <span class='ocrx_word' id='word_1_420' title='bbox 1245 1295 1358 1326; x_wconf 85' lang='lat' dir='ltr'>genere</span> <span class='ocrx_word' id='word_1_421' title='bbox 1380 1286 1613 1327; x_wconf 81' lang='lat' dir='ltr'>praedictorum</span> <span class='ocrx_word' id='word_1_422' title='bbox 1634 1291 1848 1327; x_wconf 77' lang='lat' dir='ltr'>pecca.t‹.›rnin;</span> <span class='ocrx_word' id='word_1_423' title='bbox 1867 1287 1992 1325; x_wconf 87' lang='lat' dir='ltr'>dicunt,</span> 
     </span>
     <span class='ocr_line' id='line_1_64' title="bbox 1039 1338 2142 1380; baseline 0.001 -10"><span class='ocrx_word' id='word_1_424' title='bbox 1039 1338 1165 1379; x_wconf 88' lang='lat' dir='ltr'>culpam</span> <span class='ocrx_word' id='word_1_425' title='bbox 1190 1339 1304 1371; x_wconf 89' lang='lat' dir='ltr'>redire.</span> <span class='ocrx_word' id='word_1_426' title='bbox 1321 1357 1365 1361; x_wconf 85' lang='lat'>——</span> <span class='ocrx_word' id='word_1_427' title='bbox 1382 1339 1441 1371; x_wconf 79' lang='lat' dir='ltr'>Sed</span> <span class='ocrx_word' id='word_1_428' title='bbox 1466 1348 1522 1371; x_wconf 92' lang='lat' dir='ltr'>nec</span> <span class='ocrx_word' id='word_1_429' title='bbox 1548 1339 1604 1371; x_wconf 87' lang='lat' dir='ltr'>ista</span> <span class='ocrx_word' id='word_1_430' title='bbox 1626 1339 1736 1380; x_wconf 76' lang='lat' dir='ltr'>positio</span> <span class='ocrx_word' id='word_1_431' title='bbox 1761 1339 1853 1371; x_wconf 87' lang='lat' dir='ltr'>debet</span> <span class='ocrx_word' id='word_1_432' title='bbox 1877 1339 2142 1378; x_wconf 70' lang='lat' dir='ltr'>teneri‚1mprohatur.</span> 
     </span>
     <span class='ocr_line' id='line_1_65' title="bbox 1040 1390 1993 1433; baseline 0 -11"><span class='ocrx_word' id='word_1_433' title='bbox 1040 1390 1111 1423; x_wconf 88' lang='lat' dir='ltr'>licet</span> <span class='ocrx_word' id='word_1_434' title='bbox 1134 1391 1229 1423; x_wconf 87' lang='lat' dir='ltr'>fuerit</span> <span class='ocrx_word' id='word_1_435' title='bbox 1253 1391 1356 1432; x_wconf 84' lang='lat' dir='ltr'>magni</span> <span class='ocrx_word' id='word_1_436' title='bbox 1382 1391 1504 1430; x_wconf 82' lang='lat' dir='ltr'>clerici,</span> <span class='ocrx_word' id='word_1_437' title='bbox 1526 1392 1643 1424; x_wconf 87' lang='lat' dir='ltr'>scilicet</span> <span class='ocrx_word' id='word_1_438' title='bbox 1660 1392 1894 1433; x_wconf 76' lang='lat' dir='ltr'>Praepositivi7,</span> <span class='ocrx_word' id='word_1_439' title='bbox 1919 1400 1993 1433; x_wconf 90' lang='lat' dir='ltr'>quo-</span> 
     </span>
     <span class='ocr_line' id='line_1_66' title="bbox 1039 1443 1992 1481; baseline 0 -6"><span class='ocrx_word' id='word_1_440' title='bbox 1039 1443 1121 1475; x_wconf 87' lang='lat' dir='ltr'>niam</span> <span class='ocrx_word' id='word_1_441' title='bbox 1141 1453 1201 1475; x_wconf 92' lang='lat' dir='ltr'>non</span> <span class='ocrx_word' id='word_1_442' title='bbox 1219 1447 1339 1476; x_wconf 90' lang='lat' dir='ltr'>rectum</span> <span class='ocrx_word' id='word_1_443' title='bbox 1364 1444 1458 1476; x_wconf 86' lang='lat' dir='ltr'>habet</span> <span class='ocrx_word' id='word_1_444' title='bbox 1475 1444 1726 1476; x_wconf 85' lang='lat' dir='ltr'>fundamentum.</span> <span class='ocrx_word' id='word_1_445' title='bbox 1751 1444 1877 1476; x_wconf 80' lang='lat' dir='ltr'>Constat</span> <span class='ocrx_word' id='word_1_446' title='bbox 1894 1444 1992 1481; x_wconf 89' lang='lat' dir='ltr'>enim,</span> 
     </span>
     <span class='ocr_line' id='line_1_67' title="bbox 1040 1496 1992 1538; baseline 0 -10"><span class='ocrx_word' id='word_1_447' title='bbox 1040 1496 1165 1538; x_wconf 87' lang='lat' dir='ltr'>culpam</span> <span class='ocrx_word' id='word_1_448' title='bbox 1191 1505 1252 1528; x_wconf 90' lang='lat' dir='ltr'>non</span> <span class='ocrx_word' id='word_1_449' title='bbox 1276 1497 1373 1529; x_wconf 90' lang='lat' dir='ltr'>deleri</span> <span class='ocrx_word' id='word_1_450' title='bbox 1400 1497 1458 1529; x_wconf 85' lang='lat' dir='ltr'>nisi</span> <span class='ocrx_word' id='word_1_451' title='bbox 1484 1506 1540 1538; x_wconf 89' lang='lat' dir='ltr'>per</span> <span class='ocrx_word' id='word_1_452' title='bbox 1566 1497 1713 1538; x_wconf 79' lang='lat' dir='ltr'>gratiam;</span> <span class='ocrx_word' id='word_1_453' title='bbox 1739 1501 1859 1528; x_wconf 86' lang='lat' dir='ltr'>constat</span> <span class='ocrx_word' id='word_1_454' title='bbox 1883 1497 1992 1536; x_wconf 84' lang='lat' dir='ltr'>etiam,</span> 
     </span>
     <span class='ocr_line' id='line_1_68' title="bbox 1039 1549 1993 1590; baseline 0 -10"><span class='ocrx_word' id='word_1_455' title='bbox 1039 1549 1077 1581; x_wconf 88' lang='lat' dir='ltr'>ad</span> <span class='ocrx_word' id='word_1_456' title='bbox 1111 1549 1319 1590; x_wconf 80' lang='lat' dir='ltr'>praesentiam</span> <span class='ocrx_word' id='word_1_457' title='bbox 1353 1550 1472 1590; x_wconf 83' lang='lat' dir='ltr'>gratiae</span> <span class='ocrx_word' id='word_1_458' title='bbox 1505 1550 1631 1581; x_wconf 88' lang='lat' dir='ltr'>omnino</span> <span class='ocrx_word' id='word_1_459' title='bbox 1664 1549 1760 1581; x_wconf 87' lang='lat' dir='ltr'>deleri</span> <span class='ocrx_word' id='word_1_460' title='bbox 1794 1549 1929 1590; x_wconf 86' lang='lat' dir='ltr'>culpam.</span> <span class='ocrx_word' id='word_1_461' title='bbox 1963 1549 1993 1580; x_wconf 88' lang='lat' dir='ltr'>Si</span> 
     </span>
     <span class='ocr_line' id='line_1_69' title="bbox 1039 1602 1992 1644; baseline 0.001 -11"><span class='ocrx_word' id='word_1_462' title='bbox 1039 1602 1122 1634; x_wconf 89' lang='lat' dir='ltr'>enim</span> <span class='ocrx_word' id='word_1_463' title='bbox 1147 1602 1247 1643; x_wconf 86' lang='lat' dir='ltr'>gratia</span> <span class='ocrx_word' id='word_1_464' title='bbox 1271 1611 1420 1643; x_wconf 84' lang='lat' dir='ltr'>praesens</span> <span class='ocrx_word' id='word_1_465' title='bbox 1445 1605 1508 1640; x_wconf 73' lang='lat' dir='ltr'>est,</span> <span class='ocrx_word' id='word_1_466' title='bbox 1533 1603 1626 1644; x_wconf 88' lang='lat' dir='ltr'>culpa</span> <span class='ocrx_word' id='word_1_467' title='bbox 1651 1603 1777 1634; x_wconf 89' lang='lat' dir='ltr'>omnino</span> <span class='ocrx_word' id='word_1_468' title='bbox 1803 1603 1905 1634; x_wconf 89' lang='lat' dir='ltr'>deleta</span> <span class='ocrx_word' id='word_1_469' title='bbox 1929 1607 1992 1641; x_wconf 75' lang='lat' dir='ltr'>est3</span> 
     </span>
     <span class='ocr_line' id='line_1_70' title="bbox 1039 1654 1994 1697; baseline 0.001 -11"><span class='ocrx_word' id='word_1_470' title='bbox 1039 1655 1151 1696; x_wconf 90' lang='lat' dir='ltr'>quodsi</span> <span class='ocrx_word' id='word_1_471' title='bbox 1184 1654 1286 1686; x_wconf 91' lang='lat' dir='ltr'>deleta</span> <span class='ocrx_word' id='word_1_472' title='bbox 1311 1658 1358 1687; x_wconf 85' lang='lat' dir='ltr'>est</span> <span class='ocrx_word' id='word_1_473' title='bbox 1389 1659 1418 1687; x_wconf 90' lang='lat' dir='ltr'>et</span> <span class='ocrx_word' id='word_1_474' title='bbox 1443 1655 1504 1686; x_wconf 88' lang='lat' dir='ltr'>iam</span> <span class='ocrx_word' id='word_1_475' title='bbox 1529 1664 1590 1687; x_wconf 91' lang='lat' dir='ltr'>non</span> <span class='ocrx_word' id='word_1_476' title='bbox 1615 1659 1683 1694; x_wconf 87' lang='lat' dir='ltr'>est,</span> <span class='ocrx_word' id='word_1_477' title='bbox 1708 1665 1764 1688; x_wconf 90' lang='lat' dir='ltr'>nec</span> <span class='ocrx_word' id='word_1_478' title='bbox 1796 1660 1843 1687; x_wconf 88' lang='lat' dir='ltr'>est</span> <span class='ocrx_word' id='word_1_479' title='bbox 1875 1655 1928 1697; x_wconf 88' lang='lat' dir='ltr'>qui</span> <span class='ocrx_word' id='word_1_480' title='bbox 1953 1656 1994 1687; x_wconf 86' lang='lat' dir='ltr'>fa-</span> 
     </span>
     <span class='ocr_line' id='line_1_71' title="bbox 1039 1707 1993 1749; baseline -0.001 -9"><span class='ocrx_word' id='word_1_481' title='bbox 1039 1708 1116 1746; x_wconf 84' lang='lat' dir='ltr'>ciat,</span> <span class='ocrx_word' id='word_1_482' title='bbox 1141 1716 1208 1739; x_wconf 90' lang='lat' dir='ltr'>eam</span> <span class='ocrx_word' id='word_1_483' title='bbox 1235 1716 1303 1740; x_wconf 91' lang='lat' dir='ltr'>esse</span> <span class='ocrx_word' id='word_1_484' title='bbox 1329 1707 1357 1738; x_wconf 89' lang='lat' dir='ltr'>in</span> <span class='ocrx_word' id='word_1_485' title='bbox 1383 1707 1505 1746; x_wconf 75' lang='lat' dir='ltr'>anima,</span> <span class='ocrx_word' id='word_1_486' title='bbox 1530 1711 1559 1740; x_wconf 93' lang='lat' dir='ltr'>et</span> <span class='ocrx_word' id='word_1_487' title='bbox 1585 1708 1655 1739; x_wconf 90' lang='lat' dir='ltr'>ideo</span> <span class='ocrx_word' id='word_1_488' title='bbox 1680 1717 1740 1739; x_wconf 92' lang='lat' dir='ltr'>non</span> <span class='ocrx_word' id='word_1_489' title='bbox 1774 1708 1900 1740; x_wconf 77' lang='lat' dir='ltr'>videtur</span> <span class='ocrx_word' id='word_1_490' title='bbox 1925 1717 1993 1749; x_wconf 90' lang='lat' dir='ltr'>pro-</span> 
     </span>
     <span class='ocr_line' id='line_1_72' title="bbox 1040 1760 1995 1803; baseline 0.002 -12"><span class='ocrx_word' id='word_1_491' title='bbox 1040 1760 1160 1798; x_wconf 85' lang='lat' dir='ltr'>babile,</span> <span class='ocrx_word' id='word_1_492' title='bbox 1185 1761 1268 1802; x_wconf 88' lang='lat' dir='ltr'>quod</span> <span class='ocrx_word' id='word_1_493' title='bbox 1294 1765 1423 1802; x_wconf 88' lang='lat' dir='ltr'>propter</span> <span class='ocrx_word' id='word_1_494' title='bbox 1448 1761 1585 1803; x_wconf 85' lang='lat' dir='ltr'>aliquam</span> <span class='ocrx_word' id='word_1_495' title='bbox 1611 1761 1820 1793; x_wconf 82' lang='lat' dir='ltr'>conditionem</span> <span class='ocrx_word' id='word_1_496' title='bbox 1851 1760 1995 1793; x_wconf 83' lang='lat' dir='ltr'>deficien-</span> 
     </span>
     <span class='ocr_line' id='line_1_73' title="bbox 1039 1814 1656 1856; baseline 0 -11"><span class='ocrx_word' id='word_1_497' title='bbox 1039 1817 1101 1846; x_wconf 89' lang='lat' dir='ltr'>tem</span> <span class='ocrx_word' id='word_1_498' title='bbox 1127 1814 1220 1856; x_wconf 88' lang='lat' dir='ltr'>culpa</span> <span class='ocrx_word' id='word_1_499' title='bbox 1244 1814 1373 1846; x_wconf 87' lang='lat' dir='ltr'>dimissa</span> <span class='ocrx_word' id='word_1_500' title='bbox 1398 1814 1513 1846; x_wconf 79' lang='lat' dir='ltr'>iteruin</span> <span class='ocrx_word' id='word_1_501' title='bbox 1538 1814 1656 1846; x_wconf 88' lang='lat' dir='ltr'>redeat.</span> 
     </span>
    </p>

    <p class='ocr_par' dir='ltr' id='par_1_19' title="bbox 1039 1866 2152 2066">
     <span class='ocr_line' id='line_1_74' title="bbox 1129 1866 2152 1908; baseline -0.001 -10"><span class='ocrx_word' id='word_1_502' title='bbox 1129 1867 1163 1898; x_wconf 86' lang='lat' dir='ltr'>Et</span> <span class='ocrx_word' id='word_1_503' title='bbox 1188 1866 1257 1898; x_wconf 89' lang='lat' dir='ltr'>ideo</span> <span class='ocrx_word' id='word_1_504' title='bbox 1290 1871 1336 1898; x_wconf 86' lang='lat' dir='ltr'>est</span> <span class='ocrx_word' id='word_1_505' title='bbox 1360 1866 1472 1908; x_wconf 86' lang='lat' dir='ltr'>positio</span> <span class='ocrx_word' id='word_1_506' title='bbox 1504 1866 1676 1908; x_wconf 87' lang='lat' dir='ltr'>probabilis</span> <span class='ocrx_word' id='word_1_507' title='bbox 1707 1870 1738 1899; x_wconf 90' lang='lat' dir='ltr'>et</span> <span class='ocrx_word' id='word_1_508' title='bbox 1770 1870 1872 1906; x_wconf 88' lang='lat' dir='ltr'>recta,</span> <span class='ocrx_word' id='word_1_509' title='bbox 1896 1876 1991 1908; x_wconf 84' lang='lat' dir='ltr'>quam</span> <span class='ocrx_word' id='word_1_510' title='bbox 2007 1876 2083 1902; x_wconf 68' lang='lat' dir='ltr'>omnio</span> <span class='ocrx_word' id='word_1_511' title='bbox 2099 1877 2152 1907; x_wconf 66' lang='lat' dir='ltr'>aet</span> 
     </span>
     <span class='ocr_line' id='line_1_75' title="bbox 1039 1904 2133 1961; baseline 0.001 -11"><span class='ocrx_word' id='word_1_512' title='bbox 1039 1922 1145 1951; x_wconf 88' lang='lat' dir='ltr'>tenent</span> <span class='ocrx_word' id='word_1_513' title='bbox 1171 1919 1312 1951; x_wconf 87' lang='lat' dir='ltr'>moderni</span> <span class='ocrx_word' id='word_1_514' title='bbox 1330 1919 1488 1957; x_wconf 83' lang='lat' dir='ltr'>doctores,</span> <span class='ocrx_word' id='word_1_515' title='bbox 1506 1919 1590 1961; x_wconf 84' lang='lat' dir='ltr'>quod</span> <span class='ocrx_word' id='word_1_516' title='bbox 1609 1922 1735 1960; x_wconf 87' lang='lat' dir='ltr'>peccata</span> <span class='ocrx_word' id='word_1_517' title='bbox 1760 1919 1889 1952; x_wconf 87' lang='lat' dir='ltr'>dimissa</span> <span class='ocrx_word' id='word_1_518' title='bbox 1905 1919 1992 1952; x_wconf 90' lang='lat' dir='ltr'>nullo</span> <span class='ocrx_word' id='word_1_519' title='bbox 2020 1904 2133 1924; x_wconf 69' lang='lat'><strong>⁰⁰³⁰¹⁰⁵¹⁰‘</strong></span> 
     </span>
     <span class='ocr_line' id='line_1_76' title="bbox 1039 1972 1995 2013; baseline 0.001 -10"><span class='ocrx_word' id='word_1_520' title='bbox 1039 1972 1132 2003; x_wconf 90' lang='lat' dir='ltr'>modo</span> <span class='ocrx_word' id='word_1_521' title='bbox 1151 1972 1281 2004; x_wconf 82' lang='lat' dir='ltr'>redeant</span> <span class='ocrx_word' id='word_1_522' title='bbox 1298 1972 1402 2013; x_wconf 88' lang='lat' dir='ltr'>quoad</span> <span class='ocrx_word' id='word_1_523' title='bbox 1420 1972 1555 2013; x_wconf 85' lang='lat' dir='ltr'>culpam.</span> <span class='ocrx_word' id='word_1_524' title='bbox 1574 1991 1617 1995; x_wconf 86' lang='lat'>——</span> <span class='ocrx_word' id='word_1_525' title='bbox 1634 1972 1668 2004; x_wconf 87' lang='lat' dir='ltr'>Et</span> <span class='ocrx_word' id='word_1_526' title='bbox 1685 1972 1903 2004; x_wconf 86' lang='lat' dir='ltr'>concedendae</span> <span class='ocrx_word' id='word_1_527' title='bbox 1921 1976 1995 2005; x_wconf 90' lang='lat' dir='ltr'>sunt</span> 
     </span>
     <span class='ocr_line' id='line_1_77' title="bbox 1039 2025 1577 2066; baseline 0 -10"><span class='ocrx_word' id='word_1_528' title='bbox 1039 2025 1175 2056; x_wconf 88' lang='lat' dir='ltr'>rationes</span> <span class='ocrx_word' id='word_1_529' title='bbox 1199 2025 1302 2066; x_wconf 87' lang='lat' dir='ltr'>quoad</span> <span class='ocrx_word' id='word_1_530' title='bbox 1319 2029 1449 2066; x_wconf 73' lang='lat' dir='ltr'>partem</span> <span class='ocrx_word' id='word_1_531' title='bbox 1476 2025 1577 2057; x_wconf 80' lang='lat' dir='ltr'>istam.</span> 
     </span>
    </p>

    <p class='ocr_par' dir='ltr' id='par_1_20' title="bbox 1036 2077 2154 2593">
     <span class='ocr_line' id='line_1_78' title="bbox 1130 2077 2154 2119; baseline 0 -10"><span class='ocrx_word' id='word_1_532' title='bbox 1130 2079 1156 2108; x_wconf 83' lang='lat' dir='ltr'>l.</span> <span class='ocrx_word' id='word_1_533' title='bbox 1183 2077 1225 2109; x_wconf 78' lang='lat' dir='ltr'>Ad</span> <span class='ocrx_word' id='word_1_534' title='bbox 1249 2077 1330 2109; x_wconf 89' lang='lat' dir='ltr'>illud</span> <span class='ocrx_word' id='word_1_535' title='bbox 1354 2078 1438 2119; x_wconf 84' lang='lat' dir='ltr'>quod</span> <span class='ocrx_word' id='word_1_536' title='bbox 1463 2077 1609 2110; x_wconf 90' lang='lat' dir='ltr'>obiicitur</span> <span class='ocrx_word' id='word_1_537' title='bbox 1634 2078 1736 2119; x_wconf 89' lang='lat' dir='ltr'>primo</span> <span class='ocrx_word' id='word_1_538' title='bbox 1759 2078 1797 2110; x_wconf 89' lang='lat' dir='ltr'>de</span> <span class='ocrx_word' id='word_1_539' title='bbox 1821 2078 1993 2111; x_wconf 88' lang='lat' dir='ltr'>remotione</span> <span class='ocrx_word' id='word_1_540' title='bbox 2021 2087 2101 2118; x_wconf 62' lang='lat' dir='ltr'>sunno</span> <span class='ocrx_word' id='word_1_541' title='bbox 2115 2094 2154 2115; x_wconf 74' lang='lat' dir='ltr'>op-</span> 
     </span>
     <span class='ocr_line' id='line_1_79' title="bbox 1039 2118 2133 2172; baseline 0 -11"><span class='ocrx_word' id='word_1_542' title='bbox 1039 2131 1241 2172; x_wconf 73' lang='lat' dir='ltr'>operimenti,</span> <span class='ocrx_word' id='word_1_543' title='bbox 1260 2131 1428 2163; x_wconf 91' lang='lat' dir='ltr'>dicendum</span> <span class='ocrx_word' id='word_1_544' title='bbox 1440 2157 1447 2170; x_wconf 84' lang='lat'>‚</span> <span class='ocrx_word' id='word_1_545' title='bbox 1465 2131 1549 2172; x_wconf 89' lang='lat' dir='ltr'>quod</span> <span class='ocrx_word' id='word_1_546' title='bbox 1567 2131 1653 2163; x_wconf 88' lang='lat' dir='ltr'>aliud</span> <span class='ocrx_word' id='word_1_547' title='bbox 1678 2135 1724 2163; x_wconf 90' lang='lat' dir='ltr'>est</span> <span class='ocrx_word' id='word_1_548' title='bbox 1741 2131 1856 2172; x_wconf 87' lang='lat' dir='ltr'>operiri</span> <span class='ocrx_word' id='word_1_549' title='bbox 1876 2131 1904 2163; x_wconf 92' lang='lat' dir='ltr'>in</span> <span class='ocrx_word' id='word_1_550' title='bbox 1923 2140 1992 2164; x_wconf 89' lang='lat' dir='ltr'>con·</span> <span class='ocrx_word' id='word_1_551' title='bbox 2006 2118 2133 2162; x_wconf 52' lang='lat' dir='ltr'>Bissiffl’ssi&#39;ifss&#39;s</span> 
     </span>
     <span class='ocr_line' id='line_1_80' title="bbox 1038 2182 1994 2226; baseline 0 -11"><span class='ocrx_word' id='word_1_552' title='bbox 1038 2187 1149 2225; x_wconf 84' lang='lat' dir='ltr'>spectu</span> <span class='ocrx_word' id='word_1_553' title='bbox 1174 2182 1329 2221; x_wconf 73' lang='lat' dir='ltr'>hominis,</span> <span class='ocrx_word' id='word_1_554' title='bbox 1360 2184 1447 2216; x_wconf 87' lang='lat' dir='ltr'>alind</span> <span class='ocrx_word' id='word_1_555' title='bbox 1473 2184 1501 2215; x_wconf 94' lang='lat' dir='ltr'>in</span> <span class='ocrx_word' id='word_1_556' title='bbox 1521 2188 1689 2225; x_wconf 87' lang='lat' dir='ltr'>conspectu</span> <span class='ocrx_word' id='word_1_557' title='bbox 1715 2184 1782 2215; x_wconf 67' lang='lat' dir='ltr'>Dei.</span> <span class='ocrx_word' id='word_1_558' title='bbox 1812 2185 1842 2215; x_wconf 93' lang='lat' dir='ltr'>ln</span> <span class='ocrx_word' id='word_1_559' title='bbox 1868 2193 1994 2226; x_wconf 89' lang='lat' dir='ltr'>conspe-</span> 
     </span>
     <span class='ocr_line' id='line_1_81' title="bbox 1038 2235 1990 2278; baseline 0.001 -11"><span class='ocrx_word' id='word_1_560' title='bbox 1038 2240 1090 2268; x_wconf 86' lang='lat' dir='ltr'>ctu</span> <span class='ocrx_word' id='word_1_561' title='bbox 1108 2235 1250 2268; x_wconf 74' lang='lat' dir='ltr'>hominis</span> <span class='ocrx_word' id='word_1_562' title='bbox 1267 2236 1419 2277; x_wconf 85' lang='lat' dir='ltr'>cooperiri</span> <span class='ocrx_word' id='word_1_563' title='bbox 1437 2240 1538 2278; x_wconf 82' lang='lat' dir='ltr'>potest</span> <span class='ocrx_word' id='word_1_564' title='bbox 1554 2236 1692 2277; x_wconf 86' lang='lat' dir='ltr'>aliquid,</span> <span class='ocrx_word' id='word_1_565' title='bbox 1710 2236 1752 2268; x_wconf 89' lang='lat' dir='ltr'>ita</span> <span class='ocrx_word' id='word_1_566' title='bbox 1769 2240 1890 2274; x_wconf 73' lang='lat' dir='ltr'>tamen,</span> <span class='ocrx_word' id='word_1_567' title='bbox 1908 2236 1990 2278; x_wconf 87' lang='lat' dir='ltr'>quod</span> 
     </span>
     <span class='ocr_line' id='line_1_82' title="bbox 1037 2289 1991 2331; baseline 0.001 -11"><span class='ocrx_word' id='word_1_568' title='bbox 1037 2292 1166 2330; x_wconf 87' lang='lat' dir='ltr'>propter</span> <span class='ocrx_word' id='word_1_569' title='bbox 1182 2289 1241 2321; x_wconf 88' lang='lat' dir='ltr'>boc</span> <span class='ocrx_word' id='word_1_570' title='bbox 1258 2298 1319 2320; x_wconf 91' lang='lat' dir='ltr'>non</span> <span class='ocrx_word' id='word_1_571' title='bbox 1336 2289 1466 2327; x_wconf 72' lang='lat' dir='ltr'>desinit,</span> <span class='ocrx_word' id='word_1_572' title='bbox 1484 2289 1565 2321; x_wconf 86' lang='lat' dir='ltr'>sicut</span> <span class='ocrx_word' id='word_1_573' title='bbox 1583 2289 1704 2330; x_wconf 78' lang='lat' dir='ltr'>pictura</span> <span class='ocrx_word' id='word_1_574' title='bbox 1721 2290 1862 2330; x_wconf 87' lang='lat' dir='ltr'>operitur</span> <span class='ocrx_word' id='word_1_575' title='bbox 1878 2298 1991 2331; x_wconf 85' lang='lat' dir='ltr'>panno,</span> 
     </span>
     <span class='ocr_line' id='line_1_83' title="bbox 1037 2341 2136 2383; baseline 0.001 -11"><span class='ocrx_word' id='word_1_576' title='bbox 1037 2350 1098 2373; x_wconf 87' lang='lat' dir='ltr'>non</span> <span class='ocrx_word' id='word_1_577' title='bbox 1123 2341 1197 2383; x_wconf 87' lang='lat' dir='ltr'>quia</span> <span class='ocrx_word' id='word_1_578' title='bbox 1221 2351 1282 2373; x_wconf 91' lang='lat' dir='ltr'>non</span> <span class='ocrx_word' id='word_1_579' title='bbox 1306 2341 1363 2380; x_wconf 87' lang='lat' dir='ltr'>sit,</span> <span class='ocrx_word' id='word_1_580' title='bbox 1384 2342 1439 2373; x_wconf 82' lang='lat' dir='ltr'>sed</span> <span class='ocrx_word' id='word_1_581' title='bbox 1460 2342 1534 2382; x_wconf 90' lang='lat' dir='ltr'>quia</span> <span class='ocrx_word' id='word_1_582' title='bbox 1558 2350 1620 2373; x_wconf 91' lang='lat' dir='ltr'>non</span> <span class='ocrx_word' id='word_1_583' title='bbox 1644 2345 1784 2383; x_wconf 86' lang='lat' dir='ltr'>apparet.</span> <span class='ocrx_word' id='word_1_584' title='bbox 1808 2342 1839 2372; x_wconf 89' lang='lat' dir='ltr'>ln</span> <span class='ocrx_word' id='word_1_585' title='bbox 1866 2349 1992 2382; x_wconf 87' lang='lat' dir='ltr'>conspe-</span> <span class='ocrx_word' id='word_1_586' title='bbox 2007 2352 2136 2374; x_wconf 72' lang='lat' dir='ltr'>Notandum.</span> 
     </span>
     <span class='ocr_line' id='line_1_84' title="bbox 1036 2393 1993 2435; baseline -0.001 -10"><span class='ocrx_word' id='word_1_587' title='bbox 1036 2398 1089 2426; x_wconf 89' lang='lat' dir='ltr'>ctu</span> <span class='ocrx_word' id='word_1_588' title='bbox 1120 2398 1226 2426; x_wconf 90' lang='lat' dir='ltr'>autem</span> <span class='ocrx_word' id='word_1_589' title='bbox 1259 2394 1335 2432; x_wconf 75' lang='lat' dir='ltr'>Dei,</span> <span class='ocrx_word' id='word_1_590' title='bbox 1359 2403 1454 2435; x_wconf 88' lang='lat' dir='ltr'>quem</span> <span class='ocrx_word' id='word_1_591' title='bbox 1487 2394 1564 2426; x_wconf 87' lang='grc'>1111111</span> <span class='ocrx_word' id='word_1_592' title='bbox 1593 2397 1694 2435; x_wconf 90' lang='lat' dir='ltr'>potest</span> <span class='ocrx_word' id='word_1_593' title='bbox 1724 2394 1840 2431; x_wconf 88' lang='lat' dir='ltr'>latere,</span> <span class='ocrx_word' id='word_1_594' title='bbox 1865 2393 1993 2435; x_wconf 70' lang='lat' dir='ltr'>operire</span> 
     </span>
     <span class='ocr_line' id='line_1_85' title="bbox 1037 2447 1994 2488; baseline 0 -10"><span class='ocrx_word' id='word_1_595' title='bbox 1037 2450 1084 2478; x_wconf 87' lang='lat' dir='ltr'>est</span> <span class='ocrx_word' id='word_1_596' title='bbox 1106 2447 1225 2485; x_wconf 80' lang='lat' dir='ltr'>facere,</span> <span class='ocrx_word' id='word_1_597' title='bbox 1243 2447 1327 2488; x_wconf 89' lang='lat' dir='ltr'>quod</span> <span class='ocrx_word' id='word_1_598' title='bbox 1353 2456 1413 2478; x_wconf 89' lang='lat' dir='ltr'>non</span> <span class='ocrx_word' id='word_1_599' title='bbox 1438 2447 1516 2485; x_wconf 76' lang='lat' dir='ltr'>sit⁸;</span> <span class='ocrx_word' id='word_1_600' title='bbox 1534 2450 1563 2479; x_wconf 91' lang='lat' dir='ltr'>et</span> <span class='ocrx_word' id='word_1_601' title='bbox 1588 2447 1646 2479; x_wconf 90' lang='lat' dir='ltr'>hoc</span> <span class='ocrx_word' id='word_1_602' title='bbox 1670 2447 1762 2479; x_wconf 91' lang='lat' dir='ltr'>modo</span> <span class='ocrx_word' id='word_1_603' title='bbox 1787 2447 1900 2479; x_wconf 85' lang='lat' dir='ltr'>caritas</span> <span class='ocrx_word' id='word_1_604' title='bbox 1923 2455 1994 2488; x_wconf 88' lang='lat' dir='ltr'>ope-</span> 
     </span>
     <span class='ocr_line' id='line_1_86' title="bbox 1038 2499 1992 2540; baseline 0.002 -10"><span class='ocrx_word' id='word_1_605' title='bbox 1038 2499 1078 2530; x_wconf 87' lang='lat' dir='ltr'>rit</span> <span class='ocrx_word' id='word_1_606' title='bbox 1110 2500 1216 2540; x_wconf 89' lang='lat' dir='ltr'>priora</span> <span class='ocrx_word' id='word_1_607' title='bbox 1246 2503 1373 2540; x_wconf 83' lang='lat' dir='ltr'>peccata</span> <span class='ocrx_word' id='word_1_608' title='bbox 1402 2500 1553 2537; x_wconf 81' lang='lat' dir='ltr'>delend03</span> <span class='ocrx_word' id='word_1_609' title='bbox 1578 2503 1607 2531; x_wconf 90' lang='lat' dir='ltr'>et</span> <span class='ocrx_word' id='word_1_610' title='bbox 1631 2499 1718 2537; x_wconf 74' lang='lat' dir='ltr'>iden,</span> <span class='ocrx_word' id='word_1_611' title='bbox 1743 2508 1815 2531; x_wconf 89' lang='lat' dir='ltr'>cnm</span> <span class='ocrx_word' id='word_1_612' title='bbox 1845 2499 1906 2531; x_wconf 88' lang='lat' dir='ltr'>iam</span> <span class='ocrx_word' id='word_1_613' title='bbox 1931 2509 1992 2532; x_wconf 91' lang='lat' dir='ltr'>non</span> 
     </span>
     <span class='ocr_line' id='line_1_87' title="bbox 1039 2552 1770 2593; baseline 0 -10"><span class='ocrx_word' id='word_1_614' title='bbox 1039 2552 1116 2590; x_wconf 79' lang='lat' dir='ltr'>sint,</span> <span class='ocrx_word' id='word_1_615' title='bbox 1142 2556 1263 2583; x_wconf 90' lang='lat' dir='ltr'>remoto</span> <span class='ocrx_word' id='word_1_616' title='bbox 1287 2552 1498 2593; x_wconf 82' lang='lat' dir='ltr'>operimento,</span> <span class='ocrx_word' id='word_1_617' title='bbox 1523 2561 1583 2583; x_wconf 88' lang='lat' dir='ltr'>non</span> <span class='ocrx_word' id='word_1_618' title='bbox 1609 2556 1770 2593; x_wconf 84' lang='lat' dir='ltr'>apparent.</span> 
     </span>
    </p>

    <p class='ocr_par' dir='ltr' id='par_1_21' title="bbox 1039 2604 1993 2698">
     <span class='ocr_line' id='line_1_88' title="bbox 1127 2604 1993 2645; baseline 0.002 -10"><span class='ocrx_word' id='word_1_619' title='bbox 1127 2605 1156 2635; x_wconf 64' lang='lat'>02.</span> <span class='ocrx_word' id='word_1_620' title='bbox 1182 2604 1224 2636; x_wconf 77' lang='lat' dir='ltr'>Ad</span> <span class='ocrx_word' id='word_1_621' title='bbox 1243 2604 1322 2636; x_wconf 90' lang='lat' dir='ltr'>illud</span> <span class='ocrx_word' id='word_1_622' title='bbox 1340 2605 1423 2645; x_wconf 90' lang='lat' dir='ltr'>quod</span> <span class='ocrx_word' id='word_1_623' title='bbox 1441 2604 1605 2642; x_wconf 87' lang='lat' dir='ltr'>obiicitur,</span> <span class='ocrx_word' id='word_1_624' title='bbox 1631 2604 1713 2645; x_wconf 86' lang='lat' dir='ltr'>quod</span> <span class='ocrx_word' id='word_1_625' title='bbox 1732 2604 1832 2645; x_wconf 86' lang='lat' dir='ltr'>gratia</span> <span class='ocrx_word' id='word_1_626' title='bbox 1856 2605 1993 2637; x_wconf 84' lang='lat' dir='ltr'>vivificat</span> 
     </span>
     <span class='ocr_line' id='line_1_89' title="bbox 1039 2655 1993 2698; baseline 0.002 -11"><span class='ocrx_word' id='word_1_627' title='bbox 1039 2665 1135 2697; x_wconf 84' lang='lat' dir='ltr'>opera</span> <span class='ocrx_word' id='word_1_628' title='bbox 1160 2655 1362 2694; x_wconf 78' lang='lat' dir='ltr'>mortificata,</span> <span class='ocrx_word' id='word_1_629' title='bbox 1380 2657 1588 2697; x_wconf 88' lang='lat' dir='ltr'>respondetur</span> <span class='ocrx_word' id='word_1_630' title='bbox 1605 2656 1644 2688; x_wconf 88' lang='lat' dir='ltr'>ad</span> <span class='ocrx_word' id='word_1_631' title='bbox 1670 2657 1742 2695; x_wconf 87' lang='lat' dir='ltr'>hoc,</span> <span class='ocrx_word' id='word_1_632' title='bbox 1763 2657 1845 2698; x_wconf 90' lang='lat' dir='ltr'>quod</span> <span class='ocrx_word' id='word_1_633' title='bbox 1868 2666 1928 2689; x_wconf 92' lang='lat' dir='ltr'>non</span> <span class='ocrx_word' id='word_1_634' title='bbox 1945 2661 1993 2690; x_wconf 87' lang='lat' dir='ltr'>est</span> 
     </span>
    </p>
   </div>
   <div class='ocr_carea' id='block_1_11' title="bbox 716 2754 1299 2757">
    <p class='ocr_par' dir='ltr' id='par_1_22' title="bbox 716 2754 1299 2757">
     <span class='ocr_line' id='line_1_90' title="bbox 716 2754 1299 2757; baseline 0 0"><span class='ocrx_word' id='word_1_635' title='bbox 716 2754 1299 2757; x_wconf 95' lang='lat' dir='ltr'> </span> 
     </span>
    </p>
   </div>
   <div class='ocr_carea' id='block_1_12' title="bbox 28 2815 976 3417">
    <p class='ocr_par' dir='ltr' id='par_1_23' title="bbox 28 2815 974 2891">
     <span class='ocr_line' id='line_1_91' title="bbox 96 2815 974 2848; baseline 0.001 -8"><span class='ocrx_word' id='word_1_636' title='bbox 96 2815 103 2830; x_wconf 91' lang='lat'>¹</span> <span class='ocrx_word' id='word_1_637' title='bbox 125 2815 190 2841; x_wconf 85' lang='lat' dir='ltr'>Vide</span> <span class='ocrx_word' id='word_1_638' title='bbox 209 2824 288 2848; x_wconf 77' lang='lat' dir='ltr'>supra</span> <span class='ocrx_word' id='word_1_639' title='bbox 308 2824 368 2848; x_wconf 75' lang='lat' dir='ltr'>pag.</span> <span class='ocrx_word' id='word_1_640' title='bbox 389 2817 449 2848; x_wconf 76' lang='lat'>339,</span> <span class='ocrx_word' id='word_1_641' title='bbox 465 2820 523 2842; x_wconf 89' lang='lat' dir='ltr'>nota</span> <span class='ocrx_word' id='word_1_642' title='bbox 549 2817 567 2842; x_wconf 92' lang='lat' dir='ltr'>l.</span> <span class='ocrx_word' id='word_1_643' title='bbox 579 2817 767 2847; x_wconf 67' lang='lat' dir='ltr'>—Avicenna‚</span> <span class='ocrx_word' id='word_1_644' title='bbox 782 2817 891 2848; x_wconf 83' lang='lat' dir='ltr'>Metaph.</span> <span class='ocrx_word' id='word_1_645' title='bbox 907 2819 936 2841; x_wconf 91' lang='lat' dir='ltr'>tr.</span> <span class='ocrx_word' id='word_1_646' title='bbox 951 2817 974 2841; x_wconf 85' lang='lat'>3.</span> 
     </span>
     <span class='ocr_line' id='line_1_92' title="bbox 28 2858 664 2891; baseline 0.006 -9"><span class='ocrx_word' id='word_1_647' title='bbox 28 2864 50 2882; x_wconf 86' lang='lat' dir='ltr'>c.</span> <span class='ocrx_word' id='word_1_648' title='bbox 71 2858 97 2883; x_wconf 71' lang='lat'>4:</span> <span class='ocrx_word' id='word_1_649' title='bbox 116 2860 189 2891; x_wconf 86' lang='lat' dir='ltr'>Quod</span> <span class='ocrx_word' id='word_1_650' title='bbox 210 2861 376 2885; x_wconf 80' lang='lat' dir='ltr'>annihilatum</span> <span class='ocrx_word' id='word_1_651' title='bbox 396 2865 434 2886; x_wconf 88' lang='lat' dir='ltr'>est</span> <span class='ocrx_word' id='word_1_652' title='bbox 455 2868 504 2885; x_wconf 89' lang='lat' dir='ltr'>non</span> <span class='ocrx_word' id='word_1_653' title='bbox 525 2861 664 2886; x_wconf 83' lang='lat' dir='ltr'>reducitur.</span> 
     </span>
    </p>

    <p class='ocr_par' dir='ltr' id='par_1_24' title="bbox 30 2903 975 2979">
     <span class='ocr_line' id='line_1_93' title="bbox 96 2903 975 2937; baseline 0 -9"><span class='ocrx_word' id='word_1_654' title='bbox 96 2903 106 2918; x_wconf 79' lang='lat'><strong>²</strong></span> <span class='ocrx_word' id='word_1_655' title='bbox 125 2904 239 2936; x_wconf 77' lang='lat' dir='ltr'>Aristot.‚</span> <span class='ocrx_word' id='word_1_656' title='bbox 261 2905 320 2929; x_wconf 70' lang='lat' dir='ltr'>Vlll.</span> <span class='ocrx_word' id='word_1_657' title='bbox 342 2904 415 2935; x_wconf 72' lang='lat' dir='ltr'>ruys.</span> <span class='ocrx_word' id='word_1_658' title='bbox 437 2908 494 2930; x_wconf 66' lang='lat' dir='ltr'>text,</span> <span class='ocrx_word' id='word_1_659' title='bbox 509 2905 549 2929; x_wconf 67' lang='lat'>64.</span> <span class='ocrx_word' id='word_1_660' title='bbox 572 2905 603 2935; x_wconf 88' lang='lat' dir='ltr'>(c.</span> <span class='ocrx_word' id='word_1_661' title='bbox 625 2905 677 2937; x_wconf 80' lang='lat'>8.):</span> <span class='ocrx_word' id='word_1_662' title='bbox 691 2904 822 2930; x_wconf 79' lang='lat' dir='ltr'>Contraria</span> <span class='ocrx_word' id='word_1_663' title='bbox 844 2907 934 2929; x_wconf 84' lang='lat' dir='ltr'>mutuo</span> <span class='ocrx_word' id='word_1_664' title='bbox 948 2910 975 2928; x_wconf 87' lang='lat' dir='ltr'>se</span> 
     </span>
     <span class='ocr_line' id='line_1_94' title="bbox 30 2947 408 2979; baseline 0.008 -10"><span class='ocrx_word' id='word_1_665' title='bbox 30 2949 196 2977; x_wconf 88' lang='lat' dir='ltr'>corrumpunt</span> <span class='ocrx_word' id='word_1_666' title='bbox 214 2950 238 2972; x_wconf 86' lang='lat' dir='ltr'>et</span> <span class='ocrx_word' id='word_1_667' title='bbox 257 2947 408 2979; x_wconf 79' lang='lat' dir='ltr'>impediunt.</span> 
     </span>
    </p>

    <p class='ocr_par' dir='ltr' id='par_1_25' title="bbox 97 2988 593 3024">
     <span class='ocr_line' id='line_1_95' title="bbox 97 2988 593 3024; baseline 0.004 -10"><span class='ocrx_word' id='word_1_668' title='bbox 97 2988 108 3005; x_wconf 82' lang='lat'><strong>³</strong></span> <span class='ocrx_word' id='word_1_669' title='bbox 125 2989 174 3015; x_wconf 83' lang='lat' dir='ltr'>Csr.</span> <span class='ocrx_word' id='word_1_670' title='bbox 196 2991 221 3015; x_wconf 94' lang='lat' dir='ltr'>ll.</span> <span class='ocrx_word' id='word_1_671' title='bbox 242 2992 309 3016; x_wconf 83' lang='lat' dir='ltr'>Sent.</span> <span class='ocrx_word' id='word_1_672' title='bbox 330 2991 355 3016; x_wconf 89' lang='lat' dir='ltr'>d.</span> <span class='ocrx_word' id='word_1_673' title='bbox 375 2992 416 3017; x_wconf 88' lang='lat'>37.</span> <span class='ocrx_word' id='word_1_674' title='bbox 437 2998 459 3016; x_wconf 84' lang='lat' dir='ltr'>a.</span> <span class='ocrx_word' id='word_1_675' title='bbox 480 2992 503 3016; x_wconf 78' lang='lat'>2.</span> <span class='ocrx_word' id='word_1_676' title='bbox 524 2999 548 3024; x_wconf 84' lang='lat' dir='ltr'>q.</span> <span class='ocrx_word' id='word_1_677' title='bbox 570 2993 593 3016; x_wconf 55' lang='lat'>4,</span> 
     </span>
    </p>

    <p class='ocr_par' dir='ltr' id='par_1_26' title="bbox 97 3032 957 3067">
     <span class='ocr_line' id='line_1_96' title="bbox 97 3032 957 3067; baseline 0.001 -9"><span class='ocrx_word' id='word_1_678' title='bbox 97 3032 107 3049; x_wconf 81' lang='lat'>⁴</span> <span class='ocrx_word' id='word_1_679' title='bbox 126 3034 186 3059; x_wconf 85' lang='lat' dir='ltr'>Dist.</span> <span class='ocrx_word' id='word_1_680' title='bbox 208 3034 246 3059; x_wconf 67' lang='lat' dir='ltr'>ist.</span> <span class='ocrx_word' id='word_1_681' title='bbox 267 3042 291 3066; x_wconf 84' lang='lat' dir='ltr'>p.</span> <span class='ocrx_word' id='word_1_682' title='bbox 312 3035 337 3059; x_wconf 92' lang='lat' dir='ltr'>ll.</span> <span class='ocrx_word' id='word_1_683' title='bbox 358 3042 380 3059; x_wconf 81' lang='lat' dir='ltr'>a.</span> <span class='ocrx_word' id='word_1_684' title='bbox 401 3036 424 3059; x_wconf 75' lang='lat'>2.</span> <span class='ocrx_word' id='word_1_685' title='bbox 445 3042 469 3067; x_wconf 88' lang='grc'>(1.</span> <span class='ocrx_word' id='word_1_686' title='bbox 491 3036 514 3060; x_wconf 90' lang='lat'>3.</span> <span class='ocrx_word' id='word_1_687' title='bbox 534 3035 583 3060; x_wconf 79' lang='lat' dir='ltr'>Ctr.</span> <span class='ocrx_word' id='word_1_688' title='bbox 604 3036 680 3060; x_wconf 81' lang='lat' dir='ltr'>etiam</span> <span class='ocrx_word' id='word_1_689' title='bbox 700 3035 725 3060; x_wconf 92' lang='lat' dir='ltr'>d.</span> <span class='ocrx_word' id='word_1_690' title='bbox 750 3035 786 3059; x_wconf 75' lang='lat'>15.</span> <span class='ocrx_word' id='word_1_691' title='bbox 806 3042 832 3066; x_wconf 89' lang='lat' dir='ltr'>p.</span> <span class='ocrx_word' id='word_1_692' title='bbox 853 3035 868 3059; x_wconf 93' lang='lat' dir='ltr'>l.</span> <span class='ocrx_word' id='word_1_693' title='bbox 889 3042 913 3066; x_wconf 84' lang='lat' dir='ltr'>q.</span> <span class='ocrx_word' id='word_1_694' title='bbox 935 3034 957 3059; x_wconf 75' lang='grc' dir='ltr'>[ι.</span> 
     </span>
    </p>

    <p class='ocr_par' dir='ltr' id='par_1_27' title="bbox 31 3076 975 3154">
     <span class='ocr_line' id='line_1_97' title="bbox 97 3076 975 3110; baseline 0.001 -8"><span class='ocrx_word' id='word_1_695' title='bbox 97 3076 108 3093; x_wconf 83' lang='grc'>5</span> <span class='ocrx_word' id='word_1_696' title='bbox 128 3077 198 3102; x_wconf 75' lang='lat' dir='ltr'>Vers.</span> <span class='ocrx_word' id='word_1_697' title='bbox 220 3078 265 3109; x_wconf 75' lang='lat'>24,</span> <span class='ocrx_word' id='word_1_698' title='bbox 287 3078 329 3103; x_wconf 88' lang='lat' dir='ltr'>ubi</span> <span class='ocrx_word' id='word_1_699' title='bbox 351 3079 382 3103; x_wconf 87' lang='lat' dir='ltr'>de</span> <span class='ocrx_word' id='word_1_700' title='bbox 403 3080 468 3104; x_wconf 89' lang='lat' dir='ltr'>iusto</span> <span class='ocrx_word' id='word_1_701' title='bbox 488 3087 502 3103; x_wconf 87' lang='lat' dir='ltr'>a</span> <span class='ocrx_word' id='word_1_702' title='bbox 521 3080 614 3104; x_wconf 84' lang='lat' dir='ltr'>iustitia</span> <span class='ocrx_word' id='word_1_703' title='bbox 634 3086 662 3104; x_wconf 83' lang='lat' dir='ltr'>se</span> <span class='ocrx_word' id='word_1_704' title='bbox 684 3082 828 3109; x_wconf 74' lang='lat' dir='ltr'>avertente,</span> <span class='ocrx_word' id='word_1_705' title='bbox 848 3082 911 3104; x_wconf 84' lang='lat' dir='ltr'>etv.</span> <span class='ocrx_word' id='word_1_706' title='bbox 929 3080 975 3110; x_wconf 75' lang='lat'>22,</span> 
     </span>
     <span class='ocr_line' id='line_1_98' title="bbox 31 3119 454 3154; baseline 0.007 -10"><span class='ocrx_word' id='word_1_707' title='bbox 31 3119 73 3144; x_wconf 88' lang='grc'>11111</span> <span class='ocrx_word' id='word_1_708' title='bbox 92 3120 124 3146; x_wconf 83' lang='lat' dir='ltr'>de</span> <span class='ocrx_word' id='word_1_709' title='bbox 143 3124 276 3152; x_wconf 77' lang='lat' dir='ltr'>peccatore</span> <span class='ocrx_word' id='word_1_710' title='bbox 295 3126 454 3154; x_wconf 82' lang='lat' dir='ltr'>resurgente.</span> 
     </span>
    </p>

    <p class='ocr_par' dir='ltr' id='par_1_28' title="bbox 98 3164 896 3198">
     <span class='ocr_line' id='line_1_99' title="bbox 98 3164 896 3198; baseline 0.003 -9"><span class='ocrx_word' id='word_1_711' title='bbox 98 3164 109 3180; x_wconf 82' lang='lat'><strong><em>⁶</em></strong></span> <span class='ocrx_word' id='word_1_712' title='bbox 127 3165 172 3190; x_wconf 82' lang='lat' dir='ltr'>Hic</span> <span class='ocrx_word' id='word_1_713' title='bbox 190 3172 211 3190; x_wconf 90' lang='lat' dir='ltr'>c.</span> <span class='ocrx_word' id='word_1_714' title='bbox 233 3167 256 3191; x_wconf 88' lang='lat' dir='ltr'>l.</span> <span class='ocrx_word' id='word_1_715' title='bbox 279 3166 343 3191; x_wconf 85' lang='lat' dir='ltr'>Vide</span> <span class='ocrx_word' id='word_1_716' title='bbox 363 3168 438 3192; x_wconf 85' lang='lat' dir='ltr'>etiam</span> <span class='ocrx_word' id='word_1_717' title='bbox 459 3167 581 3198; x_wconf 64' lang='lat' dir='ltr'>Gratiam,</span> <span class='ocrx_word' id='word_1_718' title='bbox 601 3166 633 3191; x_wconf 89' lang='lat' dir='ltr'>de</span> <span class='ocrx_word' id='word_1_719' title='bbox 653 3167 806 3191; x_wconf 81' lang='lat' dir='ltr'>Poenitentia</span> <span class='ocrx_word' id='word_1_720' title='bbox 828 3166 851 3191; x_wconf 75' lang='grc'>(1.</span> <span class='ocrx_word' id='word_1_721' title='bbox 873 3165 896 3191; x_wconf 72' lang='lat'>4.</span> 
     </span>
    </p>

    <p class='ocr_par' dir='ltr' id='par_1_29' title="bbox 28 3208 976 3417">
     <span class='ocr_line' id='line_1_100' title="bbox 98 3208 976 3242; baseline 0.002 -8"><span class='ocrx_word' id='word_1_722' title='bbox 98 3208 109 3225; x_wconf 89' lang='lat'>⁷</span> <span class='ocrx_word' id='word_1_723' title='bbox 127 3210 197 3235; x_wconf 85' lang='lat' dir='ltr'>Sum.</span> <span class='ocrx_word' id='word_1_724' title='bbox 218 3217 243 3241; x_wconf 87' lang='lat' dir='ltr'>p.</span> <span class='ocrx_word' id='word_1_725' title='bbox 264 3210 290 3235; x_wconf 95' lang='lat' dir='ltr'>ll.</span> <span class='ocrx_word' id='word_1_726' title='bbox 307 3214 414 3242; x_wconf 73' lang='lat' dir='ltr'>quaest,</span> <span class='ocrx_word' id='word_1_727' title='bbox 437 3217 504 3242; x_wconf 83' lang='lat' dir='ltr'>quae</span> <span class='ocrx_word' id='word_1_728' title='bbox 517 3211 553 3235; x_wconf 88' lang='lat' dir='ltr'>sic</span> <span class='ocrx_word' id='word_1_729' title='bbox 572 3209 733 3235; x_wconf 84' lang='lat' dir='ltr'>inscribitur:</span> <span class='ocrx_word' id='word_1_730' title='bbox 748 3210 827 3236; x_wconf 76' lang='lat' dir='ltr'>Nunc</span> <span class='ocrx_word' id='word_1_731' title='bbox 846 3210 976 3236; x_wconf 67' lang='lat' dir='ltr'>daraclita</span> 
     </span>
     <span class='ocr_line' id='line_1_101' title="bbox 28 3253 975 3287; baseline 0.002 -10"><span class='ocrx_word' id='word_1_732' title='bbox 28 3253 196 3284; x_wconf 74' lang='lat' dir='ltr'>peccatorum</span> <span class='ocrx_word' id='word_1_733' title='bbox 221 3254 376 3287; x_wconf 68' lang='lat' dir='ltr'>quaeritur,</span> <span class='ocrx_word' id='word_1_734' title='bbox 404 3253 503 3280; x_wconf 73' lang='lat' dir='ltr'>scilicet</span> <span class='ocrx_word' id='word_1_735' title='bbox 526 3260 562 3279; x_wconf 83' lang='lat' dir='ltr'>cm</span> <span class='ocrx_word' id='word_1_736' title='bbox 585 3255 692 3286; x_wconf 77' lang='lat' dir='ltr'>peccata</span> <span class='ocrx_word' id='word_1_737' title='bbox 716 3253 838 3285; x_wconf 76' lang='lat' dir='ltr'>redeant,</span> <span class='ocrx_word' id='word_1_738' title='bbox 863 3254 908 3279; x_wconf 83' lang='lat' dir='ltr'>ubi</span> <span class='ocrx_word' id='word_1_739' title='bbox 928 3255 975 3280; x_wconf 81' lang='lat' dir='ltr'>ait:</span> 
     </span>
     <span class='ocr_line' id='line_1_102' title="bbox 32 3294 976 3328; baseline 0.003 -9"><span class='ocrx_word' id='word_1_740' title='bbox 32 3294 139 3325; x_wconf 88' lang='lat' dir='ltr'>Quidam</span> <span class='ocrx_word' id='word_1_741' title='bbox 159 3296 260 3328; x_wconf 77' lang='lat' dir='ltr'>dicunt,</span> <span class='ocrx_word' id='word_1_742' title='bbox 286 3297 356 3328; x_wconf 86' lang='lat' dir='ltr'>quod</span> <span class='ocrx_word' id='word_1_743' title='bbox 384 3301 485 3327; x_wconf 83' lang='lat' dir='ltr'>peccata</span> <span class='ocrx_word' id='word_1_744' title='bbox 507 3303 557 3321; x_wconf 89' lang='lat' dir='ltr'>non</span> <span class='ocrx_word' id='word_1_745' title='bbox 577 3296 700 3327; x_wconf 87' lang='lat' dir='ltr'>redeunt,</span> <span class='ocrx_word' id='word_1_746' title='bbox 726 3297 771 3321; x_wconf 88' lang='lat' dir='ltr'>sed</span> <span class='ocrx_word' id='word_1_747' title='bbox 795 3297 915 3322; x_wconf 89' lang='lat' dir='ltr'>dicuntur</span> <span class='ocrx_word' id='word_1_748' title='bbox 940 3304 976 3322; x_wconf 88' lang='lat' dir='ltr'>re-</span> 
     </span>
     <span class='ocr_line' id='line_1_103' title="bbox 32 3337 976 3373; baseline 0.003 -11"><span class='ocrx_word' id='word_1_749' title='bbox 32 3337 98 3369; x_wconf 86' lang='lat' dir='ltr'>diro;</span> <span class='ocrx_word' id='word_1_750' title='bbox 112 3341 170 3371; x_wconf 86' lang='lat' dir='ltr'>quia</span> <span class='ocrx_word' id='word_1_751' title='bbox 185 3340 313 3372; x_wconf 84' lang='lat' dir='ltr'>quaedam</span> <span class='ocrx_word' id='word_1_752' title='bbox 327 3340 483 3372; x_wconf 77' lang='lat' dir='ltr'>ingratitudo</span> <span class='ocrx_word' id='word_1_753' title='bbox 497 3341 561 3365; x_wconf 84' lang='lat' dir='ltr'>inest</span> <span class='ocrx_word' id='word_1_754' title='bbox 574 3341 628 3371; x_wconf 88' lang='lat' dir='ltr'>isti,</span> <span class='ocrx_word' id='word_1_755' title='bbox 643 3347 709 3372; x_wconf 86' lang='lat' dir='ltr'>quae</span> <span class='ocrx_word' id='word_1_756' title='bbox 727 3341 882 3373; x_wconf 82' lang='lat' dir='ltr'>aequipollet</span> <span class='ocrx_word' id='word_1_757' title='bbox 897 3343 976 3366; x_wconf 89' lang='lat' dir='ltr'>omni-</span> 
     </span>
     <span class='ocr_line' id='line_1_104' title="bbox 29 3380 976 3417; baseline 0.004 -11"><span class='ocrx_word' id='word_1_758' title='bbox 29 3380 80 3407; x_wconf 84' lang='lat' dir='ltr'>bus</span> <span class='ocrx_word' id='word_1_759' title='bbox 93 3383 146 3408; x_wconf 87' lang='lat' dir='ltr'>istis</span> <span class='ocrx_word' id='word_1_760' title='bbox 163 3385 299 3415; x_wconf 86' lang='lat' dir='ltr'>peccatis...</span> <span class='ocrx_word' id='word_1_761' title='bbox 313 3384 390 3410; x_wconf 86' lang='lat' dir='ltr'>Nobis</span> <span class='ocrx_word' id='word_1_762' title='bbox 404 3388 489 3409; x_wconf 85' lang='lat' dir='ltr'>autem</span> <span class='ocrx_word' id='word_1_763' title='bbox 503 3384 606 3409; x_wconf 85' lang='lat' dir='ltr'>videtur</span> <span class='ocrx_word' id='word_1_764' title='bbox 619 3385 771 3415; x_wconf 81' lang='lat' dir='ltr'>generaliter</span> <span class='ocrx_word' id='word_1_765' title='bbox 784 3392 889 3417; x_wconf 84' lang='lat' dir='ltr'>verum,</span> <span class='ocrx_word' id='word_1_766' title='bbox 905 3385 976 3417; x_wconf 89' lang='lat' dir='ltr'>quod</span> 
     </span>
    </p>
   </div>
   <div class='ocr_carea' id='block_1_13' title="bbox 1007 2816 1010 3404">
    <p class='ocr_par' dir='ltr' id='par_1_30' title="bbox 1007 2816 1010 3404">
     <span class='ocr_line' id='line_1_105' title="bbox 1007 2816 1010 3404; baseline 0 0"><span class='ocrx_word' id='word_1_767' title='bbox 1007 2816 1010 3404; x_wconf 95' lang='lat' dir='ltr'> </span> 
     </span>
    </p>
   </div>
   <div class='ocr_carea' id='block_1_14' title="bbox 1039 2815 1992 3419">
    <p class='ocr_par' dir='ltr' id='par_1_31' title="bbox 1039 2815 1992 3328">
     <span class='ocr_line' id='line_1_106' title="bbox 1040 2815 1988 2848; baseline 0.001 -8"><span class='ocrx_word' id='word_1_768' title='bbox 1040 2819 1143 2847; x_wconf 82' lang='lat' dir='ltr'>peccata</span> <span class='ocrx_word' id='word_1_769' title='bbox 1169 2822 1220 2840; x_wconf 86' lang='lat' dir='ltr'>non</span> <span class='ocrx_word' id='word_1_770' title='bbox 1245 2815 1366 2846; x_wconf 84' lang='lat' dir='ltr'>redeunt;</span> <span class='ocrx_word' id='word_1_771' title='bbox 1393 2818 1452 2840; x_wconf 91' lang='lat' dir='ltr'>sunt</span> <span class='ocrx_word' id='word_1_772' title='bbox 1471 2818 1555 2840; x_wconf 83' lang='lat' dir='ltr'>tamen</span> <span class='ocrx_word' id='word_1_773' title='bbox 1580 2822 1671 2846; x_wconf 84' lang='lat' dir='ltr'>casus,</span> <span class='ocrx_word' id='word_1_774' title='bbox 1695 2816 1719 2840; x_wconf 92' lang='lat' dir='ltr'>in</span> <span class='ocrx_word' id='word_1_775' title='bbox 1746 2815 1842 2848; x_wconf 85' lang='lat' dir='ltr'>quibus</span> <span class='ocrx_word' id='word_1_776' title='bbox 1865 2816 1988 2848; x_wconf 86' lang='lat' dir='ltr'>redeunt,</span> 
     </span>
     <span class='ocr_line' id='line_1_107' title="bbox 1040 2859 1992 2892; baseline 0.001 -8"><span class='ocrx_word' id='word_1_777' title='bbox 1040 2859 1135 2884; x_wconf 83' lang='lat' dir='ltr'>scilicet</span> <span class='ocrx_word' id='word_1_778' title='bbox 1152 2859 1274 2891; x_wconf 76' lang='lat' dir='ltr'>fraterno</span> <span class='ocrx_word' id='word_1_779' title='bbox 1294 2859 1367 2891; x_wconf 75' lang='lat' dir='ltr'>odio,</span> <span class='ocrx_word' id='word_1_780' title='bbox 1390 2859 1421 2884; x_wconf 89' lang='lat' dir='ltr'>de</span> <span class='ocrx_word' id='word_1_781' title='bbox 1441 2866 1493 2892; x_wconf 85' lang='lat' dir='ltr'>quo</span> <span class='ocrx_word' id='word_1_782' title='bbox 1507 2859 1634 2884; x_wconf 83' lang='lat' dir='ltr'>babemus</span> <span class='ocrx_word' id='word_1_783' title='bbox 1653 2860 1800 2891; x_wconf 82' lang='lat' dir='ltr'>exemplum</span> <span class='ocrx_word' id='word_1_784' title='bbox 1816 2861 1839 2885; x_wconf 88' lang='lat' dir='ltr'>in</span> <span class='ocrx_word' id='word_1_785' title='bbox 1860 2868 1937 2886; x_wconf 80' lang='lat' dir='ltr'>servo</span> <span class='ocrx_word' id='word_1_786' title='bbox 1951 2868 1992 2885; x_wconf 89' lang='lat' dir='ltr'>ne-</span> 
     </span>
     <span class='ocr_line' id='line_1_108' title="bbox 1040 2902 1990 2936; baseline 0.002 -8"><span class='ocrx_word' id='word_1_787' title='bbox 1040 2910 1119 2935; x_wconf 82' lang='lat' dir='ltr'>quam</span> <span class='ocrx_word' id='word_1_788' title='bbox 1140 2902 1244 2936; x_wconf 67' lang='lat' dir='ltr'>[naun.</span> <span class='ocrx_word' id='word_1_789' title='bbox 1266 2904 1310 2934; x_wconf 49' lang='grc' dir='ltr'>Ἰ18,</span> <span class='ocrx_word' id='word_1_790' title='bbox 1332 2904 1373 2928; x_wconf 75' lang='lat'>32.</span> <span class='ocrx_word' id='word_1_791' title='bbox 1393 2904 1491 2935; x_wconf 80' lang='lat' dir='ltr'>seqq.],</span> <span class='ocrx_word' id='word_1_792' title='bbox 1512 2910 1560 2934; x_wconf 83' lang='lat' dir='ltr'>pro</span> <span class='ocrx_word' id='word_1_793' title='bbox 1579 2903 1729 2936; x_wconf 73' lang='lat' dir='ltr'>apostasia,</span> <span class='ocrx_word' id='word_1_794' title='bbox 1752 2909 1778 2929; x_wconf 89' lang='lat' dir='ltr'>ut</span> <span class='ocrx_word' id='word_1_795' title='bbox 1795 2905 1820 2929; x_wconf 87' lang='lat' dir='ltr'>in</span> <span class='ocrx_word' id='word_1_796' title='bbox 1844 2905 1922 2936; x_wconf 87' lang='lat' dir='ltr'>luda;</span> <span class='ocrx_word' id='word_1_797' title='bbox 1943 2912 1990 2936; x_wconf 83' lang='lat' dir='ltr'>pro</span> 
     </span>
     <span class='ocr_line' id='line_1_109' title="bbox 1039 2946 1991 2982; baseline 0.003 -11"><span class='ocrx_word' id='word_1_798' title='bbox 1039 2954 1070 2971; x_wconf 82' lang='lat' dir='ltr'>co</span> <span class='ocrx_word' id='word_1_799' title='bbox 1091 2947 1161 2979; x_wconf 84' lang='lat' dir='ltr'>qnod</span> <span class='ocrx_word' id='word_1_800' title='bbox 1181 2948 1238 2980; x_wconf 84' lang='lat' dir='ltr'>quis</span> <span class='ocrx_word' id='word_1_801' title='bbox 1257 2954 1311 2973; x_wconf 73' lang='lat' dir='ltr'>von</span> <span class='ocrx_word' id='word_1_802' title='bbox 1330 2946 1388 2972; x_wconf 35' lang='lat' dir='ltr'>&#39;vult</span> <span class='ocrx_word' id='word_1_803' title='bbox 1406 2946 1527 2980; x_wconf 70' lang='lat' dir='ltr'>confiteri</span> <span class='ocrx_word' id='word_1_804' title='bbox 1545 2951 1603 2978; x_wconf 72' lang='lat' dir='ltr'>post</span> <span class='ocrx_word' id='word_1_805' title='bbox 1616 2948 1806 2979; x_wconf 80' lang='lat' dir='ltr'>contritionem,</span> <span class='ocrx_word' id='word_1_806' title='bbox 1828 2949 1868 2973; x_wconf 69' lang='lat' dir='ltr'>vel</span> <span class='ocrx_word' id='word_1_807' title='bbox 1887 2948 1991 2982; x_wconf 73' lang='lat' dir='ltr'>satisfa-</span> 
     </span>
     <span class='ocr_line' id='line_1_110' title="bbox 1040 2990 1991 3024; baseline 0.001 -8"><span class='ocrx_word' id='word_1_808' title='bbox 1040 2997 1098 3016; x_wconf 77' lang='lat' dir='ltr'>cere</span> <span class='ocrx_word' id='word_1_809' title='bbox 1121 2994 1178 3022; x_wconf 84' lang='lat' dir='ltr'>post</span> <span class='ocrx_word' id='word_1_810' title='bbox 1197 2991 1398 3022; x_wconf 53' lang='lat' dir='ltr'>consessionem</span> <span class='ocrx_word' id='word_1_811' title='bbox 1419 2994 1444 3015; x_wconf 89' lang='lat' dir='ltr'>et</span> <span class='ocrx_word' id='word_1_812' title='bbox 1462 2991 1506 3022; x_wconf 85' lang='grc'>(1111</span> <span class='ocrx_word' id='word_1_813' title='bbox 1531 2991 1584 3021; x_wconf 78' lang='lat' dir='ltr'>agit</span> <span class='ocrx_word' id='word_1_814' title='bbox 1607 2990 1794 3023; x_wconf 71' lang='lat' dir='ltr'>poenite-utiam</span> <span class='ocrx_word' id='word_1_815' title='bbox 1815 2991 1991 3024; x_wconf 74' lang='lat' dir='ltr'>poenitentiae</span> 
     </span>
     <span class='ocr_line' id='line_1_111' title="bbox 1041 3033 1990 3067; baseline 0.002 -8"><span class='ocrx_word' id='word_1_816' title='bbox 1041 3033 1073 3067; x_wconf 84' lang='lat' dir='ltr'>[a</span> <span class='ocrx_word' id='word_1_817' title='bbox 1099 3035 1211 3060; x_wconf 84' lang='lat' dir='ltr'>secunda</span> <span class='ocrx_word' id='word_1_818' title='bbox 1238 3041 1316 3059; x_wconf 85' lang='lat' dir='ltr'>manu</span> <span class='ocrx_word' id='word_1_819' title='bbox 1341 3034 1443 3059; x_wconf 85' lang='lat' dir='ltr'>additur</span> <span class='ocrx_word' id='word_1_820' title='bbox 1466 3033 1497 3059; x_wconf 76' lang='lat' dir='ltr'>cle</span> <span class='ocrx_word' id='word_1_821' title='bbox 1522 3033 1602 3067; x_wconf 79' lang='lat' dir='ltr'>quo]‚</span> <span class='ocrx_word' id='word_1_822' title='bbox 1624 3039 1652 3059; x_wconf 92' lang='lat' dir='ltr'>ut</span> <span class='ocrx_word' id='word_1_823' title='bbox 1671 3034 1732 3059; x_wconf 83' lang='lat' dir='ltr'>(licit</span> <span class='ocrx_word' id='word_1_824' title='bbox 1750 3035 1917 3060; x_wconf 77' lang='lat' dir='ltr'>Ambrosius:</span> <span class='ocrx_word' id='word_1_825' title='bbox 1937 3036 1990 3061; x_wconf 87' lang='lat' dir='ltr'>Hoc</span> 
     </span>
     <span class='ocr_line' id='line_1_112' title="bbox 1041 3079 1989 3110; baseline 0.002 -7"><span class='ocrx_word' id='word_1_826' title='bbox 1041 3080 1152 3104; x_wconf 85' lang='lat' dir='ltr'>maxime</span> <span class='ocrx_word' id='word_1_827' title='bbox 1171 3079 1317 3104; x_wconf 84' lang='lat' dir='ltr'>cavendum</span> <span class='ocrx_word' id='word_1_828' title='bbox 1337 3082 1389 3109; x_wconf 82' lang='grc'>051,</span> <span class='ocrx_word' id='word_1_829' title='bbox 1410 3085 1441 3103; x_wconf 91' lang='lat' dir='ltr'>ne</span> <span class='ocrx_word' id='word_1_830' title='bbox 1461 3079 1519 3110; x_wconf 78' lang='lat' dir='ltr'>quis</span> <span class='ocrx_word' id='word_1_831' title='bbox 1538 3082 1597 3109; x_wconf 79' lang='lat' dir='ltr'>agat</span> <span class='ocrx_word' id='word_1_832' title='bbox 1616 3079 1798 3109; x_wconf 85' lang='lat' dir='ltr'>poenitentiam</span> <span class='ocrx_word' id='word_1_833' title='bbox 1818 3080 1989 3110; x_wconf 82' lang='lat' dir='ltr'>poenitentiae</span> 
     </span>
     <span class='ocr_line' id='line_1_113' title="bbox 1042 3123 1989 3156; baseline 0.002 -9"><span class='ocrx_word' id='word_1_834' title='bbox 1042 3123 1084 3154; x_wconf 88' lang='lat' dir='ltr'>[ll.</span> <span class='ocrx_word' id='word_1_835' title='bbox 1105 3123 1137 3147; x_wconf 89' lang='lat' dir='ltr'>de</span> <span class='ocrx_word' id='word_1_836' title='bbox 1157 3123 1324 3154; x_wconf 77' lang='lat' dir='ltr'>Doenitentia,</span> <span class='ocrx_word' id='word_1_837' title='bbox 1340 3130 1360 3148; x_wconf 90' lang='lat' dir='ltr'>c.</span> <span class='ocrx_word' id='word_1_838' title='bbox 1376 3124 1399 3148; x_wconf 85' lang='lat'>9.</span> <span class='ocrx_word' id='word_1_839' title='bbox 1415 3130 1439 3148; x_wconf 92' lang='lat' dir='ltr'>n.</span> <span class='ocrx_word' id='word_1_840' title='bbox 1456 3123 1502 3147; x_wconf 81' lang='lat'>86:</span> <span class='ocrx_word' id='word_1_841' title='bbox 1518 3123 1567 3147; x_wconf 77' lang='lat' dir='ltr'>Sed</span> <span class='ocrx_word' id='word_1_842' title='bbox 1582 3130 1626 3148; x_wconf 86' lang='lat' dir='ltr'>eos</span> <span class='ocrx_word' id='word_1_843' title='bbox 1640 3124 1683 3155; x_wconf 87' lang='grc'>(1111</span> <span class='ocrx_word' id='word_1_844' title='bbox 1699 3125 1881 3155; x_wconf 83' lang='lat' dir='ltr'>poenitentiam</span> <span class='ocrx_word' id='word_1_845' title='bbox 1895 3128 1989 3156; x_wconf 82' lang='lat' dir='ltr'>agunt,</span> 
     </span>
     <span class='ocr_line' id='line_1_114' title="bbox 1041 3166 1991 3200; baseline 0.002 -9"><span class='ocrx_word' id='word_1_846' title='bbox 1041 3168 1090 3191; x_wconf 86' lang='lat' dir='ltr'>boc</span> <span class='ocrx_word' id='word_1_847' title='bbox 1108 3167 1191 3192; x_wconf 87' lang='lat' dir='ltr'>solum</span> <span class='ocrx_word' id='word_1_848' title='bbox 1218 3168 1348 3198; x_wconf 85' lang='lat' dir='ltr'>poenitere</span> <span class='ocrx_word' id='word_1_849' title='bbox 1368 3174 1418 3192; x_wconf 88' lang='lat' dir='ltr'>non</span> <span class='ocrx_word' id='word_1_850' title='bbox 1444 3166 1532 3197; x_wconf 78' lang='lat' dir='ltr'>(lebet,</span> <span class='ocrx_word' id='word_1_851' title='bbox 1555 3174 1586 3192; x_wconf 90' lang='lat' dir='ltr'>ne</span> <span class='ocrx_word' id='word_1_852' title='bbox 1611 3168 1693 3198; x_wconf 84' lang='lat' dir='ltr'>ipsius</span> <span class='ocrx_word' id='word_1_853' title='bbox 1719 3169 1888 3199; x_wconf 87' lang='lat' dir='ltr'>poenitentiae</span> <span class='ocrx_word' id='word_1_854' title='bbox 1913 3172 1991 3200; x_wconf 80' lang='lat' dir='ltr'>agant</span> 
     </span>
     <span class='ocr_line' id='line_1_115' title="bbox 1041 3210 1990 3244; baseline 0.004 -9"><span class='ocrx_word' id='word_1_855' title='bbox 1041 3210 1245 3243; x_wconf 68' lang='lat' dir='ltr'>poenitentiam]</span> <span class='ocrx_word' id='word_1_856' title='bbox 1260 3212 1427 3236; x_wconf 71' lang='lat' dir='ltr'>Auctoritates</span> <span class='ocrx_word' id='word_1_857' title='bbox 1447 3218 1509 3242; x_wconf 81' lang='lat' dir='ltr'>ergo</span> <span class='ocrx_word' id='word_1_858' title='bbox 1529 3212 1598 3243; x_wconf 66' lang='lat' dir='ltr'>illae,</span> <span class='ocrx_word' id='word_1_859' title='bbox 1613 3219 1679 3244; x_wconf 82' lang='lat' dir='ltr'>quae</span> <span class='ocrx_word' id='word_1_860' title='bbox 1697 3211 1798 3244; x_wconf 80' lang='lat' dir='ltr'>dicunt,</span> <span class='ocrx_word' id='word_1_861' title='bbox 1812 3216 1916 3244; x_wconf 82' lang='lat' dir='ltr'>peccata</span> <span class='ocrx_word' id='word_1_862' title='bbox 1935 3219 1990 3239; x_wconf 76' lang='lat' dir='ltr'>non</span> 
     </span>
     <span class='ocr_line' id='line_1_116' title="bbox 1040 3254 1987 3289; baseline 0.002 -9"><span class='ocrx_word' id='word_1_863' title='bbox 1040 3254 1141 3286; x_wconf 74' lang='lat' dir='ltr'>redire,</span> <span class='ocrx_word' id='word_1_864' title='bbox 1163 3254 1195 3278; x_wconf 82' lang='lat' dir='ltr'>ad</span> <span class='ocrx_word' id='word_1_865' title='bbox 1216 3255 1406 3285; x_wconf 75' lang='lat' dir='ltr'>generalitatem</span> <span class='ocrx_word' id='word_1_866' title='bbox 1420 3254 1570 3280; x_wconf 78' lang='lat' dir='ltr'>referendae</span> <span class='ocrx_word' id='word_1_867' title='bbox 1589 3260 1665 3287; x_wconf 85' lang='lat' dir='ltr'>sunt;</span> <span class='ocrx_word' id='word_1_868' title='bbox 1686 3263 1753 3288; x_wconf 86' lang='lat' dir='ltr'>quae</span> <span class='ocrx_word' id='word_1_869' title='bbox 1773 3256 1871 3288; x_wconf 85' lang='lat' dir='ltr'>dicunt,</span> <span class='ocrx_word' id='word_1_870' title='bbox 1891 3255 1987 3289; x_wconf 79' lang='lat' dir='ltr'>redire,</span> 
     </span>
     <span class='ocr_line' id='line_1_117' title="bbox 1040 3298 1313 3328; baseline -0.007 -5"><span class='ocrx_word' id='word_1_871' title='bbox 1040 3298 1072 3323; x_wconf 86' lang='lat' dir='ltr'>ad</span> <span class='ocrx_word' id='word_1_872' title='bbox 1093 3305 1167 3323; x_wconf 85' lang='lat' dir='ltr'>casus</span> <span class='ocrx_word' id='word_1_873' title='bbox 1186 3301 1313 3328; x_wconf 79' lang='lat' dir='ltr'>exceptos.</span> 
     </span>
    </p>

    <p class='ocr_par' dir='ltr' id='par_1_32' title="bbox 1040 3341 1989 3419">
     <span class='ocr_line' id='line_1_118' title="bbox 1110 3341 1989 3375; baseline 0.005 -10"><span class='ocrx_word' id='word_1_874' title='bbox 1110 3341 1121 3357; x_wconf 77' lang='lat'>8</span> <span class='ocrx_word' id='word_1_875' title='bbox 1140 3341 1189 3366; x_wconf 73' lang='lat' dir='ltr'>Cir.</span> <span class='ocrx_word' id='word_1_876' title='bbox 1210 3348 1288 3372; x_wconf 84' lang='lat' dir='ltr'>supra</span> <span class='ocrx_word' id='word_1_877' title='bbox 1315 3342 1348 3366; x_wconf 90' lang='lat' dir='ltr'>lit.</span> <span class='ocrx_word' id='word_1_878' title='bbox 1369 3342 1494 3373; x_wconf 79' lang='lat' dir='ltr'>Magistri,</span> <span class='ocrx_word' id='word_1_879' title='bbox 1521 3342 1545 3367; x_wconf 88' lang='lat' dir='ltr'>d.</span> <span class='ocrx_word' id='word_1_880' title='bbox 1566 3342 1653 3367; x_wconf 82' lang='lat' dir='ltr'>XVlll.</span> <span class='ocrx_word' id='word_1_881' title='bbox 1674 3350 1695 3368; x_wconf 89' lang='lat' dir='ltr'>c.</span> <span class='ocrx_word' id='word_1_882' title='bbox 1716 3342 1746 3375; x_wconf 75' lang='lat'>4,</span> <span class='ocrx_word' id='word_1_883' title='bbox 1774 3343 1855 3369; x_wconf 83' lang='lat' dir='ltr'>verba</span> <span class='ocrx_word' id='word_1_884' title='bbox 1879 3344 1989 3375; x_wconf 79' lang='lat' dir='ltr'>August.</span> 
     </span>
     <span class='ocr_line' id='line_1_119' title="bbox 1040 3385 1782 3419; baseline 0.003 -10"><span class='ocrx_word' id='word_1_885' title='bbox 1040 3386 1064 3409; x_wconf 88' lang='lat' dir='ltr'>in</span> <span class='ocrx_word' id='word_1_886' title='bbox 1087 3386 1123 3410; x_wconf 85' lang='grc' dir='ltr'>Ρ5.</span> <span class='ocrx_word' id='word_1_887' title='bbox 1146 3385 1191 3416; x_wconf 87' lang='grc'>31,</span> <span class='ocrx_word' id='word_1_888' title='bbox 1217 3386 1240 3409; x_wconf 88' lang='lat' dir='ltr'>l:</span> <span class='ocrx_word' id='word_1_889' title='bbox 1260 3385 1355 3410; x_wconf 84' lang='lat' dir='ltr'>Beati...</span> <span class='ocrx_word' id='word_1_890' title='bbox 1376 3392 1487 3418; x_wconf 84' lang='lat' dir='ltr'>qnorum</span> <span class='ocrx_word' id='word_1_891' title='bbox 1508 3387 1573 3412; x_wconf 71' lang='lat' dir='ltr'>tecta</span> <span class='ocrx_word' id='word_1_892' title='bbox 1592 3391 1651 3412; x_wconf 89' lang='lat' dir='ltr'>sunt</span> <span class='ocrx_word' id='word_1_893' title='bbox 1670 3391 1782 3419; x_wconf 71' lang='lat' dir='ltr'>peccata.</span> 
     </span>
    </p>
   </div>
  </div>
 </body>
</html>
