2483 3882
321 1007 354 1028 Ad
369 1006 450 1033 opposb

360 1035 411 1054 mm

467 227 531 258 772

467 313 601 346 turalem
627 314 800 351 desectum,
825 312 891 352 pari
912 311 1030 343 ratione
1049 313 1175 351 propter
1200 309 1415 350 impotentiam

467 367 597 400 coeundi
624 376 695 399 cum
722 374 783 396 una
809 368 936 405 propter
961 363 1162 395 maleficium.

556 421 584 450 5
609 419 701 456 Item,
731 416 883 449 maleficia
912 415 991 447 fiunt
1019 419 1085 447 arte
1110 418 1140 446 et
1165 418 1315 455 potestate
1348 414 1418 446 dae-

467 482 613 511 monum,
639 472 719 503 sicut
743 470 857 502 dicitur
890 469 920 500 in
952 468 1137 500 auctoritate
1169 467 1296 499 canonis
1328 468 1417 508 prius

466 525 625 567 proposita
640 524 670 561 ¹3
696 523 749 554 sed
775 521 919 553 diabolus
942 524 990 553 est
1018 520 1172 562 potentior
1196 525 1226 552 et
1251 520 1417 558 versutior,

466 586 560 620 quam
586 577 625 609 sit
647 577 756 608 homo:
775 575 798 607 si
817 584 892 616 ergo
910 574 1003 606 homo
1020 577 1121 615 potest
1137 573 1272 605 alterum
1291 573 1418 605 omnino

466 631 600 663 reddere
614 628 782 660 inhabilem
797 627 837 659 ad
850 631 954 659 actum
977 626 1166 658 matrimonii
1186 626 1234 657 vel
1252 626 1419 658 castrando

466 684 516 715 vel
540 682 674 715 secando
707 690 762 723 per
786 680 984 718 violentiam,
1011 680 1059 711 vel
1084 679 1188 711 dando
1213 679 1418 718 medicinam,

466 736 515 768 vel
539 744 596 777 pet·
621 734 769 766 virtutem
787 733 900 774 lapidis
917 732 1054 774 aliquam
1079 732 1233 764 occultant
1246 757 1253 770 ,
1271 732 1351 764 sicut
1367 731 1420 763 ali—

466 789 519 831 qui
552 787 664 820 medici
697 790 848 823 narrant;
880 786 1024 823 videtur,
1057 785 1141 826 quod
1178 785 1277 817 multo
1308 785 1419 816 fortius

466 842 525 873 hoe
563 840 707 873 diabolus
742 839 857 881 possit:
883 848 958 880 ergo
991 847 1047 880 per
1079 838 1420 880 maleficium,poterit

467 893 620 935 praestari
645 892 756 925 efficax
783 891 1055 933 impedimentum.

555 947 698 979 CONTRA:
728 947 755 977 t.
780 944 962 977 Huiusmodi
995 943 1191 984 sortilegium
1221 946 1268 975 est
1292 943 1420 975 diaboli·

466 1010 537 1034 cum
565 1000 753 1033 maleficium
767 1025 774 1037 ‚
799 999 854 1031 sed
880 997 1115 1029 matrimonium
1133 1000 1179 1028 est
1196 996 1372 1028 remedium
1390 998 1420 1027 et

466 1054 608 1087 divinum
634 1052 842 1090 beneficium3
868 1051 921 1083 sed
947 1050 1105 1091 potentius
1129 1053 1175 1081 est
1200 1049 1342 1080 divinum
1372 1048 1420 1080 be-

465 1106 612 1139 neficium
637 1114 731 1147 quam
763 1103 953 1137 diabolicum
978 1102 1190 1134 maleficium:
1216 1110 1291 1142 ergo
1314 1101 1419 1142 potius

466 1160 701 1192 matrimonium
734 1157 827 1190 solvit
860 1156 1067 1193 maleficium,
1100 1163 1194 1196 quam
1228 1154 1417 1186 maleficium

465 1213 615 1246 excludat
639 1211 885 1243 matrimonium.

555 1268 584 1298 Q,
609 1265 702 1303 Item,
727 1264 805 1296 nihil
835 1262 965 1304 impedit
989 1261 1244 1299 matrimonium,
1269 1260 1353 1301 quod
1380 1260 1419 1292 sit

464 1324 726 1361 temporaneum3
750 1317 804 1349 sed
831 1316 1019 1348 maleficium
1038 1323 1129 1346 omne
1146 1317 1192 1346 est
1216 1313 1417 1346 dissolubile:

464 1382 539 1415 ergo
563 1381 619 1414 per
648 1370 839 1403 maleficium
873 1378 934 1401 nou
966 1368 1138 1409 impeditur
1170 1367 1417 1400 matrimonium.

465 1426 553 1467 Quod
579 1428 683 1456 autem
710 1424 749 1456 sit
773 1422 975 1460 dissolubile,
1001 1421 1153 1463 probatur
1178 1429 1216 1452 ex
1244 1424 1332 1461 parte
1350 1420 1418 1452 eius

466 1478 524 1522 qui
546 1477 631 1520 facit
654 1481 684 1509 et
708 1476 764 1508 cui
786 1474 822 1517 fit
847 1479 877 1507 et
902 1474 991 1506 modi
1005 1472 1163 1516 faciendi.
1183 1473 1226 1504 Ex
1244 1476 1333 1514 parte
1350 1473 1418 1505 eius

466 1530 523 1563 cui
544 1529 602 1571 sic.-
627 1529 700 1571 quia
724 1528 798 1560 talia
822 1527 975 1559 maleficia
999 1526 1078 1558 flunt
1096 1534 1151 1567 per
1168 1525 1322 1557 diabolica
1339 1534 1419 1557 com-

465 1584 599 1622 mercta,
624 1591 704 1625 quae
728 1591 789 1614 non
816 1581 931 1613 habent
952 1589 1046 1621 posse
1064 1588 1159 1620 super
1178 1579 1262 1610 viros
1280 1582 1418 1616 sanctos,

464 1637 537 1679 quia
570 1636 627 1678 ipsi
660 1639 733 1668 sunt
764 1634 1013 1675 triumphatores
1046 1632 1182 1664 diaboli:
1216 1641 1290 1673 ergo
1315 1631 1416 1663 solum
1452 1671 1453 1674 Ἴ

465 1699 560 1732 super
585 1693 785 1731 peccatores;
811 1688 864 1719 sed
891 1688 948 1719 iste
973 1690 1074 1728 potest
1091 1686 1234 1718 desinere
1259 1694 1327 1717 esse
1352 1694 1419 1726 peo-

465 1748 570 1776 cator:
596 1752 670 1784 ergo
694 1746 752 1774 etc.
776 1760 818 1764 ——
845 1741 889 1773 Ex
915 1743 1003 1781 parte
1027 1739 1135 1776 modi,
1166 1748 1228 1780 quo
1258 1738 1310 1769 fit:
1344 1738 1418 1779 quia

471 1797 603 1829 «omnis
628 1805 695 1834 res,
721 1799 755 1826 ut
787 1794 861 1826 dicit
894 1792 1177 1834 Ctirysoston·ius2,
1202 1800 1259 1833 per
1291 1791 1417 1823 easdem

466 1859 516 1882 res
540 1848 732 1886 destruitur,
759 1856 814 1889 per
839 1855 917 1887 quas
942 1845 1141 1886 componitur
1158 1856 1187 1874 »;
1213 1852 1288 1885 ergo
1313 1843 1338 1875 si
1360 1844 1418 1875 hoo

464 1904 580 1935 sactum
606 1905 653 1933 est
677 1909 733 1942 per
766 1899 955 1931 maleficium
982 1898 1031 1929 vel
1057 1897 1228 1929 maleficia:
1263 1906 1338 1938 ergo
1363 1905 1418 1938 per

464 1955 543 1987 illud
570 1954 618 1986 vel
644 1953 697 1985 illa
721 1956 823 1995 potest
847 1952 978 1984 destrui.
1003 1970 1047 1974 ——
1073 1951 1114 1982 Ex
1142 1954 1229 1991 parte
1255 1950 1336 1987 eius,
1358 1959 1418 1991 per

465 1999 570 2051 quem'
589 2006 647 2048 sit:
681 2006 754 2047 quia
787 2014 842 2046 per
876 2004 1059 2042 diabolumg
1091 2003 1146 2035 sed
1176 2003 1278 2034 virtus
1303 2002 1418 2034 diaboli

465 2060 636 2101 expellitur
660 2059 700 2091 ab
726 2059 850 2090 homine
873 2067 929 2099 per
946 2057 1156 2095 exorcismos,
1181 2057 1273 2088 etiam
1294 2055 1419 2097 quando

464 2113 587 2146 obsidet
611 2121 763 2153 corpora:
790 2120 864 2151 ergo
890 2110 1033 2148 videtur,
1058 2109 1142 2151 quod
1165 2108 1308 2140 similiter
1325 2117 1419 2149 quan-

464 2171 531 2198 tum
557 2165 594 2197 ad
622 2165 766 2197 effectum
793 2163 947 2195 maleficii.

554 2218 582 2250 3.
608 2218 699 2256 item,
732 2217 875 2254 videtur,
908 2215 992 2257 quod
1027 2216 1084 2247 ista
1117 2214 1270 2247 maleficia
1300 2214 1419 2246 nullius

464 2271 580 2313 vigoris
606 2271 683 2308 sint,
708 2271 781 2312 quia
814 2278 877 2310 qna
910 2268 1029 2300 ratione
1062 2267 1178 2299 hahent
1209 2266 1353 2299 effectum
1388 2267 1417 2297 in

464 2329 569 2357 actum
594 2324 703 2361 illum,
728 2323 838 2355 eadem
863 2321 983 2353 ratione
1008 2321 1038 2352 in
1063 2324 1167 2352 actum
1186 2328 1327 2351 omnem:
1346 2328 1420 2360 ergo
1452 2335 1453 2339 =

464 2378 488 2409 si
514 2386 570 2419 per
603 2375 757 2408 maleficia
788 2379 921 2416 possunt
946 2374 1099 2415 impedire
1128 2373 1262 2411 coitum.
1288 2373 1330 2404 ita
1355 2381 1421 2414 pos-

464 2433 532 2463 sent
557 2429 777 2462 comestionem
803 2433 833 2460 et
858 2436 1012 2469 gressum.
1038 2427 1129 2459 etsie
1146 2426 1301 2468 perimere
1320 2429 1418 2457 totum

464 2483 619 2515 mundum
646 2491 702 2524 per
727 2491 820 2514 suum
846 2481 1063 2522 sortilegium3
1097 2479 1180 2522 quod
1212 2479 1341 2511 credere
1374 2483 1421 2511 est

464 2536 674 2577 saerilegium.

553 2589 582 2620 li.
609 2589 701 2627 item,
727 2588 750 2620 si
777 2587 965 2619 maleficium
986 2586 1132 2627 impedit,
1149 2589 1203 2617 aut
1221 2584 1419 2617 debilitando

464 2642 531 2673 vim
542 2641 771 2684 yenercttt'vctm
782 2666 791 2678 ,
807 2644 862 2671 aut.
876 2638 1060 2681 auferendo
1073 2638 1265 2681 facultatem
1281 2637 1422 2669 exeundi

464 2695 499 2726 iit
523 2699 645 2727 actum.
671 2694 700 2726 Si
723 2694 834 2735 primo
860 2693 1065 2733 1110d030rg0
1083 2701 1153 2724 cum
1174 2692 1227 2723 illa
1246 2692 1291 2723 vis
1308 2700 1419 2732 aequa-

465 2748 535 2780 liter
560 2756 592 2779 se
618 2747 731 2779 haheat
763 2747 801 2779 ad
827 2755 952 2784 omues,
979 2746 1002 2778 si
1028 2745 1157 2786 impedit
1182 2745 1296 2777 coitum
1324 2753 1420 2786 quan-

464 2804 532 2833 tum
557 2800 596 2832 ad
623 2809 735 2838 unam,
761 2799 892 2840 impedit
916 2803 1070 2840 quantum
1094 2798 1133 2830 ad
1158 2806 1283 2830 omncs:
1302 2797 1327 2829 si
1345 2806 1420 2838 ergo

464 2863 524 2885 non
551 2853 681 2894 impedit
705 2856 858 2894 quantum
877 2852 916 2884 ad
934 2860 1059 2889 omnes,
1084 2860 1159 2892 ergo
1176 2850 1317 2888 videtur,
1334 2849 1419 2891 quod

465 2910 618 2949 quantum
654 2906 694 2937 ad
730 2905 868 2943 nullam,
894 2908 923 2937 et
956 2904 996 2936 ita
1030 2904 1106 2935 nihil
1135 2903 1260 2935 videtur
1297 2902 1418 2941 dicere³

1223 222 1511 254 SENTENTlsxRUM
1536 222 1604 254 Ltss.
1627 222 1674 254 IV.

1482 306 1688 351 quoffipossit
1712 318 1899 351 cognoscere
1923 311 2174 347 aliasmulieres
2200 317 2230 347 et
2254 322 2315 344 non
2332 321 2431 345 suam.
2477 331 2480 339 ‹

1482 362 1629 395 Similiter
1651 372 1749 404 argue
1767 363 1805 395 de
1821 364 1962 395 secundo
1988 364 2097 403 modo,
2122 365 2239 398 scilieet
2262 366 2433 399 auferendo

1482 414 1661 447 facultatem
1686 415 1825 447 exeundi
1849 416 1880 447 in
1905 417 2042 449 aetumss.

1837 547 2076 571 CONCLUSIQ

1484 660 1679 702 [inpotentia
1718 661 1858 693 coeundi
1896 661 2133 701 accidentalis,
2171 672 2255 706 quae
2294 668 2340 695 est
2374 674 2433 706 per

1574 712 1794 755 maleficium,
1819 718 2026 746 contractum
2051 715 2260 747 matrimonii
2283 716 2434 758 impedit,

1573 766 1705 809 qnando
1730 771 1775 798 est
1795 772 1955 808 perpetua
1979 771 2007 799 et
2027 768 2203 809 praeeedit.
2480 807 2483 826 5

1575 890 1777 922 Ruspounsso:
1805 890 1998 927 Dicendum.
2023 891 2106 932 quod
2139 891 2235 933 aliqui
2267 891 2475 933 dixerunt‚0p

1485 943 1569 983 quod
1595 943 1784 975 maleficium
1814 943 1891 975 nihil
1924 948 1992 975 erat
2023 944 2053 975 in
2079 944 2198 976 mundo
2222 953 2278 977 nec
2302 945 2436 978 alicuius

1487 995 1532 1027 vis
1557 996 1615 1027 nisi
1648 995 1678 1027 in
1708 996 1773 1028 sola
1797 996 2012 1028 aestimatione
2037 996 2218 1035 hominum,
2243 997 2297 1038 qui
2323 997 2436 1030 multos

1485 1048 1645 1081 naturales
1674 1049 1814 1081 detectus
1845 1049 2022 1081 attribuunt
2055 1049 2215 1082 maleficiis
2247 1050 2436 1082 daemonum
2482 1040 2483 1080 l

1485 1104 1612 1142 propter
1637 1100 1709 1132 fidei
1735 1101 1901 1133 defectum.
1926 1120 1969 1124 ——
1993 1101 2052 1134 Sed
2078 1102 2135 1134 ista
2167 1102 2279 1144 positio
2307 1099 2483 1144 derogatum}

1485 1153 1545 1186 iuri
1570 1157 1600 1186 et
1624 1154 1754 1195 derogat
1785 1154 1922 1195 opinioni
1949 1154 2051 1196 vulgi,
2076 1159 2106 1187 et
2130 1155 2214 1197 quod
2238 1155 2341 1187 maius
2372 1159 2435 1195 est,
2482 1144 2483 1167 ³

1484 1207 1724 1248 experiment0;
1757 1211 1787 1239 et
1811 1207 1880 1239 ideo
1905 1207 1989 1240 istud
2014 1217 2074 1240 non
2100 1208 2193 1240 habet
2216 1208 2354 1250 aliquam
2380 1212 2437 1240 sta-

1484 1259 1646 1291 bilitatem.

1572 1313 1711 1345 Fuerunt
1735 1316 1764 1345 et
1786 1313 1855 1351 alii,
1874 1313 1925 1354 qui
1945 1313 2113 1352 dixerunt,
2137 1314 2222 1355 quod
2246 1314 2434 1346 maleficium
2449 1327 2477 1355 ορ

1484 1374 1558 1398 vere
1582 1365 1714 1407 impedit
1738 1366 1853 1398 coitum
1880 1366 1917 1398 ad
1944 1370 2087 1407 tempus.
2112 1366 2167 1398 sed
2186 1371 2288 1398 tamen
2313 1366 2435 1403 nullum

1484 1423 1529 1450 est
1550 1424 1757 1460 perpetuum,
1791 1419 1864 1461 quia
1898 1419 2060 1460 quodlibet
2092 1419 2220 1451 dissolvi
2253 1423 2355 1461 potest
2387 1420 2435 1452 vel

1484 1481 1539 1514 per
1565 1472 1742 1511 diabolum,
1769 1472 1818 1504 vet
1843 1481 1899 1514 per
1929 1472 2160 1511 maleficiunw„
2194 1473 2243 1505 vel
2276 1482 2330 1514 per
2363 1474 2437 1506 divi-

1484 1534 1559 1557 num
1585 1525 1764 1563 auxitiun13
1797 1530 1827 1557 et
1857 1526 2008 1557 dixerunt
2033 1525 2110 1557 illud
2137 1526 2309 1567 capitulum
2336 1527 2436 1568 primo
2465 1560 2467 1563 ,

1485 1578 1680 1620 propositum
1705 1578 1901 1620 abrogatum.
1927 1597 1970 1601 -—
1991 1579 2050 1610 Sed
2068 1582 2151 1610 certe
2168 1578 2273 1611 adhuc
2291 1579 2372 1611 istud
2392 1583 2480 1619 estimr

1484 1635 1592 1663 contra
1616 1631 1869 1672 experimentum
1896 1635 1925 1663 et
1950 1635 2058 1664 contra
2076 1632 2125 1664 ius
2143 1641 2280 1664 novum:
2298 1632 2370 1674 quia
2388 1633 2436 1665 de-

1484 1684 1608 1716 cretalis
1633 1684 1757 1716 Honorii
1782 1684 1947 1725 praecipit,
1974 1684 2002 1716 in
2029 1684 2143 1716 talibus
2169 1684 2236 1717 fieri
2255 1685 2435 1724 divortium,

1484 1745 1556 1768 oum
1581 1737 1799 1778 experimento
1823 1736 1990 1778 probatum
2017 1737 2072 1775 sit,
2094 1737 2211 1769 multos
2227 1737 2384 1770 habitasse
2401 1737 2436 1770 si-

1486 1789 1549 1821 mul
1576 1798 1631 1830 per
1658 1789 1785 1830 longum
1811 1793 1935 1831 tempus
1960 1793 1990 1822 et
2014 1789 2198 1822 adhibuisse
2222 1799 2349 1831 operam
2376 1799 2436 1822 ma-

1484 1852 1576 1884 gnam
1602 1847 1632 1875 et
1656 1843 1827 1885 quaesiisse
1854 1843 1952 1874 multa
1977 1843 2132 1882 remedia,
2158 1848 2187 1876 et
2211 1843 2289 1875 nihil
2311 1844 2435 1876 omnino

1487 1897 1642 1935 vatiiisse3
1668 1901 1697 1928 et
1722 1896 1791 1929 ideo
1817 1905 1872 1937 per
1897 1896 2125 1938 experientiam
2151 1896 2274 1928 coniicit
2293 1896 2435 1935 Ecclesia,

1486 1949 1544 1981 tale
1570 1949 1759 1981 maleficium
1786 1949 1955 1990 aliquando
1979 1958 2048 1981 esse
2072 1953 2271 1991 perpetuum.
2295 1968 2337 1972 -
2356 1950 2436 1985 Rutu,

1484 2012 1560 2039 sus,
1587 2002 1660 2044 quia
1694 2002 1782 2033 multi
1816 2006 1905 2039 sunt,
1938 2002 1991 2043 qui
2024 2002 2201 2034 remedium
2228 2002 2434 2040 inveneruiit3

1485 2055 1617 2093 coniicit,
1642 2064 1702 2086 non
1733 2063 1856 2095 semper
1886 2063 1954 2086 esse
1985 2058 2198 2096 perpetuum3
2223 2058 2253 2087 et
2278 2054 2346 2087 ideo
2379 2055 2435 2087 hoc

1452 2105 1453 2112 ¹
1485 2108 1674 2140 maleficium
1700 2107 1870 2149 aliquando
1896 2107 2042 2149 impedit,
2068 2107 2237 2149 aliquando
2262 2117 2333 2139 non.

1573 2161 1741 2202 Propterea
1766 2160 1940 2192 secundum
1963 2169 2161 2192 communem
2187 2160 2349 2192 doctorum
2375 2161 2434 2202 opi·
2457 2171 2478 2198 οι

1485 2213 1607 2245 itionem
1627 2212 1884 2253 distinguendum
1910 2216 1973 2251 est,
1996 2213 2080 2254 quod
2098 2213 2279 2254 impotentia
2304 2213 2433 2245 coeundi
2446 2204 2479 2246 ἓῗῑῖ

1485 2266 1703 2304 accidentalis.
1740 2275 1820 2307 quae
1856 2266 1940 2298 venit
1975 2275 2031 2307 per
2068 2265 2274 2304 maleficium²
2306 2269 2360 2297 aut
2391 2269 2434 2298 est

1486 2318 1693 2361 temporalis,
1727 2323 1781 2350 aut
1811 2323 1979 2360 pem-eluse.
2008 2319 2036 2350 Si
2064 2318 2271 2360 temporalis,
2297 2328 2356 2350 non
2382 2318 2479 2351 ini-0:02

1485 2372 1578 2414 pedit.
1613 2372 1700 2403 Tunc
1731 2374 1836 2403 autem
1874 2371 2088 2413 praesumitur
2124 2380 2191 2403 esse
2228 2370 2431 2412 temporalis,

1484 2425 1611 2467 quando
1643 2424 1723 2456 infra
1755 2425 1891 2466 spatium
1922 2424 2016 2456 trium
2043 2433 2196 2455 annorum
2223 2423 2432 2456 cohabitantes

1484 2482 1513 2509 et
1538 2487 1632 2520 quam
1659 2481 1789 2519 possunt
1813 2486 1941 2519 operam
1967 2477 2076 2509 dantes
2108 2477 2174 2509 sive
2205 2485 2261 2518 per
2296 2476 2433 2508 ecclesia-

1451 2523 1452 2531 ’
1483 2531 1560 2563 stica
1584 2531 1801 2569 Sacramenta.
1827 2530 1891 2562 sive
1916 2539 1972 2572 per
1990 2530 2050 2562 alia
2067 2529 2220 2568 remedia,
2242 2529 2344 2561 sanari
2370 2537 2432 2570 pos-

1451 2584 1452 2605 l
1484 2588 1566 2616 sunt.
1584 2584 1613 2615 Si
1631 2588 1735 2616 autem
1755 2593 1814 2615 non
1833 2588 1984 2615 sanantur
2000 2583 2106 2624 aliquo
2131 2582 2286 2621 remedio,
2304 2591 2344 2615 ex
2362 2586 2431 2614 tunc

1484 2637 1699 2678 praesumitur
1717 2645 1785 2669 esse
1797 2640 1967 2678 perpetua.
1983 2654 2024 2659 —
2038 2636 2115 2667 Haeo
2132 2639 2236 2667 autem
2256 2634 2431 2677 impotentia
2445 2646 2478 2667 nisi

1481 2694 1642 2731 perpetua
1674 2693 1729 2721 aut
1759 2688 1926 2730 praecedit
1957 2688 2200 2720 contractionem
2227 2687 2431 2725 matrimonii,

1484 2747 1538 2775 aut
1562 2743 1721 2786 sequitur.
1746 2742 1774 2774 Si
1798 2741 1985 2784 praecedit,
2018 2742 2090 2773 facit
2122 2750 2286 2783 personam
2318 2739 2478 2782 illegiti-con

1486 2805 1585 2834 mam,
1611 2796 1652 2827 ita
1674 2795 1757 2837 quod
1776 2795 1907 2836 impedit
1923 2794 2172 2826 contrahendum
2191 2797 2221 2825 et
2238 2792 2356 2826 dirimit
2372 2793 2429 2824 iam

1484 2852 1697 2886 contractuum
1723 2848 1747 2879 si
1771 2847 1940 2890 sequitur,
1973 2855 2034 2878 non
2067 2846 2212 2888 impedit,
2238 2846 2318 2878 sicut
2341 2844 2428 2877 etiam

1484 2901 1522 2934 de
1546 2901 1638 2933 sectis
1656 2900 1771 2932 dicitur
1788 2900 1888 2931 Causa
1906 2899 2065 2941 trigesima
2082 2899 2237 2937 secunda,
2254 2897 2429 2940 quaestione

537 3145 543 3161 1
565 3146 590 3170 tu
610 3146 726 3171 fundam.
751 3147 770 3171 t.
790 3160 825 3164 —
845 3147 869 3170 ln
890 3146 939 3171 tine
960 3153 1014 3177 arg.
1036 3145 1109 3170 codd.
1137 3145 1186 3169 LY
1207 3144 1305 3169 addunt
1323 3142 1417 3169 mulii-
1447 3142 1450 3204 j
1480 3141 1632 3176 ‘inaleficum
1656 3141 1697 3167 iret
1721 3140 1871 3175 vnaleficam
1897 3148 1943 3172 pro
1970 3139 2131 3174 maleficium
2156 3138 2196 3165 vel
2220 3136 2358 3172 titaleficia.
2383 3135 2426 3160 Ali-

466 3188 563 3214 mom'o.
1482 3191 1577 3218 quanto
1597 3187 1718 3217 superius
1739 3193 1785 3217 pro
1805 3184 1851 3219 qui
1867 3184 1932 3217 facit
1951 3184 2010 3210 edd.
2030 3186 2054 3210 et
2070 3191 2118 3217 pei·
2138 3190 2223 3216 quem.

536 3232 546 3248 ‘2
568 3233 632 3258 Vide
651 3241 729 3265 supra
756 3241 820 3265 pag..
841 3235 906 3265 682,
933 3237 989 3259 nota
1021 3234 1040 3258 t.
1068 3248 1100 3251 —
1127 3233 1173 3258 Pro
1199 3232 1283 3264 modi,
1313 3238 1364 3265 quo
1388 3230 1418 3265 fit
1448 3205 1451 3271 1
1552 3229 1562 3246 ³
1582 3230 1606 3254 ln
1628 3229 1746 3261 pluribus
1765 3229 1840 3254 codd.
1862 3229 2022 3254 desideratur
2042 3229 2105 3253 haee
2124 3228 2166 3252 ult.
2188 3225 2335 3258 propositio.

1449 3274 1451 3292 ι

1555 3273 1565 3289 ¹
1582 3273 1663 3299 Cocld.
1684 3274 1702 3298 A
1714 3274 1732 3298 B
1743 3272 1761 3298 C
1773 3273 1792 3297 D
1804 3273 1820 3297 F
1833 3273 1847 3297 l)
1868 3272 1934 3298 bene
1944 3271 2104 3306 ntalefic'ttm.
2119 3285 2153 3289 —
2164 3271 2233 3295 Haec
2246 3274 2270 3295 et
2283 3275 2335 3300 seq.
2346 3265 2426 3298 opinio

1450 3294 1452 3333 i
1484 3319 1593 3343 refertur
1606 3319 1629 3342 in
1645 3317 1741 3343 Glossct
1754 3324 1833 3348 super
1847 3316 1873 3342 C.
1888 3316 2076 3342 Fraterm'tatis
2090 3317 2151 3348 (6.)y
2168 3316 2199 3341 X.
2214 3315 2246 3340 de
2264 3313 2370 3345 Frigidis
2382 3314 2424 3336 etc.

1450 3340 1453 3391 1
1484 3362 1538 3394 (tib.
1560 3362 1600 3387 tv.
1620 3363 1656 3386 tit.
1683 3361 1732 3393 15.)
1752 3361 1785 3386 ad
1804 3360 1883 3386 verba
1903 3359 2022 3386 divinum
2041 3359 2213 3386 miraculum.

467 3275 524 3300 cod.
545 3276 565 3300 R
587 3277 629 3307 (la
650 3277 762 3302 secunda
784 3278 872 3310 manu)
898 3277 971 3303 modi
994 3276 1122 3310 faciendi,
1142 3277 1183 3301 alii
1209 3276 1285 3301 codd.
1309 3275 1380 3307 eius,
1402 3281 1417 3299 α

467 3326 519 3351 quo
537 3319 575 3352 fzt,
597 3324 621 3344 ct
641 3328 699 3346 mox
721 3328 769 3345 nou
792 3322 865 3352 pauci
886 3322 962 3346 codd.
981 3328 1029 3354 per
1049 3321 1124 3346 illum
1146 3320 1188 3346 rel
1207 3320 1282 3345 illam
1306 3326 1354 3349 pro
1371 3325 1420 3352 per

467 3362 535 3387 illud
553 3362 594 3388 vel
613 3363 673 3395 etta,
696 3365 719 3388 in
741 3371 791 3396 qua
812 3365 918 3390 lectione
938 3365 1044 3390 sortasse
1068 3364 1275 3390 substituendum
1294 3366 1420 3396 essetpet·
