2483 3882
275 1809 307 1830 Ad
322 1809 405 1836 opposi-

315 1838 366 1856 tum.

416 249 479 280 9¹)AE

1271 417 1454 458 QUAESTIO
1478 417 1524 450 lV.

934 516 1050 548 Utrum
1076 514 1325 547 innovabuntur
1346 514 1482 556 pla-ntae
1505 518 1533 546 et
1557 514 1722 546 aiiiiizulia
1748 515 1857 548 bruta.

502 645 619 685 Quarto
643 641 816 684 quaeritur,
841 644 949 672 utrum
976 639 1210 671 innovabuntur
1239 638 1364 679 plantae

413 701 443 730 et
466 695 613 728 animalia
636 695 738 726 bruta.
765 694 799 726 Et
823 693 907 735 quod
933 701 1010 730 non,
1036 691 1177 724 videtur:

506 750 532 780 l.
557 748 636 789 Quia
667 755 747 788 quae
779 749 853 777 sunt
877 748 1005 786 propter
1037 743 1172 775 hominis
1203 742 1366 775 necessita-

256 807 491 840 mammetem,
516 800 642 833 homine
674 799 712 831 de
744 797 927 830 necessitate
960 799 1158 834 transeunte,
1191 795 1305 827 debent
1336 797 1366 826 et

415 855 481 896 ipsa
512 853 658 890 transire3
691 851 745 883 sed
775 850 899 892 plantae
926 854 957 881 et
984 848 1131 880 animalia
1155 851 1228 880 sunt
1260 847 1367 879 liuius-

416 907 514 946 modi,
538 906 612 948 quia
636 908 764 946 propter
789 902 924 936 bominis
948 903 1067 934 cibum:
1092 910 1167 942 ergo
1191 904 1247 933 etc.

504 960 533 990 Q.
559 959 648 996 ltem,
672 957 777 988 onmia
801 964 881 997 quae
906 954 1151 991 innovabuntur,
1170 952 1285 984 liabent
1308 952 1367 983 for-

416 1021 499 1044 mam
517 1011 733 1053 perfectivam,
758 1009 933 1041 ordinatam
951 1007 988 1039 ad
1014 1005 1295 1047 incorruptionem
1312 1003 1367 1036 sed

417 1066 539 1106 plantae
563 1067 594 1096 et
616 1063 763 1095 animalia
788 1071 848 1093 non
874 1060 989 1092 liabent
1005 1059 1126 1091 animas
1150 1056 1368 1098 incorruptibi-

417 1118 498 1150 les¹:
524 1126 598 1159 ergo
622 1120 679 1148 etc.

505 1169 534 1202 3.
559 1170 650 1208 Item,
682 1169 705 1200 si
733 1168 935 1205 innovantur,
960 1168 1014 1197 aut
1046 1173 1120 1205 ergo
1149 1163 1281 1199 omnia,
1314 1165 1369 1194 aut

416 1223 588 1266 quaedam.
607 1222 636 1254 Si
654 1221 783 1257 omnia,-
807 1224 882 1252 tunc
894 1219 904 1235 ²
920 1227 1028 1250 omnes
1046 1218 1184 1259 plantae,
1206 1224 1289 1258 quae
1306 1215 1369 1246 fue-

417 1281 491 1308 runt
515 1275 554 1308 ab
578 1275 682 1313 initio,
699 1277 729 1306 et
745 1274 849 1305 omnia
869 1271 1016 1304 animalia
1032 1272 1222 1311 occuparent
1243 1271 1369 1301 centum

417 1329 495 1361 tales
520 1327 670 1360 mundos:
696 1335 770 1366 ergo
794 1327 966 1367 oporteret,
992 1323 1146 1355 mundum
1179 1320 1313 1354 dilatari.
1339 1320 1367 1352 Si

417 1381 584 1424 quaedum
607 1379 808 1416 innovantur,
836 1377 999 1420 quaedum
1024 1385 1100 1413 non,
1129 1383 1263 1416 quaero:
1289 1381 1370 1415 quae

418 1438 491 1466 sunt
515 1433 568 1465 illa
592 1442 672 1475 quae
698 1433 904 1464 innovantur?
923 1430 957 1462 Et
980 1438 1040 1461 non
1067 1428 1191 1460 videtur
1216 1436 1284 1459 esse
1309 1435 1370 1458 ma-

419 1489 465 1519 ior
489 1487 568 1519 ratio
592 1486 631 1518 de
656 1495 718 1517 uno
741 1493 835 1526 quam
862 1483 901 1515 de
924 1482 994 1514 alio.

506 1541 535 1572 lt.
561 1540 651 1577 Item,
676 1537 832 1570 innovatio
856 1540 903 1568 est
926 1534 1067 1567 eiusdem
1098 1533 1271 1566 secundum
1301 1531 1372 1564 sub-

419 1593 578 1631 stantiam;
603 1592 658 1625 sed
676 1592 775 1623 forma
792 1588 1006 1622 substantialis
1031 1587 1114 1619 bruti
1140 1585 1369 1627 corrumpitur:

419 1656 493 1688 ergo
521 1646 545 1678 si
581 1646 696 1678 iterum
732 1646 909 1685 generetur,
934 1642 994 1673 erit
1018 1649 1117 1672 novae
1142 1639 1185 1671 rei
1210 1638 1370 1675 formatio,

420 1709 481 1731 non
505 1698 671 1731 innovatio.

508 1753 648 1784 CONTRA:
677 1752 703 1782 l.
728 1749 808 1781 Caeli
835 1751 964 1780 ornatus
988 1746 1204 1784 innovabitur,
1229 1748 1263 1777 ut
1287 1748 1372 1786 patet

420 1807 451 1838 in
479 1804 665 1846 corporibus
697 1800 1027 1844 supercaelestibus³:
1053 1808 1128 1840 ergo
1151 1798 1218 1840 pari
1251 1797 1371 1829 ratione

420 1861 550 1890 ornatus
574 1862 691 1893 terrae3
717 1855 769 1888 sed
803 1857 932 1886 ornatus
957 1857 1059 1885 terrae
1088 1855 1161 1884 sunt
1184 1851 1309 1893 plantae
1342 1853 1372 1881 et

420 1911 580 1943 animalia:
606 1918 680 1949 ergo
705 1911 762 1940 etc.
796 1906 951 1948 Alioquin,
983 1906 1006 1937 si
1034 1914 1093 1937 non
1128 1895 1372 1941 innovabuntur,

421 1973 496 2005 ergo
520 1961 776 1995 remunerabitur
798 1964 881 1992 terra
910 1959 975 1991 sine
996 1961 1122 1995 ornatu,
1148 1960 1178 1989 et
1202 1956 1244 1988 ita
1261 1956 1373 1996 imper·

421 2017 512 2049 fecte:
538 2024 612 2056 ergo
636 2019 693 2047 etc.

511 2070 539 2101 Ξ).
564 2067 655 2105 ltem,
674 2075 805 2108 corpora
829 2063 1071 2106 supercaelestia
1087 2066 1117 2094 et
1142 2062 1295 2094 elementa
1312 2070 1374 2093 ser-

423 2123 511 2155 viunt
536 2120 668 2158 homini,
692 2122 723 2151 et
747 2119 816 2151 ideo
840 2119 1103 2154 remunerantur,
1128 2115 1172 2148 sic
1195 2114 1320 2156 plantae
1344 2117 1374 2146 et

421 2174 569 2207 animalia
590 2173 731 2206 serviunt
745 2171 753 2187 ⁴
770 2174 800 2203 et
818 2170 916 2211 magis
936 2168 1099 2205 seruiunt,
1117 2168 1191 2209 quia
1216 2169 1375 2209 praestant

422 2228 541 2265 cibum,
567 2230 597 2258 et
622 2225 721 2266 magis
751 2223 905 2255 luborcuzt
934 2222 963 2254 in
992 2220 1173 2258 serviendo,
1198 2220 1271 2262 quia
1300 2219 1375 2251 dant

422 2289 511 2313 suam
537 2277 743 2312 substantiam
761 2280 791 2309 et
816 2275 1007 2307 moriuntur:
1033 2282 1108 2315 ergo
1126 2272 1224 2314 magis
1241 2275 1314 2305 sunt
1331 2281 1376 2304 re-

422 2333 574 2365 novanda.

511 2385 540 2417 3.
566 2384 656 2421 Item,
684 2382 808 2424 plantae
833 2384 863 2413 et
898 2379 1044 2412 animalia
1080 2382 1153 2411 sunt
1177 2378 1217 2410 ad
1249 2378 1374 2410 laudem

425 2439 493 2476 Dei,
517 2441 552 2469 ut
581 2440 682 2478 patet,
711 2435 785 2477 quia
812 2435 842 2466 in
877 2433 1022 2465 Psalmo⁵
1047 2432 1219 2464 invitantur
1248 2431 1287 2463 ad
1312 2430 1377 2462 lau-

424 2490 563 2522 dandum
591 2489 707 2520 Deum:
733 2496 808 2528 ergo
833 2487 856 2518 si
884 2486 951 2518 laus
968 2485 1020 2517 Dei
1047 2488 1117 2526 post
1142 2483 1291 2516 iudicium
1314 2492 1375 2514 non

424 2543 516 2575 debet
540 2541 638 2574 minui
668 2549 724 2573 nec
749 2540 946 2577 decrescere,
978 2537 1032 2570 sed
1057 2537 1184 2578 augeri3
1216 2545 1291 2577 ergo
1314 2545 1374 2567 non

424 2596 539 2628 debent
563 2603 686 2627 cessare
711 2593 834 2635 plantae
859 2595 890 2624 et
909 2590 1064 2622 animalia.

513 2649 542 2680 [ι.
569 2648 662 2683 item,
686 2655 767 2688 quae
791 2648 865 2677 sunt
889 2644 928 2676 de
945 2643 1134 2685 perfectione
1158 2642 1297 2674 universi
1315 2650 1375 2673 non

426 2701 539 2733 debent
563 2708 704 2736 cessare,
729 2698 780 2730 sed
808 2698 932 2740 plantae
956 2700 986 2728 et
1010 2696 1157 2728 animalia
1173 2699 1247 2728 sunt
1271 2695 1377 2727 huius-

426 2754 523 2786 modi:
548 2762 622 2794 ergo
646 2756 703 2784 etc.
729 2751 850 2783 Prima
874 2753 971 2792 patet,
995 2749 1069 2791 quia
1093 2753 1167 2781 tunc
1191 2748 1375 2780 universum

1172 243 1455 275 SENTENTIARUM
1480 243 1546 275 Ltss.
1572 244 1619 274 lv.

1428 637 1488 669 erit
1511 637 1689 679 perfectius.
1707 637 1858 670 Secunda
1882 642 1983 680 patet,
2008 639 2082 681 quia
2102 648 2185 672 nunc
2209 639 2381 681 superflue-

1429 694 1512 728 rent,
1530 690 1554 722 si
1572 699 1633 722 non
1650 694 1754 723 essent
1776 691 1814 723 de
1831 691 2034 732 perfectione,
2055 695 2086 724 et
2115 696 2286 733 praeterea
2308 696 2381 725 sunt

1430 746 1534 774 creata
1562 742 1642 775 inter
1666 751 1762 784 opera
1786 751 1843 775 sex
1867 743 1992 776 dierum
2004 744 2026 781 ⁶,
2047 744 2079 776 in
2103 744 2218 786 quibus
2242 745 2381 777 mundus

1430 798 1477 827 est
1500 795 1688 827 constitutus
1711 799 1783 827 ante
1808 795 1942 828 hominis
1967 795 2101 838 lapsum.
2477 794 2480 814 ⁵

1521 848 1549 878 5.
1575 847 1666 887 ltem,
1698 856 1778 889 quae
1813 851 1886 880 sunt
1918 848 2070 880 nobiliora
2104 849 2204 890 magis
2239 852 2312 881 sunt
2343 849 2381 881 de
2477 837 2480 866 ³

1432 900 1642 942 perfectione;
1678 901 1733 932 sed
1766 900 1951 941 vegetabilia
1986 905 2016 933 et
2047 901 2195 933 animalia
2229 901 2382 934 nobiliora

1432 956 1506 985 sunt
1529 952 1714 994 corporibus
1734 953 1991 992 elementaribus,
2016 953 2090 995 quia
2107 953 2222 985 habent
2248 953 2342 985 vitam
2355 954 2380 985 ⁷:

1433 1014 1507 1046 ergo
1531 1009 1588 1037 etc.

1523 1058 1552 1089 6.
1576 1058 1669 1096 item,
1694 1057 1887 1090 differentiae
1918 1058 2093 1090 dividentes
2117 1067 2216 1099 genus
2247 1062 2320 1091 sunt
2344 1058 2382 1090 de

1434 1110 1623 1151 perfectione
1644 1110 1799 1147 universi;
1824 1110 1878 1142 sed
1903 1110 2097 1143 differentiae
2113 1111 2310 1152 accipiuntur
2334 1119 2396 1152 pen

1434 1171 1488 1195 nes
1514 1163 1590 1195 liaec
1614 1163 1716 1195 du0⁸z
1742 1171 1817 1204 ergo
1841 1163 1917 1195 haec
1934 1163 1974 1195 ad
1998 1163 2136 1196 universi
2162 1164 2383 1205 perfectionem

1434 1216 1548 1248 debent
1572 1216 1724 1248 innovari.

1793 1313 1810 1336 c
1820 1313 1838 1336 o
1847 1314 1868 1335 N
1878 1313 1895 1336 c
1905 1314 1922 1335 L
1930 1313 1950 1336 u
1961 1313 1975 1335 s
1985 1314 1993 1335 1
2003 1313 2031 1337 o.

1539 1392 1676 1424 Plantae
1699 1396 1727 1423 et
1751 1391 1916 1424 animalia
1939 1401 2005 1423 11011
2029 1386 2284 1424 mnovctbuntur.

1525 1481 1721 1512 Respoxvnsso:
1747 1479 1938 1518 Dicendum,
1963 1479 2047 1521 quod
2073 1479 2195 1521 plantae
2219 1483 2250 1512 et
2272 1480 2387 1512 anima·
2401 1494 2480 1517 eonem,

1436 1534 1477 1565 lia
1500 1542 1561 1565 non
1586 1533 1830 1571 innovabuntur,
1855 1536 1983 1574 propter
2008 1532 2066 1564 hoc
2090 1532 2174 1574 quod
2206 1532 2317 1564 ultima
2340 1541 2388 1564 eo-

1436 1596 1507 1618 rum
1533 1586 1681 1627 perfectio
1698 1589 1744 1617 est
1760 1585 1975 1626 corruptibilis
1991 1594 2048 1627 per
2065 1589 2210 1617 naturam
2235 1589 2265 1617 et
2281 1588 2385 1617 ortum

1436 1644 1466 1671 et
1490 1639 1627 1671 radicem
1646 1639 1740 1671 habet
1763 1648 1781 1670 a
1803 1638 1951 1677 materia,
1975 1639 2059 1670 unde
2086 1647 2146 1670 non
2175 1642 2248 1670 sunt
2277 1638 2387 1670 idonea

1436 1693 1475 1724 ad
1501 1692 1670 1724 vivendum
1694 1692 1758 1724 sive
1776 1692 1956 1724 durandum
1981 1691 2190 1723 aeternaliter.
2203 1710 2246 1715 ——
2259 1691 2387 1724 Formae
2401 1706 2432 1727 ne
2449 1705 2482 1727 ino

1436 1749 1541 1777 autem
1567 1753 1735 1786 corporum
1759 1744 2048 1785 supercaelestium
2073 1749 2146 1776 sunt
2170 1743 2387 1785 incorruptibi-
2413 1731 2482 1759 ”mm

1437 1798 1481 1830 les
1513 1797 1679 1835 omnino⁹;
1708 1797 1852 1829 similiter
1882 1796 2001 1829 formae
2032 1796 2259 1828 elementorum
2290 1797 2388 1829 incor-

1436 1850 1603 1892 ruptibiles
1627 1854 1700 1882 sunt
1732 1849 1907 1882 secundum
1932 1852 2030 1882 totum
2056 1852 2086 1881 et
2117 1849 2290 1882 secundum
2321 1858 2389 1891 par-

1438 1908 1517 1942 tem,
1542 1906 1695 1945 quantum
1720 1905 1766 1934 est
1792 1903 1821 1934 in
1846 1911 1893 1940 se,
1918 1902 1992 1943 quia
2017 1905 2089 1934 sunt
2113 1911 2245 1943 corpora
2274 1901 2389 1943 simpli-

1437 1958 1501 1995 cia;
1525 1956 1609 1988 unde
1633 1956 1717 1997 quod
1735 1958 1991 1996 corrumpantur,
2012 1955 2070 1987 lioc
2094 1958 2141 1987 est
2157 1963 2212 1995 per
2236 1954 2387 1986 actionem

1438 2010 1613 2042 venientem
1631 2008 1670 2040 ab
1687 2008 1879 2045 extrinsec03
1896 2011 1927 2039 et
1944 2007 2027 2046 ideo,
2049 2010 2169 2039 remota
2186 2007 2238 2038 illa
2254 2006 2388 2045 actione,

1438 2065 1602 2094 remanent
1627 2060 1892 2101 incorruptibiles.

1529 2115 1570 2146 Ex
1598 2115 1656 2146 lioc
1674 2117 1770 2155 patet,
1788 2113 1870 2154 quod
1888 2112 2012 2154 plantae
2028 2115 2058 2144 et
2075 2111 2221 2143 animalia
2238 2121 2298 2143 non
2316 2114 2390 2143 sunt
2402 2122 2483 2144 Coronat

1438 2167 1477 2199 ad
1496 2171 1652 2199 ornatu-m
1677 2171 1800 2203 terrae,
1818 2165 1872 2197 sed
1890 2165 1929 2197 ad
1954 2163 2095 2196 bominis
2111 2164 2316 2207 obsequium,
2334 2172 2390 2196 nec

1439 2220 1479 2252 ad
1505 2220 1564 2251 Dei
1594 2219 1724 2251 laudem
1749 2227 1805 2250 nec
1833 2218 1873 2250 ad
1898 2217 2048 2249 universi
2076 2216 2305 2258 perfectionem
2330 2215 2390 2248 nisi

1441 2272 1614 2304 secundum
1640 2275 1755 2304 statum
1780 2279 1867 2309 eum,
1892 2270 1944 2312 qui
1970 2273 2016 2302 est
2041 2269 2254 2311 corruptibilis
2278 2272 2308 2300 et
2338 2277 2392 2300 vct-

1440 2325 1593 2361 riubilis‚·
1617 2328 1647 2357 et
1678 2325 1748 2357 ideo
1781 2333 1840 2356 non
1873 2327 1995 2365 oportet
2020 2322 2171 2355 innovari.
2197 2321 2283 2354 Unde
2308 2324 2391 2353 terra

1441 2378 1569 2411 habebit
1592 2377 1689 2409 alium
1714 2381 1875 2415 ornatum,
1893 2385 1948 2408 nec
1973 2379 2110 2417 oportet,
2132 2374 2214 2416 quod
2241 2373 2392 2405 multifor-

1442 2431 1501 2463 mis
1525 2431 1581 2468 sit,
1608 2431 1703 2462 immo
1728 2429 1794 2471 ipsa
1818 2428 2017 2460 uniformitas
2045 2428 2104 2459 erit
2128 2427 2154 2459 ei
2180 2426 2209 2457 in
2234 2429 2390 2457 ornatum.

1533 2484 1559 2514 1.
1585 2484 1613 2514 Ξ.
1639 2482 1668 2514 3.
1692 2482 1722 2513 lt.
1748 2481 1781 2513 Et
1798 2490 1839 2513 ex
1864 2481 1922 2513 hoc
1947 2483 2030 2521 patet
2046 2479 2200 2521 primum,
2224 2478 2298 2520 quia
2314 2476 2390 2509 caeli
2417 2489 2483 2520 501111(

1441 2540 1570 2568 ornatus
1587 2535 1772 2567 naturaliter
1796 2538 1843 2567 est
1860 2533 2029 2575 dispositus
2049 2533 2088 2565 ad
2114 2531 2390 2573 incorruptionem.
2405 2517 2483 2544 ⁹⁰⁵¹‘⁰¹'

1440 2607 1484 2612 —-
1499 2588 1646 2620 Similiter
1670 2587 1788 2619 homini
1812 2595 1873 2618 non
1899 2586 2042 2618 convenit
2069 2593 2177 2617 eorum
2204 2583 2390 2625 obsequium

1441 2646 1510 2684 post
1534 2641 1812 2678 resurrectionem,
1837 2639 1917 2672 sicut
1940 2638 2126 2680 obsequium
2145 2637 2218 2670 solis
2235 2640 2265 2669 et
2282 2636 2391 2674 lunae,

1441 2699 1471 2726 et
1494 2694 1565 2726 ideo
1589 2703 1648 2725 non
1675 2695 1988 2725 remunerantur.—-
2004 2690 2151 2722 Similiter
2176 2689 2305 2721 suntad
2331 2688 2394 2720 lau-

1441 2747 1581 2779 dandum
1597 2746 1696 2778 Deum
1711 2745 1885 2777 secundum
1899 2747 2014 2776 statum
2030 2742 2253 2784 infirmitatis,
2268 2741 2392 2783 quando

404 2970 407 2972 .
499 2935 505 2950 ¹
529 2935 559 2960 Ut
578 2939 709 2959 ostensum
730 2938 768 2958 est
788 2933 814 2958 ll.
836 2934 904 2957 Seni.
924 2932 948 2956 d.
975 2933 1012 2956 19.
1033 2939 1055 2956 a.
1078 2932 1101 2956 ’1,
1124 2939 1149 2963 (1.
1170 2932 1193 2955 ⁶2.
1207 2945 1241 2949 -—
1255 2931 1381 2962 Superius

429 2986 476 3010 pro
493 2977 667 3012 perfectivum
687 2977 824 3008 (corporis)
847 2977 901 3001 Vct.
920 2974 1073 3008 perfectum.

500 3023 510 3037 2*
528 3021 609 3047 Codd.
631 3022 648 3046 E
658 3021 675 3046 F
687 3022 704 3045 L
717 3020 736 3045 O
747 3020 767 3045 U
787 3020 822 3045 bb
836 3020 935 3045 addunt
949 3026 1025 3050 cum,
1041 3018 1098 3044 cod.
1112 3019 1131 3043 G
1146 3017 1226 3049 enim,
1249 3017 1324 3042 codd.
1340 3017 1380 3042 lK

429 3073 507 3099 erqo,
529 3070 553 3091 et
573 3072 631 3090 mox
652 3067 710 3096 post
729 3063 860 3089 animalia
879 3064 936 3089 cod.
958 3063 993 3088 bb
1013 3062 1084 3087 addit
1102 3061 1128 3087 si
1145 3062 1244 3092 esseut,
1268 3061 1323 3086 Vat.
1344 3067 1382 3086 es-

428 3111 485 3135 sent
504 3111 542 3141 et,
560 3110 635 3134 codd.
652 3110 690 3134 ll<
711 3110 734 3133 et
753 3108 776 3134 si
795 3107 850 3134 hoc.
866 3108 890 3132 111
906 3108 955 3132 lino
969 3114 1043 3138 argg.
1058 3106 1114 3130 Vat.
1129 3105 1199 3130 addit
1213 3111 1275 3138 erqo
1288 3104 1379 3136 nulla,

430 3154 486 3178 cod.
507 3161 536 3178 aa
557 3160 619 3186 erqo
639 3155 685 3178 etc.

501 3197 511 3213 3
532 3198 596 3222 Vide
616 3204 695 3228 supra
724 3205 747 3229 q.
780 3197 799 3221 t.
824 3203 878 3228 seq.
898 3209 932 3214 —
953 3195 1058 3220 inferius
1088 3201 1134 3225 pro
1163 3191 1382 3219 remunerabitur

435 3241 490 3265 cod.
511 3248 539 3265 aa
560 3239 713 3266 rriituizebz'l.

502 3283 511 3299 ⁴¹
531 3284 612 3308 Codd.
633 3284 678 3308 ΕΖ
698 3283 820 3315 supplent
839 3282 946 3309 homini.
968 3282 1030 3307 licld.
1050 3282 1170 3313 superius
1191 3282 1247 3306 voci
1267 3287 1382 3314 corpora

434 3329 595 3358 praemittunt
617 3327 692 3353 sicut.
714 3328 738 3351 111
766 3328 815 3352 tino
840 3334 895 3358 arg.
917 3334 963 3358 pro
989 3325 1146 3352 renovanda
1171 3325 1227 3350 cod.
1248 3325 1268 3350 G
1293 3331 1383 3350 remu-

434 3370 562 3395 iteranda.

1515 2928 1525 2945 ⁵
1546 2929 1636 2953 Dsulni.
1663 2927 1721 2957 its,
1743 2927 1767 2951 9.
1789 2933 1858 2958 sesp:
1887 2926 1966 2957 Ligna
1997 2925 2124 2949 fructifera
2144 2927 2168 2949 et
2197 2930 2288 2948 omnes
2314 2921 2391 2947 cedri.

1445 2974 1542 2998 Bestiae
1562 2977 1608 2997 etc.

1515 3016 1525 3032 ⁶
1546 3016 1610 3040 Vide
1631 3017 1692 3040 tien.
1718 3015 1740 3044 1,
1768 3015 1807 3039 11.
1836 3017 1860 3039 et
1886 3014 1927 3038 ΞΟ.
1956 3020 2028 3044 seqq.
2047 3026 2083 3030 -
2102 3012 2227 3042 Superius
2252 3017 2283 3035 ex
2311 3009 2350 3034 cd.
2378 3009 2387 3032 1

1445 3060 1625 3085 substituimus
1645 3057 1706 3092 (sitia
1727 3064 1799 3083 nuuc
1820 3064 1866 3089 pro
1887 3056 1949 3090 quia
1969 3057 2039 3082 tuuc.
2060 3055 2107 3080 Pro
2127 3056 2152 3080 et
2166 3055 2315 3087 praeterea,
2330 3052 2394 3078 suut

1446 3104 1502 3129 cod.
1523 3104 1541 3128 lx'
1566 3104 1584 3131 (l
1605 3111 1617 3127 a
1639 3102 1752 3128 secunda
1774 3104 1862 3129 manu)
1883 3108 1944 3127 cum
1960 3099 2050 3133 primo
2069 3098 2128 3124 siut.

1515 3147 1525 3163 ⁷
1546 3147 1594 3172 Cl'r.
1616 3148 1733 3178 August,
1755 3146 1796 3171 Xl.
1817 3145 1848 3170 de
1868 3144 1922 3170 Civ.
1944 3145 1994 3175 Dei,
2017 3150 2037 3168 c.
2063 3144 2099 3168 16.

1516 3190 1527 3207 ⁸
1546 3191 1603 3215 Scit.
1634 3191 1733 3221 plantas
1761 3192 1785 3214 et
1813 3188 1951 3219 animalia,
1980 3187 2102 3219 quoniam
2129 3192 2223 3216 corpus
2252 3185 2391 3209 animatum

1447 3235 1530 3267 (quod
1551 3238 1588 3259 est
1608 3237 1700 3265 genus)
1721 3233 1844 3258 dividitur
1864 3234 1887 3257 in
1914 3238 2010 3263 corpus
2039 3231 2179 3255 animatum
2200 3227 2320 3254 sensibile
2339 3228 2393 3252 sive

1446 3279 1599 3304 sensitivum
1619 3282 1643 3303 et
1662 3276 1819 3303 insensibile.

1516 3322 1526 3338 ⁰
1546 3322 1694 3347 Secundum
1715 3321 1857 3346 doctrinam
1878 3320 1993 3350 A1·istot.;
2014 3319 2058 3344 cfr.
2085 3318 2109 3342 11.
2130 3319 2199 3343 Seni.
2218 3316 2243 3341 d.
2265 3316 2305 3341 14.
2326 3322 2351 3347 p.
2374 3314 2390 3339 l.

1447 3375 1468 3391 a.
1494 3368 1513 3391 1.
1534 3374 1558 3399 q.
1580 3368 1604 3391 2.
