2483 3882
719 273 812 306 DlST.
837 273 933 307 XLVI.
958 273 1040 306 ART.
1064 273 1084 305 I.
1109 274 1262 315 QUAEST.
1286 274 1306 305 l.

31 365 133 396 cantes
157 370 215 393 suo
237 369 346 393 errore
370 360 638 403 multiplicantur3
662 361 717 393 sed
742 361 827 394 Deus
850 362 978 403 pronior

30 418 76 448 est
98 414 136 446 ad
163 413 378 446 miserandum
403 422 497 454 quam
523 413 562 445 ad
587 414 878 446 condemnandum:
905 423 979 455 ergo

31 468 55 501 si
79 467 108 499 in
126 469 223 505 statu,
248 467 278 498 in
296 475 358 508 quo
378 469 466 505 sunt,
483 470 585 508 potest
601 475 711 499 eorum
728 476 828 509 poena
851 467 959 509 augeri
972 493 979 506 ‚

29 523 130 563 potest
152 522 183 551 et
206 518 315 550 minui.

72 598 74 601 .
117 571 146 604 3.
171 572 264 610 Item,
289 570 481 612 impossibile
505 574 569 610 est,
594 571 768 603 multorum
791 581 901 614 preces
918 581 979 604 non

30 623 191 661 exaudiri3
216 623 271 656 sed
298 623 433 655 Ecclesia
449 626 518 655 orat
542 632 600 664 pro
616 624 763 656 omnibus
787 624 950 666 baptizatis
968 625 977 640 ¹

31 681 60 711 et
83 676 246 715 fidelibus,
269 676 323 718 qui
348 676 539 714 moriuntur,
556 676 595 709 de
619 677 735 718 quibus
757 686 817 709 non
842 681 979 718 constat,

30 730 114 773 quod
126 729 242 762 vadant
265 729 297 760 in
314 728 490 767 infernum3
513 729 568 761 sed
587 729 676 761 multi
700 730 807 762 talium
833 730 981 763 damnan-

30 787 97 815 tur:
121 791 197 823 ergo
221 781 246 813 si
273 781 406 814 Ecclesia
429 790 492 813 non
515 781 635 814 frustra
658 786 744 821 orat,
770 786 855 824 patet
878 787 935 815 etc.

115 835 144 867 [ι.
169 834 260 873 Item,
284 834 413 866 ratione
437 834 580 866 videtur:
606 835 679 876 quia
702 836 775 877 plus
799 836 900 877 placet
918 836 981 868 Deo

31 887 350 929 improportionaliter
373 895 490 928 poena,
510 896 605 929 quain
630 888 701 930 quis
719 889 851 921 sustinet
874 889 982 922 volun-

31 941 146 979 tarius,
171 949 265 982 quam
291 940 343 972 illa
368 948 462 982 quam
489 940 560 982 quis
583 941 716 973 sustinet
744 941 904 980 invitus²;
926 943 980 975 sed

31 994 196 1027 damnatus
214 1002 345 1035 poenam
363 994 496 1026 sustinet
516 993 650 1033 invitus,
668 994 782 1036 aliquis
799 995 847 1026 vir
864 995 981 1035 iustus,

30 1047 82 1089 qui
106 1047 132 1079 ei
150 1046 356 1088 suffragatur,
381 1056 439 1089 pro
455 1056 492 1080 eo
517 1048 651 1080 sustinet
668 1047 881 1080 voluntarius:
907 1058 982 1090 ergo

31 1101 88 1133 iste
104 1099 176 1141 plus
200 1099 292 1131 solvit
309 1100 372 1132 Deo
396 1109 454 1141 pro
471 1099 523 1131 illo
549 1100 712 1142 patiendo,
730 1110 825 1143 quam
850 1101 902 1134 ille
924 1112 982 1144 pro

30 1161 78 1186 se:
103 1161 178 1194 ergo
195 1152 219 1184 si
238 1152 389 1184 Dominus
407 1152 535 1184 dimittit
559 1153 642 1195 quod
673 1154 777 1186 minus
802 1154 903 1196 placet
923 1165 981 1197 pro

29 1214 65 1238 eo
87 1205 172 1247 quod
199 1205 317 1246 magis3
343 1209 427 1247 patet
451 1210 509 1238 etc.

116 1258 145 1289 5.
170 1257 260 1296 Item,
286 1258 342 1290 iste
374 1258 465 1299 punit
492 1266 525 1290 se
557 1267 598 1290 ex
633 1259 763 1292 caritate
801 1264 831 1292 et
861 1270 919 1302 pro
944 1270 981 1293 eo

28 1310 79 1353 qui
104 1314 151 1343 est
187 1310 217 1342 in
242 1310 379 1342 inferno:
412 1318 488 1351 ergo
513 1310 597 1343 Deus
627 1315 768 1354 acceptat
799 1313 880 1346 hanc
912 1323 982 1355 poe-

27 1372 99 1396 nam
122 1372 180 1405 pro
204 1363 275 1402 illo;
307 1363 362 1395 sed
394 1371 458 1394 non
479 1363 579 1404 punit
611 1363 659 1396 bis
688 1364 723 1396 in
755 1365 790 1397 id
820 1365 930 1407 ipsum
949 1365 980 1398 ³.-

27 1424 101 1457 ergo
124 1419 181 1448 etc.

114 1469 257 1501 CONTRA:
286 1470 312 1500 l.
348 1469 541 1511 Augustinus
577 1470 616 1502 de
640 1470 722 1502 Cura
757 1480 814 1512 pro
846 1471 981 1504 mortuis

0 1521 170 1564 2..agenda⁴
196 1522 287 1560 dicit,
312 1523 396 1564 quod
427 1534 441 1551 «
461 1523 612 1556 Ecclesiae
636 1523 787 1565 suffragia
807 1533 864 1565 pro
888 1524 980 1557 valde

27 1575 116 1608 bonis
139 1579 212 1607 sunt
236 1575 410 1616 gratiarum
428 1576 582 1614 actiones,
608 1585 665 1618 pro
682 1576 774 1609 valde
800 1577 890 1610 malis
907 1580 981 1610 sunt

28 1628 273 1670 qualescumque
291 1628 436 1660 vivorum
454 1629 682 1661 consolationes
694 1641 724 1660 »ι
742 1638 817 1671 ergo
834 1639 894 1661 non
911 1639 981 1672 pro-

27 1684 98 1714 sunt
122 1681 213 1713 valde
238 1681 346 1720 malis3
371 1682 426 1714 sed
451 1681 543 1714 valde
568 1682 640 1714 mali
665 1685 740 1714 sunt
763 1683 816 1724 qui
846 1687 921 1715 sunt
949 1684 978 1715 in

27 1734 165 1766 inferno:
192 1743 266 1775 ergo
290 1737 348 1766 etc.

114 1788 142 1818 Ξ.
177 1787 269 1825 item,
301 1786 472 1819 auctoritas
503 1787 613 1826 dicit⁵,
646 1788 730 1829 quod
761 1799 776 1816 «
800 1788 829 1819 in
860 1788 980 1820 inferno

26 1839 112 1872 nulla
128 1843 174 1872 est
198 1839 421 1881 redemptio»,
445 1842 475 1872 et
500 1840 635 1872 Ecclesia
659 1840 743 1872 istud
760 1844 879 1872 cantat:
906 1850 980 1882 ergo
1001 1878 1004 1883 .

27 1893 51 1926 si
74 1892 162 1925 nulla
185 1893 362 1935 redemptio
393 1896 440 1925 est
464 1892 527 1931 ibi,
552 1893 689 1932 videtur,
713 1893 797 1935 quod
823 1893 910 1926 nulla
942 1894 981 1926 sit

26 1945 184 1987 mitigatio.

114 1998 143 2030 3.
168 1998 242 2031 Item
254 2024 262 2037 ,
289 1998 422 2031 Ecclesia
439 2008 500 2030 non
524 1998 597 2031 facit
614 1999 764 2040 suffragia
780 2008 838 2040 pro
855 1999 982 2031 damna-

28 2051 82 2090 tis;
106 2051 191 2092 quod
216 2055 317 2092 patet,
335 2051 409 2093 quia
432 2051 463 2083 in
486 2051 623 2092 Corpore
647 2051 780 2090 Christi,
805 2052 834 2084 in
856 2061 919 2094 quo
935 2055 981 2084 est

28 2104 202 2146 specialiter
222 2104 409 2145 suffragium
427 2104 665 2143 defunctorum,
692 2108 728 2137 ut
744 2104 819 2137 dicit
835 2105 981 2147 Magister

28 2165 123 2200 supra
147 2157 344 2190 distinctione
366 2157 554 2190 duodecima.
568 2157 589 2197 ⁶,
607 2167 667 2190 non
692 2157 728 2190 fit
753 2158 905 2190 memoria
922 2158 981 2191 nisi

27 2218 83 2251 pro
107 2209 203 2249 vivis,
235 2213 265 2242 et
299 2209 360 2242 illis
386 2210 438 2252 qui
463 2214 537 2243 sunt
572 2210 603 2242 in
631 2210 833 2253 purgatorio,
864 2214 895 2243 et
925 2210 980 2253 qui

30 2534 75 2559 per
93 2528 148 2553 eius
167 2527 310 2553 doctrinam
324 2528 418 2553 fuerint
431 2528 600 2554 subvertendi
615 2538 638 2554 υ.
655 2529 726 2554 illuni
745 2520 831 2554 loe'um
851 2530 981 2554 invenien-

31 2571 92 2597 dum
110 2572 281 2604 relinquImus
300 2573 362 2598 aliis.
377 2587 411 2590 —
424 2573 461 2598 De
479 2572 595 2605 minori,
618 2574 642 2598 in
661 2580 713 2606 qua
726 2574 815 2605 plures
835 2573 912 2599 codd.
933 2573 981 2599 mi-

30 2614 171 2641 serendum
190 2622 237 2647 pro
257 2615 457 2648 miserendum,
478 2616 539 2641 vide
559 2623 637 2648 supra
661 2624 721 2648 pag.
742 2617 808 2649 333,
830 2621 888 2642 nota
909 2617 932 2641 3.
945 2630 981 2635 —

31 2658 143 2684 Subinde
167 2667 215 2691 pro
234 2667 297 2693 erqo
322 2659 346 2686 si
371 2661 445 2686 multi
470 2660 546 2686 codd.
567 2660 613 2687 sed
630 2660 668 2693 si,
690 2662 756 2687 inter
785 2668 852 2694 quos
880 2661 937 2686 cod.
957 2662 980 2686 K

31 2706 87 2735 post
105 2703 200 2737 augeri
220 2704 292 2730 addit
309 2711 380 2738 erqo.

100 2746 107 2763 ¹
128 2748 161 2773 Ex
181 2748 240 2774 cod.
257 2756 286 2774 aa
300 2749 483 2775 substituimus
502 2748 641 2783 baptizatis
661 2757 709 2782 pro
728 2749 871 2782 damnatis,
888 2749 947 2775 cod.
963 2751 981 2775 P

31 2792 121 2817 omittit
140 2791 278 2826 baptizatis
297 2794 330 2818 et.

99 2835 109 2851 ²
128 2836 261 2862 Rationem
280 2837 342 2862 vide
361 2844 441 2869 supra
461 2837 486 2862 d.
505 2838 548 2862 20.
570 2845 595 2869 p.
616 2838 631 2862 l.
652 2845 677 2870 q.
698 2839 721 2863 2.
736 2839 803 2863 circa
818 2838 895 2863 finem
909 2845 980 2869 corp.

99 2878 110 2895 ³
128 2880 227 2905 Nahum
250 2881 278 2913 i,
301 2882 326 2906 9.
348 2880 397 2906 Csr.
419 2888 497 2913 supra
526 2881 560 2907 lit.
581 2882 707 2913 Magistri,
730 2882 754 2907 d.
775 2882 832 2907 XV.
853 2888 874 2906 c.
905 2883 927 2906 i.
948 2896 980 2899 -—

33 2922 154 2954 Superius
174 2928 231 2950 ante
248 2931 299 2957 pro
319 2931 347 2950 eo
367 2925 443 2950 codd.
464 2925 517 2950 MU
537 2926 657 2950 omittunt
676 2926 707 2951 et.

99 2965 109 2982 4
128 2967 213 2993 Potius
238 2969 367 2994 Euchirid.
394 2976 415 2994 c.
442 2970 500 2994 ΜΟ.
526 2977 549 2994 n.
576 2970 623 3002 29,
652 2977 730 3001 supra
751 2971 775 2995 in
796 2970 831 2995 lit.
853 2970 980 3001 Magistri,

31 3008 57 3034 d.
70 3010 146 3036 XLV.
166 3018 186 3036 c.
202 3013 231 3043 2,
252 3012 399 3044 allegatum.
419 3013 487 3038 Loco
507 3020 521 3038 a
541 3014 566 3038 S.
585 3014 681 3038 Bonav.
702 3014 776 3039 citato
796 3021 817 3038 c.
843 3014 864 3038 st.
881 3020 905 3038 n.
920 3014 943 3037 2.
958 3016 982 3038 et

33 3059 54 3077 c.
74 3054 114 3079 ⁴8.
133 3062 158 3080 n.
178 3056 218 3080 22.
239 3056 368 3081 invenitur
382 3056 517 3083 conclusio
530 3065 538 3082 .-
553 3058 616 3082 Sunt
630 3058 698 3082 enim
713 3064 779 3089 quos
796 3057 856 3082 nihil
876 3057 981 3082 omnino

36 3097 156 3123 adiuvant
174 3100 235 3131 ista,
256 3101 310 3125 sive
330 3108 377 3132 pro
397 3102 434 3126 eis
454 3101 529 3132 fiant,
551 3108 663 3133 quorum
685 3102 740 3126 torn
759 3100 832 3127 mala
852 3104 912 3126 sunt
932 3108 982 3126 me-

34 3140 92 3174 rita,
112 3146 140 3167 ut
158 3150 242 3176 neque
261 3144 355 3169 talibus
375 3144 445 3176 digni
466 3146 516 3170 sint
534 3145 652 3170 adiuvari
673 3148 719 3170 etc.

101 3185 111 3201 ⁵
129 3185 191 3212 Cod.
211 3195 241 3212 aa
267 3188 415 3219 subiungit:
435 3188 582 3215 secundum
607 3188 798 3222 Septuaginta,
820 3187 867 3214 ubi
883 3188 983 3214 dicitur

33 3227 140 3261 septimo
160 3229 205 3256 Iob
225 3231 260 3262 (v.
281 3232 333 3264 9.):
354 3233 424 3257 Sicut
443 3233 605 3257 consumitur
630 3231 713 3257 nubes
732 3235 757 3257 et
776 3232 925 3263 pertransit,
946 3232 982 3257 sic

34 3272 78 3303 qui
97 3272 255 3300 descenderit
280 3276 312 3300 ad
342 3276 451 3306 inferos,
476 3283 526 3300 non
554 3275 675 3300 ascendet
702 3274 845 3307 (translatio
874 3276 982 3307 Septua-

34 3316 102 3346 ginta
121 3318 301 3350 interpretum:
322 3320 458 3352 Tanquam
477 3319 561 3345 uubes
575 3322 717 3351 expurgata
732 3320 763 3345 de
778 3320 862 3352 caelo;
877 3321 897 3345 si
913 3321 981 3345 enim

36 3359 111 3386 homo
130 3361 291 3388 descenderit
310 3364 343 3389 ad
362 3364 504 3395 infernum,
527 3364 590 3389 ultra
611 3371 661 3389 non
682 3363 823 3396 ascendet).
839 3363 888 3389 Csr.
903 3371 981 3395 supra

35 3409 92 3435 pag.
112 3405 175 3438 939,
200 3410 258 3432 nota
278 3407 302 3432 7.

1933 277 1997 309 957

1043 365 1117 395 sunt
1140 361 1170 394 in
1201 362 1366 404 paradiso3
1391 362 1445 395 sed
1478 362 1610 399 faceret,
1634 363 1659 395 si
1690 362 1846 396 damnatis
1869 364 1997 406 prodes-

1044 418 1105 447 set:
1131 423 1206 456 ergo
1230 418 1288 447 etc.

1132 467 1162 499 3.
1188 467 1277 506 ltem,
1294 469 1423 499 ratione
1439 468 1579 501 videtur:
1597 468 1670 510 quia
1688 468 1826 501 damnati
1845 479 1905 502 non
1923 473 1997 502 suut

1042 528 1083 552 ex
1107 520 1236 553 caritate
1261 520 1428 562 diligendi3
1453 521 1537 563 quod
1555 525 1656 563 patet,
1681 522 1755 564 quia
1771 531 1831 554 non
1857 527 1930 556 sunt
1950 532 1998 556 or-

1045 572 1141 604 dinati
1166 573 1205 605 ad
1231 573 1344 605 vitam:
1369 582 1444 615 ergo
1467 583 1539 606 cum
1557 574 1670 607 caritas
1694 575 1786 608 faciat
1809 576 1996 618 suffragium

1042 626 1250 667 acceptabile,
1276 626 1399 658 nullum
1425 626 1610 668 suffragium
1636 636 1693 669 pro
1724 628 1768 660 eis
1792 628 1908 661 factum
1933 629 1996 662 Deo

1044 681 1091 710 θεῖ
1113 682 1294 720 acceptum:
1319 688 1394 721 ergo
1419 688 1474 712 nec
1499 680 1593 712 debet
1618 689 1674 722 pro
1697 681 1742 713 eis
1759 681 1826 714 fieri
1842 682 1862 713 ⁷.

1135 732 1164 763 5.
1188 732 1281 770 Item,
1311 733 1459 774 suffragia
1483 733 1563 765 facta
1594 743 1652 775 pro
1684 734 1801 774 Beatis,
1826 735 1900 777 quia
1923 739 1997 768 sunt

1045 783 1075 815 in
1100 784 1252 823 termino,
1269 794 1330 817 non
1355 790 1471 827 augent
1495 785 1644 827 gloriam:
1662 795 1737 828 ergo
1761 796 1832 820 cum
1857 788 1996 821 damnati

1045 836 1189 869 similiter
1213 838 1274 870 sint
1297 838 1327 870 in
1354 839 1501 878 termino,
1523 848 1583 871 non
1611 840 1757 872 minuunt
1780 841 1825 873 eis
1845 851 1997 883 poenam.

1136 891 1165 922 6.
1190 890 1283 930 Item,
1315 892 1399 932 quod
1431 901 1491 924 non
1521 892 1635 925 minuit
1666 893 1705 925 de
1736 893 1834 935 eulpa
1866 903 1922 927 nec
1958 895 1997 928 de

1042 953 1160 985 poena,
1179 944 1251 986 quia
1275 947 1378 977 tantae
1394 945 1506 987 culpae
1530 945 1664 978 debetur
1677 946 1688 961 ⁸
1707 950 1790 978 tanta
1811 956 1924 988 poena;
1942 948 1997 981 sed

1047 996 1269 1028 damnatorum
1295 997 1388 1039 culpa
1413 1007 1471 1029 non
1496 1001 1598 1040 potest
1622 999 1737 1030 minui:
1762 1008 1838 1041 ergo
1861 1003 1918 1033 etc.

1135 1051 1165 1081 7.
1190 1049 1282 1088 Item,
1308 1049 1333 1082 si
1358 1050 1496 1089 minuat,
1520 1054 1575 1083 aut
1602 1052 1780 1091 extensive,
1812 1057 1868 1085 aut
1899 1053 1998 1086 inten-

1039 1099 1122 1133 sive.
1146 1102 1174 1133 Si
1201 1102 1374 1134 intensive.-
1399 1112 1474 1144 ergo
1491 1113 1563 1136 cum
1588 1113 1648 1136 non
1674 1105 1713 1137 sit
1737 1105 1909 1139 intensione
1933 1107 1998 1139 infi-

1045 1155 1126 1194 nita,
1151 1158 1215 1187 tota
1239 1156 1352 1197 poterit
1376 1156 1494 1189 auferri
1519 1166 1576 1198 per
1604 1157 1763 1199 suffragia.
1795 1159 1824 1190 Si
1849 1168 1924 1201 ergo
1948 1170 1998 1191 ex-

1046 1207 1184 1245 tensive;
1208 1208 1262 1240 sed
1295 1208 1416 1240 infinita
1440 1213 1487 1241 est
1522 1210 1721 1249 extensione,
1746 1214 1776 1243 et
1810 1212 1850 1244 ab
1878 1212 1998 1245 infinito

1045 1260 1123 1292 nihil
1148 1260 1308 1293 adimitur.
1334 1261 1372 1293 Si
1393 1262 1505 1300 dieas,
1531 1263 1613 1304 quod
1647 1268 1693 1296 est
1718 1263 1804 1296 finita
1834 1273 1877 1297 ex
1909 1269 1997 1307 parte

1045 1317 1138 1352 ante,
1163 1318 1193 1346 et
1216 1322 1256 1346 ex
1283 1314 1335 1346 illa
1359 1318 1406 1347 est
1437 1315 1619 1355 diminutio,
1646 1317 1719 1358 quia
1743 1321 1790 1350 est
1814 1327 1931 1359 poenae
1955 1319 1998 1351 di-

1046 1366 1134 1398 latio:
1160 1375 1235 1408 ergo
1267 1370 1345 1399 tune
1374 1367 1544 1400 «dedecus
1567 1370 1684 1410 peccati
1718 1373 1764 1402 est
1788 1371 1854 1403 sine
1884 1371 1996 1404 decore

1045 1420 1181 1452 iustitiae
1195 1419 1206 1434 ⁹
1223 1432 1253 1451 ».

1400 1534 1640 1558 CONCLUSIO.

1076 1627 1251 1671 Suffragia
1275 1629 1445 1661 damnatis
1468 1640 1532 1662 non
1554 1636 1715 1672 prosunt,
1740 1642 1797 1664 nec·
1823 1633 1967 1666 Ecclesia

1300 1682 1438 1715 intendit
1456 1693 1521 1725 pro
1545 1684 1590 1716 eis
1613 1695 1744 1727 royare.

1133 1789 1328 1821 RESPONDEOz
1355 1789 1543 1829 Dicendum,
1561 1791 1645 1832 quod
1669 1791 1848 1833 aliquorum
1873 1792 1932 1824 fuit
1948 1802 1999 1834 po·
2013 1799 2092 1821 Positio
2108 1800 2127 1820 ¹-

1045 1841 1133 1880 sitio,
1157 1846 1193 1874 ut
1217 1842 1357 1884 magistri
1384 1843 1585 1884 Praepositivi
1602 1843 1637 1881 ¹⁰,
1662 1844 1747 1885 quod
1771 1845 1921 1886 suffragia
1945 1846 2000 1878 da-

1045 1893 1160 1927 mnatis
1176 1898 1324 1936 prosunt,
1345 1905 1405 1927 non
1423 1899 1527 1928 tamen
1552 1896 1713 1936 omnibus,
1731 1897 1805 1939 quia
1829 1907 1889 1929 non
1907 1898 1998 1931 valde

1045 1947 1154 1986 malis,
1178 1947 1232 1979 sed
1259 1948 1469 1987 mediocriter,
1494 1952 1529 1981 ut
1554 1953 1629 1990 puta
1653 1949 1714 1981 illis
1737 1949 1791 1991 qui
1818 1950 2000 1983 habuerunt

1045 2008 1141 2041 opera
1165 2000 1264 2039 bona,
1296 2009 1353 2042 per
1378 2010 1460 2043 quae
1484 2005 1647 2034 merentur
1678 2002 1718 2034 ab
1742 2002 1812 2036 aliis
1843 2003 1998 2036 adiuvari.

1045 2052 1105 2085 Sed
1130 2053 1161 2084 in
1187 2053 1279 2085 modo
1303 2053 1466 2095 positionis
1490 2054 1691 2087 diversificati
1717 2059 1800 2088 sunt.

1134 2105 1210 2137 Nam
1236 2106 1364 2148 quidam
1397 2106 1523 2146 dicunt,
1548 2107 1632 2149 quod
1665 2112 1797 2149 prosunt
1828 2109 1867 2141 ad
1896 2108 2122 2171 dimis'ssgiffiffi?

1046 2158 1165 2191 sionem
1183 2158 1349 2201 11'poenae
1384 2163 1538 2201 quantum
1571 2160 1611 2193 ad
1644 2160 1926 2203 interpolationem
1935 2174 1946 2200 ;
1969 2165 2000 2194 et

1046 2211 1117 2243 ideo
1141 2221 1204 2243 non
1226 2212 1363 2245 totaliter
1386 2213 1540 2252 aufertur,
1564 2214 1620 2246 sed
1647 2214 1750 2247 solum
1774 2215 1813 2247 ad
1839 2215 1998 2248 modicum

1116 2529 1127 2546 ⁶
1146 2529 1208 2561 Cap.
1228 2529 1252 2554 4.
1272 2529 1322 2555 Csr.
1343 2529 1405 2555 ibid.
1426 2529 1568 2555 Comment.
1591 2537 1617 2561 p.
1638 2531 1655 2555 l.
1675 2538 1697 2555 a.
1719 2531 1741 2555 3.
1762 2538 1788 2562 q.
1805 2531 1834 2562 3,
1850 2530 1894 2556 ubi
1914 2532 1999 2562 agitur

1045 2573 1078 2599 dc
1098 2574 1287 2605 significatione
1316 2575 1392 2599 trium
1419 2575 1530 2605 partium
1555 2575 1652 2599 hostiae
1680 2575 1774 2600 fractae
1798 2576 1822 2600 in
1852 2575 1938 2607 Missa,
1964 2575 1999 2601 ad

1046 2625 1124 2650 quam
1144 2619 1285 2649 respiciens
1299 2618 1356 2643 cod.
1371 2625 1400 2643 aa
1420 2619 1526 2644 inferius
1546 2623 1604 2650 post
1615 2618 1743 2651 paradiso
1757 2619 1840 2644 addit:
1854 2620 1877 2645 et
1891 2619 1922 2645 ob
1935 2619 1999 2646 haec

1046 2662 1099 2687 tres
1114 2662 1207 2694 partes
1225 2661 1301 2695 fiunt.

1114 2705 1125 2721 7
1145 2705 1210 2730 Vide
1230 2706 1346 2737 August„
1367 2705 1436 2730 xxi.
1458 2706 1489 2731 de
1509 2705 1562 2731 Civ.
1583 2706 1642 2737 Dei,
1663 2714 1684 2732 c.
1706 2706 1746 2731 24.
1768 2714 1791 2731 n.
1815 2708 1836 2731 i.
1857 2714 1911 2740 seq.

1117 2748 1128 2765 8
1148 2750 1234 2774 Plures
1254 2748 1331 2774 codd.
1350 2748 1478 2782 defertur.

1116 2792 1126 2809 ⁹
1145 2793 1262 2824 August,
1283 2793 1319 2817 ΙΙΙ.
1341 2792 1372 2817 de
1392 2792 1445 2817 Lib.
1465 2793 1527 2818 Arb.
1548 2800 1568 2818 c.
1590 2793 1630 2819 s15.
1651 2801 1674 2818 n.
1691 2793 1736 2819 44:
1751 2794 1824 2819 Nullo
1838 2798 1924 2820 autem
1938 2798 1999 2820 tcm-

1046 2838 1117 2868 poris
1136 2837 1270 2862 intervallo
1290 2838 1334 2862 ista
1365 2837 1542 2862 dividuntur...
1563 2841 1590 2862 ut
1618 2838 1649 2862 sit
1669 2838 1693 2862 in
1713 2845 1742 2862 ea
1762 2839 1861 2869 peccati
1885 2838 1999 2864 dedecus

1045 2883 1100 2906 sine
1130 2881 1223 2906 decore
1251 2881 1388 2906 vindictae.
1409 2895 1442 2898 —
1462 2881 1497 2906 De
1522 2881 1624 2915 infinito
1654 2882 1698 2907 cfr.
1728 2883 1840 2914 Aristot,
1864 2883 1902 2907 Vl.
1923 2883 1998 2914 Phys.

1047 2928 1104 2950 text.
1132 2926 1172 2950 61.
1199 2932 1271 2957 seqq.
1291 2924 1325 2957 (c.
1351 2925 1396 2956 7.).
1416 2939 1451 2943 —
1470 2926 1595 2956 Superius
1614 2932 1644 2950 ex
1670 2926 1746 2951 codd.
1766 2926 1815 2950 GL
1835 2933 1864 2951 aa
1885 2926 1920 2951 bb
1941 2934 2000 2958 sup-

1046 2970 1176 3001 plevimus
1196 2970 1259 2994 tola.
1281 2970 1329 2994 Pro
1349 2969 1380 2995 Si
1398 2975 1460 3001 erqo
1481 2969 1538 2994 cod.
1558 2969 1576 2993 L
1596 2969 1628 2995 Si
1645 2976 1722 3002 vero,
1745 2971 1802 2996 cod.
1823 2971 1844 2995 G
1857 2969 1896 3003 Si,
1912 2974 1937 2997 et
1951 2978 1998 3003 pro

1046 3013 1109 3046 quia
1128 3014 1167 3038 est
1185 3012 1241 3037 cod.
1263 3012 1285 3037 V
1304 3019 1372 3045 quae
1391 3013 1435 3038 est.

1119 3056 1139 3072 ¹⁰
1160 3056 1224 3081 Vide
1244 3056 1358 3081 scholion
1379 3056 1410 3081 ad
1431 3057 1496 3081 hanc
1516 3059 1613 3088 quaest.
1628 3071 1661 3074 —
1676 3057 1711 3081 De
1725 3055 1801 3083 valde
1820 3061 1845 3082 ct
1864 3057 1999 3084 mediocri-

1047 3102 1086 3126 ter
1104 3099 1183 3125 maiis
1202 3100 1263 3125 vide
1282 3107 1360 3131 supra
1376 3100 1408 3125 lit.
1424 3100 1545 3132 Magistri,
1565 3100 1590 3125 d.
1606 3100 1682 3125 XLV.
1703 3108 1724 3126 c.
1746 3102 1768 3126 2.
1783 3115 1818 3119 —
1832 3101 1938 3127 inferius
1952 3109 1999 3133 pro

1045 3151 1092 3177 per
1111 3151 1179 3177 quae
1198 3144 1255 3169 cod.
1276 3144 1294 3168 L
1312 3145 1422 3177 propter
1441 3151 1516 3177 quae.

1117 3187 1137 3203 ¹¹
1159 3187 1239 3213 Codd.
1261 3187 1343 3212 ORT
1358 3195 1386 3213 aa
1407 3187 1615 3214 diminutionem.
1637 3188 1742 3214 inferius
1767 3196 1815 3220 pro
1841 3189 1887 3215 sed
1911 3188 1999 3216 solunt

1046 3231 1122 3257 codd.
1143 3232 1162 3256 G
1175 3232 1192 3256 L
1211 3232 1240 3263 (E
1260 3239 1273 3255 a
1294 3231 1407 3257 secunda
1428 3232 1516 3264 manu)
1537 3231 1601 3265 quia
1620 3231 1748 3265 aufertur
1764 3232 1868 3265 solunt,
1890 3233 1947 3258 cod.
1969 3240 1999 3258 aa

1045 3275 1091 3301 sed
1109 3274 1234 3308 aufertur
1261 3274 1363 3307 solum,
1386 3275 1442 3301 cod.
1462 3275 1484 3300 K
1506 3276 1524 3306 (l
1549 3283 1562 3300 a
1591 3276 1703 3301 secunda
1733 3280 1822 3308 manu)
1849 3283 1913 3302 vero
1942 3279 2000 3308 post

1046 3319 1171 3352 temporis
1190 3319 1262 3344 addit
1280 3318 1428 3352 initiantur.
1449 3318 1565 3344 Subinde
1584 3327 1631 3351 pro
1650 3319 1814 3346 reordinatio
1835 3319 1910 3345 codd.
1925 3321 1965 3346 lK
1978 3320 1998 3345 M

1046 3362 1194 3395 ordinatio,
1217 3363 1258 3388 alii
1278 3365 1303 3388 et
1321 3363 1362 3388 ed.
1388 3363 1393 3388 l
1418 3370 1557 3395 perperam
1576 3363 1750 3389 deordinoiio.
