2483 3882
706 248 798 280 DIST.
823 249 911 281 XXV.
934 249 1016 281 ΛΒΤ.
1041 250 1074 281 ll.
1098 250 1251 291 QUAEST.
1276 251 1322 283 IV.

38 341 67 371 et
82 326 224 378 bigamus
248 334 416 366 iudicatur.
443 334 634 373 Dicendum,
651 335 733 376 quod
760 335 834 377 quia
859 345 918 367 non
937 340 984 369 est

38 389 154 422 unicas
177 386 295 418 unicae
304 398 315 423 ,·
338 386 396 418 ista
420 386 502 418 enim
528 396 588 418 non
613 391 660 418 est
683 388 775 419 unica
790 387 811 426 ¹,
836 392 866 420 et
890 389 983 420 maio-

36 450 101 474 rem
135 442 255 480 oportet
290 438 456 479 significari
493 439 644 471 unitatem
680 448 720 471 ex
757 443 846 481 parte
869 441 981 473 uxoris

38 501 129 536 quam
152 491 228 529 viri,
246 490 392 532 quoniam
419 491 563 523 Ecclesia
588 500 648 522 non
673 492 731 523 fuit
755 492 899 533 copulata
922 493 978 525 nisi

37 545 170 583 Christo,
195 552 251 576 nec
277 543 549 575 matrimonialiter
583 552 639 575 nec
675 544 736 575 alio
759 545 861 576 modo.
890 544 980 576 Clirz'-

1930 255 1991 286 655

1046 341 1117 368 stas
1141 341 1245 369 autem
1271 337 1436 379 copulatus
1460 339 1518 370 fuit
1543 340 1739 380 Synagogae,
1764 340 1908 381 quamvis
1933 350 1994 372 non

1047 389 1273 429 insolubiliter,
1298 394 1328 422 et
1352 390 1393 422 ita
1426 400 1486 422 non
1520 391 1800 424 matrimonialiter.
1826 412 1866 415 —
1893 394 1926 425 Et
1951 394 1994 426 sic
2011 401 2140 422 Notandum.

1047 445 1148 482 patet,
1173 443 1257 484 quod
1281 444 1385 475 onmia
1410 444 1482 475 talia
1507 448 1623 476 statuta
1647 448 1720 477 sunt
1749 445 1840 478 valde
1865 446 1996 478 rationa-

1047 494 1134 532 bilia,
1151 495 1225 536 quia
1242 496 1271 527 in
1289 505 1399 528 eorum
1417 497 1636 529 constitutione
1653 507 1712 529 non
1727 502 1876 539 pensatur
1894 499 1995 541 culpa,

1043 547 1097 578 sed
1122 548 1226 588 potius
1250 549 1433 589 significatio
1457 559 1596 591 congrua

881 669 1064 709 QUAESTIO
1089 671 1136 703 lv.

386 775 502 806 Utrum
527 775 573 807 ad
594 775 829 816 susceptionem
853 775 982 807 ordinis
1005 776 1049 807 sit
1072 777 1261 810 necessaria
1286 779 1428 811 conditio
1455 780 1624 813 libertatis.

116 901 232 942 Quarto
256 903 286 931 et
310 899 421 931 ultimo
446 900 627 940 quaeritur,
657 902 766 931 utrum
802 899 841 931 ad
878 908 979 931 susce-

33 953 165 996 ptionem
190 951 309 983 ordinis
333 950 372 982 sit
396 950 572 983 necessaria
596 950 732 983 conditio
756 950 919 983 libertatis.
946 951 979 982 Et

33 1005 112 1048 quod
136 1004 196 1043 sic,
221 1004 356 1036 videtur.

119 1058 146 1088 l.
170 1056 371 1089 Distinctione
403 1055 663 1097 quinquagesima
691 1056 845 1097 quarta³z
877 1068 891 1085 «
908 1056 979 1087 Nul-

0 1111 81 1143 13-1115
102 1109 319 1152 episcoporum
345 1109 385 1141 ad
409 1108 590 1141 clericatum
617 1117 744 1141 servum
762 1108 893 1141 alterius
910 1117 979 1150 pro-

33 1171 154 1196 movere
177 1165 399 1203 praesumat».
813 1183 817 1187 .

116 1217 144 1247 ⁶2.
169 1215 261 1253 Item,
287 1215 316 1246 in
341 1214 449 1246 eadem
476 1214 642 1252 decretali,
659 1214 796 1256 capitulo
821 1214 975 1246 secundo:

38 1268 145 1300 «Nulli
169 1268 208 1300 de
233 1267 337 1299 servili
368 1267 544 1299 conditione
565 1267 603 1299 ad
629 1276 735 1299 sacros
758 1267 885 1299 ordines
910 1276 978 1308 pro-

34 1325 229 1359 moveantur,
254 1320 312 1353 nisi
337 1329 355 1352 a
379 1320 514 1352 dominis
538 1320 604 1352 suis
636 1320 725 1361 prius
749 1319 919 1361 legitimam
945 1320 978 1351 li-

31 1375 178 1407 bertatem
202 1376 435 1415 consequantur
448 1386 462 1402 »
471 1397 478 1404 .

115 1426 143 1458 3.
168 1426 260 1465 Item,
285 1426 309 1458 si
334 1435 447 1458 servus
482 1426 577 1458 intret
606 1425 806 1466 religionem,
831 1425 976 1457 redditur

32 1479 152 1512 domino
187 1488 244 1511 suo
276 1482 306 1511 et
341 1488 401 1510 non
438 1482 539 1519 potest
575 1478 715 1520 ingredi,
739 1478 798 1510 nisi
822 1478 976 1510 efficiatur

32 1532 121 1565 liber:
147 1540 221 1573 ergo
255 1532 324 1572 pari
360 1532 494 1570 ratione,
520 1531 578 1563 nisi
612 1530 768 1563 efficiatur
792 1530 889 1570 liber,
914 1540 975 1563 non

31 1584 139 1627 poterit
161 1585 201 1616 ad
226 1594 331 1617 sacros
355 1585 482 1616 ordines
505 1583 685 1626 promoveri
699 1583 720 1614 ⁴¹.

113 1637 142 1668 [1.
166 1637 260 1674 110111,
283 1645 375 1668 nemo
395 1640 500 1677 potest
516 1635 643 1668 duobus
668 1635 811 1667 dominis
834 1636 975 1673 servire,

31 1690 106 1723 sicut
129 1690 194 1731 ipse
218 1689 360 1721 Salvator
384 1693 516 1721 testatus
533 1690 619 1721 est⁵z
639 1698 713 1730 ergo
738 1698 810 1721 cum
836 1688 974 1721 officinm

31 1742 167 1775 clericale
191 1745 289 1774 totum
316 1742 475 1774 bominem
500 1742 559 1774 sibi
584 1742 725 1784 requirat
742 1741 892 1780 dedicari,
910 1741 977 1772 nul-

30 1794 76 1827 lus
97 1794 136 1827 ad
159 1795 219 1827 1100
254 1795 368 1836 poterit
402 1794 597 1836 promoveri,
622 1794 675 1836 qui
711 1794 750 1826 sit
784 1794 814 1825 in
844 1793 976 1825 alterius

29 1851 183 1889 potestate.

112 1900 254 1933 CONTRA:
283 1902 309 1932 1.
335 1900 457 1932 Servus
473 1900 606 1941 sapiens
622 1899 850 1932 dominabitur
866 1899 975 1931 staltis

0 1949 123 1996 ii'sitiis,
148 1954 262 1986 dicitur
288 1953 529 1985 Proverbiorum
555 1952 677 1985 decimo
701 1952 874 1994 septimo⁶z
901 1961 976 1993 ergo

32 2007 166 2045 videtur,
183 2007 266 2048 quod
292 2006 345 2038 ubi
364 2010 410 2038 est
427 2006 579 2047 sapientia
595 2010 626 2037 et
643 2006 724 2037 vitae
742 2005 872 2044 bonitas,
890 2005 975 2047 quod

30 2059 103 2092 nihil
125 2069 163 2092 ex
188 2064 277 2101 parte
302 2059 463 2092 servitutis
487 2059 626 2091 obsistat.
830 2057 833 2059 ’

113 2114 142 2145 92.
166 2113 259 2152 110111,
283 2112 361 2144 01110
385 2112 460 2144 111011
484 2116 668 2154 potestatem
688 2111 896 2153 spiritualem,
913 2120 975 2143 ser-

30 2165 108 2197 vitus
142 2165 215 2197 dicit
250 2164 475 2197 subiectionem
500 2164 711 2206 corporalem3
736 2164 790 2196 sed
823 2163 975 2196 subiectio

31 2218 194 2260 corporalis
224 2227 286 2250 non
322 2217 416 2249 habet
447 2218 687 2259 repugnantiam
713 2226 783 2249 cum
821 2226 857 2249 eo
890 2217 974 2258 quod

31 2270 184 2311 spirituale
208 2273 271 2302 est:
297 2280 371 2312 ergo
395 2274 452 2303 etc.

113 2323 141 2355 3.
165 2324 254 2362 110111,
284 2324 374 2362 Deus
404 2333 468 2355 11011
503 2327 549 2355 est
583 2327 735 2364 acceptor
766 2323 973 2364 personae':

30 2384 100 2417 ergo
123 2380 242 2408 tantum
266 2376 369 2418 placet
392 2376 419 2408 ei
444 2376 630 2418 obsequium
657 2375 755 2414 servi,
780 2376 860 2408 510111
888 2375 975 2407 obse-

30 2428 132 2469 quium
157 2429 290 2461 domini:
316 2438 391 2470 ergo
414 2429 495 2461 sicut
518 2433 649 2470 possunt
674 2429 712 2460 ad
739 2428 882 2460 divinum
912 2429 975 2461 cul-

29 2484 91 2512 tum
126 2485 155 2513 et
189 2481 369 2514 clericatum
395 2482 513 2513 assumi
550 2481 687 2519 domini,
713 2481 754 2513 ita
789 2481 882 2513 etiam
906 2490 975 2522 pos-

30 2536 98 2564 sunt
121 2533 213 2565 servi.

111 2585 140 2617 lt.
164 2586 256 2625 Item,
273 2586 333 2618 alia
350 2587 550 2618 Sacramenta
566 2586 608 2617 ita
626 2585 722 2617 libere
746 2589 875 2626 possunt
899 2585 975 2617 acci-

30 2646 99 2678 pere
116 2638 213 2676 servi,
231 2643 265 2670 ut
282 2638 417 2676 domini,
435 2642 465 2670 et
481 2638 519 2669 ad
537 2647 572 2669 ea
590 2638 632 2669 ita
645 2637 853 2669 communiter
866 2637 976 2669 admit-

30 2693 149 2723 tuntur:
167 2701 240 2733 ergo
257 2692 325 2733 pari
350 2692 470 2724 ratione
494 2691 637 2730 videtur,
662 2691 746 2732 quod
764 2691 803 2722 ad
821 2691 973 2722 ordinem.

1132 901 1223 933 luxta
1247 902 1306 934 hoc
1330 903 1511 944 quaeritur,
1544 905 1568 936 si
1599 914 1711 938 servus
1743 907 1782 939 sit
1814 907 1996 947 ordinatus,
2016 915 2156 944 Quaestiones

1044 952 1206 993 ignorante
1231 953 1375 993 dominc,
1401 959 1508 987 utrum
1534 956 1573 988 sit
1597 957 1623 989 ei
1649 958 1873 991 restituendus.
2027 941 2153 962 ¹⁰⁶¹de¹¹oe⁵‘

1133 1005 1226 1044 Item,
1251 1006 1274 1038 si
1302 1007 1496 1046 restituitur,
1520 1018 1618 1049 quare
1654 1018 1714 1041 non
1748 1019 1799 1042 res
1824 1011 1903 1043 aliae
1928 1021 1996 1044 con-

1043 1061 1200 1096 secratae3
1225 1061 1255 1090 et
1279 1058 1412 1098 iterum,
1430 1063 1547 1101 quanto
1572 1064 1712 1102 tempore
1729 1064 1827 1103 possit
1844 1067 1995 1105 repetere.

1397 1156 1636 1181 CONCLUSIO.

1148 1234 1271 1266 Servus
1290 1239 1427 1276 propter
1452 1236 1663 1268 Sacramenti
1686 1236 1881 1270 honestatem

1336 1288 1494 1320 ordinari
1515 1299 1578 1320 non
1604 1289 1700 1322 debet.

1132 1376 1330 1408 RESPONDEO:
1356 1377 1398 1408 Ad
1423 1377 1658 1418 praedictorum
1684 1378 1920 1420 intelligentiam
1945 1389 1996 1412 no-

1043 1428 1174 1460 tandum
1198 1433 1263 1467 est,
1287 1429 1371 1470 quod
1396 1430 1632 1462 Sacramentum
1658 1431 1777 1463 ordinis
1802 1441 1862 1464 non
1892 1433 1995 1465 solum

1041 1481 1182 1513 abundat
1204 1481 1243 1513 ab
1267 1481 1337 1513 aliis
1362 1483 1537 1514 secundum
1564 1484 1714 1516 rationem
1739 1484 1844 1526 sioni,
1862 1489 1991 1526 propter
2022 1492 2139 1518 Dupliciter

1042 1533 1101 1565 1100
1125 1534 1209 1575 quod
1234 1543 1294 1565 non
1320 1538 1441 1566 tantum
1467 1535 1742 1574 Sacramentum,
1760 1537 1814 1568 sed
1832 1537 1923 1569 etiam
1941 1519 2108 1569 sit-abund&

1040 1586 1181 1627 seipiens
1205 1587 1442 1619 Sacramentum
1469 1591 1551 1619 tenet
1576 1589 1727 1620 rationem
1754 1589 1872 1630 signi&
1898 1590 1994 1621 immo

1041 1638 1133 1670 etiam
1169 1639 1310 1670 abundat
1345 1640 1520 1671 secundum
1557 1641 1709 1672 rationem
1741 1642 1896 1673 remedii:
1921 1643 1995 1683 quia

1041 1700 1102 1723 non
1128 1691 1229 1724 solum
1255 1692 1296 1723 ibi
1321 1692 1421 1733 gratia
1445 1693 1484 1725 ad
1509 1694 1687 1725 curandum
1709 1693 1890 1725 subiectam
1915 1695 1996 1726 ordi-

1041 1748 1152 1782 natur,
1177 1744 1232 1776 sed
1257 1745 1349 1776 etiam
1376 1745 1470 1777 datur
1494 1746 1611 1786 gratia,
1629 1754 1709 1787 quae
1733 1746 1857 1778 ordinat
1881 1747 1918 1778 ad
1946 1755 1996 1778 011-

1042 1797 1176 1828 randum
1202 1797 1286 1828 alios
1295 1809 1306 1835 ,·
1330 1798 1415 1830 unde
1439 1798 1569 1830 collocat
1594 1798 1753 1831 hominem
1787 1809 1848 1831 non
1872 1803 1995 1831 tantum

1042 1849 1070 1881 in
1098 1854 1180 1881 statu
1204 1850 1380 1889 sanitatis,
1398 1851 1494 1883 immo
1518 1851 1612 1883 etiam
1637 1852 1667 1883 in
1692 1853 1794 1893 gradu
1818 1852 1995 1885 honestatis

1041 1906 1071 1934 et
1096 1903 1271 1944 dignitatis:
1290 1907 1320 1935 et
1345 1904 1415 1936 ideo
1432 1904 1471 1936 ad
1490 1904 1548 1936 1100
1565 1905 1802 1937 Sacramentum
1821 1906 1996 1947 requiritur

1041 1965 1102 1987 non
1138 1964 1273 1997 persona
1309 1957 1484 1998 quaelibet,
1510 1957 1563 1989 sed
1601 1967 1736 1999 persona
1771 1957 1919 1997 honesta,
1945 1959 1995 1991 cui

1040 2008 1141 2040 honor
1177 2013 1208 2040 et
1243 2009 1378 2050 dignitas
1414 2014 1571 2051 competat
1596 2011 1757 2043 clericalis.
1785 2012 1818 2043 Et
1847 2012 1995 2053 quoniam

1041 2060 1192 2093 honestas
1218 2062 1341 2094 multa⁹
1366 2062 1493 2104 respicit
1517 2063 1693 2101 exteriora3
1718 2064 1787 2096 ideo
1812 2073 1871 2096 non
1891 2065 1993 2097 solum
2010 2071 2119 2092 Conclusio
2134 2072 2152 2092 1-

1040 2117 1170 2155 propter
1195 2113 1351 2145 defectum
1387 2115 1474 2146 vitae
1509 2115 1643 2147 efficitur
1679 2116 1750 2157 quis
1782 2117 1930 2148 inhabilis
1954 2117 1994 2149 ad

1040 2167 1099 2199 hoc
1124 2167 1361 2199 Sacramentum
1387 2168 1640 2209 suscipiendum,
1666 2169 1720 2201 sed
1745 2169 1840 2201 etiam
1865 2173 1994 2211 propter

1040 2219 1197 2251 desectum
1223 2220 1405 2253 multorum
1430 2220 1586 2252 alcorani.

1128 2273 1171 2305 Ad
1196 2273 1254 2305 1100
1278 2273 1379 2312 0111111,
1404 2274 1487 2315 quod
1512 2283 1647 2315 persona
1671 2275 1712 2306 sit
1736 2273 1889 2312 honesta,
1906 2285 1995 2317 opor-

1040 2328 1099 2364 tet,
1124 2326 1209 2367 quod
1233 2326 1263 2357 in
1289 2334 1324 2358 ea
1349 2330 1517 2358 concurrat
1534 2327 1681 2360 honestas
1697 2337 1715 2359 a
1731 2331 1820 2369 parte
1837 2328 1990 2370 oriyinis,
2007 2335 2106 2355 Defectus
2121 2335 2142 2355 ⁶-

1038 2379 1202 2416 nominis,
1234 2378 1404 2420 eorporis,
1436 2379 1597 2418 aetionis,
1630 2380 1826 2412 conditionis
1858 2384 1889 2412 et
1922 2390 1992 2412 0011-

1039 2431 1248 2462 versationis.
1274 2431 1402 2472 Propter
1426 2432 1582 2464 defectum
1608 2442 1623 2464 a
1650 2437 1739 2475 parte
1764 2433 1908 2475 oriyinis
1932 2433 1992 2465 ine·
2007 2439 2096 2460 Primus-

1039 2486 1112 2524 ptus
1136 2486 1183 2515 est
1207 2483 1291 2515 filius
1315 2484 1487 2516 sacerdotis
1512 2485 1658 2526 spurius,
1678 2485 1725 2516 vel
1743 2484 1836 2516 etiam
1861 2484 1992 2525 quilibet

1039 2535 1231 2576 illegitimus,
1244 2535 1477 2568 Deuteronomii
1496 2537 1646 2578 vigesimo
1659 2537 1750 2568 tertio
1765 2536 1798 2567 ¹¹¹.
1815 2555 1854 2559 —
1869 2538 1888 2567 Α
1903 2540 1991 2578 parte
2008 2545 2127 2566 Secundus.

1038 2588 1184 2619 nominis
1208 2588 1273 2620 sive
1297 2588 1397 2620 famae
1423 2589 1516 2630 inepti
1548 2594 1621 2621 sunt
1656 2589 1787 2621 infames
1812 2592 1841 2620 et
1866 2589 1992 2630 publice

1039 2639 1253 2680 poenitentes,
1271 2640 1467 2672 distinctione
1485 2641 1745 2682 quinquagesima
1762 2641 1803 2679 ¹¹,
1823 2642 1872 2672 Ex
1884 2641 1992 2683 poeni-

1042 2690 1190 2723 tentibus.
1207 2710 1252 2714 —
1268 2692 1397 2733 Propter
1422 2692 1577 2724 defectum
1596 2702 1613 2724 a
1637 2696 1725 2734 parte
1743 2693 1911 2734 corporis,
1928 2703 1992 2726 cor·
2004 2703 2096 2724 Tertius.

97 2845 104 2862 1
126 2847 149 2871 ln
169 2848 341 2879 praeallegato
361 2847 388 2873 C.
410 2846 531 2873 Debitum
549 2846 695 2879 pastoralis
715 2847 824 2872 dieitur:
846 2848 972 2879 Quoniam

31 2895 74 2914 1100
92 2890 131 2914 illa
150 2894 187 2916 est
205 2893 279 2916 unica
300 2892 383 2922 unici,
404 2898 451 2916 nec
470 2892 516 2916 iste
535 2898 603 2916 unus
617 2892 700 2916 unius.
715 2905 749 2909 ——
763 2892 819 2916 Vat.
833 2891 972 2917 dicendam

30 2930 110 2964 enim,
131 2933 200 2966 011οά
218 2933 287 2960 ratio
316 2935 366 2966 est,
389 2933 452 2967 quia
471 2938 517 2959 etc.
538 2934 594 2959 Mox
614 2941 661 2965 pro
681 2933 829 2967 significari
848 2934 923 2959 codd.
949 2937 974 2958 et

31 2974 68 2999 cd.
89 2976 97 3000 1
120 2976 276 3011 siqnificare.

96 3020 107 3036 ¹²
125 3021 224 3047 Praeter
244 3023 309 3047 banc
328 3023 497 3054 principalem
518 3023 643 3047 rationem
664 3023 688 3047 in
703 3023 758 3046 iure
773 3023 897 3047 canonico
910 3023 974 3047 aliae

30 3064 192 3089 secundariae
211 3066 365 3098 asseruntur,
386 3074 467 3098 quare
482 3066 603 3097 bigamus
618 3066 650 3090 ad
666 3073 752 3091 sacros
766 3066 871 3091 ordines
891 3074 905 3090 n
949 3074 981 3090 11]

31 3112 223 3140 promoveatur,
244 3110 297 3134 5011.
319 3114 425 3141 propter
444 3111 653 3141 praerogativam
677 3110 842 3135 sacerdotalis
867 3109 974 3141 dignita-

31 3150 67 3181 tis,
87 3154 110 3175 et
128 3153 186 3184 qnia
208 3153 262 3178 talis
282 3161 331 3178 non
353 3158 437 3185 potest
456 3161 513 3179 esse
534 3155 648 3179 hortator
666 3155 786 3179 castitatis
806 3154 861 3182 (cfr.
873 3153 898 3179 C.
917 3154 974 3179 [lna

33 3193 133 3220 tontum
152 3196 213 3228 (4.),
243 3204 296 3229 seq.
317 3197 341 3222 d.
362 3197 431 3229 26),
453 3201 477 3222 et
498 3202 605 3229 propter
624 3198 799 3228 suspicionem
821 3198 921 3222 suturae
940 3198 974 3222 in-

31 3239 194 3265 continentiae
209 3241 262 3270 (csr.
276 3241 302 3266 C.
317 3241 484 3274 Proposuisti
501 3242 563 3273 (2.),
586 3242 610 3267 d.
631 3243 692 3273 82).
714 3241 779 3266 Vide
799 3241 863 3266 insi-a
884 3241 910 3266 d.
933 3241 973 3266 42.

31 3287 52 3305 a.
72 3282 94 3307 3.
114 3290 138 3315 q.
158 3284 182 3308 3.
201 3299 235 3303 —
253 3285 319 3310 Vide
338 3286 452 3311 scholion
473 3286 506 3310 ad
528 3287 558 3310 1.-
572 3286 648 3310 huius
668 3285 765 3310 articuli
786 3289 884 3317 quaest.

98 3325 108 3342 ³
126 3326 185 3352 Can.
207 3328 229 3352 1.
250 3329 297 3354 Pro
316 3328 351 3354 ad
369 3329 526 3355 clericatum
540 3334 622 3354 textus
636 3330 768 3361 originalis
782 3329 818 3355 ad
830 3329 971 3356 clericatus

32 3367 158 3402 officium,
180 3371 236 3397 cod.
255 3372 273 3396 L
293 3372 328 3398 ad
346 3372 447 3398 ordinis
466 3372 629 3399 clericatum.

1111 2846 1120 2863 ⁴
1140 2846 1189 2872 Cl'r.
1210 2846 1236 2872 C.
1258 2846 1396 2873 Generalis
1415 2847 1492 2873 eliam
1510 2847 1633 2880 querelae
1653 2849 1732 2880 (12),
1754 2848 1778 2873 cl.
1799 2848 1839 2874 54.
1861 2852 1885 2874 ct
1904 2849 1930 2875 C.
1951 2851 1990 2875 lu-

1038 2891 1160 2917 struemli
1179 2892 1239 2924 (l.),
1261 2899 1330 2924 seq,
1353 2892 1384 2916 X.
1405 2891 1436 2916 110
1457 2893 1544 2917 Servis
1573 2899 1622 2917 non
1651 2892 1801 2918 ordinandis
1825 2897 1871 2918 etc.
1893 2893 1946 2925 (lib.
1974 2894 1988 2918 l.

1038 2936 1072 2960 tit.
1098 2936 1155 2967 ts).

1108 2979 1118 2995 ⁵
1137 2980 1221 3004 naun.
1242 2980 1270 3011 c,
1292 2979 1332 3004 24.

1110 3023 1121 3039 ⁶
1141 3023 1213 3048 Vers.
1234 3024 1257 3048 ⁴2.
1278 3037 1313 3041 ——
1333 3024 1380 3048 Pro
1400 3022 1511 3049 obsistat
1528 3024 1603 3048 codd.
1623 3024 1669 3048 EZ
1690 3023 1782 3049 obstat.

1109 3066 1120 3082 ⁷
1140 3068 1192 3091 Act.
1216 3068 1260 3098 lO,
1282 3066 1323 3091 34.
1344 3067 1453 3098 Vulgata
1472 3073 1659 3099 personarum.

1109 3110 1119 3127 8
1139 3110 1189 3136 Ct'r.
1211 3115 1308 3143 quaest.
1329 3111 1449 3142 praeced.
1472 3112 1495 3135 in
1517 3118 1588 3143 corp.

1109 3155 1120 3171 ⁹
1140 3156 1195 3180 Vat.
1214 3154 1339 3180 multam.

1109 3198 1131 3215 ¹⁰
1151 3199 1223 3223 Vers.
1244 3200 1273 3223 2:
1299 3199 1352 3224 Non
1382 3199 1541 3230 ingredietur
1569 3207 1696 3232 mamzer,
1718 3202 1767 3226 1100
1795 3204 1832 3227 est
1852 3201 1885 3226 (10
1904 3206 1988 3228 scorto

1039 3245 1126 3273 natus,
1147 3243 1171 3266 in
1191 3243 1325 3267 ecclesiam
1345 3242 1446 3266 Domini
1467 3249 1551 3274 usque
1579 3243 1611 3267 ad
1640 3243 1767 3268 decimam
1788 3245 1988 3275 generationem.

1039 3285 1089 3311 Csr.
1109 3286 1231 3316 (ii-mian„
1253 3285 1277 3310 d.
1298 3285 1339 3310 56.
1360 3288 1384 3310 et
1404 3286 1435 3310 X.
1457 3286 1488 3311 de
1509 3286 1574 3311 Filiis
1594 3286 1806 3318 prosbyterorum
1826 3291 1875 3314 etc.
1896 3288 1952 3321 (lib.
1972 3289 1988 3314 l.

1039 3330 1074 3354 tit.
1096 3329 1156 3361 ·i7.).

1111 3373 1129 3389 ¹¹
1151 3372 1210 3398 Can.
1232 3373 1272 3397 55.
1293 3387 1327 3391 —-
1347 3374 1404 3406 Seq.
1425 3380 1479 3399 can.
1507 3374 1688 3401 Gommwzz‘ter
1701 3375 1843 3409 definimus
1862 3382 1900 3403 est
1919 3384 1941 3403 c.
1964 3378 1989 3402 3.
