2483 3882
10 713 105 736 lonclusio
118 713 137 734 1.

11 1134 105 1156 onelusio
113 1128 135 1155 ⁵2.

18 2748 141 2771 indamenta.

838 250 932 281 DlST.
957 249 990 281 11.
1015 250 1096 281 ΛΒΤ.
1122 250 1154 281 11.
1179 250 1332 291 ΩΠΑΕΒΤ.
1358 250 1390 281 11.
2082 254 2121 284 555

506 346 743 370 CONCLUSIO.

154 443 320 485 Baptismi
342 453 364 475 ct
388 443 511 474 [omme
534 442 738 474 denominati
757 442 958 484 principalis
976 442 1104 474 institit-

242 499 292 527 τον
308 493 376 537 fuit
393 495 497 532 Deus,
514 494 571 526 sed
592 494 731 526 Ioannes
754 493 823 536 fuit
846 495 1102 527 administrator

241 547 415 589 plenarius
439 550 467 578 et
486 547 703 589 praecipuus.

241 653 439 685 Ruspounuo:
465 653 656 691 Dicendum,
685 653 769 694 quod
802 653 949 694 baptismi
982 653 1103 685 Ioannis

153 705 236 737 Deus
260 705 319 737 fuit
343 705 523 747 principalis
547 705 723 744 institutor,
752 706 833 738 sicut
857 706 990 747 probant
1013 706 1105 738 ratio-

152 766 208 790 nes
231 758 369 799 primaeg
387 758 440 790 sed
460 758 587 791 loannes
603 758 661 790 fuit
677 758 915 791 administrator
928 759 1104 800 plenarius

150 814 181 843 et
200 810 425 852 praecipuus:
446 810 641 852 plenarius,
666 811 740 853 quia
771 811 855 843 Deus
886 811 965 843 nihil
997 811 1038 843 ibi
1063 812 1104 844 fa-

150 862 265 901 ciebat,
292 863 376 904 quod
401 872 457 904 per
481 863 586 904 ipsum
611 872 670 895 non
695 863 785 896 fieret
814 882 856 886 —-
887 867 986 895 totum
1020 864 1103 896 enim

149 915 405 954 administrabat,
422 916 496 957 quia
510 920 630 948 tantum
645 916 787 949 exterius
801 916 941 948 lavabat¹
956 935 1000 940 —-
1008 926 1104 958 prae-

149 967 268 1009 cipuus
292 977 384 1007 vero,
408 968 483 1010 quia
506 969 590 1001 Deus
622 978 678 1010 per
711 969 815 1010 ipsum
846 969 980 1001 instituit
1011 973 1042 1001 et
1073 969 1101 1001 ei

151 1019 289 1053 officium
313 1021 491 1062 baptizandi
521 1021 693 1060 commisit,
727 1025 762 1053 ut
792 1021 900 1054 nullus
931 1022 1105 1063 baptizaret

152 1073 205 1105 illo
229 1073 402 1115 baptismo,
426 1074 484 1106 nisi
510 1074 593 1116 ipse,
619 1074 668 1107 vel
691 1074 806 1116 aliquis
821 1075 890 1107 eius
906 1075 1102 1107 auctoritate.

152 1126 186 1158 Et
210 1126 281 1158 inde
305 1130 368 1165 est,
393 1127 477 1168 quod
502 1126 766 1159 denominabatur
790 1137 808 1159 a
836 1127 948 1159 Ioanne
980 1131 1010 1160 et
1041 1136 1105 1159 ces-

151 1178 248 1217 savit,
283 1179 396 1211 Ioanne
431 1183 571 1212 cessante
583 1180 603 1211 ².
639 1180 698 1212 Sed
734 1179 765 1211 in
800 1179 956 1221 baptismo
988 1179 1103 1211 Christi

151 1230 260 1263 nullus
288 1235 356 1263 erat
387 1232 624 1264 administrator
653 1232 846 1274 plenarius,
878 1232 952 1274 quia
983 1233 1025 1265 ibi
1057 1236 1104 1265 est

151 1282 280 1315 interior
304 1285 517 1325 regeneratio,
542 1294 622 1326 quae
647 1285 749 1317 solum
774 1285 809 1317 fit
832 1295 850 1317 a
873 1285 954 1324 Deo,
971 1294 1033 1317 non
1050 1285 1104 1317 mi-

151 1335 279 1379 nisterio
315 1337 471 1376 humano3
508 1337 616 1370 nullus
651 1338 744 1370 etiam
771 1338 996 1380 praecipuus,
1030 1338 1104 1380 quia

1167 337 1310 369 Christus
1335 337 1469 370 instituit
1493 338 1649 379 baptisma
1677 347 1770 371 suum
1804 348 1865 371 non
1896 348 1952 381 per
1984 340 2122 381 aliquem

1168 390 1325 422 hominem
1338 416 1345 428 ‚
1370 391 1425 422 sed
1450 399 1506 432 per
1530 400 1563 423 se
1588 391 1710 433 ipsum;
1727 392 1806 423 nulli
1824 392 1918 424 etiam
1936 393 1980 424 sic
1997 393 2123 424 commi-

1167 442 1207 474 sit
1230 452 1325 474 suum
1350 442 1506 482 officium,
1531 447 1566 476 ut
1590 444 1642 475 alii
1674 444 1743 476 eius
1773 445 1958 476 auctoritate
1990 445 2124 486 baptiza-

1168 496 1267 527 rent³.
1294 496 1364 527 Ideo
1388 505 1449 527 non
1474 496 1696 528 denominatur
1720 497 1759 529 ab
1783 497 1828 529 eis
1845 497 2021 539 baptismus
2038 497 2123 529 Chri-

1167 548 1205 580 sti
1231 556 1287 580 nec
1311 552 1429 587 cessat,
1453 549 1498 580 eis
1521 549 1726 581 cessantibus.

1260 601 1286 631 1.
1312 600 1355 632 Ad
1379 600 1458 632 illud
1482 601 1566 642 quod
1591 601 1738 633 obiicitur
1763 602 1801 634 de
1821 603 2003 643 Evangelio,
2021 603 2270 656 ‘licen'stlssm‘issiii

1168 652 1263 690 dum,
1281 653 1364 694 quod
1384 653 1594 695 Evanyelistct
1611 654 1669 686 suit
1685 654 1923 687 administrator
1940 655 2120 696 plenarius,
2136 652 2250 683 cideulem-

1169 704 1243 746 quia
1267 709 1420 747 quantum
1445 706 1485 738 ad
1508 706 1609 738 verba
1633 711 1663 739 et
1687 707 1900 739 intellectum:
1922 708 2022 740 verba
2040 708 2122 740 enim

1168 766 1209 789 ex
1234 766 1267 790 se
1292 758 1451 797 dicebant,
1476 768 1536 790 non
1562 760 1689 792 omnino
1712 760 1840 799 eadem,
1873 770 1953 802 quae
1982 761 2126 793 Christus

1168 810 1200 841 in
1224 811 1436 852 praedicando
1461 811 1587 843 dixerat
1596 824 1604 850 3
1629 821 1760 851 rursus,
1784 822 1917 844 sensum
1940 813 2125 852 servabant3

1169 864 1224 897 sed
1261 864 1327 896 illi⁴
1363 864 1463 905 primo
1502 864 1668 897 illuminati
1701 865 1830 898 suerunt
1862 870 1892 898 et
1924 867 2123 907 postmodum

1168 917 1238 949 aliis
1255 917 1487 959 exprimebant.
1506 918 1536 949 ln
1555 918 1784 950 Sam-amentis
1802 928 1862 951 non
1881 919 1942 958 sic,
1960 919 2034 961 quia
2050 921 2126 961 Apo-

1168 970 1237 1002 stoli
1264 970 1351 1012 signa
1375 980 1416 1003 ex
1442 980 1474 1003 se
1498 980 1559 1003 non
1584 971 1759 1010 habebant,
1785 972 1840 1004 sed
1872 982 1890 1004 a
1921 973 2053 1005 Domino
2082 973 2125 1005 in-

1168 1022 1294 1061 stituta3
1311 1031 1425 1055 rursus
1436 1048 1444 1062 ,
1461 1032 1517 1064 per
1533 1023 1666 1064 gratiam
1678 1049 1685 1062 ,
1702 1033 1765 1065 qua
1782 1027 1871 1056 erant
1888 1024 2031 1065 purgati,
2045 1025 2123 1058 alios

1168 1084 1229 1107 non
1254 1075 1442 1117 purgabant.
1467 1075 1538 1108 ldeo
1563 1085 1623 1107 non
1649 1076 1692 1108 sic
1716 1076 1833 1108 (licitur
1858 1077 2035 1119 baptismus
2052 1078 2124 1110 Mat-

1167 1127 1268 1167 thaei,
1293 1128 1374 1160 sicut
1400 1128 1603 1170 Evangelium
1628 1129 1773 1161 Matthaei
1800 1129 1927 1162 dicitur.

1256 1182 1285 1212 2.
1317 1181 1361 1213 Ad
1393 1181 1480 1213 aliud
1511 1176 1597 1223 patet
1628 1182 1807 1223 responsio,
1840 1182 1925 1224 quod
1958 1192 2019 1215 non
2053 1183 2122 1215 ideo
2137 1186 2260 1241 Agogmr-

1168 1232 1302 1265 cessavit
1342 1233 1519 1275 baptismus
1557 1234 1700 1273 loannis,
1741 1235 1815 1277 quia
1850 1239 1932 1268 esset
1972 1236 2125 1278 principa-
2195 1230 2199 1235 ’

1168 1285 1207 1317 lis
1247 1286 1424 1323 institutor.
1461 1287 1515 1319 sed
1553 1287 1626 1329 quia
1667 1291 1734 1320 erat
1769 1289 1959 1330 praecipuus
1994 1289 2125 1322 admini-

1168 1342 1294 1371 strator.

990 1468 1287 1508 SGHOLION.

220 1593 236 1618 1.
248 1592 340 1619 Contra
354 1595 474 1626 antiquos
488 1595 623 1620 nonnullos
636 1598 661 1620 et
674 1599 762 1620 contra
776 1598 913 1620 novatores
926 1596 1021 1620 saeculi
1036 1595 1102 1620 XVl.

150 1638 256 1663 omnino
273 1638 414 1663 tenendum
428 1642 477 1670 est,
493 1639 564 1671 quod
578 1639 722 1670 baptismus
737 1639 850 1671 loannis,
865 1639 897 1664 de
911 1646 964 1671 quo
977 1640 1063 1671 agitur
1077 1641 1102 1664 in

151 1682 165 1706 3
188 1689 231 1714 qq.
247 1683 323 1707 huius
336 1683 448 1715 articuli,
462 1690 512 1708 non
527 1683 573 1708 suit
587 1684 781 1708 Sacramentum
796 1684 843 1708 nisi
857 1682 1017 1716 improprie,
1040 1690 1104 1716 qua-

150 1728 225 1751 tenus
238 1728 266 1751 ut
281 1733 369 1751 sacrae
383 1727 419 1751 rei
433 1727 538 1758 signum
551 1727 713 1759 aliquatenus
727 1727 835 1752 initiavit
845 1728 932 1758 ipsum
943 1727 1102 1758 baptismum

150 1769 250 1795 Christi.
264 1770 304 1795 Ad
317 1777 371 1795 rem
386 1770 482 1796 Concil.
497 1771 611 1796 Trident.
625 1770 709 1802 (Sess.
725 1771 774 1796 Vll.
789 1778 845 1796 can.
861 1771 910 1803 ·l.):
928 1781 940 1793 <x
951 1771 977 1796 Si
990 1772 1049 1804 quis
1068 1771 1103 1796 di-

149 1815 226 1844 xerit,
246 1814 406 1846 baptismum
426 1815 525 1840 loannis
544 1814 666 1840 babuisse
684 1815 794 1840 eandem
819 1816 873 1840 vim
893 1822 953 1840 cum
972 1815 1102 1847 baptismo

150 1857 255 1890 Christi,
269 1865 292 1883 a.
306 1865 326 1883 s.
338 1868 361 1883 u.
375 1858 537 1884 Conveniunt
550 1861 635 1884 autem
652 1860 807 1890 posteriores
821 1859 940 1884 doctores
954 1860 978 1884 in
992 1860 1040 1884 hac
1054 1862 1101 1885 tota

149 1902 277 1934 doctrina,
298 1906 322 1928 et
335 1902 421 1935 quoad
436 1903 459 1927 3.
473 1903 650 1935 quaestionem
665 1904 837 1928 communiter
855 1903 997 1935 reprobant
1009 1904 1103 1929 doctri-

149 1953 208 1971 nam
228 1946 340 1978 Magistri
362 1946 398 1971 ibi
416 1947 568 1978 explicatam
589 1947 645 1978 (cfr.
665 1947 692 1972 ll.
713 1948 781 1972 Sent.
799 1947 824 1972 d.
840 1946 881 1972 44.
900 1947 964 1972 dub.
985 1948 1029 1980 3.).
1050 1948 1101 1973 lam

149 1990 239 2016 Guliel.
259 1990 396 2016 Autissiod.
416 1991 503 2023 (Sum.
524 1998 549 2022 p.
569 1991 610 2016 lV.
631 1994 661 2016 tr.
682 1992 705 2016 3.
726 1998 747 2016 e.
769 1992 792 2016 ¹l.
814 1999 838 2024 q.
860 1991 895 2024 3.)
925 1991 999 2023 dicit,
1024 1993 1103 2023 magi-

149 2037 215 2059 stros
234 2035 259 2059 in
279 2035 328 2060 hoc
347 2042 397 2060 non
418 2036 563 2061 consentire
583 2036 657 2061 Petro
675 2035 833 2061 LombardO.
852 2049 888 2054 —
907 2036 983 2067 Quod
997 2036 1103 2062 loannes

149 2079 174 2103 in
188 2078 343 2110 baptizando
357 2086 421 2104 usus
433 2080 465 2105 sit
478 2080 575 2105 forma:
588 2078 617 2105 in
630 2079 737 2105 nomime
748 2079 867 2112 venturi,
880 2087 910 2105 ex
924 2080 981 2105 loco
991 2080 1044 2105 Act.
1064 2081 1100 2113 19,

151 2122 173 2147 4.
194 2122 313 2154 Magister
333 2122 385 2154 (hic
404 2130 425 2148 c.
446 2123 480 2155 6.)
507 2123 562 2148 vult
582 2123 748 2155 concludere,
773 2130 853 2155 quem
878 2128 1023 2156 sequuntur
1042 2130 1101 2148 eum

149 2166 204 2191 aliis
217 2167 327 2199 antiquis
341 2167 366 2192 S.
380 2167 476 2192 Bonav.
499 2166 555 2198 (hie
569 2167 632 2192 dub.
647 2168 682 2200 5.)
702 2171 727 2193 et
746 2168 771 2192 S.
787 2168 909 2193 Thomas.
924 2168 974 2193 Sed
990 2168 1101 2194 Durnnd.

150 2209 205 2241 (hie
224 2218 248 2243 q.
269 2210 303 2243 3.)
323 2218 382 2236 cum
403 2211 470 2236 Estio
484 2212 592 2244 aliisque
611 2212 798 2238 recentioribus
812 2212 948 2244 probabile
961 2220 1018 2238 esse
1032 2213 1100 2245 vult,

1168 1596 1288 1621 loannem
1302 1597 1398 1621 nullam
1416 1597 1526 1621 sormam
1546 1604 1629 1629 aquae
1644 1600 1671 1622 ut
1684 1599 1806 1623 materiae
1819 1598 1975 1629 adjunxisse.
1988 1614 2021 1617 —
2032 1600 2123 1631 Quoad

1168 1641 1346 1672 quaestionem
1366 1640 1521 1666 incidentem
1541 1641 1586 1666 ct'r.
1607 1642 1648 1666 hic
1667 1641 1730 1666 dub.
1752 1641 1775 1667 4.

1240 1685 1274 1709 De
1295 1685 1318 1709 sl.
1338 1686 1501 1717 quaestione:
1521 1685 1590 1710 Alex.
1604 1685 1668 1717 Hah,
1688 1686 1713 1711 S.
1734 1693 1759 1717 p.
1774 1686 1814 1711 lV.
1835 1694 1859 1719 q.
1874 1687 1898 1712 6.
1913 1694 1948 1712 m.
1964 1688 1987 1712 2.
2008 1687 2031 1713 5.
2052 1688 2076 1712 8.
2092 1702 2125 1706 -

1167 1729 1244 1759 Scot.,
1264 1728 1297 1753 de
1322 1730 1371 1754 hac
1390 1732 1415 1754 et
1443 1730 1458 1753 2
1485 1736 1558 1762 seqq.
1578 1737 1622 1762 qq.
1642 1730 1666 1754 in
1687 1733 1798 1762 utroque
1818 1731 1919 1762 Seripto
1945 1732 1986 1756 hic
2006 1739 2031 1764 q.
2052 1732 2076 1757 2.
2090 1745 2126 1750 -

1168 1773 1192 1798 S.
1213 1772 1316 1804 Thom.‚
1337 1773 1378 1797 hic
1397 1780 1422 1805 q.
1443 1773 1466 1797 2.
1486 1780 1509 1798 a.
1530 1773 1558 1805 =l;
1579 1774 1604 1798 S.
1627 1774 1661 1798 lll.
1676 1781 1701 1806 q.
1722 1774 1764 1799 38.
1784 1781 1806 1799 a.
1828 1776 1851 1799 2.
1864 1788 1901 1793 -
1914 1775 1939 1800 Β.
1960 1775 2064 1807 Albert.‚
2084 1777 2125 1801 hi(-

1167 1823 1190 1842 a.
1210 1816 1234 1841 5.
1254 1817 1278 1841 6.
1293 1831 1327 1834 —
1342 1817 1406 1842 Petr.
1426 1824 1439 1842 a
1460 1817 1529 1849 Tar„
1549 1817 1590 1842 hic
1603 1824 1628 1850 q.
1648 1818 1672 1842 2.
1692 1825 1714 1843 a.
1742 1819 1762 1843 i.
1776 1832 1810 1836 ——
1823 1818 1972 1844 Richard:a
1990 1820 2064 1851 Med,
2085 1821 2125 1845 hic

1167 1868 1189 1885 a.
1210 1862 1234 1885 2.
1248 1868 1273 1893 q.
1296 1861 1318 1886 t.
1333 1862 1356 1886 2.
1373 1875 1409 1880 -
1421 1861 1545 1893 Durand.,
1559 1861 1593 1887 de
1612 1863 1660 1887 hac
1673 1866 1698 1887 et
1716 1870 1770 1895 seq.
1786 1870 1811 1895 q.
1827 1863 1868 1888 hic
1888 1870 1913 1895 q.
1934 1864 1958 1889 3.
1972 1878 2006 1881 —
2019 1864 2124 1895 Dionys.

1167 1905 1260 1937 Carth.‚
1280 1905 1313 1930 de
1333 1906 1381 1931 hae
1400 1908 1425 1930 et
1444 1906 1459 1930 2
1483 1913 1556 1939 seqq.
1577 1913 1619 1938 qq.
1640 1907 1681 1931 hie
1701 1914 1725 1939 q.
1747 1906 1772 1931 5.

1238 1950 1263 1975 ll.
1284 1950 1320 1975 De
1340 1951 1363 1975 2.
1378 1950 1542 1982 quaestione:
1556 1951 1624 1975 Alex.
1645 1951 1707 1981 Hal„
1722 1951 1770 1976 loc.
1790 1952 1831 1976 cit.
1847 1958 1882 1976 m.
1898 1951 1920 1977 4.
1933 1966 1967 1969 —
1980 1952 2005 1977 S.
2020 1952 2124 1984 Thom.‚

1168 1995 1209 2020 bie
1237 2002 1261 2026 q.
1289 1995 1313 2019 2.
1337 2002 1360 2019 a.
1386 1995 1416 2026 2;
1445 1995 1470 2019 S.
1499 1995 1546 2020 loc.
1573 1996 1614 2020 cit.
1643 2002 1665 2019 a.
1693 1995 1717 2020 3.
1740 2010 1773 2013 —
1797 1995 1823 2020 B.
1850 1995 1960 2027 Albert.‚
1987 1997 2028 2021 hic
2051 2003 2074 2021 a.
2101 1997 2124 2021 3.

1168 2053 1201 2056 —
1223 2039 1287 2064 Petr.
1314 2045 1329 2063 a
1355 2039 1424 2071 Tar„
1450 2039 1491 2064 hic
1520 2046 1544 2071 q.
1574 2040 1597 2064 2.
1627 2046 1649 2064 a.
1680 2040 1703 2064 2.
1727 2053 1760 2056 —
1782 2039 1902 2064 Richard.
1932 2047 1945 2065 a
1974 2040 2054 2072 llled.⁷
2084 2041 2125 2066 hic

1167 2090 1190 2108 a.
1205 2083 1228 2108 2.
1244 2090 1268 2115 q.
1284 2083 1307 2107 3.

1239 2127 1273 2151 lll.
1293 2126 1329 2152 De
1343 2127 1366 2152 3.
1381 2128 1546 2159 quaestione:
1561 2127 1630 2152 Alex.
1645 2127 1708 2159 Hal„
1723 2127 1770 2152 loe.
1784 2128 1825 2152 cit.
1839 2134 1873 2152 m.
1888 2128 1912 2152 7.
1933 2141 1967 2145 ——
1980 2128 2006 2153 S.
2020 2128 2124 2160 Thom..

1167 2171 1208 2196 hic.
1227 2178 1252 2203 q.
1273 2171 1297 2195 2.
1317 2178 1340 2196 a.
1361 2170 1389 2203 4;
1411 2172 1436 2196 S.
1457 2171 1505 2196 loc.
1525 2172 1566 2196 cit.
1580 2178 1602 2196 a.
1619 2172 1642 2196 6.
1658 2185 1691 2188 -
1705 2172 1731 2196 Β.
1752 2171 1856 2203 Albert.‚
1871 2172 1912 2196 hic
1931 2179 1953 2196 a.
1973 2172 1997 2197 7.
2011 2186 2045 2191 -—
2059 2173 2123 2197 Petr.

1167 2214 1270 2246 a-Tar.‚
1291 2214 1332 2239 hie
1351 2221 1373 2239 a.
1395 2214 1418 2238 3.
1432 2227 1467 2232 —
1480 2214 1600 2239 Richard.
1621 2221 1635 2239 a
1655 2214 1729 2246 Med„
1750 2215 1791 2240 hic
1810 2222 1832 2240 a.
1854 2216 1877 2240 2.
1898 2222 1922 2248 q.
1945 2215 1968 2241 4.

1016 2329 1199 2370 Quiesrio
1224 2329 1256 2361 ιι.

708 2426 762 2458 Aa
785 2426 866 2469 qaid
887 2425 992 2468 fuerit
1016 2426 1187 2458 institutus
1212 2427 1396 2468 baptismus
1420 2428 1567 2460 [oannis.

237 2535 379 2567 Secundo
414 2536 597 2578 quaeritur,
625 2537 664 2569 ad
694 2538 769 2579 quid
798 2538 893 2570 suerit
928 2537 1104 2579 baptismus

150 2586 270 2619 loannis
302 2588 474 2620 institutus.
501 2589 535 2620 Et
559 2589 642 2630 quod
674 2589 713 2621 ad
745 2589 1024 2631 sigynifi‘candtmn,
1058 2589 1104 2621 vi-

151 2639 262 2671 detur:

241 2693 267 2723 l.
294 2693 349 2724 Per
374 2692 453 2724 illud
478 2693 561 2734 quod
580 2693 655 2724 dicit
672 2693 793 2734 llug0⁵z
820 2693 930 2725 «inter
947 2693 1103 2734 baptisma

149 2743 263 2776 Christi
287 2748 318 2776 et
341 2744 497 2786 baptisma
521 2744 643 2777 loannis
660 2745 718 2777 hoc
736 2746 881 2784 interest.
903 2746 977 2787 quia
998 2745 1039 2777 ibi
1058 2754 1103 2778 so-

149 2796 216 2828 lum
240 2797 475 2829 Sacramentum
501 2797 653 2835 dabatur,
678 2798 729 2830 hic
745 2799 981 2830 Sacramentum
1005 2803 1035 2831 et
1052 2807 1103 2830 res

150 2850 338 2882 Sacramenti
351 2875 358 2889 ‚
382 2850 500 2882 scilicet
516 2850 547 2882 in
563 2851 718 2891 baptismo
735 2852 849 2884 Christi
863 2865 877 2880 υ
893 2864 900 2883 ;
919 2861 993 2892 ergo
1011 2852 1036 2884 si
1053 2853 1103 2884 Sa-

150 2903 299 2935 cramenti
317 2907 364 2935 est
380 2902 565 2943 significare,
580 2907 673 2944 patet,
691 2905 773 2946 quod
792 2904 832 2936 ad
849 2904 1100 2946 significandum.

1256 2539 1284 2569 2).
1310 2538 1405 2577 Item,
1424 2548 1480 2580 per
1498 2539 1661 2571 rationem
1679 2540 1821 2572 videtur:
1844 2540 1918 2581 quia
1937 2541 2035 2581 magis
2053 2550 2122 2573 con-

1167 2590 1311 2621 veniebat
1335 2590 1511 2632 baptismus
1544 2592 1665 2624 loannis
1696 2601 1769 2624 eum
1802 2592 1957 2633 baptismo
1989 2592 2121 2627 Christi.

1166 2651 1260 2682 quam
1286 2642 1462 2684 baptismus
1486 2644 1611 2685 legalis;
1637 2645 1692 2676 sed
1718 2644 1787 2683 ille,
1820 2648 1855 2676 ut
1887 2645 1961 2677 dicit
1994 2645 2120 2687 liugo⁶‚

1166 2694 1360 2735 significabat
1384 2695 1539 2737 baptisma
1563 2697 1694 2729 Christi:
1713 2706 1788 2739 ergo
1805 2698 1905 2730 multo
1922 2698 2035 2731 fortius
2052 2708 2122 2731 con-

1166 2747 1268 2788 gruit.
1293 2748 1377 2789 quod
1403 2748 1558 2790 baptisma
1582 2750 1713 2782 Ioannis.

1255 2801 1347 2840 ltem,
1371 2802 1455 2843 quod
1480 2802 1575 2834 fuerit
1599 2802 1762 2835 institutus
1778 2803 1818 2835 ad
1842 2803 2062 2846 efficiendam,
2081 2805 2121 2836 vi-

1167 2853 1280 2885 detur:

1259 2907 1285 2937 l.
1310 2906 1389 2947 Quia
1414 2907 1530 2939 dicitur
1562 2908 1655 2941 Marci
1688 2909 1829 2950 primo⁷:
1864 2911 1948 2942 Erctt
1978 2911 2117 2943 Ioannes
2134 2917 2169 2938 Ad
2185 2918 2269 2944 opposi-

2175 2946 2226 2964 tum.

223 3073 229 3089 1
253 3073 318 3099 Vide
338 3075 378 3099 hie
397 3075 430 3099 lit.
451 3075 576 3107 Magistri,
597 3083 619 3100 c.
635 3076 657 3107 4,
677 3079 703 3101 et
721 3077 783 3102 infra
800 3077 861 3102 dub.
882 3077 905 3103 4.
925 3079 1021 3104 —Pro
1041 3078 1102 3112 (μιὶα

154 3117 225 3142 Deus
243 3116 310 3143 nihil
328 3117 364 3143 ibi
381 3117 494 3151 faciebat
514 3119 569 3144 Vat.
589 3119 653 3152 quia
670 3119 738 3145 nihil
756 3119 793 3146 ibi
810 3120 897 3154 fiebat.

220 3161 231 3177 ²
250 3161 299 3186 etr.
319 3163 436 3193 August„
456 3163 480 3186 in
500 3163 567 3187 loan.
588 3164 684 3195 Evang.
705 3167 734 3189 tr.
755 3164 778 3189 5.
796 3172 820 3189 n.
841 3164 864 3190 4.
885 3172 971 3198 seqq,
986 3169 1011 3191 et
1024 3166 1054 3191 V.
1069 3166 1102 3192 de-

152 3205 283 3237 Baptismo
302 3210 389 3231 contra
411 3207 566 3239 Donatistas‚
587 3214 608 3232 c.
629 3209 653 3233 9.
674 3215 698 3233 n.
723 3209 759 3233 10.
780 3216 833 3241 seq.

222 3249 233 3266 3
252 3249 302 3275 Csr.
323 3251 386 3275 infra
407 3250 431 3275 d.
452 3250 476 3276 5.
496 3258 518 3276 a.
540 3252 563 3276 3.
583 3259 608 3284 q.
631 3252 654 3277 l.

222 3292 231 3309 ⁴
251 3293 355 3318 Plurimi
375 3294 451 3319 codd.
476 3294 522 3320 sed
539 3294 599 3326 illo,
622 3295 679 3320 cod.
700 3296 707 3320 1
727 3303 741 3321 a
761 3297 874 3322 secunda
900 3305 978 3323 manu
997 3298 1043 3324 sed
1066 3298 1100 3325 ab

150 3336 210 3368 illo,
232 3337 308 3362 codd.
328 3338 345 3362 F
356 3338 375 3362 Η
395 3338 541 3364 secumlmn
561 3338 631 3372 quod
649 3339 703 3365 illo.

221 3380 232 3396 ⁵
250 3381 318 3406 Libr.
339 3382 363 3406 ll.
378 3382 410 3407 de
429 3383 542 3407 Sacram.
557 3390 582 3415 p.
597 3383 637 3408 Vl.
651 3390 673 3408 c.
693 3384 716 3408 6.
730 3384 861 3410 —Finem
876 3392 930 3417 arg.
950 3386 1027 3412 codd.
1041 3387 1062 3411 M
1078 3387 1098 3411 O

1168 3080 1205 3104 sic
1224 3080 1358 3105 exhibent:
1375 3081 1448 3113 patet
1467 3080 1551 3114 quod,
1566 3088 1627 3107 cum
1642 3080 1850 3108 Sacramentum
1864 3083 1903 3108 est
1915 3089 2008 3108 sacrae
2028 3082 2067 3108 rei
2085 3082 2119 3108 si-

1167 3131 1266 3157 anum,
1298 3124 1370 3157 quod
1392 3124 1543 3150 {nstitutum
1568 3125 1604 3151 ad
1628 3125 1809 3159 siqnamlzmt;
1834 3126 1891 3152 cod.
1919 3127 1941 3152 X
1968 3130 2027 3158 post
2050 3129 2123 3160 patet

1168 3167 1240 3200 quod
1258 3169 1362 3200 supplet
1380 3168 1428 3200 sit,
1451 3169 1508 3194 eod.
1528 3170 1546 3194 Z
1566 3171 1631 3195 erat.

1238 3212 1249 3228 ⁶
1268 3212 1318 3237 Csr.
1339 3213 1410 3238 Sum.
1430 3214 1498 3238 Sent.
1518 3216 1548 3238 tr.
1570 3212 1592 3238 4.
1613 3220 1634 3239 c.
1656 3214 1687 3245 2;
1708 3214 1724 3238 l.
1746 3214 1777 3239 ‹le
1797 3215 1911 3240 Sacram.
1937 3222 1962 3247 p.
1988 3215 2030 3240 Xl.
2056 3222 2078 3240 c.
2099 3216 2122 3240 6.

1167 3260 1191 3282 et
1210 3257 1235 3281 ll.
1258 3264 1283 3288 p.
1300 3257 1340 3282 Vl.
1355 3264 1376 3282 c.
1398 3258 1424 3289 3,
1439 3257 1483 3282 ubi
1499 3257 1584 3289 docet,
1606 3258 1769 3283 Sacramenta
1790 3259 1880 3290 legalia
1896 3259 1974 3284 fuisse
1988 3259 2086 3291 figuras
2100 3264 2123 3285 et

1165 3303 1190 3326 et
1210 3301 1283 3331 signa
1304 3301 1417 3326 veritatis
1436 3301 1610 3333 evangelicae.

1236 3344 1247 3360 7
1267 3345 1339 3369 Vers.
1362 3344 1391 3369 4:
1406 3345 1460 3369 Fuit
1474 3345 1580 3370 loannes
1599 3346 1623 3370 in
1640 3345 1741 3371 deserto
1760 3346 1894 3378 baptizans
1909 3351 1955 3372 etc.
1976 3347 2030 3372 Non
2046 3348 2123 3378 pauci

1165 3388 1240 3413 codd.
1250 3395 1309 3413 cum
1321 3389 1361 3414 ed.
1375 3389 1393 3414 1:
1402 3389 1472 3414 Erat
1480 3390 1593 3415 Ioannes
1603 3388 1741 3423 baptizans
1749 3389 1877 3424 baptismo
1886 3391 2059 3424 poenitentiae
2070 3396 2116 3416 ete.

1708 3481 1722 3496 *θ’
