2483 3882
288 888 386 914 Quaestio
401 887 431 908 in-

301 914 381 935 cidens.

382 2493 424 2513 Leo
429 2509 434 2513 .

303 2634 394 2655 Dubium
414 2635 431 2654 l.

447 268 512 303 800
1208 262 1494 295 SENTENTIARUM
1514 261 1587 293 LlB.
1610 262 1646 294 lV

846 353 921 384 Dun.
954 353 1001 384 iv.

537 460 611 491 Item
640 459 804 500 quaeritur
833 457 872 489 de
896 457 955 488 hoc
979 456 1063 497 quod
1089 455 1182 488 dicit:
1210 455 1401 486 Indiccttnm

448 517 512 549 est,
538 520 674 543 tiatorem
698 510 834 541 minime
850 508 962 541 debere
978 508 1102 540 dimitti
1112 520 1124 546 ;
1140 512 1250 540 utrum
1269 507 1317 539 vir
1333 516 1400 548 pos-

448 565 487 596 sit
511 573 543 595 56
569 562 721 601 vendere,
747 570 849 594 uxore
874 561 980 593 invita.
1005 561 1040 592 Et
1057 561 1141 603 quod
1158 569 1238 599 non,
1254 560 1398 593 videtur:

447 616 520 658 quia
544 615 598 646 vir
622 624 687 646 non
711 613 807 646 habet
832 618 1023 655 potestatem
1055 613 1112 645 sui
1142 612 1313 654 corporis,
1345 612 1403 644 secl

448 667 614 700 mulier&
640 676 715 708 ergo
738 670 796 699 etc.
818 667 911 705 lteni,
937 666 1051 698 mulier
1076 674 1138 697 non
1162 668 1264 707 potest
1281 674 1314 697 se
1331 673 1403 697 ven-

447 720 539 759 dere,
573 720 641 752 viro
672 720 790 751 invito:
823 728 898 760 ergo
931 727 1001 751 cum
1027 718 1067 751 ad
1092 718 1181 760 paria.
1205 717 1402 756 iudicentur,

448 777 534 816 patet
557 777 615 805 etc.

537 826 626 864 ltem,
651 825 833 867 quaeritur,
858 827 985 863 utrum,
1003 824 1029 856 si
1046 833 1130 856 uxor
1147 823 1330 862 consentiat,
1346 831 1403 865 per

446 879 505 911 hoc
528 878 683 911 efficiatur
707 886 808 910 serva.

536 932 735 963 Responnuo:
760 930 953 969 Dicendum,
978 930 1062 971 quod
1089 930 1113 962 si
1139 938 1222 961 uxor
1246 929 1404 961 contraxit

447 993 519 1017 cum
546 984 663 1023 libero,
688 984 730 1015 ita
754 983 839 1025 quod
863 986 998 1025 uterque
1023 986 1069 1015 est
1093 982 1192 1021 liber,
1216 990 1319 1014 uxore
1344 981 1404 1014 dis-

446 1037 614 1076 sentiente,
639 1046 701 1068 non
725 1036 819 1068 debet
851 1036 899 1067 vir
931 1043 988 1068 nec
1019 1038 1121 1076 potest
1150 1043 1183 1067 se
1207 1034 1310 1067 facere
1342 1043 1404 1066 ser-

447 1098 521 1122 vum
560 1092 706 1126 eatenus,
740 1092 776 1121 ut
807 1087 1037 1130 praeiudicium
1070 1090 1238 1129 generetur
1275 1086 1403 1129 aliquod

448 1142 592 1181 mulieri,
617 1142 693 1183 quin
718 1142 831 1174 reddat
855 1141 913 1173 sibi
939 1141 1098 1179 debitum,
1116 1149 1188 1172 cum
1206 1140 1300 1181 petit;
1318 1140 1403 1172 unde

446 1195 527 1228 sicut
552 1203 664 1227 servus
693 1194 884 1226 contrahens
916 1196 1024 1226 contra
1056 1192 1251 1225 voluntatem
1283 1192 1403 1225 domini

445 1257 507 1280 non
531 1251 633 1290 potest
656 1247 758 1280 facere
783 1249 980 1279 contractum
1009 1245 1200 1277 matrimonii
1226 1245 1255 1277 in
1281 1245 1404 1287 praeiu—

445 1301 563 1334 dicium
588 1300 728 1339 domini,
753 1299 797 1332 sic
822 1308 878 1331 nec
902 1299 951 1330 vir
969 1298 999 1330 in
1017 1297 1248 1340 praeiudicium
1272 1297 1403 1336 uxoris;

445 1353 651 1385 nihilominus
676 1356 798 1391 tamen,
815 1352 890 1393 quia
911 1355 1013 1393 cupiit
1035 1355 1083 1383 est
1105 1350 1256 1382 mulieris
1268 1350 1290 1388 ²,
1308 1359 1404 1392 quan-

448 1410 512 1438 tum
538 1406 577 1438 ad
602 1405 680 1444 alia,
705 1408 838 1446 excepto
863 1404 985 1443 debito,
1017 1407 1120 1446 potest
1151 1412 1281 1436 servum
1306 1412 1339 1436 se
1363 1404 1404 1435 fa-

446 1467 534 1498 cere,
567 1458 712 1500 quamvis
741 1467 825 1490 uxor
849 1466 910 1489 non
935 1457 1050 1499 possit,
1077 1466 1148 1489 cuni
1175 1457 1214 1489 sit
1237 1456 1299 1488 snb
1319 1460 1405 1498 pote-

444 1515 527 1544 state
550 1511 626 1543 viri.

535 1565 563 1596 Si
597 1573 672 1596 vero
703 1573 787 1596 uxor
819 1563 992 1596 consentiat
1024 1563 1054 1594 in
1086 1562 1298 1595 venditionem
1325 1562 1403 1601 vlri,

446 1620 569 1649 tantum
601 1620 676 1649 tnnc
708 1617 756 1649 vir
789 1620 891 1658 potest
923 1625 955 1649 se
985 1616 1123 1649 vendere
1147 1616 1178 1648 in
1203 1625 1296 1647 omne
1320 1615 1404 1647 obse-

1465 349 1579 391 qninm
1606 349 1742 386 domini,
1775 352 1805 381 et
1836 348 1952 380 mulier
1983 349 2179 390 praeiudicat
2206 349 2286 386 sibi;
2310 352 2414 382 tamen
2429 359 2483 392 Aeg

1465 410 1523 433 nec
1548 401 1661 433 mulier
1686 410 1742 433 nec
1759 401 1864 443 proles
1883 401 1972 433 vendi
1991 405 2092 442 potest
2115 411 2134 433 a
2158 402 2243 440 viro,
2267 403 2325 434 nisi
2350 402 2419 444 ipsa
2445 392 2483 409 ¹⁰⁰¹

1466 454 1655 492 consentiat,
1686 453 1744 486 nisi
1778 453 1857 486 forte
1890 454 1922 485 in
1953 453 2086 486 articulo
2117 455 2330 494 necessitatis3
2359 456 2418 488 hoc

1466 505 1535 538 dico
1552 506 1590 538 de
1606 505 1712 547 prole,
1730 509 1766 537 ut
1783 505 1978 547 praedictum
2005 509 2051 538 est
2063 505 2082 537 ³.
2102 507 2135 538 Et
2160 506 2203 539 sic
2227 511 2328 548 patet,
2346 517 2418 549 quo-

1467 558 1561 591 modo
1586 558 1689 590 littera
1714 558 1766 591 illa
1790 558 1986 600 intelligitur.

1876 664 1951 695 Dus.
1978 664 2011 696 V.

1556 769 1630 801 ltein
1645 768 1820 810 quaeritur,
1837 769 1862 800 si
1879 772 1951 801 ante
1968 769 2208 810 quatuordecim
2225 779 2323 803 annos
2340 779 2419 812 puer

1468 821 1668 854 contraheret
1691 830 1748 862 per
1773 820 1869 853 verba
1894 821 1932 853 de
1956 822 2114 862 praesenti
2138 825 2169 854 et
2193 822 2231 854 de
2255 822 2335 855 facto
2355 832 2420 855 cor-

1468 877 1596 916 rumpat
1620 883 1789 915 sponsam3
1820 877 1928 905 utrum
1961 874 2100 915 separari
2132 877 2237 916 queat.
2270 875 2304 907 Et
2335 875 2420 917 quod

1468 936 1547 965 non,
1571 926 1715 965 videtur,
1740 927 1814 968 quia
1838 930 1885 959 est
1909 927 2146 959 matrimonium
2171 931 2276 960 ratum
2301 931 2331 960 et
2352 937 2420 960 con-

1468 982 1672 1012 summatum.
1697 998 1741 1002 —
1767 979 1983 1011 Contrarium
2006 979 2133 1012 videtur
2157 988 2214 1022 per
2238 980 2318 1013 illud
2335 981 2418 1022 quod

1468 1033 1584 1065 dicitur
1608 1032 1639 1064 in
1664 1032 1810 1065 littera⁴2
1837 1032 1875 1064 Si
1897 1036 1972 1064 ante
1992 1032 2169 1074 praedicta
2194 1037 2341 1075 tempora
2362 1037 2419 1066 etc.

1558 1086 1756 1118 Responnno:
1789 1085 1982 1124 Dicendum,
2015 1085 2099 1127 quod
2132 1086 2163 1117 in
2188 1085 2247 1118 hoc
2271 1086 2483 1139 disserunthota

1469 1137 1715 1170 constitutiones
1739 1137 1828 1169 iuris
1852 1143 1882 1170 et
1906 1137 2200 1170 demonstrationes
2232 1138 2420 1180 disciplina·
2456 1124 2483 1140 εΗ

1468 1200 1569 1222 rum:
1595 1191 1669 1232 quia
1692 1191 1986 1223 demonstrationes
2010 1191 2091 1223 fiunt
2115 1191 2154 1223 de
2178 1191 2228 1224 liis
2245 1200 2326 1234 quae
2342 1192 2422 1224 fiunt

1468 1253 1613 1286 semper,
1638 1247 1669 1276 et
1693 1243 1719 1276 si
1743 1243 1819 1275 fiant
1844 1244 1882 1276 de
1900 1244 1948 1276 his
1965 1253 2046 1286 quae
2069 1243 2277 1287 frequenter,
2302 1254 2363 1277 non
2380 1249 2422 1277 ta-

1469 1306 1540 1329 men
1566 1300 1601 1329 ut
1624 1295 1832 1339 frequenter,
1865 1296 1920 1329 sed
1953 1300 1989 1329 ut
2019 1306 2146 1339 semper
2169 1316 2214 1320 —
2237 1298 2420 1339 exemplum

1469 1353 1516 1382 est
1540 1350 1579 1382 cle
1603 1349 1734 1391 eclipsi⁵
1759 1368 1802 1373 ——
1825 1349 1881 1381 sed
1905 1349 2150 1382 constitutiones
2182 1350 2270 1382 iuris
2302 1351 2341 1383 de
2372 1351 2421 1383 his

1468 1411 1550 1444 quae
1575 1406 1648 1435 sunt
1671 1411 1776 1444 saepe.
1801 1402 1831 1434 Si
1855 1411 1931 1444 ergo
1955 1402 2070 1444 aliquis
2094 1403 2133 1435 sit
2157 1407 2309 1444 exceptus
2333 1413 2351 1435 a
2375 1412 2423 1445 ge-

1468 1455 1631 1487 neralitate
1665 1454 1848 1493 hominum,
1880 1464 1937 1496 pro
1969 1463 2006 1487 60
2038 1455 2122 1496 quod
2151 1455 2181 1486 in
2207 1464 2243 1487 eo
2273 1455 2422 1487 «malitia

1468 1507 1594 1550 supplet
1618 1511 1751 1540 aetatem
1764 1507 1774 1523 ὅ
1787 1520 1817 1546 ));
1843 1507 2048 1540 iudicandum
2066 1511 2129 1546 est,
2147 1508 2228 1540 sicut
2245 1508 2269 1540 si
2291 1508 2422 1540 haberet

1467 1564 1611 1593 aetatem.
1638 1561 1672 1593 Et
1696 1561 1739 1592 sic
1763 1564 1810 1593 est
1833 1560 1863 1592 in
1890 1569 1965 1593 casu
1989 1561 2150 1602 proposito
2182 1561 2421 1602 intelligendum

1467 1619 1497 1647 et
1522 1615 1553 1646 in
1577 1614 1646 1646 aliis
1672 1613 1898 1646 consimilibus.

1141 1845 1466 1887 DISTINCTIO
1497 1845 1729 1885 XXXVII.

869 2049 937 2079 cip,
961 2049 981 2078 I.

478 2147 515 2176 In
532 2145 641 2187 quibas
657 2145 820 2175 ordinibus
834 2149 962 2185 nequent
976 2144 1117 2175 conti-alti
1130 2143 1375 2174 matrimonium.

528 2243 603 2273 Sunt
624 2243 715 2280 igitur
738 2242 859 2281 quidam
883 2242 1017 2278 ordines,
1041 2242 1069 2271 in
1100 2242 1211 2280 quibus
1233 2241 1403 2271 nullatenus

448 2295 547 2330 potest
569 2291 706 2321 contrahi
734 2291 924 2329 coniugium,
948 2294 976 2320 et
1002 2290 1026 2319 si
1049 2290 1254 2320 intercesserit
1280 2289 1403 2328 copula,

448 2340 480 2369 fit
502 2339 682 2377 dimittunt,
707 2343 738 2369 ut
760 2339 980 2373 sacerdotium,
1003 2338 1181 2368 diaconatus
1197 2341 1226 2368 et
1247 2337 1405 2368 subdiaco-

447 2392 543 2419 natus.
568 2389 598 2418 ln
621 2388 687 2418 aliis
710 2396 781 2417 vero
804 2387 989 2426 permittitur
1011 2387 1112 2417 sortiri
1135 2387 1322 2424 coniugium,
1346 2387 1402 2416 nisi

448 2437 601 2475 religionis
624 2437 759 2466 habitum
790 2436 966 2471 sumserint,
998 2435 1044 2465 vel
1070 2438 1171 2465 votum
1202 2435 1403 2464 continentiae

448 2486 581 2515 fecerint.
604 2485 689 2515 Unde
714 2485 772 2514 Leo
801 2484 920 2522 Papa¹:
950 2483 1125 2519 «Clericus,
1147 2483 1292 2519 lectores,
1318 2483 1405 2513 ostia-

448 2534 525 2569 rios,
549 2534 731 2569 exorcistas,
754 2533 927 2572 acolythos,
943 2533 967 2562 si
991 2536 1075 2562 extra
1092 2535 1193 2561 votum
1217 2536 1245 2561 et
1267 2531 1403 2561 habitum

449 2582 643 2612 inveniuntur
672 2585 700 2611 et
725 2581 939 2611 continentiam
970 2581 1104 2619 profiteri
1129 2581 1246 2616 nolunt,
1277 2588 1402 2610 uxorem

449 2630 561 2661 ducere
591 2630 736 2667 virginem
760 2629 895 2659 Ecclesia
925 2629 1059 2659 Romana
1089 2629 1254 2667 permittit,
1282 2636 1340 2658 non
1364 2628 1404 2657 vi-

451 2679 561 2715 duam,
584 2679 631 2708 vel
653 2678 863 2717 repudiatam
886 2678 957 2716 quia
979 2677 1124 2716 deinceps
1147 2685 1202 2707 nec
1226 2677 1262 2707 ad
1285 2676 1405 2707 subdia-

1468 2050 1609 2077 conatum
1633 2047 1758 2085 provehi
1782 2051 1940 2086 poterunt,
1964 2055 2019 2076 nec
2041 2047 2137 2077 laicus
2154 2055 2278 2076 uxorem
2301 2047 2424 2076 sortitus

1469 2104 1527 2126 non
1551 2096 1714 2133 virginem,
1738 2095 1783 2125 vel
1813 2095 1952 2132 bigamus
1973 2095 2011 2125 ad
2038 2094 2215 2125 clericatum
2236 2107 2263 2125 n.
2292 2095 2364 2124 Item
2387 2103 2423 2124 ex

1469 2144 1695 2181 Carthaginensi
1720 2144 1851 2174 Concilio
1868 2144 1893 2173 ²:
1924 2144 2067 2173 «Placuit
2096 2143 2272 2182 episcopos,
2302 2143 2425 2182 presby·
2439 2145 2483 2166 0³1¹<

1471 2196 1562 2229 toros,
1586 2192 1744 2228 diaconos,
1766 2191 1969 2221 subdiaconos
1991 2192 2081 2221 etiam
2105 2191 2142 2221 ab
2166 2191 2312 2221 uxoribus
2338 2191 2482 2221 absti-Dub

1470 2248 1559 2277 nere;
1582 2239 1662 2278 quod
1687 2240 1710 2269 si
1735 2248 1791 2270 non
1816 2240 1956 2277 fecerint,
1979 2240 2068 2269 etiam
2092 2239 2129 2269 ab
2154 2239 2359 2270 ecclesiastico
2382 2247 2425 2269 re-

1470 2292 1647 2318 moveantur
1669 2287 1788 2325 oslicio3
1819 2292 1935 2318 ceteros
1959 2296 2029 2318 vero
2062 2288 2189 2318 clericos
2212 2288 2249 2318 ad
2281 2288 2340 2318 hoe
2366 2296 2423 2318 non

1469 2337 1549 2374 cogit
1565 2350 1591 2365 n.
1615 2337 1685 2366 Item
1708 2337 1768 2366 Leo
1784 2337 1864 2375 Papa
1878 2336 1902 2366 ³:
1930 2349 1942 2362 «
1959 2337 2020 2367 Lex
2035 2336 2236 2366 continentiae
2260 2336 2363 2366 eadem
2380 2340 2424 2366 est
2437 2339 2483 2360 Leo.

1469 2385 1614 2415 ministris
1636 2385 1753 2421 altaris,
1776 2394 1854 2424 quae
1884 2386 2035 2424 episeopis
2066 2389 2094 2415 et
2123 2385 2329 2424 presbyteris3
2359 2385 2423 2423 qui,

1469 2442 1538 2463 eum
1562 2437 1661 2464 essent
1681 2433 1767 2469 laici,
1791 2433 1837 2463 vel
1854 2433 1996 2470 lectores,
2018 2433 2099 2463 licite
2115 2441 2225 2463 uxores
2248 2433 2360 2463 ducere
2375 2441 2425 2472 po-

1469 2486 1607 2519 tuerunt3
1630 2482 1683 2512 sed
1712 2490 1781 2512 cum
1809 2482 1845 2512 ad
1875 2482 2048 2520 praedictos
2069 2485 2273 2520 pervenerunt
2294 2482 2423 2519 gradus,

1470 2531 1570 2569 coepit
1592 2531 1634 2560 eis
1658 2539 1714 2560 non
1745 2531 1836 2560 licere
1858 2530 1939 2569 quod
1962 2531 2089 2560 licuit».
2120 2530 2192 2560 Item
2216 2531 2244 2560 in
2267 2533 2351 2560 sexta
2372 2530 2422 2568 Sy·
2435 2532 2483 2553 Cant

1470 2580 1569 2610 nodo:
1598 2592 1610 2605 «ι
1626 2580 1654 2609 Si
1679 2580 1746 2618 quis
1769 2587 1872 2609 eorum
1904 2579 1955 2618 qui
1984 2579 2020 2609 ad
2052 2579 2167 2609 clerum
2192 2579 2354 2616 accedunt,
2377 2587 2424 2609 vo-

1469 2628 1558 2658 luerit
1574 2628 1699 2666 nuptiali
1722 2628 1788 2665 lege
1804 2628 1922 2658 mulieri
1946 2627 2099 2666 copulari;
2122 2628 2180 2658 hoc
2198 2631 2266 2657 ante
2288 2627 2422 2657 ordinem

1469 2676 1707 2706 subdiaconatus
1729 2676 1818 2706 saciat
1835 2689 1860 2705 ».

525 2870 530 2885 ¹
553 2871 630 2901 Epist.
651 2870 666 2894 l.
687 2869 743 2895 Cor.
764 2870 793 2901 7,
815 2869 838 2894 t..

524 2914 533 2929 '2'
554 2914 616 2945 lipli.
631 2913 659 2945 5,
676 2914 715 2938 23.
731 2917 755 2939 ct
768 2914 784 2937 l.
798 2912 856 2938 Cor.
876 2914 917 2945 ll,
932 2913 955 2937 3.
971 2927 1003 2930 e<
1018 2914 1077 2945 Seq.
1099 2913 1171 2938 locus
1191 2916 1229 2938 est
1243 2915 1304 2938 tien.
1317 2913 1344 2944 3,
1365 2914 1405 2938 16:

453 2958 506 2983 Sub
527 2959 575 2983 viri
597 2961 722 2989 potestate
742 2959 801 2983 eris.

522 3002 533 3018 3
553 3001 618 3027 Duh.
635 3001 754 3032 praeced.
770 3015 804 3019 ——
823 3001 893 3026 ldem
914 3000 976 3025 dub.
991 3001 1095 3025 solvunt
1108 3001 1135 3025 B.
1152 3000 1263 3032 Albert„
1278 3001 1319 3025 hic
1338 3007 1360 3025 a.
1376 3000 1407 3031 ὃς

454 3046 517 3071 Petr.
538 3053 551 3070 a
573 3046 646 3077 Tar.7
668 3046 708 3070 hie
727 3053 751 3077 (1.
773 3046 795 3070 11.
817 3052 838 3070 a.
860 3045 888 3076 3,
909 3044 1028 3070 Richard.
1049 3052 1062 3069 a
1083 3043 1166 3076 Med,
1189 3045 1230 3069 hic
1250 3051 1272 3068 a.
1293 3044 1316 3068 3.
1337 3051 1361 3075 q.
1384 3044 1405 3068 l.

524 3089 534 3105 ⁴
553 3090 598 3115 Hic
618 3097 640 3115 c.
664 3090 686 3114 sk.

524 3134 534 3150 5
553 3134 702 3159 Secundum
722 3134 838 3165 Aristot,
854 3134 869 3158 l.
886 3135 979 3158 poster.
995 3140 1015 3158 c.
1030 3134 1053 3158 7.
1068 3132 1101 3165 (c.
1116 3132 1163 3162 8.).
1178 3132 1228 3158 Csr.
1249 3132 1310 3158 ibid.
1325 3140 1347 3157 c.
1362 3132 1404 3158 24..

454 3176 488 3208 (c.
511 3178 576 3210 30.),
598 3178 641 3203 ubi
662 3178 786 3209 ostendit,
809 3184 897 3203 rerum
916 3177 1079 3202 fortuitarum
1100 3183 1150 3202 non
1177 3183 1234 3202 6556
1259 3177 1405 3208 scientiam,

454 3221 493 3245 Vl.
515 3222 623 3253 Metapli.
644 3225 701 3247 text.
722 3221 746 3246 5.
767 3229 820 3254 seq.
841 3224 865 3246 ct
885 3222 925 3246 Xl.
947 3228 968 3246 c.
988 3221 1011 3245 7.
1033 3220 1075 3252 (V.
1096 3228 1117 3246 c.
1139 3222 1162 3245 2.
1183 3224 1207 3245 et
1227 3220 1259 3244 X.
1274 3227 1295 3245 c.
1316 3220 1408 3251 8.).--

455 3265 578 3295 Superius
607 3272 654 3296 pru
683 3264 886 3298 disciplinatum
915 3265 972 3290 cod.
993 3265 1010 3289 F
1034 3263 1213 3297 disciplinales
1240 3264 1266 3296 [i.
1287 3271 1309 3289 e.
1329 3264 1407 3288 scien-

456 3307 560 3340 tificae]
582 3305 586 3310 '

526 3352 536 3367 ὓ
556 3352 587 3376 Ut
605 3353 665 3378 dicit
685 3354 821 3385 insoniam„
836 3361 915 3385 supra
935 3361 996 3385 pag.
1018 3354 1083 3385 (353,
1104 3356 1163 3378 nota
1185 3353 1208 3378 11.
1230 3352 1368 3384 allegatus,
1384 3355 1408 3376 et

456 3395 482 3421 C.
502 3395 538 3421 Dc
558 3395 623 3427 illis,
646 3396 693 3429 qni
711 3397 736 3422 in
757 3397 856 3423 minori
876 3398 935 3430 (a),
957 3398 989 3423 X.
1010 3398 1041 3423 de
1066 3398 1218 3429 Dcsponsat.
1240 3397 1407 3429 impuberum

1471 2869 1526 2901 (lib.
1547 2869 1586 2894 IV.
1608 2870 1642 2893 tit.
1664 2869 1708 2900 2.).
1728 2882 1762 2886 —
1782 2869 1838 2894 Mox
1864 2871 1921 2900 post
1946 2867 2014 2894 sient
2038 2867 2062 2893 si
2087 2868 2158 2893 multi
2185 2867 2260 2893 codd.
2287 2873 2423 2898 perperam

1472 2912 1570 2937 addunt
1590 2919 1656 2944 non,
1680 2912 1736 2937 cod.
1759 2913 1777 2936 Α
1798 2911 1884 2937 leonto.
1906 2926 1939 2929 —
1960 2912 1994 2937 De
2014 2913 2063 2937 hoc
2089 2911 2168 2937 (lubio
2194 2912 2239 2936 ca'r.
2260 2918 2337 2942 supra
2358 2917 2379 2935 a.
2400 2910 2422 2934 2.

1472 2964 1497 2988 q.
1521 2957 1530 2981 <l
1543 2976 1549 2987 ,
1564 2956 1608 2981 ubi
1628 2957 1705 2981 etiam
1725 2957 1748 2980 in
1769 2956 1866 2981 scholio
1887 2956 2030 2987 allegantur
2050 2956 2090 2980 alii
2110 2958 2242 2987 auctores,
2262 2956 2305 2987 qui
2326 2954 2357 2979 (le
2376 2955 2423 2978 hoe

1472 3002 1587 3025 tractant.

1666 3069 1772 3095 NOTAE
1792 3068 1833 3095 AD
1852 3069 1938 3095 LIBR.
1959 3068 2229 3095 SENTENTIARUM.

1544 3130 1550 3146 ¹
1572 3130 1632 3156 Can.
1653 3131 1780 3157 Sert'atim
1799 3131 1878 3164 (lt),
1900 3131 1957 3156 dist.
1978 3132 2019 3156 3⁴2.

1543 3175 1553 3191 ²
1572 3176 1629 3200 Scil.
1650 3177 1739 3208 quinto
1759 3182 1780 3200 (τ.
1801 3176 1824 3207 3,
1846 3174 1872 3201 C.
1894 3174 2000 3201 Placuit
2018 3174 2095 3207 (t3.)‚
2116 3173 2178 3199 ibid.
2198 3173 2247 3199 Sed
2266 3173 2421 3199 vocabulum

1471 3217 1648 3244 subdiaconos
1668 3219 1739 3244 deest
1757 3220 1782 3244 in
1802 3219 1914 3244 editione
1934 3218 2039 3244 Concilii
2054 3219 2094 3243 cit.
2109 3221 2134 3242 et
2147 3218 2272 3242 insertum
2286 3218 2324 3242 est
2337 3223 2350 3241 a
2364 3215 2421 3240 Gra-

1472 3264 1549 3289 tiano.
1564 3277 1599 3281 —
1613 3264 1660 3288 Ριό
1680 3262 1750 3296 cogyit
1768 3263 1824 3287 Vat.
1846 3269 1905 3288 cum
1927 3269 2024 3287 canone
2044 3264 2068 3286 et
2088 3261 2204 3292 originali
2226 3259 2291 3293 coyt.

1543 3308 1553 3324 3
1572 3308 1651 3339 Epist.
1672 3307 1730 3332 167.
1751 3306 1824 3338 (alias
1844 3307 1878 3339 2.)
1900 3306 1932 3331 ad
1954 3307 2048 3331 Rustic.
2075 3305 2187 3330 Narbon.
2213 3305 2324 3337 inquisit.
2345 3303 2374 3334 33
2395 3300 2419 3326 C.

1471 3352 1527 3377 Lcsc
1546 3351 1721 3378 continentiae
1742 3350 1821 3383 (lO.),
1843 3350 1901 3376 dist.
1922 3350 1962 3375 31.
1983 3351 2042 3382 Seq.
2063 3350 2135 3374 locus
2154 3352 2192 3374 est
2211 3348 2237 3374 C.
2257 3347 2288 3374 Si
2306 3346 2365 3381 quis
2382 3351 2420 3371 eo-

1472 3402 1535 3421 rum
1556 3396 1616 3429 (7.),
1638 3396 1694 3421 dist.
1716 3396 1757 3420 32.
