2483 3882
7 853 58 875 dum.

710 223 804 254 DlST.
828 222 915 255 XVll.
940 222 970 253 P.
994 221 1015 253 I.
1038 221 1121 253 ART.
1146 220 1178 252 ll.
1204 220 1357 261 QUAEST.
1382 219 1401 251 1.

74 316 156 360 quod
180 315 274 356 culpa
297 313 375 346 bene
399 312 495 345 habet
511 321 577 344 esse
593 311 629 343 in
645 310 796 348 instanti,
813 310 894 342 sicut
910 313 940 342 et
956 319 1023 351 gra-

74 371 131 410 tia,
155 372 185 402 et
208 370 255 401 est
278 367 310 399 in
335 366 384 399 sui
409 365 560 403 termino,
577 364 729 402 termino,
746 363 885 405 inquam,
910 363 1023 402 intra;

75 422 127 456 sed
151 419 297 462 expulsio
313 421 360 452 est
376 417 530 450 terminus
547 420 663 454 extra,
681 415 755 457 quia
772 415 866 448 simul
883 418 930 447 est
948 423 1021 447 cum

74 474 244 517 expulsum
269 481 343 504 esse.
367 489 412 494 —
437 471 472 502 Et
494 469 526 502 si
549 474 584 501 tte
608 468 765 507 obiicias,
790 468 874 510 quod
900 467 1023 500 (1110111-

75 527 184 561 stantia
219 527 292 558 sunt
327 523 525 561 immediata3
561 525 636 554 tunc
667 521 925 563 respondendum
957 523 1023 559 est,

74 580 153 613 sicut
176 577 322 619 superius
337 576 346 591 ¹
371 583 559 617 responsum
582 574 641 606 fuit
665 574 704 606 de
728 574 911 606 transitione
932 573 1023 614 panis

74 634 104 666 in
128 639 242 672 corpus
266 628 398 667 Christi,
421 628 474 660 uhi
500 627 619 669 positae
644 630 718 659 sunt
734 626 873 668 quinque
897 635 1024 667 respon-

74 686 191 723 siones,
215 692 294 725 quas
317 691 378 714 non
403 684 526 723 oportet
543 680 657 712 iterare
674 684 803 722 propter
820 679 1023 717 brevitatem3

74 741 103 771 et
125 737 156 769 in
180 736 292 768 ultima
316 734 411 767 credo
435 742 503 766 esse
527 733 686 765 standum.

161 790 188 821 5.
214 788 257 820 Ad
282 787 361 819 illud
386 786 470 829 quod
495 785 659 824 obiicitur,
685 785 709 817 si
735 785 819 817 Deus
835 787 1022 826 operaretur

74 841 247 876 successive
282 843 354 879 etc.;
390 839 577 877 dicendum,
610 838 694 880 quod
731 838 817 870 aliud
853 837 1024 869 mundaret

72 895 207 928 animam
232 902 327 935 quam
352 892 469 934 gratia,
494 895 525 924 et
550 895 624 923 tunc
654 894 736 923 esset
760 890 841 922 alius
865 890 943 922 ordo
968 898 1024 921 net-

74 952 185 985 tnrae;
219 955 303 978 nunc
338 949 462 984 autem,
500 953 572 976 cum
608 942 765 976 mundet²
790 952 847 985 per
871 942 1024 984 gratiam,

73 1008 197 1033 necesse
221 1001 284 1037 est,
319 998 430 1030 ordine
461 1001 606 1029 naturae
630 997 730 1038 ipsam
755 995 945 1038 praecedere
969 1003 1025 1027 ex-

74 1052 246 1095 pulsionem
272 1051 393 1093 culpae.
419 1050 478 1082 Hoc
503 1054 607 1082 autem
633 1049 749 1091 posite,
774 1048 859 1090 quod
883 1057 939 1089 per
956 1056 1025 1089 gra-

73 1106 146 1138 tiam
172 1105 320 1143 mundet;
345 1103 539 1145 impossibile
565 1107 612 1136 est
635 1102 820 1143 intelligere,
844 1101 930 1143 quod
953 1110 1024 1132 suc-

1972 217 2036 249 427

1087 309 1187 350 gratia
1210 311 1316 341 autem
1342 308 1412 340 talis
1436 307 1613 349 proprietas
1636 309 1701 345 est,
1730 314 1811 347 quae
1836 305 1947 347 culpae
1970 304 2038 337 nul-

1087 361 1210 393 latenus
1235 361 1333 403 possit
1356 360 1549 402 permisceri.

1177 415 1205 445 6.
1231 413 1321 455 Quod
1345 413 1491 446 obiicitur
1527 412 1656 451 ultimo,
1691 411 1776 453 quod
1814 410 1895 443 idem
1921 414 1968 443 est
1992 419 2038 442 re-

1088 475 1215 498 movere
1250 466 1457 507 priVationem
1493 468 1523 498 et
1558 465 1635 497 dare
1664 463 2039 502 110111111111;(1100111111111,

1088 519 1173 561 quod
1197 527 1308 551 verum
1334 522 1397 557 est,
1421 518 1475 550 ubi
1500 521 1546 550 est
1569 527 1660 560 pura
1673 516 1839 559 privatim
1863 525 1976 548 verum
1993 519 2040 548 est

1087 573 1199 611 etiam,
1223 572 1277 604 ubi
1303 572 1397 604 datur
1422 572 1549 604 habitus
1583 570 1732 613 praecise
1760 579 1928 602 removens
1953 569 2040 601 illam

1087 625 1305 667 privationem.
1329 625 1417 656 Nunc
1439 628 1545 657 autem
1562 634 1623 656 non
1649 627 1695 656 est
1712 624 1771 661 ita,
1789 623 1843 655 sed
1862 626 2039 664 peccatum,

1088 678 1145 710 etsi
1169 678 1252 709 dicat
1276 677 1525 714 deformitatem,
1558 677 1764 709 nihilominus
1790 680 1893 708 tamen
1918 684 2042 708 concer-

1089 731 1133 762 nit
1156 730 1295 771 aliquam
1332 730 1496 761 materiam
1532 729 1708 762 secundum
1737 729 1890 770 quosdam
1904 728 1923 759 ³.
1948 728 2041 769 Quid-

1088 783 1165 825 quid
1190 786 1292 815 tamen
1318 782 1357 814 sit
1381 782 1420 814 de
1444 782 1521 821 hoc,
1546 782 1646 823 gratia
1671 791 1732 814 non
1761 785 1883 813 tantum
1916 784 2042 823 reparat

1089 836 1232 868 habitum
1267 836 1446 877 oppositum
1487 836 1621 877 culpae,
1657 835 1711 877 qui
1748 839 1795 868 est
1830 834 2042 872 innocentia,

1090 889 1144 921 sed
1170 888 1372 930 superaddit,
1397 892 1432 920 ut
1455 888 1559 921 visum
1584 892 1631 921 est
1655 888 1792 929 supra⁴3
1816 891 1846 920 et
1876 888 1945 920 ideo
1980 896 2042 919 non

1088 945 1136 975 est
1159 942 1286 973 omnino
1311 941 1394 973 idem
1412 940 1545 982 culpam
1563 941 1718 987 expellere
1735 945 1765 973 et
1778 940 1930 983 ⁴qratiam
1947 940 2038 972 clare.

1089 1014 1132 1018 —
1158 995 1192 1027 Et
1215 995 1293 1027 illud
1319 998 1403 1027 tenet
1427 994 1604 1027 communis
1639 994 1761 1036 opinio,
1786 1004 1866 1036 quae
1891 994 1944 1026 illa
1968 1003 2043 1036 qua-

1089 1052 1162 1080 tuor
1186 1047 1367 1089 distinguit,
1391 1056 1472 1089 quae
1505 1051 1700 1079 concurrunt
1724 1047 1763 1079 ad
1787 1047 2040 1079 iustificationem

1090 1101 1194 1142 impii,
1219 1100 1301 1132 inter
1325 1109 1407 1142 quae
1431 1100 1571 1141 primum
1588 1103 1635 1132 est
1652 1099 1770 1141 gratiae
1787 1099 1910 1138 infusio,
1927 1099 2040 1131 ultimo

74 1157 206 1197 eessive,
241 1157 315 1199 quia
348 1160 421 1188 tunc
456 1155 551 1188 simul
584 1158 666 1187 esset
690 1154 790 1196 gratia
814 1162 886 1186 cum
912 1153 1024 1195 culpa;
1089 1162 1165 1185 vero
1189 1153 1317 1195 ponitur
1342 1152 1454 1194 culpae
1479 1152 1636 1194 expulsio.

908 1283 1203 1324 SOHOLION.

141 1411 158 1436 1.
178 1410 203 1435 ln
223 1409 419 1442 quaestionibus
439 1409 516 1434 huius
536 1408 635 1434 articuli
655 1408 804 1433 Scholastici
824 1408 911 1440 quoad
931 1409 1024 1439 princi-

73 1455 114 1487 pia
133 1454 328 1485 conveniebant,
348 1453 394 1479 sed
415 1453 501 1486 quoad
521 1453 649 1485 quasdam
668 1452 776 1478 subtiles
797 1453 960 1485 quaestiones
974 1452 1023 1477 dis-

72 1498 195 1524 sidebant.
214 1497 385 1523 Affirmabant
404 1498 584 1529 communiter,
606 1497 811 1522 iustificationem
831 1497 903 1528 impii
924 1496 978 1522 fieri
998 1497 1023 1520 in

72 1543 185 1574 instanti,
205 1545 229 1567 et
248 1543 273 1567 in
293 1542 387 1567 eodem
407 1542 509 1566 instanti
530 1544 642 1573 quatuor
661 1541 784 1572 coniungi
806 1541 872 1566 inter
891 1547 917 1565 se
938 1540 1024 1565 distin-

73 1586 181 1619 guenda.
201 1586 269 1611 Haec
288 1586 321 1611 ab
340 1585 485 1610 Alexandro
504 1585 558 1610 Hal.
580 1585 614 1615 (S.
635 1592 661 1616 p.
681 1584 724 1610 IV.
746 1592 771 1617 q.
792 1584 833 1609 47.
853 1591 889 1609 m.
912 1584 935 1609 4.
956 1591 978 1609 a.
999 1585 1024 1609 6.

72 1630 87 1663 S
107 1629 142 1663 4.)
161 1631 198 1655 sic
216 1632 397 1661 exponuntur:
421 1638 434 1652 «
446 1630 471 1653 ln
492 1629 670 1654 iustificatione
690 1629 759 1653 enim
774 1631 833 1653 sunt
847 1628 899 1653 duo
914 1628 1023 1659 termini,

74 1675 165 1700 scilicet
183 1681 199 1699 a
219 1673 291 1699 malo
310 1676 335 1699 et
353 1672 389 1699 ad
408 1673 528 1705 bonum,·
556 1673 625 1698 unde
654 1680 683 1698 ex
713 1676 785 1704 parte
810 1672 859 1698 Dei
886 1673 1026 1705 requiritur

76 1718 170 1751 aliquid
189 1725 219 1743 ex
238 1722 311 1749 parte
331 1718 433 1743 termini
452 1724 470 1742 a
488 1723 549 1750 qno,
572 1720 596 1742 et
614 1717 713 1749 aliquid
732 1724 762 1742 ex
783 1719 855 1748 parte
868 1717 971 1742 termini
991 1715 1028 1742 ad

74 1769 165 1796 quem,·
185 1762 300 1787 similiter
321 1769 352 1786 ex
374 1764 447 1793 parte
466 1762 591 1787 nostra...
614 1762 648 1786 Ex
671 1764 744 1792 parte
758 1760 864 1793 quidem
878 1760 927 1786 Dei
940 1767 1025 1791 respe-

75 1809 115 1832 ctu
134 1807 234 1832 termini
253 1805 281 1831 in
300 1813 379 1839 quem
398 1808 436 1831 est
449 1805 549 1838 infusio
562 1805 675 1839 oratioe,
691 1808 810 1836 respectu
826 1805 926 1830 termini
940 1811 956 1830 a
970 1811 1022 1838 quo

75 1850 192 1877 remissio
210 1850 318 1884 peccati.
338 1851 372 1875 Ex
394 1853 466 1881 parte
486 1854 572 1875 nostra
592 1852 712 1881 respectu
734 1850 835 1874 termini
854 1848 882 1874 in
896 1855 974 1882 quem
989 1853 1027 1874 est

74 1896 160 1922 motus
180 1894 255 1921 liberi
271 1894 378 1920 arbitrii
396 1893 457 1928 [per
477 1894 555 1920 fidem
582 1895 605 1919 in
633 1892 746 1927 Deum],
761 1896 880 1925 respectu
894 1894 996 1918 termini
1010 1900 1027 1919 a

75 1946 125 1973 quo
144 1940 273 1971 contritio,
294 1946 362 1971 quae
375 1942 413 1964 est
426 1938 561 1964 detestatio
576 1937 681 1971 peccati
693 1947 716 1962 n.
737 1937 901 1963 Concordant
914 1938 1027 1968 perfecte

75 1984 99 2008 S.
119 1984 208 2008 Thom.
230 1983 265 2015 (S.
285 1983 303 2008 l.
324 1983 350 2008 ll.
372 1989 396 2015 q.
419 1983 476 2007 1113.
497 1990 519 2007 a.
540 1982 576 2015 6.)
596 1986 621 2008 et
640 1983 666 2007 S.
688 1982 784 2007 Bonav.
806 1989 866 2007 cum
881 1982 972 2007 ceteris
982 1989 1028 2006 an-

75 2028 150 2060 tiquis
169 2027 223 2059 (ct‘r.
243 2027 358 2052 scholion
377 2033 457 2058 supra
477 2033 500 2051 a.
525 2027 547 2051 11.
563 2033 589 2058 q.
607 2026 654 2059 1.).
670 2040 704 2043 -
721 2026 776 2051 Non
790 2029 876 2051 autern
890 2027 922 2050 ita
936 2032 1027 2051 omnes

75 2070 260 2097 conveniebant
279 2071 304 2095 in
324 2070 448 2096 solvenda
469 2071 635 2103 quaestione,
657 2077 710 2102 quo
730 2069 824 2096 ordine
837 2071 953 2095 naturae
967 2077 1028 2102 qua-

75 2116 131 2140 tuor
149 2114 296 2146 praedicta⁷
317 2121 384 2147 quae
404 2113 497 2140 ordine
525 2113 651 2147 temporis
679 2113 841 2145 coincidunt,
862 2113 893 2139 ad
914 2114 1027 2138 invicem

75 2165 102 2184 se
121 2158 237 2184 habeant.
256 2172 292 2177 -—-
310 2159 339 2184 Et
358 2158 553 2184 observandum
573 2160 626 2189 est,
657 2158 728 2190 quod
754 2158 818 2183 haec
846 2158 962 2190 quaestio
983 2158 1027 2182 mi-

76 2203 144 2228 nime
153 2203 257 2234 respicit
269 2203 503 2234 praeparationem,
515 2209 583 2234 quae
596 2203 713 2235 tempore
727 2201 933 2227 iustificationem
948 2201 1027 2226 adulti

77 2247 231 2279 praecedere
250 2247 327 2272 debet
346 2247 389 2279 (de
409 2254 460 2279 qua
480 2247 583 2272 saeculo
603 2247 689 2272 XVlll.
712 2246 799 2278 quoad
819 2245 976 2279 qualitatem
989 2247 1029 2271 at-

77 2290 189 2317 tritionis
207 2291 311 2316 ruerunt
329 2298 424 2322 graves
444 2291 657 2323 controversiae),
680 2294 707 2316 ut
719 2290 791 2316 bene
805 2290 945 2315 observant
959 2291 1027 2315 Alex.

78 2335 131 2360 Hal.
152 2335 210 2367 (loc.
231 2336 271 2361 cit.
286 2342 308 2360 a.
322 2335 348 2360 7.
363 2335 378 2367 S
394 2336 429 2367 1.)
453 2338 477 2360 et
490 2336 515 2360 S.
531 2335 624 2360 Thom.
646 2334 690 2367 (de
710 2335 790 2360 Verit.
807 2342 831 2367 q.
847 2335 887 2359 28.
902 2342 924 2359 a.
940 2335 963 2359 3.
984 2335 1027 2366 8.).

78 2377 128 2403 Νο0
146 2379 201 2410 ipsa
220 2379 323 2410 respicit
341 2381 427 2404 actum
448 2379 607 2404 contritionis
627 2386 640 2403 a
660 2379 711 2403 iam
732 2378 868 2403 iustificate
888 2378 984 2403 factum
1005 2380 1029 2402 et

78 2429 93 2447 a
111 2423 212 2448 caritate
230 2423 271 2448 vel
292 2423 420 2455 elicitum,
443 2423 483 2447 vel
512 2424 669 2454 imperatum
697 2422 754 2454 (cfr.
776 2423 840 2447 infra
861 2430 885 2454 q.
907 2423 930 2446 2.
951 2421 983 2447 ad
1006 2422 1028 2446 t.

78 2467 102 2491 2.
121 2466 166 2496 3.).
186 2467 322 2494 Recolatur
346 2468 421 2491 etiam
452 2467 594 2492 differentia
623 2468 649 2491 in
677 2466 822 2491 definienda
851 2465 1026 2497 contritione,

78 2516 144 2542 quae
161 2511 226 2536 inter
245 2512 365 2543 antiquos
384 2513 409 2535 et
427 2511 583 2535 recentiores
607 2510 742 2541 theologos
768 2512 888 2535 versatur
907 2512 931 2535 et
950 2516 1029 2540 supra

76 2553 101 2578 in
120 2554 215 2579 scholio
235 2555 268 2580 ad
287 2561 309 2580 a.
331 2555 354 2579 1.
375 2562 400 2586 q.
422 2554 445 2579 ll.
466 2557 551 2579 notata
570 2557 616 2579 est.

147 2598 172 2623 ll.
192 2599 372 2624 Controversia
392 2599 471 2630 igitur
490 2601 528 2623 est
550 2598 571 2623 1.
596 2598 627 2623 (10
657 2597 747 2622 ordine
773 2599 893 2629 naturae,
923 2598 967 2629 qui
993 2599 1031 2622 est

79 2642 142 2667 inter
160 2642 343 2675 empnlsionem
362 2642 457 2675 culpae
488 2645 513 2667 et
540 2641 702 2675 infusionem
730 2642 835 2675 =amittae
858 2642 910 2672 (hic
929 2649 953 2673 q.
975 2641 1029 2673 sl.);

79 2686 103 2711 2.
125 2686 156 2711 de
175 2687 267 2712 eodem
287 2686 377 2711 ordine
397 2687 462 2711 inter
481 2687 574 2712 actum
599 2685 765 2712 contritionis
794 2688 818 2710 et
845 2684 1030 2717 expulsionem

78 2728 170 2762 culpae
189 2734 214 2755 et
231 2729 336 2763 yratiae
355 2729 517 2762 infusionem
528 2739 539 2762 ,·
559 2737 626 2762 quae
650 2730 814 2762 quaestiones
834 2730 921 2754 intime
942 2729 1031 2753 cohae-

79 2777 147 2805 rent,
167 2777 190 2799 et
209 2775 285 2799 simul
313 2775 460 2805 implicatur
484 2775 532 2799 alia
552 2775 683 2806 quaestio,
703 2777 790 2799 utrum
811 2774 857 2798 iste
876 2776 949 2798 actus
974 2780 1031 2798 con-

81 2818 187 2843 tritionis
206 2819 330 2850 procedat
349 2818 381 2843 ab
402 2820 458 2850 ipsa
477 2820 558 2850 gratia
577 2820 688 2851 pratum
705 2817 817 2851 faciente
831 2817 984 2850 (habituali),
999 2824 1031 2842 an

81 2868 95 2886 a
115 2863 194 2893 gratia
213 2862 299 2895 aratis
317 2862 380 2888 (lata
400 2862 523 2894 (actuali).
548 2876 579 2879 —
598 2862 718 2887 Richard.
748 2869 762 2887 a
792 2862 858 2886 Med.
889 2862 941 2893 (hic
965 2869 986 2886 a.
1008 2861 1030 2886 4.

82 2911 108 2937 q.
120 2904 153 2937 4.)
165 2906 242 2930 refert
254 2906 286 2930 de
301 2907 339 2931 his
354 2907 470 2938 quinque
484 2906 627 2937 opiniones,
643 2912 754 2938 quarum
768 2905 856 2930 ultima
871 2906 961 2937 (quam
976 2912 1032 2930 cen-

83 2950 121 2973 set
139 2956 194 2974 esse
213 2949 388 2982 probabilem)
410 2953 490 2981 tenet,
507 2957 557 2975 non
577 2957 634 2975 esse
654 2949 832 2981 quaerendum
848 2949 879 2974 de
891 2948 1032 2982 prioritate

84 2993 229 3019 secundnm
246 2994 367 3020 ordinem
385 2995 510 3026 naturae,
526 2994 573 3019 sed
592 2997 690 3020 tantum
710 2994 741 3019 dc
756 2996 867 3026 quatuor
881 2994 928 3018 illis
941 3000 1033 3020 secun-

84 3035 147 3062 dum
174 3037 313 3064 rationem.
344 3039 428 3063 Primo
456 3042 542 3063 autem
572 3039 628 3063 loco
656 3039 712 3069 ipse
740 3042 856 3063 recenset
881 3039 1032 3063 sententiam

1086 1407 1111 1432 S.
1133 1408 1251 1433 Thomae
1271 1407 1308 1439 (S.
1328 1407 1344 1432 l.
1365 1406 1392 1432 ll.
1413 1414 1439 1439 q.
1464 1407 1519 1431 113.
1540 1414 1562 1431 a.
1583 1406 1633 1439 8.)‚
1653 1413 1732 1438 quam
1753 1405 1898 1437 improbat,
1918 1405 1989 1438 quod
2002 1405 2037 1430 sci

1088 1452 1146 1477 licet
1165 1452 1255 1477 ordine
1275 1454 1381 1476 naturae
1401 1452 1515 1483 primum
1535 1451 1567 1475 sit
1586 1451 1683 1482 gratiae
1702 1450 1810 1482 infusio,
1830 1449 1975 1474 secundum
1989 1455 2042 1473 mo-

1089 1499 1129 1521 tus
1149 1495 1222 1520 libori
1242 1495 1340 1520 arbitrii
1360 1496 1384 1519 in
1405 1495 1502 1526 Deum,
1523 1495 1626 1520 tertium
1646 1497 1732 1519 motus
1750 1493 1823 1518 liberi
1837 1492 1934 1518 arbitrii
1948 1494 1972 1517 in
1987 1499 2045 1524 pec-

1089 1544 1190 1571 catum,
1207 1544 1329 1572 quartum
1343 1540 1460 1564 remissio
1474 1540 1573 1570 culpae.
1588 1539 1612 1563 ln
1628 1545 1679 1571 qua
1693 1539 1815 1563 sententia
1830 1538 1907 1563 simul
1920 1538 2044 1569 supponit

1089 1585 1113 1609 S.
1126 1585 1229 1615 Thom.,
1241 1585 1357 1609 ultimam
1374 1583 1568 1614 dispositionem
1580 1584 1653 1607 istam
1666 1583 1835 1614 (contritionis
1848 1584 1944 1613 actum)
1959 1588 2047 1612 proce-

1089 1628 1151 1653 dere
1171 1628 1204 1653 ab
1225 1629 1280 1659 ipsa
1301 1628 1382 1659 gratia
1402 1628 1512 1660 pratum
1530 1625 1650 1659 faciente,
1669 1635 1680 1649 α
1694 1627 1755 1658 quia
1768 1626 1913 1651 secundum
1927 1625 2045 1650 ordinem

1089 1680 1182 1698 causae
1201 1671 1334 1705 formalis,
1350 1671 1485 1705 efficientis
1497 1675 1521 1696 et
1534 1670 1625 1704 finalis
1638 1671 1732 1695 infusio
1747 1671 1845 1702 gratiae
1865 1674 1954 1694 natura
1976 1670 2047 1701 prior

1090 1720 1129 1742 est
1143 1726 1170 1748 »‚
1186 1717 1242 1741 licet
1260 1725 1271 1738 «
1286 1715 1431 1741 secundum
1445 1715 1562 1740 ordinem
1578 1722 1671 1740 causae
1690 1714 1829 1739 materialis
1849 1712 1969 1738 remissio
1989 1712 2046 1739 cul-

1086 1767 1139 1794 pae
1151 1760 1289 1792 praecedat
1302 1760 1457 1784 infusionem
1469 1760 1589 1790 gratiae»
1608 1758 1661 1791 (1110
1675 1765 1699 1790 q.
1715 1759 1737 1783 11.
1751 1765 1775 1783 a.
1789 1757 1812 1783 4.
1827 1758 1986 1790 quaestiunc.
2003 1757 2045 1790 t.).

1092 1804 1220 1836 Similiter⁷
1238 1812 1251 1827 ‹<
1261 1807 1347 1829 motus
1361 1803 1434 1828 liberi
1448 1803 1545 1828 arbitrii
1559 1802 1690 1834 praecedit
1704 1802 1851 1827 naturaliter
1869 1802 1966 1833 gratiae
1984 1801 2048 1826 intu-

1091 1849 1199 1879 sionem,
1214 1849 1279 1873 sicut
1292 1847 1427 1878 dispositio
1440 1846 1589 1872 materialis
1602 1847 1713 1871 sormam
1727 1845 1797 1879 [sive
1810 1845 1955 1870 secundum
1973 1845 2048 1870 ratio-

1092 1900 1151 1918 nem
1166 1899 1263 1919 causae
1277 1891 1447 1925 materialis]
1462 1892 1488 1916 Si
1502 1895 1588 1917 autem
1602 1891 1747 1916 attendatur
1761 1890 1905 1915 secundum
1919 1890 2045 1915 rationem

1092 1944 1186 1962 causae
1203 1936 1336 1970 formalis,
1356 1938 1395 1961 est
1413 1943 1427 1961 e
1446 1942 1600 1961 converso»
1623 1935 1669 1967 (de
1689 1935 1767 1960 Verit.
1787 1941 1810 1966 q.
1828 1935 1868 1959 28.
1883 1941 1906 1959 a.
1925 1933 1969 1965 8.).
1984 1934 2048 1958 Hinc

1093 1982 1211 2013 discipuli
1226 1982 1250 2006 S.
1266 1981 1382 2005 Thomae
1396 1981 1562 2005 communius
1583 1980 1690 2011 docent,
1712 1979 1890 2004 contritionem
1906 1977 2047 2009 procedere

1092 2026 1124 2051 ab
1139 2027 1193 2057 ipsa
1208 2026 1290 2057 gratia
1304 2025 1426 2050 habituali
1441 2027 1465 2049 et
1478 2025 1551 2056 sequi
1565 2024 1675 2049 eandem
1690 2024 1714 2047 in
1729 2030 1825 2054 genero
1839 2029 1931 2047 causae
1943 2021 2050 2056 efficien-

1093 2069 1140 2101 tis,
1162 2070 1246 2101 ipsam
1266 2076 1329 2094 vero
1350 2069 1507 2100 praecedere
1536 2069 1561 2093 in
1591 2075 1686 2099 genere
1712 2074 1805 2092 causae
1834 2065 1992 2091 materialis.
2020 2066 2049 2090 Et

1092 2120 1120 2138 re
1134 2120 1194 2138 vera
1215 2114 1269 2144 ipsa
1289 2112 1369 2137 verba
1385 2113 1410 2137 S.
1427 2112 1544 2137 Doctoris
1562 2112 1611 2136 hoc
1630 2112 1691 2136 satis
1711 2111 1778 2136 clare
1799 2110 1892 2135 docere
1912 2110 2044 2135 videntur.

1092 2157 1263 2182 Nihilominus
1283 2164 1343 2182 cum
1363 2157 1418 2181 aliis
1438 2156 1580 2181 Thomistis
1600 2156 1666 2180 Gotti
1686 2155 1791 2187 (Theol.
1807 2155 1926 2179 scholast.
1941 2154 1965 2179 ll.
1981 2157 2010 2179 tr.
2024 2153 2049 2178 7.

1093 2209 1119 2234 q.
1136 2203 1159 2226 2.
1175 2201 1236 2226 dub.
1249 2200 1272 2225 4.
1285 2201 1300 2233 S
1314 2200 1351 2233 6,)
1366 2200 1438 2231 dicit7
1454 2201 1519 2225 hanc
1533 2200 1701 2225 assertionem
1716 2206 1767 2224 non
1788 2199 1877 2230 paucis
1897 2202 1994 2223 scatere
2006 2197 2052 2222 dit-

1093 2246 1262 2277 ficustassbus,
1284 2245 1499 2277 probabiliusque
1527 2244 1620 2276 videri,
1636 2244 1753 2269 ultimam
1767 2243 1964 2274 dispositionem
1981 2242 2050 2267 illam

1093 2298 1143 2316 non
1163 2298 1219 2315 esso
1239 2289 1381 2324 efficienter
1400 2289 1433 2315 ab
1453 2291 1508 2321 ipsa
1529 2290 1610 2321 gratia
1631 2289 1769 2319 habituali,
1785 2288 1831 2313 sed
1845 2288 1877 2312 ab
1891 2286 1995 2313 anxilio
2009 2294 2052 2312 su-

1093 2335 1257 2367 pernaturali⁷
1278 2337 1302 2359 et
1322 2342 1368 2366 per
1388 2341 1550 2366 consequens
1567 2333 1725 2367 praecedere
1744 2333 1959 2358 iustificationem.

1165 2379 1202 2404 Ill.
1225 2380 1353 2404 Sententia
1374 2380 1398 2403 S.
1420 2379 1515 2403 BonaV.
1537 2378 1582 2410 (de
1602 2385 1652 2410 qua
1673 2378 1718 2403 cfr.
1739 2378 1814 2402 etiam
1846 2383 1924 2407 supra
1954 2375 1978 2400 d.
2010 2375 2048 2400 14.

1094 2431 1119 2455 p.
1141 2424 1156 2448 l.
1177 2431 1200 2448 a.
1224 2424 1248 2448 2.
1270 2430 1294 2455 q.
1316 2423 1353 2454 3.)
1373 2426 1397 2447 et
1417 2422 1553 2447 Alexandri
1572 2422 1626 2446 Hal.
1647 2422 1719 2446 facile
1747 2421 1910 2452 intelligitur,
1932 2420 1953 2444 si
1973 2423 2050 2444 atten-

1094 2468 1163 2493 ditur
1176 2468 1272 2499 duplex
1285 2467 1421 2497 distinctio,
1437 2474 1514 2499 quam
1530 2467 1589 2491 facit
1602 2467 1626 2490 S.
1641 2466 1742 2490 Doctor.
1757 2466 1839 2489 Prima
1861 2464 1886 2489 fit
1905 2464 1973 2489 circa
1989 2469 2050 2496 yra-

1094 2510 1159 2536 tiam
1172 2510 1209 2543 (q.
1222 2512 1245 2535 rl.
1262 2512 1286 2535 in
1304 2510 1397 2543 corp.),
1414 2517 1493 2542 quam
1509 2510 1654 2534 considerat
1670 2509 1719 2534 sub
1738 2509 1828 2539 triplici
1844 2509 1942 2533 ratione
1961 2507 2051 2532 simul-

1095 2561 1146 2586 que
1160 2554 1233 2586 dicit,
1246 2554 1316 2585 quod
1332 2554 1404 2584 prius
1418 2561 1464 2584 per
1478 2556 1595 2578 naturam
1610 2552 1703 2577 habeat
1715 2553 1841 2577 rationem
1855 2550 1957 2583 (caenas
1971 2557 2050 2583 quam

1095 2597 1266 2631 informantis
1285 2597 1361 2629 (ibid.
1383 2597 1416 2622 ad
1440 2597 1488 2629 t.)‚
1503 2600 1527 2622 et
1539 2595 1695 2622 mandantis
1715 2603 1793 2628 quam
1807 2594 1993 2628 yratz'sicanlis.
2013 2595 2051 2619 Si-

1096 2642 1148 2666 mul
1168 2645 1207 2666 est
1225 2641 1435 2672 observandum,
1451 2641 1522 2673 quod
1535 2640 1639 2673 Gratiae
1652 2639 1751 2672 infusio
1766 2639 1798 2664 ab
1813 2640 1869 2670 ipso
1881 2640 1922 2663 hic
1935 2639 2050 2670 intelligi-

1096 2689 1136 2710 tur
1149 2684 1287 2718 productio
1302 2686 1356 2709 eius
1370 2691 1384 2709 a
1398 2685 1483 2716 primo
1498 2685 1638 2716 principio,
1655 2691 1705 2709 non
1720 2683 1875 2716 informatio
1889 2685 1912 2709 et
1924 2682 2050 2716 perfectio

1096 2729 1203 2755 subiecti
1218 2730 1265 2754 nisi
1280 2736 1326 2760 per
1340 2730 1563 2754 concomitantiam
1579 2728 1615 2761 (in
1631 2728 1681 2753 fine
1695 2728 1786 2760 corp).
1802 2728 1873 2753 Unde
1888 2731 1964 2759 patet,
1980 2728 2051 2760 quod

1096 2775 1192 2806 gratiae
1213 2774 1350 2805 productio
1370 2774 1440 2804 prior
1460 2777 1497 2798 est
1516 2774 1665 2804 expulsione
1680 2774 1787 2804 peccati,
1803 2774 1865 2797 hacc
1882 2779 1946 2797 vero
1961 2775 2051 2797 natura

1096 2819 1167 2850 prior
1180 2825 1260 2850 quam
1274 2818 1365 2843 eadem
1377 2819 1466 2849 gratia⁷
1479 2821 1606 2850 quatenus
1616 2817 1761 2842 subiectum
1773 2816 1903 2849 informat
1916 2817 1940 2842 et
1952 2815 2052 2850 gratifi-

1096 2863 1152 2894 cat,
1166 2862 1236 2894 quod
1251 2865 1289 2887 est
1301 2862 1407 2887 ultimus
1426 2863 1551 2887 terminus
1570 2861 1606 2887 acl
1624 2868 1702 2894 quem
1715 2860 1760 2893 (ad
1780 2862 1798 2885 1.
1814 2862 1836 2885 2.
1853 2860 1897 2893 3.).
1913 2861 1948 2886 De
1961 2859 2051 2893 qratia

1096 2911 1124 2932 ut
1144 2909 1264 2931 movente
1284 2906 1329 2931 cfr.
1351 2906 1376 2930 ll.
1398 2907 1465 2931 Sent.
1481 2906 1504 2931 d.
1520 2906 1561 2930 26.
1582 2914 1606 2938 q.
1627 2906 1650 2930 6.
1672 2920 1705 2923 -
1723 2906 1844 2930 Similiter
1857 2908 1946 2930 auctor
1965 2905 2052 2929 distin-

1097 2952 1152 2982 guit
1171 2951 1261 2977 actam
1282 2949 1447 2976 contritionis
1467 2950 1520 2982 (1110
1534 2957 1558 2982 q.
1580 2951 1602 2974 2.
1624 2950 1657 2975 ad
1679 2951 1699 2975 t.
1722 2951 1744 2975 2.
1767 2950 1805 2981 3.)
1826 2951 1881 2975 sive
1902 2950 1987 2980 potius
1999 2948 2052 2982 for-

1096 2994 1239 3020 mationem
1260 2995 1336 3019 huius
1356 2998 1442 3025 actus,
1466 2998 1493 3018 ut
1512 2994 1544 3019 sit
1562 2994 1657 3019 scilicet
1677 2994 1717 3019 vel
1738 3001 1751 3018 a
1778 2994 1859 3025 gratia
1888 2992 2003 3019 eliciente
2028 2996 2053 3018 et

1096 3037 1258 3071 imperante,
1280 3038 1322 3062 vel
1343 3040 1441 3062 tantum
1461 3036 1629 3068 [alt-em‘ente,·
1648 3038 1704 3062 sive
1729 3037 1784 3062 aliis
1803 3036 1899 3069 verbis,
1919 3038 1944 3061 in
1964 3037 2051 3062 adulto

154 3195 162 3212 1
183 3196 243 3222 Dist.
265 3197 305 3221 -11,
326 3204 352 3227 p.
375 3197 391 3221 l.
406 3204 431 3228 q.
446 3197 470 3221 5.
485 3196 518 3221 ad
533 3196 557 3221 4.
574 3211 607 3214 -—
620 3198 668 3221 Pro
682 3196 838 3222 transitione
852 3197 927 3222 codd.
942 3198 960 3221 R
971 3198 986 3222 S
998 3197 1033 3223 bb

86 3237 388 3265 transsubstantiatione.

155 3281 165 3297 2
185 3281 265 3306 Codd.
285 3284 345 3307 Aea
365 3289 426 3308 cum
444 3288 499 3307 non
517 3282 629 3308 mundet
645 3282 704 3308 nisi.

155 3324 166 3340 ³
185 3325 251 3350 Vide
270 3326 295 3349 ll.
315 3326 382 3350 Sent.
404 3326 428 3350 d.
450 3325 491 3350 34.
510 3328 577 3357 322·
597 3334 622 3358 q.
643 3327 666 3351 3.
687 3327 809 3352 scholion.
837 3342 870 3345 —
890 3329 937 3353 Pro
957 3329 1036 3354 maste-

86 3367 157 3394 riam
176 3368 251 3393 codd.
272 3369 318 3393 EL
338 3370 480 3401 naturam,
503 3370 590 3401 plures
609 3370 649 3394 alii
669 3370 813 3396 maculam.

1170 3197 1179 3213 ⁴
1200 3198 1251 3222 Art.
1277 3198 1295 3221 1.
1316 3204 1341 3229 q.
1367 3197 1386 3221 1.
1407 3197 1468 3221 ibid.
1490 3204 1514 3229 q.
1542 3198 1565 3221 3.
1592 3197 1624 3222 de
1650 3200 1775 3229 quatuor,
1802 3204 1869 3229 quae
1895 3200 2052 3222 concurrunt

1099 3242 1131 3266 ad
1151 3242 1364 3266 iustiticationem.
1378 3255 1413 3260 -
1427 3242 1552 3272 Superius
1573 3248 1619 3272 pro
1640 3243 1749 3274 reparat
1768 3242 1825 3267 cod.
1846 3249 1875 3266 aa
1895 3243 2053 3275 recaperat;

1098 3285 1209 3310 subinde
1229 3288 1287 3316 post
1306 3284 1399 3317 culpae
1419 3292 1448 3309 ex
1468 3285 1560 3310 eodem
1592 3285 1648 3310 cod.
1678 3293 1707 3310 aa
1728 3292 1788 3311 cum
1808 3285 1864 3311 cod.
1880 3286 1898 3310 N
1919 3286 2051 3311 substitui-

1100 3336 1158 3353 mus
1178 3327 1224 3361 qai
1242 3330 1280 3353 est
1299 3335 1347 3359 pro
1367 3335 1435 3361 quae
1454 3330 1498 3354 est.

2053 315 2181 337 Notandum.

2055 526 2175 548 Notandum
2182 541 2186 546 .

2056 1002 2134 1031 Opinio
2149 1007 2206 1022 com-

2071 1034 2150 1050 1111111115.
