2483 3882
316 809 445 830 Notandum.

301 1073 425 1094 Differentia
431 1073 450 1093 3.

306 2706 456 2727 Fundamenta.

466 239 529 270 858

461 327 563 359 carnis
593 323 835 360 commixtioneg
865 322 1039 353 secundum
1071 321 1172 361 surgit
1197 329 1236 352 ex
1261 319 1413 351 affinitate

460 383 489 411 et
514 378 648 410 secunda
683 377 785 408 carnis
814 374 1058 411 commixtione3
1083 374 1211 405 tertium
1237 373 1338 413 surgit
1369 380 1410 404 ex

462 431 599 463 secunda
615 429 763 461 affinitate
780 431 810 459 et
828 427 918 458 tertia
935 426 1037 458 carnis
1054 425 1287 458 commixtione.
1303 425 1411 457 Exem-

460 483 547 524 plum
572 486 637 513 est:
663 481 687 512 si
713 480 809 511 frater
832 482 907 510 tuns
932 478 1095 510 contrahat
1120 486 1191 509 cum
1216 477 1326 516 Maria,
1344 477 1411 518 ipsa

460 538 506 566 est
529 533 630 565 affinis
656 532 707 564 tihi
735 532 763 563 in
790 531 892 572 primo
916 539 1050 572 genere3
1076 530 1099 562 si
1125 530 1307 569 contrahat,
1331 538 1412 561 mor-

461 592 514 617 tuo
538 586 634 617 fratre
661 590 730 622 tuo,
755 593 827 616 cum
852 583 930 622 alio,
955 583 1021 624 ipse
1045 583 1105 615 erit
1128 582 1230 614 affinis
1248 583 1301 614 tihi
1320 582 1350 613 in
1368 591 1413 614 se-

461 638 563 671 cundo
596 646 730 678 genere,
760 637 803 674 si,
828 636 894 677 ipsa
919 640 1060 675 mortua,
1086 636 1151 677 ipse
1176 635 1224 667 vir
1248 635 1412 667 contrahat

461 701 532 723 cuin
557 691 635 727 alia,
661 690 713 721 illa
738 689 852 721 mulier
877 693 958 721 esset
984 688 1037 720 tibi
1063 688 1165 720 affinis
1190 688 1221 719 in
1245 687 1337 719 tertio
1365 696 1413 728 ge-

460 753 545 776 nere.
573 763 613 767 -
637 743 695 775 Sed
721 742 880 784 generatio
897 742 963 774 sive
980 742 1163 783 propagatio
1181 741 1329 783 gradum
1347 750 1414 772 mu·

463 801 504 829 tat
528 797 687 829 affinitatis
711 796 791 828 sicut
815 795 1102 836 consanguinitatis.
1127 813 1168 818 —
1194 794 1253 826 Sed
1280 795 1336 826 ista
1355 794 1413 826 tria

461 859 574 891 genera
607 852 840 881 consueverunt
871 856 938 879 esse
967 847 1158 889 antiquitus,
1183 856 1265 879 nunc
1290 850 1413 884 autem,

460 904 541 935 sicut
564 902 682 944 patebit
707 901 817 942 post¹,
842 910 902 932 non
928 904 988 933 stat
1012 900 1069 932 nisi
1095 900 1233 942 primum
1258 909 1357 941 genus
1373 899 1413 931 af-

460 955 604 993 finitatis,
629 954 698 986 aliis
723 953 928 985 cessantibus.

549 1008 652 1039 'l'ertio
685 1006 922 1047 intelligendum
952 1009 1015 1043 est,
1041 1006 1123 1047 quod
1150 1004 1271 1043 differt,
1304 1008 1412 1037 utrum

463 1061 576 1093 mulier
592 1059 694 1091 affinis
711 1063 839 1101 generet
864 1058 983 1099 prolem
1009 1059 1047 1090 de
1065 1057 1308 1099 consctnyuineo
1331 1066 1413 1096 meo,

460 1124 498 1146 an
524 1114 563 1146 de
587 1118 752 1144 extraneo.
777 1113 806 1143 Si
825 1112 863 1143 de
881 1111 1128 1152 consanguineo,
1147 1111 1250 1152 proles
1267 1113 1415 1151 generata

460 1177 520 1199 non
546 1170 592 1199 est
617 1166 693 1198 mihi
710 1165 836 1206 alligata
860 1164 983 1196 vinculo
1008 1164 1184 1202 affinitatis,
1208 1164 1262 1196 sed
1288 1172 1415 1195 consan-

461 1219 641 1261 guinitatis;
667 1218 690 1250 si
716 1227 792 1250 vero
817 1217 855 1249 de
880 1217 956 1254 alio,
983 1216 1157 1248 secundnm
1176 1216 1246 1248 iura
1264 1216 1415 1248 moderna

462 1272 538 1304 nihil
563 1271 690 1304 omnino
714 1274 881 1312 reputatur
906 1269 981 1301 mihi
1007 1269 1150 1301 attinere.
1175 1269 1352 1310 Antiquitus
1374 1273 1415 1301 ta-

461 1335 549 1363 men,
575 1325 656 1357 sicut
680 1328 764 1366 patet
785 1333 825 1355 ex
844 1323 970 1355 decreto
994 1323 1152 1364 Gregorii,
1177 1327 1205 1355 et
1231 1323 1366 1354 hahetur
1384 1323 1435 1354 in‘

461 1377 606 1416 littera2,
631 1377 830 1409 indicabatur
855 1376 974 1414 affinis,
999 1385 1059 1407 non
1077 1376 1180 1417 primo
1204 1384 1335 1417 genere,
1360 1376 1414 1407 sed

460 1431 615 1469 secundo,
647 1430 727 1462 sicut
750 1438 901 1471 expresse
926 1429 1063 1470 tangitur
1088 1428 1118 1460 in
1144 1428 1267 1465 littera;
1299 1431 1330 1460 et
1359 1437 1415 1470 pro

462 1485 514 1516 illo
538 1488 679 1526 tempore
704 1483 843 1515 maxime
867 1482 1052 1524 intelligitur
1076 1482 1134 1514 iste
1158 1490 1291 1514 versus:

615 1590 692 1615 Mutat
712 1592 790 1620 nupta
811 1596 906 1620 genus,
926 1588 972 1613 sed
992 1590 1114 1619 generata
1134 1588 1254 1619 gradum,

463 1696 537 1737 qnia
560 1695 675 1727 mulier
699 1694 801 1726 affinis
826 1694 919 1733 mihi,
945 1694 1019 1736 qnia
1035 1694 1093 1726 fuit
1109 1703 1194 1726 uxor
1209 1693 1316 1725 fratris
1340 1693 1416 1732 mei,

466 1749 490 1781 si
518 1748 623 1780 nubat
649 1748 718 1786 alii,
744 1751 872 1789 generat
897 1747 972 1779 [nihi
997 1746 1122 1779 affinem
1148 1747 1179 1779 in
1204 1747 1271 1779 ctlz'o
1300 1756 1417 1789 yenere

465 1802 634 1833 affinitatis.
651 1801 679 1832 Si
697 1809 773 1833 vero
787 1804 918 1842 yetzeret
937 1800 1076 1842 prolem,
1094 1804 1169 1832 tunc
1193 1803 1322 1841 generat
1338 1799 1415 1831 mihi

466 1854 609 1893 affinem,
634 1863 695 1885 non
719 1853 779 1885 alio
804 1862 934 1895 genere,
953 1853 1006 1885 sed
1022 1853 1156 1895 macla,-
1173 1853 1232 1885 hoc
1249 1856 1352 1885 tamen
1370 1856 1417 1884 est

467 1910 670 1939 retractatum
703 1909 857 1947 qnantum
882 1906 922 1937 ad
945 1909 1119 1947 utrumque
1143 1913 1199 1946 per
1223 1905 1273 1936 ins
1297 1913 1414 1936 novum

465 1960 579 1998 Extra,
602 1959 640 1992 de
664 1959 937 2000 Consangninitate
961 1962 992 1990 et
1015 1957 1165 1990 affinitate
1179 1957 1201 1997 ³,
1222 1957 1296 1989 Non
1313 1957 1414 1996 debet,

1223 233 1506 265 SENTENTIARUM
1531 232 1598 264 Ltss.
1624 233 1670 263 lv.

1475 322 1505 351 et
1530 319 1560 350 in
1585 319 1733 351 decretali
1765 320 1849 351 edita
1880 320 1910 351 in
1940 320 2075 353 Concilio
2107 322 2244 362 generali
2277 331 2427 364 expresse

1477 375 1664 404 retractatur
1692 376 1870 414 utrumque.

1565 425 1616 457 His
1640 425 1731 464 visiS,
1757 425 1911 467 quaedam
1936 427 2065 467 regulae
2089 430 2162 458 sunt
2194 428 2357 460 notandae.
2385 447 2428 451 —

1478 477 1579 509 Prima
1603 481 1667 516 est,
1692 478 1776 519 quod
1798 478 1828 510 in
1849 478 1962 519 primo
1984 488 2099 520 yenere
2123 479 2297 522 affinitatis
2317 489 2378 512 non
2395 480 2428 511 li-
2443 489 2483 518 neg

1477 534 1525 561 cet
1549 530 1734 562 contrahere
1759 539 1860 572 nsque
1877 531 1917 563 ad
1934 535 2083 572 quartum
2102 532 2236 573 gradum
2261 532 2427 572 inclusive,

1477 583 1558 614 sicut
1581 586 1611 614 et
1635 583 1674 615 de
1698 584 1967 625 consanguinitate
1977 584 1998 615 ⁴.
2023 584 2113 625 Quod
2138 585 2161 616 si
2188 589 2337 626 quartum
2363 595 2430 627 gra-

1477 635 1553 667 dum
1587 635 1665 667 velis
1697 644 1902 677 cognoscere,
1934 645 2064 668 recurre
2088 637 2128 669 ad
2145 646 2337 678 personam,
2369 647 2430 671 me-

1480 688 1584 720 diante
1608 697 1670 729 qua
1695 692 1853 721 contracta
1885 692 1932 721 est
1963 688 2115 728 affinitas,
2143 694 2173 722 et
2202 694 2296 732 quoto
2329 691 2430 732 gradu

1478 741 1575 773 distas
1598 741 1638 772 ab
1663 741 1734 779 illa,
1765 744 1829 773 toto
1857 741 1958 782 gradu
1984 742 2081 774 distas
2106 752 2123 774 a
2147 751 2298 784 persona,
2322 744 2372 776 cui
2396 753 2429 777 es

1477 794 1597 833 affinis3
1624 798 1657 826 ut
1681 795 1705 826 si
1731 794 1917 826 contraxisti
1941 803 2013 826 cuin
2040 795 2190 833 muliere,
2209 796 2309 828 sactus
2333 805 2366 829 es
2390 796 2431 828 af-

1478 847 1549 879 finis
1573 847 1830 888 consanguineis,
1855 851 1885 878 et
1908 851 2004 888 quoto
2028 848 2130 888 gradu
2154 848 2268 889 aliquis
2292 852 2339 881 est
2362 858 2431 881 con-

1478 900 1670 940 sanguineus
1687 900 1798 931 uxoris
1815 902 1905 938 tuae,
1922 903 1986 931 toto
2004 901 2105 941 gradu
2122 905 2169 933 est
2185 901 2239 932 tibi
2264 901 2384 940 affinis3
2401 906 2431 934 et

1479 952 1503 984 si
1528 952 1649 983 attinet.
1661 951 1687 983 ei
1714 952 1743 983 in
1769 956 1882 993 quarto
1903 952 2022 993 gradu,
2040 953 2150 985 attinet
2166 957 2196 985 et
2213 953 2286 992 tihi3
2304 958 2334 986 et
2351 954 2431 986 sicut

1479 1013 1539 1036 non
1558 1004 1666 1036 liceret
1682 1004 1775 1036 uxori
1794 1004 1979 1036 contrahere
1993 1005 2023 1036 in
2038 1005 2091 1037 tali
2109 1006 2219 1046 gradu,
2234 1006 2276 1037 ita
2292 1015 2348 1038 nec
2366 1006 2429 1039 tihi.

1568 1057 1710 1090 Secunda
1733 1057 1859 1096 notula,
1881 1057 1965 1099 quod
1990 1066 2031 1089 ex
2055 1067 2118 1098 quo
2142 1062 2300 1090 contracta
2324 1062 2371 1091 est
2391 1059 2432 1091 af·
2444 1069 2483 1097 11⁹2

1479 1110 1582 1142 finitas
1593 1136 1600 1148 ,
1626 1114 1751 1142 mortua
1767 1118 1919 1151 persona,
1939 1110 2096 1142 mediante
2113 1119 2176 1152 qua
2192 1114 2351 1143 contracta
2367 1114 2430 1150 est,

1479 1163 1684 1195 nihilominus
1708 1166 1813 1195 manet
1837 1162 1987 1201 affinitas,
2004 1172 2063 1204 pro
2087 1172 2123 1195 eo
2148 1164 2232 1206 quod
2257 1168 2303 1196 est
2327 1165 2432 1197 vincu-

1480 1217 1787 1257 lum-perpetuum,
1821 1216 1901 1248 sicut
1932 1219 1962 1247 et
1993 1217 2267 1257 consanguinitas3
2299 1220 2329 1249 et
2361 1217 2430 1249 ideo

1482 1269 1609 1301 minime
1626 1272 1728 1310 potest
1744 1269 1885 1301 contrahi
1903 1277 1975 1301 cum
1993 1277 2127 1310 persona
2145 1269 2228 1301 affini
2240 1295 2247 1309 ,
2264 1270 2365 1302 Causa
2381 1270 2432 1302 tri-

1481 1322 1598 1362 gesima
1622 1322 1748 1363 quinta,
1773 1322 1954 1363 quaestione
1979 1322 2100 1354 decima
2115 1322 2136 1361 ⁵,
2160 1322 2409 1354 Fraternz'tatz's.

1569 1375 1673 1406 Tertia
1694 1374 1802 1406 notula
1818 1378 1881 1412 est,
1899 1375 1983 1416 quod
2002 1374 2136 1406 affinitas
2158 1375 2355 1407 contrahitur
2371 1384 2432 1407 non
2446 1385 2483 1412 nel

1480 1428 1582 1460 solnm
1608 1437 1665 1469 per
1690 1428 1943 1466 matrimonium,
1969 1428 2023 1460 sed
2048 1428 2140 1460 etiam
2165 1437 2223 1470 per
2240 1429 2356 1460 coitum
2374 1428 2433 1460 for-

1480 1481 1653 1519 nicarium,
1678 1481 1759 1512 sicut
1782 1481 1899 1512 dicitur
1925 1481 2037 1519 Extra,
2060 1480 2099 1513 de
2123 1481 2432 1522 Consanguinitatess,

1482 1533 1706 1565 Fraternitctti
1737 1537 1812 1565 tuae
1844 1537 1919 1571 etc.;
1945 1533 1998 1565 sed
2024 1534 2097 1575 quia
2121 1533 2180 1566 hoc
2204 1533 2336 1566 dubium
2369 1537 2432 1573 est,

1481 1587 1551 1618 ideo
1576 1587 1655 1618 ratio
1679 1586 1776 1618 huius
1800 1586 1991 1628 inquisitioni
2017 1586 2224 1628 relinquatur.

1569 1639 1621 1671 His
1645 1642 1752 1671 autem
1774 1638 1974 1680 praelibatis,
1993 1642 2027 1670 ut
2043 1639 2136 1670 modo
2153 1638 2350 1680 inquisitorio
2365 1648 2433 1681 pro·
2446 1649 2483 1680 vta

1481 1692 1648 1730 cedamus,
1673 1694 1806 1733 possunt
1829 1691 1880 1723 hic
1905 1691 1964 1723 tria
1988 1692 2107 1733 quaeri.
2459 1678 2483 1697 '³¹‘

1571 1746 1673 1777 Primo
1690 1745 1872 1787 quaeritur,
1889 1748 1997 1777 utrum
2016 1754 2072 1786 per
2089 1753 2213 1777 omnem
2231 1745 2346 1777 coitum
2364 1754 2433 1777 con-

1481 1798 1626 1830 trahatur
1650 1797 1793 1830 affinitas.

1569 1851 1729 1889 Secundo,
1754 1854 1863 1883 utrum
1888 1850 2023 1883 affinitas
2047 1854 2185 1883 transeat
2209 1851 2248 1883 al)
2265 1860 2329 1883 uno
2345 1851 2376 1882 in
2393 1850 2433 1883 al-

1481 1908 1593 1937 terum.

1571 1957 1690 1996 Tertio,
1716 1960 1824 1988 utrum
1850 1956 1984 1988 affinitas
2010 1957 2158 1998 impediat
2188 1956 2432 1989 matrimonium.

1215 2082 1479 2120 ARTICULUS
1499 2082 1680 2119 UNICUS.

1192 2176 1236 2207 De
1267 2175 1495 2217 impedimento
1528 2174 1712 2218 affinitatis.

1337 2285 1520 2328 QUAEsno
1544 2286 1564 2317 1.

618 2383 734 2415 Utrum
758 2392 817 2424 per
842 2391 968 2414 onmem
992 2381 1131 2419 coitum,
1156 2381 1223 2413 sive
1248 2380 1444 2422 leyitz'mum,
1469 2380 1536 2411 sive
1560 2379 1805 2422 fornicarium,
1827 2379 1933 2421 possit
1956 2378 2111 2411 contrahi
2133 2378 2290 2422 affinitas.

550 2485 640 2517 Circa
656 2485 795 2526 primum
814 2484 857 2516 sic
876 2483 1057 2525 proceditur
1073 2486 1104 2515 et
1120 2482 1314 2521 ostenditur,
1333 2481 1417 2523 quod

464 2547 520 2580 per
533 2546 656 2569 omnem
676 2537 809 2575 coitum,
827 2536 892 2568 sive
909 2535 1083 2577 legitimum
1095 2561 1103 2574 ,
1121 2535 1186 2567 sive
1202 2534 1418 2571 fornicarium,

464 2591 603 2624 contrahi
631 2591 728 2632 possit
751 2589 894 2621 affinitas.

556 2645 583 2675 l.
608 2644 708 2675 Causa
732 2643 893 2684 trigesima
921 2643 1047 2684 quinta,
1072 2642 1254 2683 quaestione
1279 2641 1371 2673 tertia
1386 2640 1417 2671 ⁷:

470 2697 530 2728 «Si
556 2697 650 2729 homo
674 2697 845 2728 fornicatus
873 2696 968 2728 suerit
996 2705 1067 2727 cum
1096 2695 1243 2732 muliere,
1268 2697 1299 2726 et
1321 2694 1418 2725 frater

464 2750 532 2782 eins
549 2759 684 2782 uxorem
709 2749 856 2787 duxerit,
873 2757 970 2790 super
987 2757 1039 2786 eo,
1057 2748 1140 2789 quod
1158 2748 1254 2779 frater
1271 2747 1339 2779 eius
1363 2746 1420 2778 cri-

466 2811 537 2834 men
563 2802 728 2837 celaverit,
762 2801 917 2842 poeniteat
949 2804 1066 2842 septem
1100 2800 1190 2832 annis
1207 2812 1244 2838 ”3
1274 2799 1328 2831 sed
1361 2799 1419 2831 hoc

464 2865 524 2887 non
551 2859 597 2887 est
621 2855 660 2886 ol]
684 2854 789 2893 alind,
814 2854 872 2886 nisi
898 2854 971 2896 quia
990 2854 1042 2885 illa
1061 2854 1142 2886 facta
1166 2857 1213 2885 est
1236 2852 1338 2885 affinis
1362 2852 1420 2884 sra-

465 2909 524 2940 tri:
550 2917 624 2949 ergo
648 2913 705 2940 etc.

1572 2482 1601 2513 Ξ.
1627 2481 1719 2519 Item,
1746 2481 1858 2519 Extra,
1883 2481 1922 2513 de
1948 2481 1987 2512 Eo
2011 2480 2064 2522 qui
2089 2481 2233 2522 coguovit
2254 2481 2435 2521 consangui-

1483 2544 1574 2566 neam
1599 2535 1710 2566 uxoris
1728 2534 1834 2572 snae⁸,
1851 2543 2002 2575 expresse
2027 2533 2159 2571 dicitur,
2185 2534 2268 2576 qnod
2286 2543 2346 2565 non
2365 2533 2435 2566 licet

1483 2591 1588 2628 petere
1614 2587 1772 2625 debitum,
1798 2587 1828 2618 in
1854 2586 2003 2619 decretali
2025 2586 2096 2618 illa:
2130 2586 2360 2618 Trcmsmz‘ssae
2385 2595 2435 2617 ηο-

1484 2640 1532 2671 bis
1558 2640 1684 2672 litterae
1708 2644 1781 2677 etc.;
1810 2639 1863 2671 sed
1897 2639 1956 2670 hoc
1981 2648 2042 2670 non
2068 2642 2114 2671 est
2138 2638 2195 2670 nisi
2222 2642 2349 2680 propter
2373 2637 2453 2669 affl·-

1484 2694 1632 2725 nitatem:
1666 2702 1740 2734 ergo
1772 2701 1828 2734 per
1861 2692 1976 2724 coitum
2009 2691 2212 2724 fornicarium
2238 2690 2434 2723 contrahitur

1483 2746 1626 2778 affinitas.

1574 2798 1592 2830 3
1617 2799 1710 2837 Item,
1743 2799 1871 2830 ratione
1904 2798 2045 2830 videtur:
2079 2798 2153 2839 quia
2185 2806 2245 2828 non
2276 2797 2316 2828 oh
2347 2795 2433 2828 aliud

1484 2851 1681 2883 contrahitur
1706 2851 1841 2882 affinitas
1865 2859 1921 2892 per
1946 2851 2081 2889 coitum,
2103 2850 2160 2881 nisi
2179 2850 2253 2891 quia
2269 2853 2315 2881 est
2332 2848 2434 2881 carnis

1486 2905 1686 2942 commixtiO,
1716 2913 1771 2945 per
1803 2913 1899 2945 quain
1932 2904 1980 2935 vir
2012 2909 2041 2936 et
2074 2903 2187 2935 mulier
2212 2903 2340 2941 fuerunt
2371 2910 2434 2934 una

538 3072 543 3088 ¹
566 3073 667 3104 Qnacsl.
690 3074 712 3097 2.

536 3116 547 3132 2
565 3117 609 3141 llic
630 3124 650 3141 c.
672 3118 694 3141 2.
716 3116 765 3141 Ctr.
787 3117 849 3141 intra
871 3124 894 3148 q.
916 3117 939 3140 2.
959 3129 994 3133 —
1015 3115 1068 3140 Mox
1099 3122 1145 3146 pro
1174 3121 1267 3148 qenere
1291 3113 1366 3138 codd.
1395 3116 1419 3138 et

466 3160 505 3184 ed.
532 3161 537 3184 l
561 3160 668 3193 gradu,
690 3161 746 3185 Vat.
769 3165 836 3185 recte
856 3161 1008 3191 refragante.

536 3204 546 3219 ³
566 3204 633 3229 Lihr.
654 3205 693 3228 lV.
715 3206 748 3230 lit.
775 3204 811 3229 lsi.
833 3212 853 3229 e.
875 3206 897 3229 8.

535 3248 545 3263 ⁴
564 3248 613 3273 Csr.
635 3248 659 3273 il.
682 3249 721 3273 li-O.
742 3256 766 3280 q.
788 3249 811 3273 3.
833 3263 865 3266 —
886 3249 921 3273 De
940 3255 1011 3280 seqq.
1039 3248 1135 3279 regulis
1160 3247 1221 3272 vide
1241 3250 1417 3278 praenotatam

467 3291 669 3317 Declarationem
689 3292 789 3317 arboris
809 3293 944 3317 affinitatis.

536 3336 547 3351 ⁵
568 3336 626 3360 Can.
649 3337 671 3360 rl.
692 3336 741 3361 Ct'r.
763 3338 802 3361 hic
823 3337 856 3361 lit.
879 3337 1005 3367 Magistri,
1027 3344 1048 3361 c.
1070 3336 1093 3360 2.

537 3379 547 3394 6
568 3380 726 3411 Distinedns,
759 3381 790 3404 ‹lc
822 3381 857 3405 Eo
890 3381 933 3412 qni
969 3381 1091 3411 cognorit
1119 3381 1340 3411 consanguineam
1370 3381 1440 3403 etc.›

1483 3069 1536 3099 (lil).
1553 3069 1593 3094 IV.
1609 3070 1643 3094 tit.
1669 3069 1717 3100 13.)
1737 3076 1759 3093 c.
1782 3068 1805 3093 7.
1827 3072 1851 3093 et
1871 3068 1974 3093 duobus
1988 3075 2069 3100 seqq.⁷
2091 3074 2157 3099 quae
2177 3067 2314 3098 incipiunt:
2334 3065 2377 3091 Em
2396 3064 2433 3091 lit-

1483 3113 1545 3139 teris
1558 3113 1738 3146 fraternitatis
1752 3114 1813 3138 lucie
1832 3113 1878 3143 (8.)
1893 3117 1931 3137 ct:
1948 3112 2020 3137 Tuae
2037 3110 2215 3144 fraternitatis
2233 3109 2332 3136 devotio
2353 3110 2431 3141 (ν10.>;

1484 3158 1590 3182 sortasse
1617 3157 1692 3182 codd.
1713 3160 1737 3181 et
1762 3156 1822 3181 edd.
1845 3156 1984 3187 allegantes
2012 3154 2202 3181 Fraterm'talt's
2228 3156 2288 3180 tuae
2313 3154 2431 3178 ultimum

1483 3203 1552 3227 hunc
1572 3209 1627 3227 can.
1647 3201 1781 3226 intendunt
1801 3200 1856 3231 (cfr.
1876 3200 1938 3224 infra
1960 3207 1983 3232 q.
2006 3200 2048 3232 =l.).

1553 3245 1564 3261 ⁷
1584 3245 1643 3270 Can.
1665 3246 1694 3275 6,
1715 3245 1758 3269 nbi
1779 3248 1861 3270 textus
1889 3243 2022 3274 originalis
2051 3246 2108 3274 post
2136 3244 2160 3268 et
2181 3242 2268 3275 frater
2286 3241 2342 3267 eius
2362 3240 2432 3266 addit

1483 3288 1600 3315 nescitus
1620 3288 1745 3319 eandem,
1767 3292 1791 3313 et
1811 3291 1869 3320 post
1888 3294 2002 3313 umorem
2016 3285 2125 3312 duoeert'l
2139 3286 2314 3317 prosequitur:
2334 3283 2428 3316 frater,

1483 3340 1511 3359 eo
1532 3333 1602 3367 quod
1620 3333 1703 3366 fratri
1722 3332 1823 3359 crimen
1841 3335 1887 3357 etc.
1909 3332 1967 3357 ldeo
1987 3338 2035 3363 pro
2053 3331 2140 3364 frater
2158 3329 2215 3355 eius
2235 3329 2304 3361 lege:
2323 3327 2412 3361 fratri.

1553 3378 1564 3393 Β
1584 3378 1650 3402 Libr.
1672 3379 1710 3402 lV.
1733 3379 1767 3402 tit.
1792 3377 1832 3402 «13.
1853 3384 1873 3401 c.
1895 3377 1917 3401 4.
