2483 3882
445 189 511 220 498

447 278 495 306 tur
517 283 609 313 super
630 274 713 304 illum
742 274 843 304 locum
864 272 1035 310 Evangelii,
1065 272 1116 302 ubi
1147 271 1223 301 dixit
1251 272 1396 301 Dominus

287 333 435 359 Hieronymus.
446 323 548 353 Petro:
575 321 645 352 Tibi
657 321 734 351 dabo
756 321 852 351 claves
874 320 963 359 reyni
976 319 1148 350 caelorum:
1177 331 1190 345 «
1204 318 1334 354 Habent,
1357 319 1398 348 in-

447 372 525 410 quit,
549 370 674 401 eandem
697 369 887 399 iudiciariam
907 371 1084 407 potestatem
1108 367 1158 398 alii
1180 366 1332 405 Apostoli,
1348 366 1398 397 ha-

447 419 498 449 bet
520 422 548 449 et
570 419 666 448 omnis
687 417 823 447 Ecclesia
846 417 874 446 in
897 416 1049 454 episeopis
1070 419 1099 445 et
1126 415 1322 454 presbyteris.
1339 414 1397 444 Sed

447 467 515 497 ideo
537 467 643 497 Petrus
665 473 731 495 eam
753 464 925 503 specialiter
951 464 1085 502 accepit,
1107 467 1139 493 ut
1161 471 1264 493 omnes
1291 462 1398 492 intelli-

447 519 533 553 gant,
565 514 647 552 quod
676 513 861 552 quicumque
889 512 927 542 ab
956 512 1071 542 unitate
1099 511 1168 541 fidei
1198 515 1227 541 et
1254 511 1398 541 societate

448 562 602 592 Ecclesiae
623 569 655 591 se
674 560 876 599 separaverit,
899 568 955 590 nec
977 568 993 589 a
1009 559 1143 598 peccatis
1164 558 1239 589 solvi
1263 566 1319 588 1166
1334 566 1399 588 cae-

448 611 508 640 lum
532 613 628 649 potest
650 608 766 646 ingredi
781 621 807 637 n.

859 705 926 736 CAP.
951 705 982 734 II.

620 803 728 832 Utrum
746 811 803 841 per
825 800 968 839 indiqnos
992 800 1229 840 transfundatur

805 849 907 889 qratia
929 849 1040 889 dionis

526 948 613 983 Item,
636 947 718 985 quod
739 947 898 982 sacerdos,
921 947 1011 976 etiam
1033 947 1058 976 si
1081 946 1177 976 malus
1199 946 1251 981 sit⁷
1273 945 1400 983 gratiam

450 999 548 1026 tamen
570 995 772 1026 transfundit¹
797 1004 851 1034 pro
871 1003 944 1025 suae
959 995 1112 1032 dignitatis
1135 993 1244 1029 officio,
1266 993 1403 1030 Augusti-

299 1054 436 1080 Augustinus.
448 1054 505 1075 nus
527 1044 657 1074 ostendit
679 1044 798 1074 dicens:
827 1044 974 1074 «Dictum
997 1047 1041 1073 est
1063 1051 1080 1072 a
1101 1043 1228 1072 Domino
1245 1042 1273 1071 in
1295 1041 1402 1071 Nume-

449 1094 491 1123 ris
512 1093 550 1123 ad
573 1094 696 1132 Moysen
719 1097 746 1122 et
762 1093 861 1122 Aaron
884 1092 1070 1122 sacerdotes:
1098 1092 1153 1121 Vos
1164 1089 1269 1130 ponite
1290 1098 1401 1119 nomen

448 1151 549 1172 meum
570 1151 663 1181 super
682 1141 763 1181 filios
792 1141 908 1175 Israel,
931 1145 956 1170 et
977 1149 1027 1179 eqo
1050 1138 1201 1169 Dominus
1230 1137 1402 1168 benedicam

449 1200 521 1227 eos,·
542 1194 575 1220 ut
597 1191 722 1227 gratiam
739 1189 860 1219 traditio
876 1197 931 1227 per
945 1188 1144 1218 ministerium
1165 1187 1293 1217 ordinati
1311 1190 1403 1216 trans-

449 1240 553 1269 fundat
574 1238 762 1274 116111111111115,
786 1246 840 1267 nec
864 1237 1002 1267 voluntas
1024 1235 1190 1266 sacerdotis
1213 1235 1319 1265 obesse
1356 1235 1402 1264 vel

449 1287 593 1325 prodesse
614 1287 725 1325 possit,
747 1286 799 1315 sed
820 1286 959 1315 meritum
982 1284 1223 1314 benedictionem
1240 1283 1401 1322 poscentis.

449 1335 563 1370 Quanta
587 1338 687 1364 autem
710 1335 748 1363 sit
770 1334 899 1372 dignitas
921 1333 1088 1363 sacerdotis
1110 1332 1200 1362 officii
1224 1336 1253 1362 et
1274 1331 1402 1367 ordinis,

450 1384 521 1414 hinc
543 1384 745 1414 advertamus.
764 1383 883 1412 Dictum
907 1386 950 1412 est
965 1381 1002 1411 de
1026 1381 1210 1420 nequissimo
1232 1381 1346 1419 Gaipha
1364 1381 1403 1410 in-

305 1440 397 1461 Duhium
415 1440 433 1460 1.
451 1437 494 1463 ter
510 1436 626 1462 cetera:
650 1432 713 1462 Hoc
734 1436 834 1461 callem
853 1440 871 1460 a
892 1429 1048 1469 semetipso
1063 1439 1126 1459 non
1148 1428 1246 1464 atz'm‘t,
1268 1429 1320 1459 sed
1335 1439 1403 1459 cum

450 1485 522 1511 esset
534 1480 672 1520 pontifex
693 1479 772 1509 anni
785 1478 888 1513 illins,
909 1477 1121 1518 proplietaoit,·
1137 1487 1192 1516 per
1211 1478 1291 1516 quod
1309 1482 1404 1507 osten-

452 1529 546 1564 ditur,
569 1529 713 1567 Spiritum
737 1528 900 1565 gratiarum
928 1536 986 1557 non
1019 1535 1178 1565 personam
1205 1527 1291 1565 sequi
1322 1526 1403 1563 digni

452 1578 498 1607 vel
522 1577 651 1614 indigni,
674 1576 726 1606 sed
750 1576 885 1605 ordinem
910 1575 1095 1611 traditionis;
1118 1578 1165 1610 ut,
1195 1575 1334 1613 quamvis
1355 1574 1405 1603 ali-

452 1627 520 1665 quis
541 1626 610 1655 boni
628 1625 725 1654 meriti
749 1625 800 1660 sit,
818 1632 877 1654 non
900 1627 998 1653 tamen
1016 1623 1110 1661 possit
1132 1622 1326 1658 benedicere,
1347 1622 1402 1652 11151

451 1675 540 1704 suerit
556 1674 721 1709 ordinatus,
736 1677 769 1702 ut
791 1672 880 1702 officii
897 1673 1096 1702 ministerium
1114 1671 1264 1701 exhibeat.
1284 1671 1336 1700 Dei
1353 1679 1405 1700 au—

452 1727 510 1753 tem
534 1726 578 1752 est
600 1722 737 1751 effectum
762 1720 894 1750 tribuere
917 1719 1134 1749 benedictionis
1147 1732 1228 1749 ».—
1246 1719 1321 1748 Hinc
1344 1719 1406 1748 evi-

453 1772 558 1802 denter
575 1771 742 1801 ostenditur
762 1769 836 1799 ordo
849 1769 858 1783 2
887 1777 943 1798 11011
960 1769 1072 1806 privari
1090 1771 1237 1806 potestate
1254 1767 1403 1797 tribuendi

331 1829 435 1850 ostentio.
452 1820 578 1857 gratiam
601 1818 639 1848 ob
662 1818 789 1847 ministri
814 1817 1080 1855 indignitatem—
1095 1816 1171 1845 Huic
1187 1820 1285 1846 tamen
1308 1816 1405 1853 Augu-

451 1869 519 1898 stini
542 1867 707 1898 sententiae
731 1867 850 1896 videtur
876 1866 1000 1896 obviare
1023 1865 1103 1904 quod
1129 1866 1170 1895 ait
1192 1865 1362 1903 Hesychius
1378 1864 1404 1893 3:

310 1926 436 1953 Hesychius.
457 1916 679 1952 «Sacerdotes,
703 1915 814 1953 inquit,
840 1923 897 1944 non
920 1914 1044 1952 propria
1068 1914 1178 1942 virtute
1206 1913 1405 1947 benedicunt,

453 1966 505 1995 sed
535 1965 607 2004 quia
636 1964 762 2001 figuram
785 1963 894 1992 Christi
918 1966 1025 1999 gerunt
1048 1965 1077 1991 et
1098 1965 1222 2000 propter
1245 1969 1331 1996 eum,
1354 1961 1404 1999 qui

453 2016 482 2044 in
505 2014 578 2052 ipsis
601 2017 660 2047 est,
683 2012 901 2042 benedictionis
924 2011 1142 2049 plenitudinem
1171 2010 1321 2045 tribuunt;
1350 2018 1405 2039 nec

453 2063 548 2093 solum
572 2063 597 2092 is
619 2063 670 2100 qui
693 2061 895 2091 sacerdotium
918 2060 1041 2089 sortitus
1064 2063 1122 2092 est,
1148 2058 1200 2088 sed
1218 2058 1405 2097 quicumque

453 2111 603 2141 Christum
633 2110 661 2138 in
685 2118 717 2138 se
746 2110 811 2147 ipso
841 2108 983 2137 habetet
1012 2108 1076 2136 eius
1105 2107 1231 2143 figuram
1254 2106 1330 2143 gerit
1352 2114 1406 2144 per

453 2159 712 2189 conversationem
735 2158 860 2194 bonam,
883 2157 962 2186 sicut
983 2156 1117 2194 Moyses,
1140 2155 1266 2184 idoneus
1289 2159 1352 2190 est,
1375 2158 1407 2184 ut

452 2207 693 2237 benedictionem
716 2208 887 2244 praestet».
906 2221 946 2226 —-
960 2205 1038 2233 Ecce
1054 2204 1104 2233 hic
1119 2203 1227 2238 habes,
1249 2202 1330 2241 quod
1349 2211 1406 2232 non

453 2256 548 2285 50111111
572 2254 730 2289 sacerdos,
752 2253 805 2283 sed
828 2253 941 2289 omnis,
965 2252 993 2281 in
1023 2260 1083 2290 quo
1114 2251 1249 2281 Christus
1278 2250 1407 2286 habitat,

454 2303 695 2334 benedictionem
719 2305 859 2340 praestat.
884 2301 941 2331 Sed
965 2301 1022 2329 alia
1046 2303 1090 2329 est
1118 2299 1306 2335 benedictio,
1328 2307 1407 2337 quae

347 2358 438 2381 somno.
454 2353 526 2382 solis
546 2350 755 2381 sacerdotibus
771 2349 919 2387 congruit,
935 2349 1003 2385 alia,
1019 2356 1097 2387 quae
1113 2348 1150 2378 ab
1167 2347 1306 2377 omnihus
1322 2347 1407 2376 bonis

454 2400 654 2431 communiter
676 2398 844 2428 exhibetur.
868 2398 1004 2436 Denique
1026 2397 1066 2426 illi
1090 2396 1273 2431 sacerdotes,
1290 2397 1318 2425 in
1342 2396 1408 2433 qui—

453 2450 510 2480 bus
531 2449 667 2479 Christus
699 2447 831 2482 habitat,
864 2445 1083 2476 benedictionis
1116 2444 1333 2483 plenitudinem
1361 2444 1409 2472 tri-

454 2498 548 2528 buere
570 2497 725 2532 dicuntur,
749 2504 806 2525 non
829 2495 900 2533 quia
915 2495 969 2524 soli
987 2494 1027 2523 illi
1045 2493 1252 2523 transfundant
1267 2493 1408 2529 gratiam,

456 2546 508 2575 sed
531 2546 602 2584 quia
626 2544 666 2573 illi
690 2544 742 2573 soli
767 2543 848 2573 licite
871 2547 897 2572 et
921 2542 1009 2581 digne
1026 2542 1055 2571 id
1072 2545 1170 2579 agunt.
1187 2541 1249 2570 Nec
1272 2540 1409 2570 subditos

457 2594 535 2624 mala
558 2594 618 2623 vita
641 2592 807 2622 sacerdotis
829 2591 937 2627 laedit,
959 2591 984 2620 si
1007 2590 1084 2619 bona
1107 2590 1235 2623 faciunt,
1258 2597 1336 2627 quae
1360 2588 1409 2618 ille

321 2650 442 2676 Gregorius.
459 2643 539 2672 dicit.
556 2641 641 2671 Unde
655 2641 816 2678 Gregorius
829 2640 855 2668 4;
877 2640 1001 2675 «Multi,
1018 2639 1088 2668 dum
1112 2638 1180 2676 plus
1203 2638 1293 2667 vitam
1313 2646 1409 2667 sacer-

457 2691 560 2720 dotum
583 2698 673 2728 quam
697 2698 781 2719 Suam
805 2689 989 2723 discutiunt,
1013 2689 1040 2717 in
1063 2687 1175 2717 erroris
1199 2686 1315 2716 foveam
1339 2686 1410 2715 dila-

458 2740 579 2775 buntur⁷
603 2739 700 2767 minus
722 2737 962 2771 considerantes,
985 2736 1067 2774 quod
1083 2744 1140 2764 non
1164 2743 1215 2764 605
1238 2735 1298 2764 vita
1313 2742 1410 2763 sacer-

459 2787 562 2816 dotum
585 2786 732 2821 laederet,
756 2785 780 2814 si
804 2785 957 2814 humiliter
979 2784 1064 2813 bonis
1087 2783 1278 2813 sacerdotum
1307 2783 1410 2812 admo-

460 2834 624 2864 nitionibus
645 2842 748 2864 aurem
773 2832 1076 2863 accommodarent».

1205 185 1489 217 SENTENTIARUM
1513 185 1581 216 LIB.
1606 185 1653 217 tv.

1865 271 1933 300 CAP.
1955 272 1999 301 III.

1593 365 1746 402 Quomodo
1770 365 2003 405 intelliqendum
2023 366 2079 396 sit:
2102 367 2285 398 Maledieam
2445 404 2448 408 .

1743 413 1998 444 benedictionibus
2020 414 2136 445 vestris.
2470 429 2471 443 l

1542 511 1728 540 Praemissae
1751 518 1821 540 vero
1844 511 2024 546 sententiae,
2040 519 2099 549 qua
2122 511 2232 541 dicitur
2254 512 2343 542 etiam
2357 521 2411 551 per
2471 511 2473 532 '⁸

1464 559 1534 589 mali
1556 558 1722 589 sacerdotis
1743 558 1943 588 ministerium
1975 559 2141 588 transfundi
2174 560 2267 597 gratia
2290 560 2412 591 benedi-

1463 607 1571 637 ctionis
1587 631 1594 644 ,
1629 607 1748 636 videtur
1783 606 1907 636 obviare
1942 607 2024 645 quod
2060 607 2205 637 Dominus
2238 616 2293 646 per
2327 609 2412 640 Mala-

1464 655 1587 685 chiam⁵
1619 654 1799 693 prophetam
1835 655 1922 684 malis
1954 655 2163 685 sacerdotibus
2198 656 2411 687 comminatur:

1464 702 1647 734 Maledicam
1682 701 1937 732 benedictionibus
1965 701 2093 738 vestris‚·
2119 706 2148 732 et
2169 703 2257 733 alibi:
2285 704 2342 734 Vae
2366 704 2412 734 his

1464 751 1520 791 qui
1539 750 1695 790 vivificant
1716 750 1855 785 animas,
1878 759 1954 790 quae
1968 760 2031 780 non
2046 750 2165 785 vivunt,
2181 755 2209 781 et
2231 751 2414 792 mortificant

1464 799 1597 834 animas,
1620 808 1695 838 quae
1710 808 1774 829 non
1787 798 1974 829 moriuntur.
1998 799 2027 830 Si
2050 800 2130 829 enim
2152 800 2305 830 maledicit
2319 801 2413 831 Domi-

1464 857 1520 878 nus
1543 848 1805 878 benedictionibus
1827 856 1948 883 eorum,
1977 851 2005 877 et
2026 848 2051 877 si
2073 849 2204 885 animae,
2227 856 2302 887 quas
2323 849 2414 879 viviti-

1464 899 1549 932 cant,
1567 905 1624 926 non
1642 896 1763 932 vivunt;
1779 896 1931 934 quomodo
1946 904 2001 935 per
2017 904 2068 926 eos
2086 897 2180 935 gratia
2197 896 2413 928 benedictionis

1465 944 1703 974 transfunditur?
1717 961 1758 965 —
1772 944 1829 974 Sed
1852 944 1925 973 illud
1948 944 2133 982 capitulum:
2150 944 2326 974 Maledicam
2348 949 2412 982 etc„
2425 950 2470 978 Expi

1465 992 1589 1031 quidam
1605 993 1737 1022 referunt
1752 992 1788 1022 ad
1805 992 1990 1029 haereticos,
2013 992 2065 1030 qui
2081 992 2118 1022 ab
2133 993 2269 1022 Ecclesia
2285 994 2412 1031 praecisi

1465 1044 1550 1076 sunt,
1573 1044 1601 1069 et
1634 1040 1671 1069 ad
1705 1040 1997 1075 excommunicatos,
2030 1048 2158 1078 quorum
2193 1038 2414 1071 benedictiones

1466 1089 1541 1118 fiunt
1562 1088 1789 1118 maledictiones
1812 1088 1858 1117 his
1880 1089 1932 1127 qui
1955 1096 2059 1118 eorum
2091 1092 2258 1127 sequuntur
2290 1097 2413 1119 errores,
2474 1110 2476 1124 ⁴

1466 1136 1539 1166 lllud
1556 1145 1626 1166 vero
1643 1136 1770 1166 alterum
1781 1161 1788 1173 ,
1804 1136 1933 1166 scilicet:
1950 1136 2111 1166 Vivificant
2127 1140 2191 1172 etc.,
2208 1145 2299 1175 super
2315 1145 2416 1167 omnes
2475 1125 2477 1139 ¹

1467 1185 1534 1214 illos
1556 1184 1729 1215 sacerdotes
1752 1188 1923 1223 exponunt,
1939 1184 1996 1223 'qui
2030 1185 2144 1222 absque
2166 1185 2252 1214 clave
2274 1185 2416 1215 scientiae

1467 1237 1495 1263 et
1517 1233 1611 1263 forma
1635 1233 1731 1263 bonae
1755 1233 1832 1263 vitae
1859 1237 2056 1271 praesumunt
2089 1233 2183 1270 ligare
2214 1233 2260 1263 vel
2292 1233 2415 1264 solvere.
2475 1233 2477 1273 ξ

1467 1282 1524 1312 Sed
1548 1282 1647 1311 nullus
1679 1281 1777 1311 officio
1810 1282 1976 1311 sacerdotis
2006 1282 2047 1311 uti
2072 1282 2176 1317 debet,
2199 1282 2255 1311 nisi
2278 1282 2416 1312 immunis
2430 1286 2483 1309 Duht

1467 1330 1503 1359 sit
1526 1329 1564 1359 ab
1587 1329 1644 1359 illis
1679 1338 1758 1368 quae
1787 1330 1816 1359 in
1849 1330 1915 1360 aliis
1948 1330 2075 1365 iudicat;
2110 1330 2243 1368 alioquin
2266 1337 2297 1359 se
2320 1330 2417 1368 ipsum

1467 1378 1656 1408 condemnat.

1877 1458 1945 1488 CAr.
1968 1458 2014 1488 IV.

1610 1537 1714 1573 Qualis
1737 1546 1796 1567 esse
1818 1536 1920 1567 debeat
1941 1537 2034 1568 ‘iudex
2055 1537 2275 1567 ecclesiasticus.

1549 1621 1671 1656 Qualem
1694 1626 1793 1651 autem
1827 1625 1965 1659 oporteat
1997 1629 2061 1650 esse
2095 1621 2145 1659 qui
2180 1621 2306 1650 aliorum
2331 1620 2420 1651 iudex

1469 1671 1675 1706 constituitur,
1709 1669 2087 1707 1111611511111156(1656111111
2121 1670 2159 1699 ita
2193 1659 2483 1703 (1166115ῑ11811-Α1111ἶ,

1469 1720 1590 1757 cerdos,
1613 1720 1661 1749 cui
1685 1719 1781 1749 omnis
1804 1719 1927 1748 offertut
1948 1721 2105 1756 peccator,
2128 1721 2301 1756 antequem
2323 1719 2421 1748 statui-
2478 1719 2479 1723 ’

1470 1771 1518 1797 tur
1540 1767 1636 1797 01111115
1658 1767 1799 1805 languor
1822 1767 1851 1795 in
1868 1766 1949 1796 nullo
1965 1774 2069 1796 eorum
2085 1767 2123 1795 sit
2140 1766 2483 1804 itulicandus,quae1nnt1

1469 1817 1498 1845 in
1522 1816 1580 1846 alio
1614 1816 1749 1845 iudicare
1772 1819 1814 1845 651
1848 1818 2015 1853 promptus.
2047 1815 2187 1844 Iudicans
2210 1815 2288 1844 enim
2313 1814 2419 1851 alium,
2434 1795 2483 1842 111ιῖ1

1469 1865 1520 1903 qui
1544 1868 1589 1894 est
1620 1864 1817 1899 iudicandus
1850 1863 2031 1893 condemnat
2061 1872 2090 1892 se
2122 1863 2233 1902 ipsum.
2256 1863 2420 1900 Cognoscat

1470 1913 1561 1950 igitur
1582 1920 1614 1941 se
1641 1916 1669 1941 et
1703 1915 1810 1950 purget
1844 1912 1870 1940 in
1901 1920 1933 1941 se
1962 1911 2042 1949 quod
2078 1911 2152 1941 alios
2185 1911 2265 1940 videt
2297 1911 2353 1940 sibi
2386 1910 2422 1944 of-

1469 1962 1560 1995 ferre;
1593 1964 1712 1995 caveat,
1745 1964 1777 1989 ut
1810 1968 1826 1990 a
1855 1969 1886 1989 56
1920 1960 2098 1998 proiecerit,
2125 1959 2273 1997 quidquid
2307 1960 2335 1988 in
2366 1958 2421 1988 alio

1470 2010 1647 2039 damnosum
1677 2009 1798 2047 reperit.
1831 2008 2075 2043 Animadvertat,
2098 2008 2178 2046 quod
2201 2006 2256 2046 qui
2276 2006 2341 2036 sine
2362 2016 2423 2046 pec-

1470 2062 1533 2088 cato
1556 2062 1596 2087 est
1624 2056 1747 2096 primus
1774 2055 1808 2085 in
1839 2055 1928 2085 illuni
1963 2055 2096 2095 lapidem
2121 2055 2230 2085 mittat.
2253 2055 2321 2084 Ideo
2345 2056 2483 2084 enimnut1

1471 2106 1611 2136 liberavit
1633 2105 1849 2143 peccatricem,
1873 2105 1943 2142 quia
1966 2112 2023 2133 non
2048 2107 2110 2133 erat
2133 2104 2185 2142 qui
2208 2104 2285 2133 iuste
2300 2103 2422 2141 proiice-

1470 2159 1516 2184 ret
1547 2153 1685 2192 lapidem.
1715 2152 1870 2188 Quomodo
1903 2152 2052 2190 lapidaret
2085 2153 2134 2190 qui
2165 2160 2197 2181 se
2229 2151 2422 2190 lapidandum

1471 2202 1686 2241 cognosceret?
1714 2201 1820 2231 Nullus
1853 2201 1929 2230 euim
1964 2205 2027 2230 erat
2058 2201 2122 2230 sine
2144 2204 2290 2238 peccato;
2314 2200 2341 2229 in
2365 2208 2422 2238 quo

1472 2250 1660 2287 intelligitur,
1683 2258 1786 2279 omnes
1808 2249 1900 2279 fuisse
1930 2257 2005 2278 reos.
2040 2248 2115 2278 Nam
2150 2249 2277 2278 venialia
2306 2256 2422 2287 semper
2478 2282 2480 2287 y

1472 2299 1701 2329 remittebantur
1732 2306 1788 2336 per
1816 2297 2031 2332 caerimonias;
2063 2297 2086 2326 si
2120 2296 2201 2334 quod
2230 2304 2300 2335 ergo
2324 2297 2352 2325 in
2381 2296 2422 2326 eis
2478 2292 2480 2322 l

1472 2351 1631 2387 peccatum
1654 2350 1733 2382 erat,
1767 2345 1922 2376 criminale
1945 2348 2016 2375 erat.
2040 2345 2070 2374 In
2094 2345 2151 2374 hoc
2174 2345 2264 2383 igitur
2286 2336 2422 2382 patentis-

1472 2397 1580 2425 simum
1605 2399 1649 2424 651
1670 2395 1783 2424 crimen
1805 2394 1997 2423 sacerdotnm
2014 2393 2065 2422 et⁷
2081 2393 2274 2428 detestabile,
2298 2393 2429 2431 quinon
2478 2415 2480 2432 3

1472 2445 1557 2482 prius
1578 2452 1610 2473 se
1632 2443 1767 2473 iudicant
1789 2446 1817 2472 et
1839 2442 1913 2472 alios
1936 2442 2064 2480 alligant.
2080 2458 2120 2463 —
2135 2441 2245 2471 Caveat
2259 2440 2422 2479 spiritualis
2478 2472 2480 2475 ,

1473 2492 1576 2527 iudex,
1595 2494 1638 2527 ut,
1655 2491 1734 2520 sicut
1756 2499 1813 2520 11011
1837 2490 1988 2519 commisit
2006 2489 2117 2518 crimen
2134 2488 2295 2526 nequitiae,
2311 2488 2350 2517 ita
2366 2495 2420 2516 11011
2438 2486 2483 2518 nist

1473 2543 1575 2569 cueat
1597 2547 1721 2569 1111111616
1742 2539 1857 2568 scienti
1852 2547 1901 2571 16
1925 2541 2059 2576 opoitet,
2076 2541 2107 2566 ut
2129 2537 2169 2566 sci
2175 2540 2203 2566 11
2225 2543 2420 2573 cognosceie,
2434 2514 2483 2572 ΜΞ]

1473 2588 1622 2626 quidquid
1644 2588 1753 2617 debeat
1776 2587 1920 2616 iudicare
1942 2586 2102 2615 Iudiciaria
2124 2586 2201 2614 euim
2220 2588 2351 2623 potestas
2365 2585 2421 2614 hoc
2478 2573 2480 2586 '

1473 2637 1621 2675 postulat,
1644 2640 1676 2666 ut
1698 2636 1778 2674 quod
1810 2635 1899 2665 debet
1932 2635 2067 2664 iudicare
2099 2634 2258 2663 discernat.
2293 2633 2421 2670 Diligens
2433 2637 2483 2663 Duil

1473 2685 1564 2721 1011111
1596 2685 1789 2722 investigator
1821 2684 1972 2721 sapientei
2004 2682 2168 2719 inteiroget
2201 2689 2218 2711 a
2251 2684 2421 2719 peccatore,

1473 2733 1553 2771 quod
1579 2733 1700 2762 forsitan
1723 2732 1855 2769 ignoret,
1878 2731 1923 2760 vel
1958 2729 2138 2760 verecundia
2170 2729 2240 2758 velit
2262 2729 2420 2759 occultare.

1473 2780 1595 2818 Cognito
1620 2788 1690 2810 vero
1713 2780 1852 2813 crimine,
1876 2779 2036 2808 varietates
2068 2778 2133 2807 eius
2162 2786 2220 2806 11011
2243 2776 2359 2806 dubitet
2380 2776 2422 2805 in-

1474 2830 1621 2867 vestigare
1644 2832 1672 2857 ct
1693 2828 1793 2857 locum
1810 2831 1838 2856 et
1855 2831 1971 2865 tempus
1994 2830 2023 2856 et
2043 2830 2157 2861 cetera,
2181 2833 2259 2864 quae
2278 2832 2369 2863 supra
2385 2824 2423 2853 di·
2478 2839 2480 2863 3

531 3021 538 3038 ¹
559 3020 639 3046 Codd.
661 3021 680 3044 Α
692 3020 741 3044 BD
754 3020 770 3044 E
790 3018 971 3051 transfundat.
987 3033 1020 3035 —
1034 3018 1117 3043 Locus
1136 3018 1245 3048 August.
1266 3020 1304 3041 est
1316 3017 1341 3040 in
1362 3023 1411 3041 non

461 3066 578 3096 genuinis
605 3065 750 3096 Quaestion.
777 3071 807 3088 ex
832 3064 912 3088 veteri
939 3066 1037 3088 testam.
1063 3070 1088 3094 q.
1115 3062 1160 3093 ll;
1186 3060 1212 3086 C.
1239 3060 1346 3086 Dictum
1375 3061 1414 3085 est

460 3109 534 3141 (oo),
554 3108 630 3139 ibid.‚
652 3108 696 3133 ubi
716 3109 807 3133 citatur
826 3107 900 3132 Num.
921 3107 945 3138 6,
966 3107 1012 3138 27,
1033 3108 1057 3131 et
1075 3106 1138 3130 infra
1160 3105 1226 3129 loan.
1247 3105 1274 3128 ¹l=l
1288 3124 1294 3135 ,
1314 3104 1356 3129 51.

533 3152 649 3177 21)]11165
678 3152 739 3177 edd.
766 3150 904 3182 ordinem,
934 3149 1123 3181 refragantibus
1152 3148 1228 3174 codd.
1261 3152 1285 3173 61
1315 3147 1355 3172 ed.
1390 3148 1412 3179 l,

464 3197 493 3227 2,
514 3197 542 3227 3,
563 3196 586 3220 7.

534 3239 545 3255 3
562 3239 630 3264 Libr.
651 3240 676 3264 ll.
697 3241 721 3264 in
742 3240 821 3264 Levit.
842 3239 882 3271 (9,
904 3239 966 3270 23).

535 3282 544 3298 ⁴¹
564 3283 624 3308 Can.
638 3283 717 3309 Mulli
733 3283 915 3309 saecularium
936 3283 1010 3314 (St),
1025 3282 1086 3307 ibid.
1101 3282 1184 3307 Locus
1203 3282 1259 3313 1116,
1275 3284 1302 3306 111
1322 3281 1413 3305 volunt

464 3326 587 3357 editores,
607 3326 640 3351 ab
661 3327 709 3351 alio
729 3327 853 3351 formatus
873 3330 911 3351 est
930 3326 1074 3351 secundum
1095 3326 1203 3357 Gregor.

1546 3015 1557 3031 5
1576 3014 1638 3046 Cup.
1658 3016 1686 3046 2,
1986 3013 2025 3043 13,
2050 3013 2091 3037 ilfi).
2107 3027 2140 3029 —
2159 3012 2194 3036 De
2213 3011 2269 3036 loco
2288 3009 2422 3035 Malachiae

1477 3059 1521 3083 cfr.
1541 3066 1618 3089 supra
1641 3058 1665 3083 d.
1687 3058 1747 3083 Xlll.
1768 3065 1789 3083 6.
1811 3058 1835 3082 11.
1858 3058 1882 3082 2.
1898 3072 1932 3074 -
1945 3057 2051 3081 inferius
2071 3062 2118 3087 pro
2139 3055 2208 3088 liunt
2230 3052 2421 3079 maledictiones

1476 3102 1518 3127 ed.
1542 3103 1550 3126 1
1574 3103 1717 3128 vertuntur
1735 3101 1764 3127 in
1782 3100 1986 3127 maledictiones.

1546 3146 1557 3162 6
1577 3147 1612 3171 De
1632 3146 1698 3171 Vera
1718 3149 1743 3171 et
1762 3146 1822 3170 falso
1843 3145 1981 3170 Poeniteut.
1998 3151 2018 3169 6.
2033 3144 2074 3168 20.
2089 3150 2114 3168 n.
2131 3143 2172 3167 36.
2190 3142 2264 3173 (inter
2277 3139 2380 3172 opera),
2395 3138 2420 3164 C.

1479 3190 1531 3222 Qui
1548 3190 1605 3216 vult
1625 3189 1744 3224 confiteri
1764 3190 1817 3221 (1.),
1840 3189 1872 3214 (16
1894 3189 2045 3214 1)(1611116111111
2066 3187 2092 3212 (1.
2114 3187 2137 3212 6.
2157 3186 2172 3218 S}
2192 3187 2214 3211 2.
2236 3186 2259 3210 3.
2277 3198 2313 3203 ——-
2330 3183 2365 3209 lbi
2386 3190 2421 3208 re-

1477 3234 1621 3265 spiciuntur
1640 3234 1714 3259 Rom.
1736 3235 1766 3265 2,
1790 3234 1799 3257 sl
1813 3253 1819 3264 ‚
1840 3232 1933 3258 deinde
1952 3232 2019 3256 ioan.
2040 3231 2068 3263 8,
2089 3230 2113 3255 7.
2478 3256 2479 3263 ἵ

1546 3278 1557 3294 7
1577 3278 1634 3303 Vat.
1656 3285 1716 3303 cum
1742 3278 1832 3308 paucis
1856 3276 1915 3301 edd.
1944 3282 2017 3307 61156,-
2045 3274 2168 3306 originale
2197 3280 2256 3298 eum
2284 3278 2379 3297 canone
2397 3272 2421 3294 et.
2478 3276 2479 3304 ᾗ

1477 3322 1533 3347 cod.
1553 3322 1571 3346 E
1591 3322 1614 3347 et
1634 3320 1707 3347 ultra
1728 3320 1837 3346 modum
1858 3318 2014 3346 detestabile.
2460 3309 2463 3310 ⁷

1708 3016 1737 3045 2,
1759 3014 1851 3039 deinde
1871 3014 1960 3038 Ezech.
