2483 3882
710 258 802 289 DIST.
828 258 928 289 XXXl.
953 258 1034 290 ΛΒΤ.
1060 258 1092 290 11.
1117 258 1269 299 QUAEST.
1295 259 1315 289 Ι.

35 348 104 381 dem
129 346 235 378 Glossa
267 345 415 388 tangitur.
440 364 483 368 ——
510 345 584 377 Ecce
616 344 721 385 igitur,
745 345 881 386 qualiter
912 354 979 387 pos-

35 407 142 432 sumus
167 397 272 430 videre
297 397 458 429 morbum.

119 449 307 482 Remedium
323 452 428 481 autem
447 449 561 480 intueri
578 449 622 481 sic
643 457 821 490 possumus.
844 449 977 490 Quidam

1 503 112 536 0-enim
135 505 182 534 est
205 505 307 539 actus,
332 502 385 543 qui
411 501 485 533 dicit
509 501 775 533 deordinationem
801 501 917 532 mentis
934 502 979 533 act

1 570 20 586 0.
33 556 148 592 Deam,
166 558 201 586 ut
224 554 425 586 idololatrare
441 558 471 586 et
490 554 667 595 periurare3
691 554 819 595 quidam
838 558 899 592 est,
923 554 978 595 qni

34 608 104 641 dicit
121 607 386 639 deordinationem
412 611 587 639 creaturae
607 607 652 638 acl
675 611 887 644 creaturam,
913 607 978 639 sive

35 660 126 695 unius
150 660 189 691 ad
213 659 375 697 alterum,
400 659 465 691 sive
489 660 630 692 eiusdem
655 660 693 691 ad
718 669 760 691 se.
786 660 908 691 Primus
932 663 979 691 est

35 713 133 746 malus
156 715 186 744 et
210 712 374 743 morbidus
397 711 578 743 secandam
601 721 635 743 se
658 715 688 744 et
708 712 795 743 nullo
820 712 980 752 1110110110-

34 769 90 799 test
113 765 180 796 fieri
206 765 300 803 bene,
325 773 380 796 nec
413 764 518 796 divino
547 765 694 796 mandato
726 773 782 796 nec
806 764 905 796 aliter.
931 765 980 795 Se-

32 818 152 852 cundus
177 826 268 855 vero,
293 817 367 858 quia
391 826 450 848 non
477 817 571 849 habet
595 817 792 849 essentialem
817 817 980 849 deordina-

15 872 161 908 .ti0nem,
187 873 287 911 potest
312 878 366 910 per
391 870 533 901 divinum
561 870 729 911 imperium
754 869 909 908 ordinari,
934 872 980 901 ut-

32 927 100 966 pote
131 931 201 955 cum
236 923 318 954 Deus
342 922 493 963 praecipit
525 922 666 954 occidere
699 922 876 961 hominem,
906 931 977 954 cum

32 977 121 1010 etiam
154 975 303 1016 praecipit
326 984 392 1007 rem
426 975 559 1007 alienam
584 975 743 1016 accipere,
779 984 851 1006 cum
884 975 977 1006 etiam

32 1028 158 1070 inspirat
182 1036 215 1060 se
239 1028 342 1069 ipsum
366 1027 522 1064 occidere,
551 1027 632 1059 sicut
656 1028 799 1065 Samson,
825 1027 855 1058 in
884 1036 977 1069 quem

31 1081 132 1113 iri-ait
155 1080 301 1121 Spiritus
327 1080 478 1117 Domini,
504 1080 646 1112 Indicum
679 1080 800 1112 decimo
825 1083 937 1121 quarto
956 1081 978 1118 ¹;

31 1143 85 1176 per
111 1133 194 1165 hunc
220 1133 348 1165 modum
373 1133 529 1164 ordinavit
553 1133 669 1165 coitum
699 1132 776 1165 Osee
808 1141 879 1164 cum
915 1141 980 1164 mu-

32 1187 117 1224 liere,
135 1194 215 1227 quae
232 1194 292 1217 non
317 1188 384 1217 erat
408 1194 464 1217 sua
482 1195 575 1224 uxor,
600 1186 716 1217 scilicet
740 1194 796 1226 per
820 1186 873 1217 Dei
896 1194 980 1217 man-

0 1254 18 1270 n.
32 1239 148 1272 datum.
173 1238 231 1270 Sed
256 1238 404 1280 quoniam
428 1241 517 1270 actus
534 1238 591 1270 iste
616 1238 788 1279 coniugalis
805 1238 978 1270 1100010111-

31 1292 88 1324 bus
112 1291 245 1323 debebat
277 1291 431 1332 praecipi;
456 1291 593 1332 providit
625 1291 731 1322 divina
760 1290 922 1332 dispositio
947 1290 979 1322 il-

29 1345 87 1377 lam
113 1344 381 1376 deordinationem
414 1344 561 1376 ordinare
594 1353 653 1376 non
680 1353 735 1385 per
759 1344 977 1382 incantatam,

31 1397 82 1430 sed
106 1406 162 1439 per
186 1397 313 1438 aliquod
344 1401 524 1435 statutam,
557 1401 587 1429 et
611 1406 667 1438 per
697 1400 869 1435 statutum,
893 1398 977 1439 quod

30 1453 108 1482 esset
124 1449 248 1491 signum
274 1449 358 1481 illius
375 1449 619 1487 coniunctionis,
644 1459 725 1491 quae
742 1453 809 1482 erat
833 1450 977 1482 ordinata

30 1502 68 1535 ad
85 1502 364 1543 concupiscentiae
380 1502 580 1540 remedium,
606 1506 636 1534 et
660 1503 701 1534 ita
718 1511 774 1543 per
798 1503 978 1535 Sacramen-

31 1559 94 1587 tum
119 1555 323 1593 matrimonii,
348 1555 430 1596 quod
457 1555 529 1597 quia
554 1555 649 1587 habet
673 1557 824 1588 rationem
851 1556 978 1588 medici-

33 1617 108 1645 nae,
137 1607 241 1649 potius
272 1612 427 1645 excusat,
460 1617 555 1649 quam
586 1608 741 1645 vitietai·;
774 1609 871 1647 sicut,
904 1618 976 1641 cum

30 1660 178 1693 Dominus
208 1661 367 1702 praecepit
402 1661 566 1699 Hebraeis,
592 1665 626 1693 ut
650 1670 724 1693 vasa
755 1662 976 1703 Aegyptiorum

29 1713 256 1755 asportarent2,
281 1713 465 1755 asportatio
490 1723 549 1745 non
584 1713 655 1745 facit
686 1718 890 1755 praeceptum
917 1723 978 1745 ma-

32 1766 110 1805 lum,
134 1767 188 1798 sed
214 1767 316 1808 potius
341 1771 468 1799 econtra
488 1771 721 1808 praeceptam,
747 1768 830 1809 quod
856 1771 902 1799 est
928 1777 978 1809 po-

30 1819 141 1851 tentius
169 1822 198 1851 et
230 1820 391 1861 superius,
423 1819 494 1852 fecit
524 1820 767 1861 asportatiouem
800 1821 913 1852 bonam
948 1825 978 1852 et

30 1871 232 1910 meritoriam,
257 1880 337 1912 quae
361 1871 439 1904 alias
470 1875 551 1904 esset
575 1872 742 1913 culpabilis
771 1876 801 1904 et
826 1872 916 1904 mala.
934 1891 978 1896 —

31 1923 126 1956 Sancti
151 1924 247 1965 igitur
270 1928 300 1956 et
323 1933 432 1957 omnes
457 1924 605 1956 Catholici
631 1925 753 1963 dicunt,
778 1925 894 1957 coitum
921 1935 977 1967 per

31 1977 260 2009 Sacramentum
287 1977 475 2009 matrimonii
500 1978 659 2009 excusari
680 1987 698 2009 a
720 1978 811 2019 culpa
837 1979 976 2017 mortali,

30 2030 162 2062 maxime
186 2030 312 2071 quando
336 2030 436 2071 gratia
460 2030 556 2072 prolis
577 2030 620 2062 tit.

114 2083 171 2115 Sed
197 2083 235 2115 de
259 2083 353 2114 modo
370 2083 544 2115 excusandi
561 2087 608 2116 est
624 2084 744 2125 duplex
766 2084 883 2126 opinio:
902 2084 976 2126 quia

0 2142 17 2172 [ᾳ
31 2134 154 2176 quidam
180 2135 350 2167 voluerunt
373 2135 493 2175 dicere,
525 2137 609 2177 quod
635 2140 808 2169 excusatur
840 2146 859 2168 a
884 2137 977 2179 culpa

0 2169 178 2226 ffimoriati,
203 2189 257 2221 sed
283 2198 343 2220 non
368 2198 386 2221 a
410 2189 537 2227 veniali,
563 2190 636 2231 quia
652 2190 784 2222 mortale
810 2190 843 2222 fit
869 2191 910 2222 ibi
928 2200 977 2223 ve-

30 2240 115 2273 niale.
140 2241 194 2273 Alii
220 2241 386 2280 dixerunt,
411 2246 440 2274 et
465 2242 523 2274 hoc
548 2242 673 2274 videtur
695 2243 811 2275 sentire
835 2244 977 2285 Augusti-

31 2300 87 2324 nus
99 2292 120 2331 ³,
137 2293 220 2334 quod
245 2303 317 2326 cum
338 2294 423 2325 Dens
446 2295 619 2336 perfectum
639 2295 701 2327 det·
715 2295 890 2327 remedium
908 2305 978 2328 con-

0 2353 16 2375 2.
31 2347 76 2376 tra
91 2346 251 2384 morbum,
268 2346 353 2388 quod
370 2347 496 2388 quando
513 2347 612 2388 gratia
629 2348 726 2389 prolis
743 2348 854 2387 coitur,
876 2352 977 2389 potest

31 2404 94 2429 esse
109 2397 177 2429 sine
193 2398 284 2430 omni
299 2398 416 2440 σαίρω
433 2402 463 2430 et
481 2398 538 2431 hoc
555 2403 602 2431 est
619 2400 717 2440 magis
742 2408 912 2432 consonum
931 2409 977 2432 ra-

32 2448 101 2481 tioni
125 2454 155 2482 et
177 2451 282 2492 pietati
301 2451 383 2483 fidei.
397 2470 440 2474 —
455 2452 488 2483 Et
508 2452 726 2484 concedendae
743 2456 816 2484 sunt
841 2453 976 2485 rationes

32 2502 68 2534 ad
92 2503 165 2542 hoc,
190 2504 213 2536 si
240 2507 341 2536 tamen
360 2504 437 2536 haec
456 2505 584 2536 intentio
601 2505 694 2537 duret
718 2515 735 2537 a
760 2506 912 2547 principio
930 2515 978 2538 us-

101 2762 115 2785 1.
135 2761 198 2786 Cum
219 2763 243 2787 S.
264 2763 358 2787 BonaV.
379 2763 445 2788 duos
464 2770 565 2788 errores
585 2763 632 2788 sihi
653 2767 765 2789 extreme
788 2765 920 2795 oppositos
940 2772 978 2789 re-

34 2802 132 2836 probet,
154 2806 222 2829 viam
242 2805 290 2830 sibi
304 2807 393 2831 sternit
412 2806 445 2831 ad
458 2813 625 2831 communem
646 2807 712 2832 illins
726 2809 814 2833 aetatis
833 2808 977 2833 doctrinam

33 2846 212 2874 stabiliendam.
233 2849 368 2875 Secundus
393 2851 471 2881 igitur
491 2858 571 2881 error,
593 2852 637 2883 (1111
663 2859 739 2876 usum
759 2854 915 2877 matrimonii
935 2860 976 2883 ge-

34 2891 146 2916 neraliter
164 2900 212 2917 non
227 2901 282 2918 esse
303 2895 357 2919 sine
373 2899 478 2925 peccato
492 2897 613 2926 asseruit,
631 2903 644 2920 a
660 2897 813 2922 Manicliaeis
832 2897 976 2922 secundum

34 2935 139 2964 pessima
159 2943 248 2961 eornm
269 2939 392 2969 principia
416 2940 526 2970 pessime
548 2940 654 2965 traditus
674 2944 711 2965 est
733 2940 787 2971 (cfr.
808 2947 885 2971 supra
906 2948 928 2965 a.
954 2942 974 2966 1.

34 2984 57 3009 q.
75 2979 117 3012 l.);
139 2980 226 3005 habuit
245 2986 330 3006 tamen
349 2983 424 3006 ctiam
440 2984 504 3007 inter
523 2982 681 3015 Catholicos,
698 2984 745 3009 alia
760 2985 884 3015 principia
904 2984 977 3009 adhi-

35 3019 119 3046 bentes
132 3025 155 3047 et
168 3026 316 3049 sententiam
337 3026 494 3057 mitigantes,
509 3032 570 3051 suos
590 3026 738 3051 defensores
758 3026 813 3058 (ct'r.
829 3027 919 3059 Estius,
936 3028 976 3052 IV.

1932 261 1994 293 723

1042 355 1103 387 que
1134 346 1163 377 in
1196 346 1308 384 finem,
1333 350 1367 378 ut
1400 356 1461 378 non
1486 346 1671 379 deflectatur
1694 347 1733 379 ad
1767 347 1852 379 aliud
1887 357 2142 386 mensguotandnm.

1043 398 1126 439 quod
1154 403 1254 430 tamen
1280 402 1327 430 est
1351 399 1442 431 valde
1468 399 1593 432 difficile
1608 400 1629 430 ⁴.

1134 452 1159 481 1.
1186 452 1215 482 9..
1239 450 1267 482 3.
1293 451 1323 483 li.
1349 451 1391 483 Ad
1418 451 1492 484 illud
1519 461 1594 493 ergo
1618 453 1702 494 quod
1730 453 1886 493 obiicitur,
1910 455 1995 496 qnod
2024 463 2156 493 Soiuiioop-

1042 506 1089 534 cst
1113 503 1153 534 ibi
1185 504 1430 542 immoderatio,
1463 505 1685 543 deor-dinatio,
1718 506 1941 539 erubescentia
1965 512 1995 540 et
2011 491 2135 515 mmmm

1042 555 1162 592 libiam
1186 556 1374 595 dicendum,
1399 558 1483 598 quod
1510 558 1586 590 llaec
1610 563 1746 599 quatuor
1771 564 1903 600 possunt
1927 569 1995 592 esse

1043 607 1125 639 circa
1157 612 1260 640 actum
1295 609 1457 647 rationis,
1483 614 1537 642 aut
1567 611 1794 643 sensualitatis
1813 612 1833 643 ⁵.
1858 613 1886 643 Si
1913 613 1995 645 circa
2010 619 2132 641 Distinctio-

1043 664 1147 692 actum
1180 661 1341 698 rationis,
1371 671 1495 703 semper
1531 663 1648 695 faciunt
1673 665 1816 705 culpam,
1846 665 1919 708 quia
1956 666 1997 698 fa-

1042 712 1128 744 ciunt
1165 713 1282 745 malum
1314 715 1494 746 secandam
1524 726 1566 747 sc.
1604 716 1631 747 Si
1665 721 1769 749 autem
1803 722 1876 750 sunt
1911 719 1993 751 circa
2010 724 2137 745 Notandum-

1042 768 1147 797 actum
1187 766 1437 804 sensualitatis,
1474 768 1627 801 existente
1664 770 1873 802 ordinatione
1913 772 1995 804 circa

1043 821 1147 849 actum
1172 818 1336 855 rationis,-
1361 823 1433 850 tunc
1460 820 1516 852 ista
1533 822 1648 853 cedunt
1674 823 1701 853 in
1729 832 1879 864 poenam3
1904 829 1934 856 et
1951 825 1994 857 sic

1043 873 1089 902 est
1114 870 1143 901 111
1169 871 1337 912 proposito.
1362 872 1438 903 Nam
1472 882 1527 914 per
1554 874 1700 907 virtutem
1734 877 1925 909 sacramenti
1951 887 1996 909 ra-

1045 922 1085 953 tio
1110 922 1301 960 ordinatur,
1327 927 1361 954 ut
1377 924 1544 956 moderate
1569 926 1642 957 velit
1663 931 1693 958 et
1718 928 1869 960 ordinate
1893 928 1996 961 01110-

1042 979 1148 1012 nes-cm
1172 984 1229 1007 nec
1253 975 1291 1007 de
1317 976 1369 1008 illo
1401 980 1475 1009 actu
1506 978 1663 1010 erubescit
1688 979 1798 1019 liomo,
1830 982 1903 1023 quia
1929 983 1994 1014 vult

1043 1026 1123 1059 filios
1147 1037 1331 1069 procreare,
1356 1038 1413 1061 nec
1437 1030 1580 1071 improba
1605 1032 1763 1065 voluntate
1780 1035 1914 1075 appetit,
1940 1036 1993 1067 sed

1043 1084 1137 1112 casta.
1162 1081 1222 1112 Sed
1246 1081 1306 1113 nisi
1332 1082 1534 1115 interveniret
1559 1085 1740 1117 remedium
1764 1087 1995 1125 matrimonii,

1045 1136 1117 1165 tuuc
1149 1137 1230 1165 esset
1262 1134 1449 1167 inordinatio
1474 1145 1535 1167 non
1567 1137 1668 1169 solum
1704 1138 1732 1169 in
1764 1140 1996 1178 sensualitate,

1043 1186 1097 1217 sed
1122 1186 1215 1218 etiam
1234 1186 1263 1218 in
1288 1188 1437 1225 ratione;
1453 1193 1483 1220 et
1500 1189 1544 1221 sic
1568 1198 1692 1231 semper
1713 1195 1795 1223 esset
1822 1197 1995 1233 peccatum.

1044 1238 1129 1270 Unde
1147 1239 1213 1271 istis
1237 1243 1373 1281 quatuor
1391 1241 1501 1273 mediis
1526 1242 1645 1274 ostendi
1664 1247 1778 1284 potest,
1805 1245 1888 1286 quod
1906 1249 1993 1278 actus
2011 1251 2138 1273 Notandum,

1043 1292 1241 1332 generativae
1266 1297 1313 1324 est
1337 1298 1516 1334 peccatum,
1541 1295 1599 1327 nisi
1624 1301 1806 1328 excusetur.

1133 1345 1162 1376 5.
1187 1344 1230 1376 Ad
1249 1345 1327 1377 illud
1349 1347 1432 1387 quod
1457 1347 1618 1386 obiicitur,
1638 1349 1722 1390 quod
1747 1354 1793 1381 est
1818 1359 1913 1383 cansa
1931 1360 1997 1392 pec-

1042 1396 1118 1433 cati;
1144 1397 1330 1436 dicendum,
1348 1399 1431 1440 quod
1449 1399 1561 1431 falsum
1587 1404 1651 1439 est,
1676 1402 1749 1443 quia
1769 1406 1858 1435 actus
1885 1403 1934 1435 ille
1952 1413 1996 1437 se-

1042 1448 1181 1480 cundum
1207 1458 1239 1481 se
1272 1459 1333 1481 non
1358 1455 1404 1483 est
1435 1461 1529 1483 causa
1554 1453 1611 1484 nisi
1641 1454 1763 1494 protis,
1789 1456 1842 1487 sed
1877 1456 1995 1489 ratione
2013 1462 2141 1483 Notandum-

1043 1502 1163 1542 primae
1187 1504 1444 1544 transgressionis
1462 1505 1582 1546 prolem
1601 1507 1743 1547 generari
1768 1517 1827 1540 non
1846 1509 1997 1551 contingit

1042 1555 1108 1587 sine
1132 1555 1231 1597 calpa
1254 1566 1338 1594 saa,
1363 1567 1427 1588 non
1449 1559 1657 1599 generantis,
1682 1560 1756 1601 quia
1783 1570 1841 1592 non
1867 1567 1995 1604 propter

1042 1608 1167 1649 culpam
1190 1610 1401 1650 generantis,
1427 1611 1478 1642 sed
1506 1616 1634 1652 propter
1659 1613 1784 1654 culpam
1806 1615 1914 1655 primi
1940 1625 1997 1656 pa-

1042 1661 1145 1692 rentis
1170 1662 1309 1694 nascitur
1334 1663 1438 1703 proles
1462 1665 1632 1704 peccatrix.

1132 1715 1160 1745 6.
1186 1714 1228 1745 Ad
1253 1714 1331 1746 illud
1358 1715 1441 1756 quod
1467 1715 1614 1748 obiicitur
1638 1718 1677 1749 de
1701 1719 1812 1759 primis
1838 1720 1996 1760 motibus,

1042 1769 1143 1807 potest
1168 1766 1246 1805 dici,
1271 1768 1355 1808 quod
1380 1769 1569 1801 antecedunt
1593 1774 1696 1802 actum
1719 1771 1914 1813 coniugalem
1941 1783 1996 1806 nec

1042 1827 1167 1861 semper
1199 1824 1272 1852 sunt
1295 1824 1439 1862 peccata,
1465 1825 1499 1853 ut
1531 1826 1608 1863 puta
1632 1824 1758 1864 quando
1791 1830 1926 1866 surgunt
1955 1835 1995 1858 ex

1042 1872 1226 1913 cogitatione
1250 1873 1411 1911 ordinata,
1430 1878 1537 1916 utpote
1561 1876 1586 1907 si
1604 1876 1759 1908 Abraham
1785 1879 1935 1919 cogitaret
1951 1889 1997 1911 co-

1042 1933 1191 1965 gnoscere
1216 1934 1365 1965 uxorem,
1390 1930 1426 1958 ut
1449 1927 1605 1969 acciperet
1630 1929 1750 1970 prolem
1759 1942 1766 1968 3
1799 1934 1829 1962 et
1854 1934 1945 1970 tunc,
1970 1932 1994 1963 si

1042 1986 1114 2009 caro
1139 1982 1330 2017 moveretur,
1355 1988 1416 2011 non
1441 1985 1585 2021 peccaret
1599 1981 1621 2013 ⁶.

1131 2032 1160 2062 7.
1178 2031 1220 2063 Ad
1239 2031 1314 2064 illud
1334 2033 1419 2074 quod
1437 2033 1547 2065 ultimo
1564 2035 1745 2076 quaeritur:
1760 2045 1777 2067 a
1791 2045 1853 2077 quo
1870 2041 1996 2078 peccato

1041 2086 1198 2115 excusat?
1222 2084 1406 2123 dicendum,
1430 2087 1513 2127 quod
1541 2096 1558 2118 a
1584 2091 1723 2128 peccato,
1741 2098 1801 2120 non
1827 2090 1911 2130 quod
1933 2094 1995 2127 est,

1041 2136 1095 2168 sed
1121 2138 1203 2177 quod
1234 2136 1322 2168 alias
1353 2142 1448 2176 esset,
1472 2139 1531 2171 nisi
1561 2140 1796 2173 matrimonium
1832 2142 1996 2174 interveni-

1041 2192 1098 2220 ret.
1112 2208 1155 2212 »-
1169 2190 1253 2222 Unde
1271 2190 1425 2222 differenti
1445 2193 1538 2223 modo
1555 2197 1601 2225 est
1619 2194 1793 2226 remedium
1817 2195 1995 2227 Sacramen-
2010 2201 2043 2231 Afi
2059 2204 2140 2231 quaest-

1042 2247 1105 2274 tum
1132 2243 1322 2274 matrimonii
1348 2248 1379 2275 et
1395 2244 1455 2275 alia
1479 2245 1688 2277 Sacramenta.
1714 2247 1774 2278 Hoc
1792 2247 1873 2279 enim
1900 2252 1946 2279 est
1964 2249 1993 2279 in
2024 2228 2089 2249 'nem'

1041 2295 1233 2334 remedium,
1258 2297 1331 2337 qnia
1356 2296 1428 2328 facit
1454 2297 1551 2329 vitare
1576 2302 1749 2339 peccatum,
1775 2300 1859 2340 quod
1886 2300 1995 2332 incar-

1042 2353 1191 2386 reiciam
1213 2348 1275 2380 alia
1292 2358 1367 2381 vero
1395 2350 1529 2382 liberant
1545 2360 1563 2382 a
1588 2355 1728 2393 peccato,
1758 2353 1787 2383 111
1818 2353 1903 2394 quod
1932 2353 1993 2385 iam

1041 2401 1112 2442 quis
1143 2405 1189 2432 cst
1221 2401 1359 2443 lapsas;
1390 2412 1446 2443 pro
1478 2407 1564 2435 tanto
1587 2409 1693 2436 autem
1727 2409 1864 2446 praestat
1898 2415 1994 2438 reme-

1042 2453 1147 2491 dium,
1173 2454 1247 2495 quia
1275 2458 1363 2486 actus
1388 2455 1427 2486 de
1456 2463 1488 2486 se
1521 2455 1718 2489 inordinatus
1750 2458 1915 2489 ordinatur
1939 2468 1995 2499 per

1043 2507 1185 2538 divinum
1211 2510 1363 2539 statutum
1380 2507 1400 2538 ⁷.

865 2635 1158 2676 SOHOLION.

1043 2766 1110 2789 sont.
1132 2764 1156 2789 d.
1177 2766 1217 2789 31.
1238 2765 1252 2797 ’3
1272 2766 1317 2797 6.).
1339 2766 1451 2790 Primum
1472 2771 1558 2791 autem
1578 2773 1707 2798 errorem,
1728 2769 1771 2799 qui
1792 2772 1877 2793 actum
1899 2771 1997 2794 nutriti-

1042 2815 1090 2833 vae
1110 2809 1237 2839 potentine
1257 2812 1281 2834 et
1305 2810 1469 2839 generatime
1495 2816 1584 2840 parem
1611 2817 1667 2835 csse
1687 2811 1773 2842 11110011
1800 2813 1993 2843 corruptionem

1042 2852 1151 2883 iudicat,
1173 2852 1264 2877 eadem
1285 2859 1315 2877 ac
1334 2854 1358 2877 S.
1380 2853 1475 2877 Bonav.
1502 2855 1598 2878 ratione
1621 2855 1752 2885 improbat
1772 2856 1796 2880 S.
1823 2856 1916 2881 Thom.
1937 2857 1995 2888 (liin-

1041 2904 1066 2928 q.
1087 2897 1110 2921 ·1.
1130 2904 1152 2921 a.
1178 2898 1196 2921 l.
1217 2896 1250 2921 ad
1275 2898 1297 2928 l;
1319 2898 1410 2928 Suppl.
1429 2905 1453 2929 q.
1476 2897 1516 2922 49.
1537 2906 1559 2923 a.
1587 2899 1605 2922 1.
1624 2898 1657 2923 ad
1683 2900 1712 2930 l.)
1733 2900 1827 2925 scilicet
1851 2910 1861 2923 «
1876 2902 1936 2933 quia
1957 2903 1996 2926 vis

1042 2941 1204 2971 generativa,
1227 2948 1272 2971 per
1293 2948 1370 2972 qnam
1391 2942 1515 2972 originale
1536 2941 1691 2973 traducitur,
1714 2947 1752 2968 est
1772 2942 1865 2975 infecta
1887 2949 1910 2969 et
1936 2951 1995 2970 cor-

1041 2985 1122 3017 rapta
1130 2994 1140 3016 ,·
1154 2984 1283 3010 nutritiva
1296 2988 1397 3017 antem,
1418 2992 1464 3016 per
1478 2992 1557 3018 quam
1573 2993 1621 3010 non
1644 2987 1793 3018 traduc-Itur,
1808 2993 1845 3013 cst
1865 2990 1993 3020 corrupta

1041 3031 1065 3053 et
1084 3034 1138 3053 non
1157 3027 1254 3060 infecta
1269 3038 1279 3050 »
1297 3033 1343 3054 ete.
1365 3029 1434 3054 Hanc
1449 3029 1584 3054 formulam
1605 3031 1716 3062 antiqui-2·
1731 3032 1858 3062 magistris
1879 3038 1993 3056 commu-

102 3202 110 3218 ¹
131 3204 202 3230 Vei-s.
222 3205 245 3230 6.
265 3208 289 3231 et
313 3207 356 3231 19:
377 3207 451 3232 irruit
479 3208 565 3239 itaque
590 3208 614 3231 111
640 3215 699 3232 eum
730 3209 840 3239 Spiritus
869 3209 978 3233 Domini.

36 3243 113 3271 Codd.
132 3248 240 3280 allegant
259 3257 280 3274 c.
302 3248 350 3282 16,
372 3252 396 3275 in
417 3259 469 3283 quo
484 3251 515 3276 de
531 3255 612 3276 morte
626 3252 768 3277 Samsonis.
781 3266 817 3270 —
830 3252 894 3278 Osee
914 3254 937 3284 l,
953 3255 977 3278 2.

104 3289 114 3305 ²
131 3291 208 3316 Exod.
224 3294 252 3324 3,
267 3294 308 3318 21.
322 3301 390 3326 seq.;
416 3296 438 3319 11
454 3315 459 3326 ,
480 3296 503 3319 2.
524 3303 577 3327 seq.
592 3299 617 3320 et
635 3296 676 3326 12,
692 3296 733 3320 35.
747 3303 800 3328 seq.
815 3296 865 3321 Csr.
880 3297 896 3322 1.
912 3298 979 3322 Sent.

36 3331 61 3356 d.
84 3332 122 3358 47.
142 3342 166 3366 q.
187 3335 209 3360 4.
228 3349 264 3354 —
283 3337 330 3362 Pro
349 3337 456 3364 vitietur
474 3339 533 3363 edd.
553 3338 632 3364 vitiet.
652 3339 701 3364 Cl‘r.
723 3340 786 3364 infra
807 3340 870 3365 dub.
891 3342 914 3366 5.

104 3375 114 3392 3
134 3377 197 3403 Vide
217 3380 257 3404 liic
276 3380 308 3405 lit.
329 3382 454 3413 Magistri,
476 3389 497 3407 c.
517 3382 541 3407 ὃ.
562 3390 634 3414 seqq.

1114 3210 1123 3225 ⁴
1143 3210 1192 3235 Cl'r.
1214 3212 1335 3242 August,
1358 3211 1389 3235 (κ)
1412 3212 1480 3235 Bono
1500 3213 1641 3243 conitignli,
1663 3220 1681 3236 c
1709 3214 1745 3236 111.
1768 3220 1789 3237 n.
1816 3214 1853 3237 iJi.

1114 3254 1125 3269 5
1144 3253 1193 3278 Cn.
1216 3254 1239 3278 ll.
1261 3255 1328 3278 Sent.
1350 3255 1373 3279 d.
1396 3255 1436 3279 22.
1460 3262 1485 3285 p.
1507 3256 1531 3279 tl.
1553 3262 1599 3286 per
1620 3259 1704 3280 iotam.

1114 3297 1124 3313 ὓ
1146 3297 1208 3321 Vide
1229 3298 1253 3321 ll.
1275 3298 1341 3322 Seni.
1364 3298 1388 3322 d.
1409 3299 1449 3322 -21,
1470 3298 1532 3323 dno.
1555 3299 1576 3323 4.

1114 3340 1124 3356 ⁷
1143 3340 1192 3365 Cl'r.
1213 3348 1290 3372 supra
1311 3341 1336 3366 d.
1360 3342 1399 3365 26.
1427 3350 1448 3366 a.
1469 3343 1491 3366 2.
1513 3350 1536 3373 q.
1564 3343 1586 3367 2.

1045 3384 1171 3415 negant-n.

1613 3347 1636 3367 vt
1656 3350 1679 3375 q.
1701 3343 1724 3367 3.
1752 3344 1784 3368 ad
1808 3344 1827 3368 1.
1854 3351 1902 3375 pro
1923 3349 1995 3376 parte
