2483 3882
10 918 137 940 Notandum.

57 1180 136 1201 Simile.

9 1338 87 1359 Solutio
103 1338 122 1363 2,

0 1365 74 1386 melior.

16 1652 134 1674 Notandum

0 1678 20 1700 le
34 1680 46 1701 3
62 1679 133 1705 signis.

771 245 863 276 DIST.
888 244 909 276 I.
932 244 962 276 P.
987 245 1007 276 t.
1031 245 1102 276 ΛΒΤ

156 335 238 368 enim
271 343 366 366 causa.
397 337 510 366 natura
541 334 627 375 prior
651 332 730 370 θεῖ’,
756 336 786 364 θῖ
818 332 887 364 ideo
911 341 929 363 a
958 332 1102 365 sensibus

155 387 270 419 nostris
294 386 457 425 remotior3
478 388 508 418 et
531 386 604 427 quia
628 385 811 426 significatio
828 389 874 417 est
896 393 952 426 per
968 385 997 417 id
1018 385 1101 426 quod

156 443 202 472 est
218 439 308 471 nobis
325 439 554 481 propinquum,
579 438 648 470 ideo
665 437 877 479 significamus
901 446 1028 470 causam
1046 447 1102 479 per

156 492 315 531 effectum,
340 501 400 524 non
424 500 441 523 e
465 499 623 523 converso.
656 490 713 522 Sed
745 490 803 522 hoc
827 499 887 521 non
920 493 966 522 est
990 499 1101 522 verum

155 544 186 576 in
203 545 371 586 proposito.
390 544 468 584 Quia
484 543 566 575 enim
584 543 819 575 Sacramentum
839 552 898 574 non
920 543 1015 575 habet
1031 552 1103 574 vere

156 597 307 629 rationem
326 604 451 634 causae,
476 604 533 628 nec
550 595 650 637 gratia
673 595 824 628 rationem
843 595 1007 634 effectus&
1033 596 1102 628 ideo

155 649 254 691 gratia
278 648 442 682 sublimior
473 651 520 680 est
543 652 574 680 et
596 658 614 679 a
639 648 783 680 sensibus
804 649 918 681 nostris
943 649 1101 687 remotior,

155 705 185 734 et
208 701 368 743 corporale
397 700 486 732 nobis
510 704 557 733 est
588 701 813 743 propinquius:
840 701 909 734 ideo
938 705 1021 734 recte
1046 710 1102 742 per

155 754 231 786 illud
262 754 361 795 gratia
385 753 589 795 significatur,
615 763 674 786 non
704 763 720 786 e
745 763 905 787 converso.
929 754 1101 796 propositio

155 815 229 838 vero
253 806 307 838 illa
330 806 434 838 locum
460 807 554 839 babet
577 807 607 839 in
632 816 707 839 vera
732 816 835 839 causa.

241 858 269 890 3.
294 859 337 891 Ad
364 858 441 890 illud
463 859 547 900 quod
572 859 732 897 obiicitur,
754 860 836 901 quod
863 860 1100 892 Sacramentum

153 921 213 944 non
238 911 390 953 signifieat
406 912 557 953 parvulo;
584 912 771 951 dicendum,
796 913 878 954 quod
905 912 1028 954 signum
1047 913 1102 945 du-

153 964 263 1005 plicem
289 964 383 996 habet
411 964 692 1005 comparationem:
718 968 748 996 et
780 965 819 996 ad
844 965 922 996 illud
955 965 1038 1006 quod
1064 965 1101 997 si-

153 1016 293 1058 gnificat,
318 1019 348 1048 et
372 1016 409 1048 ad
436 1016 512 1048 illud
532 1016 581 1048 cui
606 1016 776 1057 significat;
800 1020 830 1049 et
862 1016 961 1058 prima
988 1021 1034 1049 est
1058 1026 1101 1049 es-

153 1068 289 1101 sentialis
313 1073 343 1100 et
367 1068 461 1100 habet
485 1068 585 1110 ipsam
610 1077 735 1111 semper
759 1069 789 1100 in
815 1073 903 1108 actu,
929 1069 1099 1101 secundam

151 1126 254 1153 autem
281 1121 375 1153 habet
399 1121 429 1152 in
454 1121 579 1157 habitu:
604 1125 633 1153 et
657 1131 675 1153 a
699 1122 802 1163 prima
822 1121 938 1154 dicitur
954 1122 1097 1164 siguum,

152 1183 211 1205 non
236 1183 254 1205 a
278 1174 424 1206 secunda.
450 1174 536 1206 Unde
561 1174 700 1207 circulus
721 1183 817 1216 super
842 1175 1005 1207 tabernam
1023 1183 1101 1207 sem-

151 1235 207 1268 per
223 1230 269 1258 est
286 1226 420 1268 signum,
434 1227 525 1258 etiam
545 1228 569 1259 si
586 1227 695 1259 nullus
708 1227 851 1268 aspiciat,
866 1227 908 1259 sic
922 1228 1099 1259 Sacramen-

152 1283 218 1312 tum
233 1288 357 1321 semper
371 1279 494 1321 signum
513 1284 568 1319 est,
586 1280 731 1322 quamvis
747 1280 855 1313 nullus
873 1284 1101 1322 cognoscat.—

152 1332 210 1364 Sed
228 1335 330 1364 tamen
347 1332 452 1364 adhuc
476 1341 536 1364 non
562 1332 705 1371 solvitur,
719 1333 809 1374 quia,
831 1333 976 1374 quamvis
1000 1333 1040 1365 sit
1063 1333 1100 1365 si-

151 1394 264 1426 gnum,
289 1394 349 1416 non
380 1388 483 1416 tamen
512 1385 665 1426 significat
694 1384 780 1417 liuic.
812 1386 883 1418 [deo
915 1386 1099 1424 dicendum,

152 1437 235 1479 quod
256 1437 336 1470 sicut
357 1438 491 1479 parvulo
520 1437 635 1470 sufficit
651 1438 730 1470 fides
753 1438 885 1476 aliena³,
904 1438 944 1469 ita
970 1437 1098 1476 sufficit,

150 1490 233 1532 quod
258 1490 451 1531 significetur
469 1491 526 1532 ipsi
549 1491 683 1532 parvulo
700 1490 731 1522 in
748 1490 828 1522 alio:
844 1491 930 1523 unde
955 1490 1099 1532 quamvis

150 1551 209 1574 non
235 1542 387 1584 significet
411 1543 437 1574 ei
463 1542 493 1574 in
519 1551 566 1581 se,
592 1542 745 1584 significat
770 1546 874 1574 tamen
898 1543 927 1574 in
953 1543 1023 1574 alio.

235 1595 265 1626 lt.
289 1595 332 1627 Ad
366 1594 444 1626 illud
477 1595 560 1637 quod
589 1595 749 1632 obiicitur,
779 1604 841 1637 quo
873 1604 987 1637 genere
1019 1595 1098 1637 signi

149 1648 342 1686 continetur;
367 1648 553 1687 dicendum,
579 1648 663 1690 quod
696 1648 802 1690 aliqua
831 1649 1032 1681 Sacramenta
1063 1648 1100 1680 si-

149 1700 376 1742 gnificaverunt
400 1701 484 1742 quod
501 1699 658 1743 futurum
683 1705 764 1738 erat,
782 1704 817 1733 ut
842 1701 969 1743 legalia:
993 1701 1099 1743 aliqua

150 1753 232 1795 quod
254 1754 492 1795 praeteritum,
517 1758 552 1786 ut
575 1755 776 1787 Sacramenta
808 1758 932 1793 nostra,
957 1763 1038 1796 quae
1063 1754 1100 1787 si-

150 1806 296 1847 gnificant
312 1806 488 1847 passionem
505 1807 723 1848 praeteritam,
741 1807 821 1839 sicut
837 1806 912 1839 dicit
928 1807 1035 1839 Glossa
1052 1816 1100 1839 su-

149 1867 205 1900 per
229 1858 307 1891 illud
332 1859 372 1891 ad
389 1860 543 1891 Romanos
568 1863 658 1891 sexto
672 1859 697 1891 4:
719 1859 904 1901 Consepulti
923 1859 998 1891 estis
1022 1863 1096 1892 eto:

156 1912 345 1953 «Quidquid
371 1915 493 1953 gestum
519 1916 566 1944 est
590 1912 620 1944 in
638 1921 732 1945 cruce
756 1913 886 1951 Christi,
908 1912 938 1944 in
964 1913 1012 1945 his
1036 1922 1097 1945 non

149 1967 269 1996 tantum
293 1964 400 2003 dictis,
425 1965 480 1997 sed
497 1965 590 1997 etiam
613 1965 708 2006 gestis
725 1965 881 2006 figuratur
897 1978 932 2003 »;
958 1965 1097 2008 loquitur

149 2016 187 2048 de
222 2017 438 2049 Sacramentis.
463 2018 540 2049 Sunt
571 2018 663 2049 etiam
697 2017 785 2059 signa
818 2018 1096 2056 demonstrativa,

147 2068 221 2109 quia
237 2069 411 2110 significant
434 2070 517 2111 quod
535 2070 668 2109 donant;
693 2071 777 2103 unde
794 2071 955 2112 duplicem
981 2071 1097 2103 habent

148 2122 424 2163 significationem,
460 2123 620 2164 propriam
658 2123 774 2156 scilicet
810 2127 840 2156 et
874 2124 1095 2165 allegoricam:

1105 270 1111 276 .
1138 246 1268 278 uuicos
1291 246 1444 287 Quaesr.
1470 247 1501 278 11.

1167 334 1326 375 propriam
1345 337 1489 375 respectu
1511 334 1710 375 praesentis,
1729 334 1781 367 sed
1800 335 1998 376 allegoricam
2018 344 2120 377 respe-

1167 390 1219 418 ctu
1240 387 1422 428 praeteriti.
1436 406 1479 410 -—
1496 387 1585 428 Quod
1609 396 1684 428 ergo
1707 387 1864 425 obiicitur,
1889 388 1972 429 quod
1991 388 2117 429 signum

1166 442 1197 470 et
1220 438 1377 479 signatum
1395 439 1488 470 simul
1514 442 1586 470 sunt
1603 443 1732 477 natura3
1758 439 1941 478 dicendum,
1966 440 2050 481 quod
2069 449 2118 472 ve-

1167 500 1239 522 rum
1263 495 1310 523 est
1334 492 1393 524 suh
1411 492 1528 524 ratione
1552 492 1658 534 siqui,
1675 501 1736 523 non
1753 496 1857 524 autem
1876 496 2015 533 oportet,
2032 493 2117 534 quod

1167 544 1260 575 simul
1286 544 1345 576 sub
1377 545 1496 576 ratione
1530 545 1581 576 rei
1609 544 1798 577 substratae
1813 545 1835 583 ⁵,
1868 545 2015 587 quoniam
2042 546 2117 578 haec

1166 595 1295 627 intentio
1326 596 1488 637 signorum
1520 606 1581 628 non
1606 597 1709 638 ponit,
1743 606 1808 629 rem
1843 606 1910 629 esse
1944 597 2002 630 nisi
2031 597 2117 638 apud

1166 648 1313 679 animam.
1331 667 1373 671 —-
1390 649 1548 688 Similiter,
1580 650 1665 691 quod
1690 650 1845 688 obiicitur,
1878 650 1961 691 quod
1987 650 2011 682 si
2045 653 2117 682 sunt

1166 701 1426 739 demonstrativa,
1452 705 1525 734 tunc
1550 706 1622 734 sunt
1646 702 1740 741 salsa3
1766 702 1952 742 dicendum,
1977 703 2061 745 quod
2083 703 2120 735 si-

1166 762 1262 795 gnum
1300 753 1458 795 duplicem
1496 754 1589 787 habet
1625 755 1806 794 veritatem,
1839 759 1874 787 ut
1909 755 1983 787 dicit
2017 756 2119 788 Ansel-

1167 806 1279 838 mus‘⁵:
1305 815 1400 837 unam
1426 806 1465 838 ab
1489 806 1709 845 institutione,
1734 808 1826 839 aliam
1845 808 1885 839 ab
1908 818 1982 840 usu.
2008 808 2051 840 Ah
2074 809 2118 840 in-

1164 858 1349 896 stitutione,
1375 859 1448 900 quia
1473 859 1617 900 imposita
1642 863 1688 891 est
1712 860 1750 891 ad
1776 860 1834 892 hoc
1857 860 2115 901 significandunu

1165 915 1195 944 et
1220 912 1296 944 haec
1329 912 1445 944 veritas
1477 921 1537 943 non
1563 916 1664 953 potest
1696 913 1882 954 permutari.
1915 913 1979 945 Alia
2003 914 2117 945 veritas

1165 967 1211 996 est
1236 964 1410 996 secundum
1429 974 1543 1002 usum,
1569 964 1686 997 scilicet
1703 965 1829 1006 quando
1854 965 2007 1006 signiticat
2024 966 2116 1005 illud,

1164 1018 1203 1049 ad
1229 1017 1313 1059 quod
1338 1021 1385 1050 est
1409 1017 1550 1049 instituta
1573 1026 1630 1058 per
1661 1027 1766 1057 usum,
1791 1021 1821 1050 et
1845 1018 1925 1051 hanc
1953 1019 2116 1051 veritatem

1164 1070 1286 1101 amittit.
1311 1070 1440 1110 Signum
1466 1070 1562 1110 igitur
1586 1070 1813 1102 sacramentale
1830 1074 1983 1112 quantum
2001 1071 2041 1103 ad
2058 1072 2118 1112 pri-

1165 1131 1247 1154 mam
1274 1131 1397 1163 semper
1423 1127 1469 1155 est
1493 1132 1620 1161 verum3
1653 1123 1797 1155 similiter
1821 1127 1975 1165 quantum
2009 1124 2048 1155 ad
2074 1133 2118 1156 se-

1164 1176 1299 1207 cundam
1326 1184 1449 1216 semper
1474 1179 1521 1207 est
1552 1184 1682 1214 verum,
1707 1180 1859 1217 quantum
1885 1181 1932 1208 est
1963 1185 2002 1209 ex
2028 1180 2116 1218 parte

1163 1228 1219 1260 sui
1242 1228 1307 1260 sive
1331 1228 1423 1260 etiam
1450 1228 1577 1266 (lautis,
1603 1228 1658 1260 sed
1676 1228 1849 1270 impeditur
1873 1229 1974 1261 solum
1993 1238 2011 1261 a
2028 1233 2116 1271 parte

1162 1281 1387 1322 Stlscipienlis:
1414 1281 1483 1313 ideo
1504 1281 1741 1313 Sacramentum
1758 1291 1819 1313 non
1844 1281 2041 1321 falsificatur,
2061 1283 2116 1315 sed

1164 1333 1245 1366 male
1270 1334 1425 1375 recipiens
1449 1333 1546 1366 falsus
1570 1337 1600 1366 et
1624 1333 1716 1366 fictus
1741 1334 1930 1366 iudicatur⁷.

1254 1388 1282 1418 5.
1307 1386 1351 1418 Ad
1376 1386 1455 1418 illud
1477 1387 1561 1428 quod
1586 1387 1746 1426 obiicitur,
1771 1387 1856 1429 quod
1873 1397 1933 1419 non
1959 1391 2005 1420 est
2030 1392 2116 1420 natu-

1164 1438 1230 1470 rale
1261 1447 1318 1471 nec
1353 1439 1586 1476 voluntarium3
1612 1439 1798 1478 dicendum,
1823 1440 1906 1481 quod
1937 1440 2116 1473 Sacramen-

1164 1494 1231 1522 tum
1257 1490 1458 1523 habilitatem
1480 1491 1519 1523 ad
1545 1492 1787 1533 significandum
1809 1493 1903 1525 habet
1927 1502 1966 1525 ex
1986 1498 2116 1533 natura,

1163 1543 1217 1575 sed
1243 1543 1470 1576 actualitatem
1494 1544 1589 1576 habet
1613 1553 1654 1576 ex
1671 1545 1874 1577 institutione.
1901 1546 1987 1578 Unde
2004 1546 2090 1587 Ilugo
2106 1546 2115 1561 ⁵

1163 1596 1255 1634 dicit,
1273 1596 1357 1638 quod
1388 1596 1475 1628 «tria
1492 1600 1565 1628 sunt
1589 1596 1619 1628 in
1637 1597 1850 1630 sac-ramento:
1875 1598 2058 1630 similitudo
2076 1608 2116 1631 ex

1163 1648 1336 1686 creatione,
1360 1647 1562 1690 siqnisiectlio
1586 1658 1626 1680 ex
1657 1649 1865 1689 institutione,
1894 1650 2116 1691 sanctificatio

1163 1708 1202 1732 ex
1229 1700 1452 1733 benedictione.
1480 1700 1581 1732 Prima
1598 1704 1644 1732 est
1669 1701 1767 1733 indita
1783 1710 1841 1743 per
1865 1702 2055 1741 Creatorem,
2073 1712 2118 1735 se-

1163 1753 1267 1786 cunda
1290 1753 1438 1786 adiuncta
1462 1762 1519 1795 per
1542 1753 1753 1793 Salvatorem,
1779 1755 1870 1786 tertia
1899 1755 2117 1787 administrata

1163 1816 1219 1848 per
1244 1807 1539 1848 dispensatorem».
1564 1826 1609 1830 —
1629 1807 1719 1848 Quod
1752 1816 1826 1849 ergo
1850 1808 2006 1847 obiicitur,
2032 1809 2117 1850 quod

1162 1863 1209 1892 est
1232 1860 1296 1892 Deo
1321 1859 1534 1892 voluntarium
1561 1860 1651 1892 nohis
1675 1864 1722 1892 est
1748 1861 1906 1900 naturale3
1932 1862 2115 1901 dicendum,

1161 1913 1246 1954 quod
1272 1922 1383 1945 verum
1408 1917 1468 1953 est,
1494 1914 1517 1946 si
1544 1913 1596 1946 det
1620 1914 1664 1946 rei
1691 1913 1768 1946 illud
1794 1923 1855 1946 non
1877 1915 1997 1954 solum,
2023 1918 2058 1947 ut
2082 1915 2117 1947 itt

1162 1976 1200 1998 ea
1224 1966 1280 2005 sit,
1306 1967 1360 1998 sed
1385 1967 1478 1998 etiam
1504 1970 1539 1998 ut
1564 1967 1602 1999 sit
1626 1967 1667 1999 ub
1692 1977 1747 2005 eu,
1775 1968 1817 1999 ita
1835 1968 1918 2010 quod
1944 1968 1983 2000 sit
2000 1977 2017 2000 a
2035 1969 2119 2010 prin-

1162 2019 1250 2061 cipiis
1274 2018 1424 2058 subiecti3
1449 2022 1479 2051 et
1503 2019 1577 2060 quia
1600 2019 1671 2052 talis
1696 2020 1775 2052 ratio
1799 2029 1860 2052 non
1886 2024 1932 2053 est
1956 2020 1986 2052 in
2012 2021 2117 2053 Sacra-

1161 2072 1292 2110 mentis,
1316 2072 1386 2104 ideo
1411 2081 1484 2104 vere
1510 2076 1540 2104 et
1564 2073 1690 2114 proprie
1715 2077 1789 2105 sunt
1817 2073 2003 2105 voluntaria.
2021 2094 2065 2097 ψ
2083 2075 2116 2106 Et

1161 2124 1205 2157 sic
1228 2128 1326 2166 patet,
1352 2125 1436 2166 quod
1462 2128 1535 2157 sunt
1560 2125 1664 2166 signa,
1689 2130 1719 2157 et
1744 2125 1880 2167 qualiter
1905 2126 2079 2168 significant
2094 2127 2115 2159 ⁰.

219 2503 310 2528 lEdd.
339 2504 459 2535 supplent
487 2504 587 2537 effectu.
609 2519 645 2523 —
664 2505 779 2537 Ariston,
812 2506 837 2530 ll.
870 2507 965 2531 Foster.
998 2513 1018 2532 c.
1057 2506 1094 2531 17.

147 2546 180 2577 (c.
205 2546 267 2579 14.);
288 2546 369 2572 Causa
389 2548 457 2572 enim
477 2549 549 2578 prius
568 2551 606 2573 est
624 2556 668 2580 eo,
689 2550 762 2574 cuius
781 2553 819 2575 est
838 2557 923 2575 causa.
943 2551 971 2575 Et
989 2551 1003 2575 l.
1019 2551 1094 2581 Phys,

149 2592 207 2615 text.
229 2591 251 2615 2.
272 2590 305 2622 (c.
326 2590 376 2622 =l.):
396 2591 480 2616 innata
495 2594 579 2616 autem
600 2596 680 2617 estex
700 2592 843 2617 notioribus
858 2592 932 2618 uobis
946 2594 986 2618 via
1007 2597 1030 2618 et
1044 2600 1095 2618 ma-

148 2634 321 2659 nifestioribus
341 2634 372 2659 ad
393 2636 564 2659 manifestiora
581 2636 696 2661 naturae
715 2638 739 2660 et
759 2637 869 2665 notiora;
890 2643 939 2660 non
954 2637 1021 2661 enim
1036 2639 1095 2661 sunt

146 2678 237 2702 eadem
267 2680 291 2702 et
319 2678 393 2703 nobis
418 2682 475 2703 nota
503 2682 527 2704 et
552 2680 710 2710 simpliciter.
736 2680 900 2711 Quapropter
929 2687 1033 2705 necesse
1058 2684 1095 2706 est

146 2721 179 2745 ad
199 2722 266 2746 hunc
286 2722 395 2746 modum
415 2722 557 2753 procedere
576 2729 605 2747 ex
625 2723 880 2748 immanifestiOribus
896 2723 1001 2755 quidem
1023 2727 1095 2748 natu-

146 2771 202 2796 rae,
226 2765 301 2790 nobis
327 2768 412 2790 autem
439 2765 657 2791 manifestioribus
682 2766 714 2791 ad
740 2767 913 2791 manifestiora
941 2770 1045 2792 naturae
1071 2771 1095 2792 et

147 2809 255 2833 notiora.

217 2851 227 2867 2
247 2851 296 2876 Csr.
318 2853 380 2876 intra
396 2859 420 2884 q.
436 2852 459 2876 li.
473 2866 507 2870 —
522 2853 627 2878 interius
645 2861 691 2885 pro
709 2855 734 2879 et
752 2854 892 2888 corporale
906 2855 965 2880 edd.
980 2856 1004 2880 et
1016 2855 1095 2880 etium

149 2894 211 2927 quia
232 2895 379 2928 corporale.
401 2896 510 2920 Eaedem
530 2896 589 2921 edd.
610 2898 633 2921 in
650 2898 698 2922 tine
712 2898 786 2923 solut.
806 2898 906 2923 addunt
918 2898 986 2924 sicul
1005 2899 1042 2924 est
1055 2898 1096 2924 sol

145 2939 171 2963 et
194 2938 267 2964 luna.
295 2939 341 2963 Pro
367 2939 513 2972 Propositio
538 2947 600 2966 vero
626 2941 701 2966 codd.
722 2942 739 2966 E
754 2943 775 2966 K
789 2942 807 2966 L
822 2943 841 2966 M
857 2942 879 2967 X
894 2950 923 2967 aa
948 2942 1094 2975 Propositio

145 2981 236 3015 iyitur.

218 3025 228 3041 ³
246 3025 311 3050 Vide
331 3027 394 3051 int'ra
414 3034 439 3058 p.
459 3028 484 3052 lt.
505 3035 526 3052 a.
552 3029 570 3053 1.
592 3036 616 3061 q.
637 3030 660 3053 2.
680 3032 704 3054 et
723 3029 748 3054 d.
770 3029 792 3054 4.
813 3037 837 3061 p.
858 3031 883 3055 ll.
904 3038 926 3055 a.
946 3032 969 3055 2.
984 3038 1008 3062 q.
1028 3031 1046 3055 i.
1062 3045 1094 3049 —

146 3071 298 3102 Exemplum
319 3071 351 3095 tle
371 3070 471 3097 circulo
497 3073 547 3097 iam
572 3075 683 3098 occurrit
707 3075 731 3098 in
759 3075 823 3105 [lug.
845 3082 857 3099 a
878 3075 903 3099 S.
924 3076 1002 3107 VicL,
1023 3077 1093 3100 Sum.

147 3114 214 3138 Sent.
236 3117 265 3138 tr.
287 3113 310 3139 4.
331 3122 352 3139 c.
379 3116 396 3139 l.
418 3129 451 3132 —
470 3116 528 3141 Post
548 3116 620 3142 Unde
640 3117 697 3142 cod.
717 3118 735 3141 Z
755 3118 825 3142 addit
845 3117 919 3144 sicut.

215 3156 225 3173 ⁴
247 3157 318 3183 Vers.
340 3158 362 3182 [ι.
376 3173 411 3176 -
423 3159 519 3191 ῦῐοεεε),
540 3168 607 3192 quac
625 3164 663 3186 est
682 3161 822 3187 ordinaria
842 3163 911 3193 apud
932 3163 1053 3188 Strabum
1070 3168 1095 3189 et

145 3201 289 3234 Lyranuni,
310 3206 393 3227 sumta
414 3208 451 3228 est
470 3211 500 3228 ex
521 3205 637 3236 August„
658 3206 784 3231 linc-hirid.
805 3213 826 3230 e.
841 3206 882 3231 53.
903 3214 926 3231 n.
952 3207 994 3232 tl:
1015 3208 1095 3239 Quid—

145 3245 207 3277 quid
228 3246 305 3277 igitur
325 3251 426 3278 gestum
447 3251 485 3272 est
504 3249 528 3272 in
549 3255 625 3274 cruce
638 3248 742 3281 Christi,
763 3251 787 3274 in
807 3251 953 3282 sepultura,
967 3252 991 3276 in
1012 3259 1093 3277 resur-

145 3289 256 3313 rectione
278 3291 349 3315 tertio
370 3291 423 3323 die,
444 3292 467 3315 in
488 3293 637 3317 ascensione
657 3294 681 3317 in
701 3294 814 3325 eaelum,
835 3295 859 3318 in
880 3294 941 3319 sede
957 3295 989 3319 ad
1010 3295 1093 3320 dexte-

145 3339 200 3357 ram
220 3335 311 3366 Patris,
333 3336 365 3360 ita
386 3339 487 3367 gestum
507 3340 556 3367 est,
584 3341 611 3362 ut
631 3337 669 3361 his
692 3337 771 3363 rebus
791 3345 841 3362 non
867 3340 974 3370 mystice
995 3342 1092 3365 tantum

145 3376 233 3409 dictu,
253 3378 298 3403 sed
318 3380 393 3404 etiam
414 3381 492 3411 gestis
505 3380 710 3412 configuraretur
730 3383 781 3407 vita
795 3383 945 3414 christiana,
967 3390 1032 3415 quae
1052 3385 1092 3409 hic

1160 2508 1265 2538 geritur.
1279 2521 1315 2525 —
1329 2508 1434 2532 Inferius
1455 2515 1501 2538 pro
1521 2507 1592 2540 quod
1610 2508 1725 2540 donant,
1748 2509 1819 2540 quod
1839 2508 1960 2533 exhibent
1979 2509 2054 2534 codd.
2075 2509 2114 2533 Gi

1161 2550 1243 2582 Vbb,
1264 2551 1305 2575 alii
1326 2558 1385 2576 cum
1406 2551 1465 2576 edd.
1486 2551 1556 2584 quoti
1574 2551 1699 2577 donatur.

1228 2594 1239 2610 ⁵
1259 2595 1304 2619 Ed.
1319 2595 1328 2618 *t
1352 2594 1524 2628 significatae,
1543 2596 1598 2620 Yat.
1619 2599 1704 2621 antem
1725 2596 1795 2621 addit
1816 2596 1843 2622 id
1861 2598 1898 2622 cst
1917 2597 2110 2623 denominatae.

1230 2638 1241 2653 6
1259 2638 1356 2668 Dialog.
1377 2638 1408 2662 de
1430 2639 1540 2663 Veritate
1560 2646 1581 2663 c.
1603 2640 1625 2664 2.
1646 2639 1691 2664 ubi
1710 2640 1814 2665 solvens
1832 2642 1898 2665 hanc
1918 2643 2110 2673 quaestionem.

1160 2684 1245 2705 utrum
1266 2682 1405 2706 enuntiatio
1420 2689 1479 2706 vera
1495 2686 1519 2707 et
1532 2686 1600 2707 recta
1620 2684 1664 2713 sit,
1679 2690 1739 2708 cum
1758 2685 1885 2715 significat
1898 2692 1954 2710 esse
1975 2686 2045 2717 quod
2060 2692 2110 2710 non

1159 2727 1211 2756 est,
1231 2726 1278 2749 ait:
1303 2726 1395 2750 «Vera
1422 2726 1527 2757 quidem
1554 2733 1602 2751 non
1629 2727 1691 2752 solet
1718 2727 1781 2759 (lici,
1808 2735 1868 2753 eum
1899 2729 2026 2760 significat
2056 2737 2112 2754 esse

1160 2769 1230 2800 quod
1252 2776 1300 2793 non
1322 2772 1372 2800 θεῖς
1393 2770 1527 2794 veritatem
1547 2774 1631 2794 tamen
1652 2775 1676 2796 et
1695 2771 1876 2796 rectitudinem
1896 2772 1984 2803 habet,
2006 2774 2066 2805 quia
2080 2774 2113 2797 sa-

1160 2812 1193 2836 cit
1212 2812 1283 2844 quod
1297 2812 1387 2837 debet:
1403 2813 1452 2838 Sed
1472 2820 1532 2838 cum
1546 2814 1672 2845 significat
1685 2822 1741 2839 esse
1756 2815 1826 2847 quod
1840 2820 1888 2847 cst,
1905 2816 2041 2847 dupliciter
2055 2817 2112 2841 facit

1160 2857 1230 2888 quod
1250 2856 1340 2888 debet,
1362 2858 1483 2889 quoniam
1498 2858 1625 2889 signifieat
1643 2863 1667 2883 et
1681 2859 1751 2891 quod
1766 2861 1863 2891 accepit
1882 2860 2028 2891 significare
2042 2865 2066 2885 et
2079 2861 2112 2885 atl

1159 2900 1230 2932 quod
1249 2901 1312 2925 t'acta
1334 2903 1396 2926 est...
1418 2901 1470 2925 ¹ilia
1491 2902 1569 2932 igitur
1589 2906 1625 2927 est
1650 2903 1776 2928 rectitudo
1796 2907 1819 2928 et
1841 2905 1935 2928 veritas
1961 2905 2113 2930 enuntiatio-

1160 2944 1210 2974 nis,
1231 2944 1291 2975 quia
1311 2944 1438 2975 signifieat
1457 2944 1490 2969 ad
1510 2945 1582 2976 quod
1595 2946 1794 2976 significandum
1816 2947 1880 2972 sacta
1900 2950 1949 2978 est,
1969 2948 2016 2972 alia
2036 2955 2111 2974 vero,

1159 2989 1219 3019 quia
1239 2988 1366 3019 significat
1385 2988 1455 3020 qtlffll
1471 2990 1569 3020 accepit
1588 2990 1741 3021 significare.
1762 2991 1864 3022 Quippe
1878 2992 1923 3016 ista
1944 2992 2112 3017 immutabilis

1159 3034 1196 3056 est
1216 3032 1264 3062 ipsi
1285 3033 1407 3062 orationi,
1429 3033 1467 3057 illa
1488 3040 1551 3057 vero
1571 3033 1714 3065 mutabilis;
1736 3036 1801 3059 hanc
1816 3042 1927 3067 namque
1948 3042 2052 3067 semper
2071 3037 2112 3060 ha-

1158 3075 1212 3107 bet,
1234 3076 1302 3101 illam
1316 3084 1380 3101 vero
1395 3084 1443 3101 non
1459 3084 1576 3109 semper3
1595 3078 1668 3102 istam
1690 3080 1757 3103 enim
1772 3079 1919 3104 naturaliter
1934 3079 2021 3106 habet.
2042 3081 2110 3105 illam

1158 3127 1221 3145 vero
1235 3121 1423 3146 accidentaliter
1436 3126 1460 3146 et
1473 3122 1617 3146 secundum
1632 3130 1708 3148 usum
1721 3126 1767 3148 etc.
1779 3124 1803 3147 ln
1819 3124 1869 3148 fine
1883 3125 1986 3155 capituli
2002 3127 2109 3153 notatur.

1158 3164 1229 3196 quod
1244 3164 1374 3195 praedicta
1390 3166 1452 3189 ratio
1466 3166 1580 3190 veritatis
1597 3166 1785 3191 consideranda
1799 3170 1836 3192 est
1849 3166 1876 3192 iu
1887 3167 2010 3193 omnibus
2019 3167 2110 3201 siqui&

1158 3221 1192 3224 —
1206 3208 1312 3232 lnserius
1332 3215 1379 3239 pro
1399 3207 1520 3240 impositu
1548 3213 1572 3234 ct
1591 3208 1711 3235 instituta
1731 3210 1788 3235 Vat.
1815 3210 1967 3244 impositum
1987 3216 2011 3237 et
2037 3211 2111 3238 insti-

1158 3252 1254 3277 tulum.

1228 3296 1238 3312 7
1257 3296 1307 3322 Ct'r.
1327 3297 1391 3322 inira
1413 3297 1436 3321 ‹l.
1459 3297 1481 3321 li.
1502 3304 1526 3328 p.
1547 3298 1562 3322 Ι.
1583 3305 1605 3323 a.
1627 3299 1650 3323 2.
1671 3305 1695 3331 q.
1717 3300 1739 3323 2.
1760 3306 1813 3331 seq.

1227 3340 1238 3356 ⁸
1258 3341 1325 3365 Libr.
1347 3342 1363 3366 Ι.
1384 3341 1415 3366 de
1435 3343 1548 3366 Sacram.
1569 3349 1594 3373 p.
1615 3342 1656 3367 tx.
1678 3350 1698 3368 c.
1720 3344 1742 3368 ⁶2.

1227 3384 1237 3400 9
1258 3384 1322 3409 Vide
1343 3385 1437 3410 scolion
1459 3385 1491 3411 ad
1512 3387 1709 3417 praecedentem
1729 3392 1828 3420 quaest.

2079 250 2116 280 15

2135 763 2264 784 Notandum.

2133 1554 2264 1575 Notandum.
