<?xml version="1.0" encoding="UTF-8"?>
<!DOCTYPE html PUBLIC "-//W3C//DTD XHTML 1.0 Transitional//EN"
    "http://www.w3.org/TR/xhtml1/DTD/xhtml1-transitional.dtd">
<html xmlns="http://www.w3.org/1999/xhtml" xml:lang="en" lang="en">
 <head>
  <title>
</title>
<meta http-equiv="Content-Type" content="text/html;charset=utf-8" />
  <meta name='ocr-system' content='tesseract 3.04.00' />
  <meta name='ocr-capabilities' content='ocr_page ocr_carea ocr_par ocr_line ocrx_word'/>
</head>
<body>
  <div class='ocr_page' id='page_1' title='image "./doctorisseraphic04bona_0911.png"; bbox 0 0 2483 3882; ppageno 0'>
   <div class='ocr_carea' id='block_1_1' title="bbox 716 263 1318 305">
    <p class='ocr_par' dir='ltr' id='par_1_1' title="bbox 716 263 1318 305">
     <span class='ocr_line' id='line_1_1' title="bbox 716 263 1318 305; baseline 0.005 -11"><span class='ocrx_word' id='word_1_1' title='bbox 716 263 810 295; x_wconf 83' lang='lat' dir='ltr'>DlST.</span> <span class='ocrx_word' id='word_1_2' title='bbox 835 263 929 295; x_wconf 84' lang='lat' dir='ltr'>XLIII.</span> <span class='ocrx_word' id='word_1_3' title='bbox 955 263 1035 295; x_wconf 73' lang='lat' dir='ltr'>ART.</span> <span class='ocrx_word' id='word_1_4' title='bbox 1060 264 1080 295; x_wconf 89' lang='lat' dir='ltr'>t.</span> <span class='ocrx_word' id='word_1_5' title='bbox 1106 265 1258 305; x_wconf 76' lang='lat' dir='ltr'>QUAEST.</span> <span class='ocrx_word' id='word_1_6' title='bbox 1284 266 1318 297; x_wconf 96' lang='lat' dir='ltr'>V.</span> 
     </span>
    </p>
   </div>
   <div class='ocr_carea' id='block_1_2' title="bbox 28 349 984 2266">
    <p class='ocr_par' dir='ltr' id='par_1_2' title="bbox 35 349 984 730">
     <span class='ocr_line' id='line_1_2' title="bbox 39 349 984 383; baseline -0.001 -6"><span class='ocrx_word' id='word_1_7' title='bbox 39 350 175 381; x_wconf 86' lang='lat' dir='ltr'>rationalis,</span> <span class='ocrx_word' id='word_1_8' title='bbox 191 351 246 374; x_wconf 90' lang='lat' dir='ltr'>tum</span> <span class='ocrx_word' id='word_1_9' title='bbox 265 349 380 374; x_wconf 86' lang='lat' dir='ltr'>materia.</span> <span class='ocrx_word' id='word_1_10' title='bbox 396 349 420 373; x_wconf 91' lang='lat' dir='ltr'>ln</span> <span class='ocrx_word' id='word_1_11' title='bbox 435 349 484 374; x_wconf 86' lang='lat' dir='ltr'>hoc</span> <span class='ocrx_word' id='word_1_12' title='bbox 504 351 589 373; x_wconf 82' lang='lat' dir='ltr'>autem</span> <span class='ocrx_word' id='word_1_13' title='bbox 610 356 623 373; x_wconf 89' lang='lat' dir='ltr'>a</span> <span class='ocrx_word' id='word_1_14' title='bbox 644 349 767 375; x_wconf 84' lang='lat' dir='ltr'>Durando</span> <span class='ocrx_word' id='word_1_15' title='bbox 787 350 897 383; x_wconf 77' lang='lat' dir='ltr'><strong>recedit,</strong></span> <span class='ocrx_word' id='word_1_16' title='bbox 912 351 984 383; x_wconf 89' lang='lat' dir='ltr'>quod</span> 
     </span>
     <span class='ocr_line' id='line_1_3' title="bbox 38 391 984 426; baseline -0.001 -5"><span class='ocrx_word' id='word_1_17' title='bbox 38 395 140 422; x_wconf 89' lang='lat' dir='ltr'>minime</span> <span class='ocrx_word' id='word_1_18' title='bbox 159 395 249 425; x_wconf 86' lang='lat' dir='ltr'>negat,</span> <span class='ocrx_word' id='word_1_19' title='bbox 268 391 391 425; x_wconf 76' lang='lat' dir='ltr'>possibile</span> <span class='ocrx_word' id='word_1_20' title='bbox 410 399 466 417; x_wconf 85' lang='lat' dir='ltr'>esse</span> <span class='ocrx_word' id='word_1_21' title='bbox 487 392 551 423; x_wconf 86' lang='lat' dir='ltr'>Deo,</span> <span class='ocrx_word' id='word_1_22' title='bbox 573 395 599 417; x_wconf 86' lang='lat' dir='ltr'>ut</span> <span class='ocrx_word' id='word_1_23' title='bbox 618 394 699 425; x_wconf 87' lang='lat' dir='ltr'>entia,</span> <span class='ocrx_word' id='word_1_24' title='bbox 719 394 810 419; x_wconf 83' lang='lat' dir='ltr'>saltem</span> <span class='ocrx_word' id='word_1_25' title='bbox 827 401 984 426; x_wconf 82' lang='lat' dir='ltr'>permanen-</span> 
     </span>
     <span class='ocr_line' id='line_1_4' title="bbox 39 435 984 470; baseline -0.001 -6"><span class='ocrx_word' id='word_1_26' title='bbox 39 439 85 470; x_wconf 80' lang='lat' dir='ltr'>tia,</span> <span class='ocrx_word' id='word_1_27' title='bbox 106 439 242 469; x_wconf 83' lang='lat' dir='ltr'>postquam</span> <span class='ocrx_word' id='word_1_28' title='bbox 268 439 387 467; x_wconf 85' lang='lat' dir='ltr'>corrupta</span> <span class='ocrx_word' id='word_1_29' title='bbox 417 437 479 467; x_wconf 90' lang='lat' dir='ltr'>sint,</span> <span class='ocrx_word' id='word_1_30' title='bbox 509 435 600 460; x_wconf 84' lang='lat' dir='ltr'>cadem</span> <span class='ocrx_word' id='word_1_31' title='bbox 630 443 739 461; x_wconf 90' lang='lat' dir='ltr'>numero</span> <span class='ocrx_word' id='word_1_32' title='bbox 768 440 885 469; x_wconf 84' lang='lat' dir='ltr'>reparet;</span> <span class='ocrx_word' id='word_1_33' title='bbox 912 437 984 470; x_wconf 85' lang='lat' dir='ltr'>quod</span> 
     </span>
     <span class='ocr_line' id='line_1_5' title="bbox 38 479 984 514; baseline -0.001 -6"><span class='ocrx_word' id='word_1_34' title='bbox 38 483 102 509; x_wconf 90' lang='lat' dir='ltr'>clare</span> <span class='ocrx_word' id='word_1_35' title='bbox 120 481 224 506; x_wconf 85' lang='lat' dir='ltr'>resultat</span> <span class='ocrx_word' id='word_1_36' title='bbox 242 487 271 506; x_wconf 87' lang='lat' dir='ltr'>ex</span> <span class='ocrx_word' id='word_1_37' title='bbox 291 481 331 505; x_wconf 91' lang='lat' dir='ltr'>cit.</span> <span class='ocrx_word' id='word_1_38' title='bbox 353 480 416 505; x_wconf 87' lang='lat' dir='ltr'>loco.</span> <span class='ocrx_word' id='word_1_39' title='bbox 438 479 529 511; x_wconf 84' lang='lat' dir='ltr'>Quoad</span> <span class='ocrx_word' id='word_1_40' title='bbox 548 480 614 505; x_wconf 97' lang='lat' dir='ltr'>entia</span> <span class='ocrx_word' id='word_1_41' title='bbox 634 480 783 506; x_wconf 74' lang='lat' dir='ltr'>successiva</span> <span class='ocrx_word' id='word_1_42' title='bbox 803 488 874 512; x_wconf 85' lang='lat' dir='ltr'>vero,</span> <span class='ocrx_word' id='word_1_43' title='bbox 892 491 904 504; x_wconf 70' lang='grc' dir='ltr'>α</span> <span class='ocrx_word' id='word_1_44' title='bbox 918 489 984 514; x_wconf 89' lang='lat' dir='ltr'>quo-</span> 
     </span>
     <span class='ocr_line' id='line_1_6' title="bbox 37 523 983 557; baseline -0.001 -5"><span class='ocrx_word' id='word_1_45' title='bbox 37 524 92 553; x_wconf 83' lang='lat' dir='ltr'>rum</span> <span class='ocrx_word' id='word_1_46' title='bbox 111 526 194 551; x_wconf 89' lang='lat' dir='ltr'>unitas</span> <span class='ocrx_word' id='word_1_47' title='bbox 212 526 237 549; x_wconf 91' lang='lat' dir='ltr'>in</span> <span class='ocrx_word' id='word_1_48' title='bbox 257 525 296 549; x_wconf 89' lang='lat' dir='ltr'>sui</span> <span class='ocrx_word' id='word_1_49' title='bbox 316 524 413 549; x_wconf 86' lang='lat' dir='ltr'>ratione</span> <span class='ocrx_word' id='word_1_50' title='bbox 434 523 511 549; x_wconf 85' lang='lat' dir='ltr'>habet</span> <span class='ocrx_word' id='word_1_51' title='bbox 530 524 671 549; x_wconf 89' lang='lat' dir='ltr'>durationis</span> <span class='ocrx_word' id='word_1_52' title='bbox 691 525 897 557; x_wconf 74' lang='lat' dir='ltr'>continuitatem,</span> <span class='ocrx_word' id='word_1_53' title='bbox 918 526 983 551; x_wconf 90' lang='lat' dir='ltr'>sicut</span> 
     </span>
     <span class='ocr_line' id='line_1_7' title="bbox 37 567 982 603; baseline -0.001 -8"><span class='ocrx_word' id='word_1_54' title='bbox 37 572 102 603; x_wconf 87' lang='lat' dir='ltr'>patet</span> <span class='ocrx_word' id='word_1_55' title='bbox 114 570 139 594; x_wconf 93' lang='lat' dir='ltr'>in</span> <span class='ocrx_word' id='word_1_56' title='bbox 152 572 222 594; x_wconf 91' lang='lat' dir='ltr'>motu</span> <span class='ocrx_word' id='word_1_57' title='bbox 236 570 261 593; x_wconf 85' lang='lat' dir='ltr'>et</span> <span class='ocrx_word' id='word_1_58' title='bbox 274 571 420 599; x_wconf 74' lang='lat' dir='ltr'>tempore»,</span> <span class='ocrx_word' id='word_1_59' title='bbox 432 567 500 598; x_wconf 87' lang='lat' dir='ltr'>dicit,</span> <span class='ocrx_word' id='word_1_60' title='bbox 515 567 586 599; x_wconf 90' lang='lat' dir='ltr'>quod</span> <span class='ocrx_word' id='word_1_61' title='bbox 600 568 774 599; x_wconf 73' lang='lat' dir='ltr'>«interruptio</span> <span class='ocrx_word' id='word_1_62' title='bbox 789 569 875 594; x_wconf 89' lang='lat' dir='ltr'>talium</span> <span class='ocrx_word' id='word_1_63' title='bbox 890 569 982 594; x_wconf 88' lang='lat' dir='ltr'>indire-</span> 
     </span>
     <span class='ocr_line' id='line_1_8' title="bbox 37 610 982 641; baseline -0.003 -1"><span class='ocrx_word' id='word_1_64' title='bbox 37 618 73 641; x_wconf 85' lang='lat' dir='ltr'>cte</span> <span class='ocrx_word' id='word_1_65' title='bbox 83 613 249 640; x_wconf 81' lang='lat' dir='ltr'>contrariatur</span> <span class='ocrx_word' id='word_1_66' title='bbox 259 612 347 637; x_wconf 86' lang='lat' dir='ltr'>unitati</span> <span class='ocrx_word' id='word_1_67' title='bbox 359 617 450 636; x_wconf 89' lang='lat' dir='ltr'>eorum</span> <span class='ocrx_word' id='word_1_68' title='bbox 464 610 609 635; x_wconf 87' lang='lat' dir='ltr'>secundum</span> <span class='ocrx_word' id='word_1_69' title='bbox 624 617 761 636; x_wconf 88' lang='lat' dir='ltr'>numerum</span> <span class='ocrx_word' id='word_1_70' title='bbox 773 620 796 636; x_wconf 82' lang='grc'>».</span> <span class='ocrx_word' id='word_1_71' title='bbox 811 612 880 637; x_wconf 84' lang='lat' dir='ltr'><strong>Idem</strong></span> <span class='ocrx_word' id='word_1_72' title='bbox 894 619 982 637; x_wconf 86' lang='lat' dir='ltr'>conce-</span> 
     </span>
     <span class='ocr_line' id='line_1_9' title="bbox 37 653 981 689; baseline -0.002 -6"><span class='ocrx_word' id='word_1_73' title='bbox 37 658 71 684; x_wconf 91' lang='lat' dir='ltr'>dit</span> <span class='ocrx_word' id='word_1_74' title='bbox 88 655 190 689; x_wconf 82' lang='lat' dir='ltr'>(Quodl.</span> <span class='ocrx_word' id='word_1_75' title='bbox 209 655 250 680; x_wconf 92' lang='lat' dir='ltr'>lV.</span> <span class='ocrx_word' id='word_1_76' title='bbox 270 662 295 686; x_wconf 85' lang='lat' dir='ltr'>q.</span> <span class='ocrx_word' id='word_1_77' title='bbox 316 655 339 679; x_wconf 89' lang='lat'>3.</span> <span class='ocrx_word' id='word_1_78' title='bbox 359 661 381 679; x_wconf 89' lang='lat' dir='ltr'>a.</span> <span class='ocrx_word' id='word_1_79' title='bbox 402 653 454 686; x_wconf 86' lang='lat'>5.),</span> <span class='ocrx_word' id='word_1_80' title='bbox 476 653 545 685; x_wconf 89' lang='lat' dir='ltr'>quod</span> <span class='ocrx_word' id='word_1_81' title='bbox 570 662 581 676; x_wconf 74' lang='lat' dir='ltr'>a</span> <span class='ocrx_word' id='word_1_82' title='bbox 596 654 664 678; x_wconf 92' lang='lat' dir='ltr'>Deus</span> <span class='ocrx_word' id='word_1_83' title='bbox 682 661 711 678; x_wconf 92' lang='lat' dir='ltr'>ea</span> <span class='ocrx_word' id='word_1_84' title='bbox 726 661 775 679; x_wconf 93' lang='lat' dir='ltr'>non</span> <span class='ocrx_word' id='word_1_85' title='bbox 794 658 878 686; x_wconf 88' lang='lat' dir='ltr'>potest</span> <span class='ocrx_word' id='word_1_86' title='bbox 890 655 981 681; x_wconf 81' lang='lat' dir='ltr'>eadem</span> 
     </span>
     <span class='ocr_line' id='line_1_10' title="bbox 35 697 981 730; baseline -0.004 -2"><span class='ocrx_word' id='word_1_87' title='bbox 35 705 144 728; x_wconf 81' lang='lat' dir='ltr'>‘numero</span> <span class='ocrx_word' id='word_1_88' title='bbox 163 705 283 730; x_wconf 88' lang='lat' dir='ltr'>reparare</span> <span class='ocrx_word' id='word_1_89' title='bbox 294 708 316 723; x_wconf 78' lang='lat'>1).</span> <span class='ocrx_word' id='word_1_90' title='bbox 331 698 356 722; x_wconf 97' lang='lat' dir='ltr'>ln</span> <span class='ocrx_word' id='word_1_91' title='bbox 371 699 420 723; x_wconf 94' lang='lat' dir='ltr'>hoc</span> <span class='ocrx_word' id='word_1_92' title='bbox 439 698 564 722; x_wconf 79' lang='lat' dir='ltr'>consentit</span> <span class='ocrx_word' id='word_1_93' title='bbox 584 698 607 722; x_wconf 90' lang='lat' dir='ltr'>S.</span> <span class='ocrx_word' id='word_1_94' title='bbox 629 697 734 729; x_wconf 85' lang='lat' dir='ltr'>Bonav.‚</span> <span class='ocrx_word' id='word_1_95' title='bbox 755 699 796 723; x_wconf 89' lang='lat' dir='ltr'>hic</span> <span class='ocrx_word' id='word_1_96' title='bbox 815 706 840 730; x_wconf 89' lang='lat' dir='ltr'>q.</span> <span class='ocrx_word' id='word_1_97' title='bbox 863 699 884 723; x_wconf 89' lang='lat'>1.</span> <span class='ocrx_word' id='word_1_98' title='bbox 904 699 937 724; x_wconf 87' lang='lat' dir='ltr'>ad</span> <span class='ocrx_word' id='word_1_99' title='bbox 958 699 981 724; x_wconf 95' lang='lat'>4.</span> 
     </span>
    </p>

    <p class='ocr_par' dir='ltr' id='par_1_3' title="bbox 33 741 982 1165">
     <span class='ocr_line' id='line_1_11' title="bbox 103 741 982 774; baseline -0.002 -5"><span class='ocrx_word' id='word_1_100' title='bbox 103 744 126 769; x_wconf 91' lang='grc'>3.</span> <span class='ocrx_word' id='word_1_101' title='bbox 146 744 212 768; x_wconf 89' lang='lat' dir='ltr'>Scot.</span> <span class='ocrx_word' id='word_1_102' title='bbox 233 742 286 773; x_wconf 87' lang='lat' dir='ltr'>(hic</span> <span class='ocrx_word' id='word_1_103' title='bbox 306 749 329 774; x_wconf 87' lang='lat' dir='ltr'>q.</span> <span class='ocrx_word' id='word_1_104' title='bbox 355 742 375 767; x_wconf 89' lang='grc'>1.</span> <span class='ocrx_word' id='word_1_105' title='bbox 397 749 421 766; x_wconf 90' lang='grc'>11.</span> <span class='ocrx_word' id='word_1_106' title='bbox 442 742 467 766; x_wconf 92' lang='grc'>2.</span> <span class='ocrx_word' id='word_1_107' title='bbox 489 741 587 773; x_wconf 82' lang='lat' dir='ltr'>seqq),</span> <span class='ocrx_word' id='word_1_108' title='bbox 608 748 667 766; x_wconf 90' lang='lat' dir='ltr'>cum</span> <span class='ocrx_word' id='word_1_109' title='bbox 688 745 789 772; x_wconf 89' lang='lat' dir='ltr'>praeter</span> <span class='ocrx_word' id='word_1_110' title='bbox 809 743 921 766; x_wconf 87' lang='lat' dir='ltr'>animam</span> <span class='ocrx_word' id='word_1_111' title='bbox 945 749 982 767; x_wconf 89' lang='lat' dir='ltr'>ra-</span> 
     </span>
     <span class='ocr_line' id='line_1_12' title="bbox 35 783 981 817; baseline -0.003 -4"><span class='ocrx_word' id='word_1_112' title='bbox 35 787 150 814; x_wconf 85' lang='lat' dir='ltr'>tionalem</span> <span class='ocrx_word' id='word_1_113' title='bbox 170 793 200 811; x_wconf 90' lang='lat' dir='ltr'>ex</span> <span class='ocrx_word' id='word_1_114' title='bbox 221 789 293 817; x_wconf 88' lang='lat' dir='ltr'>parte</span> <span class='ocrx_word' id='word_1_115' title='bbox 312 785 429 816; x_wconf 88' lang='lat' dir='ltr'>corporis</span> <span class='ocrx_word' id='word_1_116' title='bbox 447 788 525 816; x_wconf 88' lang='lat' dir='ltr'>ponat</span> <span class='ocrx_word' id='word_1_117' title='bbox 538 784 648 809; x_wconf 84' lang='lat' dir='ltr'>sormam</span> <span class='ocrx_word' id='word_1_118' title='bbox 663 783 846 817; x_wconf 75' lang='lat' dir='ltr'>corpoi‘ez&#39;tatis</span> <span class='ocrx_word' id='word_1_119' title='bbox 860 786 884 809; x_wconf 92' lang='lat' dir='ltr'>in</span> <span class='ocrx_word' id='word_1_120' title='bbox 900 789 981 810; x_wconf 90' lang='lat' dir='ltr'>morte</span> 
     </span>
     <span class='ocr_line' id='line_1_13' title="bbox 35 827 981 861; baseline -0.003 -5"><span class='ocrx_word' id='word_1_121' title='bbox 35 828 258 861; x_wconf 81' lang='lat' dir='ltr'>corrumpendam,</span> <span class='ocrx_word' id='word_1_122' title='bbox 275 829 403 860; x_wconf 90' lang='lat' dir='ltr'>explicare</span> <span class='ocrx_word' id='word_1_123' title='bbox 417 827 493 853; x_wconf 88' lang='lat' dir='ltr'>debet</span> <span class='ocrx_word' id='word_1_124' title='bbox 506 828 572 852; x_wconf 85' lang='lat' dir='ltr'>hanc</span> <span class='ocrx_word' id='word_1_125' title='bbox 585 827 769 858; x_wconf 80' lang='lat' dir='ltr'>difficultatem,</span> <span class='ocrx_word' id='word_1_126' title='bbox 785 835 851 860; x_wconf 84' lang='lat' dir='ltr'>quae</span> <span class='ocrx_word' id='word_1_127' title='bbox 865 835 894 853; x_wconf 87' lang='lat' dir='ltr'>ex</span> <span class='ocrx_word' id='word_1_128' title='bbox 909 831 981 859; x_wconf 85' lang='lat' dir='ltr'>parte</span> 
     </span>
     <span class='ocr_line' id='line_1_14' title="bbox 34 872 981 903; baseline -0.004 -3"><span class='ocrx_word' id='word_1_129' title='bbox 34 876 128 902; x_wconf 82' lang='lat' dir='ltr'>formae</span> <span class='ocrx_word' id='word_1_130' title='bbox 152 874 207 899; x_wconf 86' lang='lat' dir='ltr'>talis</span> <span class='ocrx_word' id='word_1_131' title='bbox 232 875 315 898; x_wconf 90' lang='lat' dir='ltr'>morte</span> <span class='ocrx_word' id='word_1_132' title='bbox 340 875 477 903; x_wconf 78' lang='lat' dir='ltr'>corruptae</span> <span class='ocrx_word' id='word_1_133' title='bbox 496 875 520 897; x_wconf 91' lang='lat' dir='ltr'>et</span> <span class='ocrx_word' id='word_1_134' title='bbox 543 872 636 897; x_wconf 91' lang='lat' dir='ltr'>iterum</span> <span class='ocrx_word' id='word_1_135' title='bbox 650 872 697 896; x_wconf 86' lang='lat' dir='ltr'>alia</span> <span class='ocrx_word' id='word_1_136' title='bbox 718 873 929 897; x_wconf 76' lang='lat' dir='ltr'>transmutatione</span> <span class='ocrx_word' id='word_1_137' title='bbox 950 872 981 897; x_wconf 85' lang='grc'>(10</span> 
     </span>
     <span class='ocr_line' id='line_1_15' title="bbox 34 915 980 952; baseline -0.005 -8"><span class='ocrx_word' id='word_1_138' title='bbox 34 919 141 952; x_wconf 88' lang='lat' dir='ltr'>potentia</span> <span class='ocrx_word' id='word_1_139' title='bbox 160 917 282 942; x_wconf 88' lang='lat' dir='ltr'>materiae</span> <span class='ocrx_word' id='word_1_140' title='bbox 307 915 457 940; x_wconf 85' lang='lat' dir='ltr'>educendae</span> <span class='ocrx_word' id='word_1_141' title='bbox 486 915 614 946; x_wconf 71' lang='lat' dir='ltr'>occurrit5</span> <span class='ocrx_word' id='word_1_142' title='bbox 641 915 723 947; x_wconf 84' lang='lat' dir='ltr'>qualis</span> <span class='ocrx_word' id='word_1_143' title='bbox 745 916 870 940; x_wconf 83' lang='lat' dir='ltr'>restitutio</span> <span class='ocrx_word' id='word_1_144' title='bbox 895 916 980 947; x_wconf 80' lang='lat' dir='ltr'>agenti</span> 
     </span>
     <span class='ocr_line' id='line_1_16' title="bbox 33 958 981 990; baseline -0.005 -2"><span class='ocrx_word' id='word_1_145' title='bbox 33 962 137 989; x_wconf 83' lang='lat' dir='ltr'>naturali</span> <span class='ocrx_word' id='word_1_146' title='bbox 157 964 225 986; x_wconf 89' lang='lat' dir='ltr'>certo</span> <span class='ocrx_word' id='word_1_147' title='bbox 245 963 283 985; x_wconf 87' lang='lat' dir='ltr'>est</span> <span class='ocrx_word' id='word_1_148' title='bbox 302 958 477 990; x_wconf 89' lang='lat' dir='ltr'>impossibilis.</span> <span class='ocrx_word' id='word_1_149' title='bbox 498 959 561 983; x_wconf 90' lang='lat' dir='ltr'>Hinc</span> <span class='ocrx_word' id='word_1_150' title='bbox 581 959 621 983; x_wconf 90' lang='lat' dir='ltr'>ille</span> <span class='ocrx_word' id='word_1_151' title='bbox 641 961 709 984; x_wconf 89' lang='lat' dir='ltr'>totus</span> <span class='ocrx_word' id='word_1_152' title='bbox 722 962 760 983; x_wconf 89' lang='lat' dir='ltr'>est</span> <span class='ocrx_word' id='word_1_153' title='bbox 773 959 796 983; x_wconf 93' lang='lat' dir='ltr'>in</span> <span class='ocrx_word' id='word_1_154' title='bbox 811 965 856 990; x_wconf 79' lang='lat' dir='ltr'>eo,</span> <span class='ocrx_word' id='word_1_155' title='bbox 870 962 898 983; x_wconf 90' lang='lat' dir='ltr'>ut</span> <span class='ocrx_word' id='word_1_156' title='bbox 912 960 981 990; x_wconf 91' lang='lat' dir='ltr'>prin-</span> 
     </span>
     <span class='ocr_line' id='line_1_17' title="bbox 33 1002 981 1038; baseline -0.005 -7"><span class='ocrx_word' id='word_1_157' title='bbox 33 1005 125 1038; x_wconf 88' lang='lat' dir='ltr'>cipium</span> <span class='ocrx_word' id='word_1_158' title='bbox 145 1011 158 1029; x_wconf 88' lang='lat' dir='ltr'>a</span> <span class='ocrx_word' id='word_1_159' title='bbox 178 1003 300 1028; x_wconf 85' lang='lat' dir='ltr'>Durando</span> <span class='ocrx_word' id='word_1_160' title='bbox 328 1003 441 1034; x_wconf 87' lang='lat' dir='ltr'>positum</span> <span class='ocrx_word' id='word_1_161' title='bbox 470 1004 569 1027; x_wconf 87' lang='lat' dir='ltr'>evertat</span> <span class='ocrx_word' id='word_1_162' title='bbox 594 1005 619 1027; x_wconf 87' lang='lat' dir='ltr'>et</span> <span class='ocrx_word' id='word_1_163' title='bbox 644 1002 697 1027; x_wconf 81' lang='lat' dir='ltr'>Deo</span> <span class='ocrx_word' id='word_1_164' title='bbox 717 1002 763 1027; x_wconf 81' lang='lat' dir='ltr'>soli</span> <span class='ocrx_word' id='word_1_165' title='bbox 784 1003 832 1026; x_wconf 88' lang='lat' dir='ltr'>hoc</span> <span class='ocrx_word' id='word_1_166' title='bbox 858 1002 981 1033; x_wconf 90' lang='lat' dir='ltr'>possibile</span> 
     </span>
     <span class='ocr_line' id='line_1_18' title="bbox 33 1046 979 1077; baseline -0.005 -2"><span class='ocrx_word' id='word_1_167' title='bbox 33 1056 87 1075; x_wconf 88' lang='lat' dir='ltr'>esse</span> <span class='ocrx_word' id='word_1_168' title='bbox 104 1048 268 1074; x_wconf 86' lang='lat' dir='ltr'>demonstret.</span> <span class='ocrx_word' id='word_1_169' title='bbox 284 1046 355 1072; x_wconf 91' lang='lat' dir='ltr'>ldem</span> <span class='ocrx_word' id='word_1_170' title='bbox 368 1047 443 1071; x_wconf 89' lang='lat' dir='ltr'>etiam</span> <span class='ocrx_word' id='word_1_171' title='bbox 464 1048 548 1077; x_wconf 86' lang='lat' dir='ltr'>putat,</span> <span class='ocrx_word' id='word_1_172' title='bbox 564 1053 613 1071; x_wconf 92' lang='lat' dir='ltr'>non</span> <span class='ocrx_word' id='word_1_173' title='bbox 627 1053 755 1077; x_wconf 82' lang='lat' dir='ltr'>apparere</span> <span class='ocrx_word' id='word_1_174' title='bbox 768 1047 979 1077; x_wconf 81' lang='lat' dir='ltr'>repugnantiam,</span> 
     </span>
     <span class='ocr_line' id='line_1_19' title="bbox 33 1089 980 1126; baseline -0.003 -9"><span class='ocrx_word' id='word_1_175' title='bbox 33 1093 92 1126; x_wconf 90' lang='lat' dir='ltr'>quin</span> <span class='ocrx_word' id='word_1_176' title='bbox 111 1092 178 1117; x_wconf 86' lang='lat' dir='ltr'>Deus</span> <span class='ocrx_word' id='word_1_177' title='bbox 196 1091 272 1116; x_wconf 86' lang='lat' dir='ltr'>etiam</span> <span class='ocrx_word' id='word_1_178' title='bbox 291 1089 440 1116; x_wconf 75' lang='lat' dir='ltr'>successiva</span> <span class='ocrx_word' id='word_1_179' title='bbox 457 1089 616 1121; x_wconf 82' lang='lat' dir='ltr'>reproducat</span> <span class='ocrx_word' id='word_1_180' title='bbox 634 1089 742 1120; x_wconf 71' lang='lat' dir='ltr'>eadem,</span> <span class='ocrx_word' id='word_1_181' title='bbox 770 1096 837 1121; x_wconf 88' lang='lat' dir='ltr'>quae</span> <span class='ocrx_word' id='word_1_182' title='bbox 856 1091 980 1115; x_wconf 85' lang='lat' dir='ltr'>sententia</span> 
     </span>
     <span class='ocr_line' id='line_1_20' title="bbox 33 1133 883 1165; baseline -0.006 -2"><span class='ocrx_word' id='word_1_183' title='bbox 33 1138 106 1163; x_wconf 82' lang='lat' dir='ltr'>etiam</span> <span class='ocrx_word' id='word_1_184' title='bbox 124 1139 192 1161; x_wconf 88' lang='lat' dir='ltr'>extra</span> <span class='ocrx_word' id='word_1_185' title='bbox 211 1135 326 1160; x_wconf 89' lang='lat' dir='ltr'>scholam</span> <span class='ocrx_word' id='word_1_186' title='bbox 347 1134 414 1159; x_wconf 86' lang='lat' dir='ltr'>Scoti</span> <span class='ocrx_word' id='word_1_187' title='bbox 433 1133 552 1165; x_wconf 88' lang='lat' dir='ltr'>pluribus</span> <span class='ocrx_word' id='word_1_188' title='bbox 573 1133 760 1165; x_wconf 82' lang='lat' dir='ltr'>posterioribus</span> <span class='ocrx_word' id='word_1_189' title='bbox 780 1134 883 1165; x_wconf 84' lang='lat' dir='ltr'>placuit.</span> 
     </span>
    </p>

    <p class='ocr_par' dir='ltr' id='par_1_4' title="bbox 28 1177 980 2266">
     <span class='ocr_line' id='line_1_21' title="bbox 98 1177 980 1210; baseline -0.002 -6"><span class='ocrx_word' id='word_1_190' title='bbox 98 1180 124 1204; x_wconf 95' lang='grc'>11.</span> <span class='ocrx_word' id='word_1_191' title='bbox 143 1179 187 1204; x_wconf 87' lang='lat' dir='ltr'>His</span> <span class='ocrx_word' id='word_1_192' title='bbox 205 1179 282 1210; x_wconf 86' lang='lat' dir='ltr'>visis,</span> <span class='ocrx_word' id='word_1_193' title='bbox 304 1180 427 1209; x_wconf 86' lang='lat' dir='ltr'>apparet,</span> <span class='ocrx_word' id='word_1_194' title='bbox 449 1177 583 1209; x_wconf 83' lang='lat' dir='ltr'>quomodo</span> <span class='ocrx_word' id='word_1_195' title='bbox 603 1178 725 1202; x_wconf 85' lang='lat' dir='ltr'>sententia</span> <span class='ocrx_word' id='word_1_196' title='bbox 745 1178 769 1202; x_wconf 87' lang='lat' dir='ltr'>S.</span> <span class='ocrx_word' id='word_1_197' title='bbox 785 1177 980 1202; x_wconf 84' lang='lat' dir='ltr'>Bonaventurae</span> 
     </span>
     <span class='ocr_line' id='line_1_22' title="bbox 33 1220 979 1254; baseline -0.005 -4"><span class='ocrx_word' id='word_1_198' title='bbox 33 1225 127 1251; x_wconf 83' lang='lat' dir='ltr'>differat</span> <span class='ocrx_word' id='word_1_199' title='bbox 145 1230 159 1248; x_wconf 88' lang='lat' dir='ltr'>a</span> <span class='ocrx_word' id='word_1_200' title='bbox 179 1222 325 1254; x_wconf 87' lang='lat' dir='ltr'>praedictis.</span> <span class='ocrx_word' id='word_1_201' title='bbox 347 1222 402 1252; x_wconf 90' lang='lat' dir='ltr'>lpse</span> <span class='ocrx_word' id='word_1_202' title='bbox 421 1221 490 1246; x_wconf 86' lang='lat' dir='ltr'>enirn</span> <span class='ocrx_word' id='word_1_203' title='bbox 511 1220 598 1246; x_wconf 86' lang='lat' dir='ltr'>docet:</span> <span class='ocrx_word' id='word_1_204' title='bbox 626 1220 728 1253; x_wconf 78' lang='lat' dir='ltr'>primo,</span> <span class='ocrx_word' id='word_1_205' title='bbox 756 1221 827 1253; x_wconf 88' lang='lat' dir='ltr'>quod</span> <span class='ocrx_word' id='word_1_206' title='bbox 853 1221 903 1246; x_wconf 86' lang='lat' dir='ltr'>sub</span> <span class='ocrx_word' id='word_1_207' title='bbox 929 1228 979 1246; x_wconf 87' lang='lat' dir='ltr'>una</span> 
     </span>
     <span class='ocr_line' id='line_1_23' title="bbox 31 1263 980 1301; baseline -0.003 -8"><span class='ocrx_word' id='word_1_208' title='bbox 31 1268 181 1301; x_wconf 82' lang='lat' dir='ltr'>persectione</span> <span class='ocrx_word' id='word_1_209' title='bbox 206 1266 261 1291; x_wconf 86' lang='lat' dir='ltr'>sive</span> <span class='ocrx_word' id='word_1_210' title='bbox 289 1265 370 1290; x_wconf 80' lang='lat' dir='ltr'>fornia</span> <span class='ocrx_word' id='word_1_211' title='bbox 389 1264 496 1297; x_wconf 79' lang='lat' dir='ltr'>proprt&#39;e</span> <span class='ocrx_word' id='word_1_212' title='bbox 516 1263 688 1290; x_wconf 74' lang='lat' dir='ltr'>substantiali</span> <span class='ocrx_word' id='word_1_213' title='bbox 708 1265 757 1289; x_wconf 90' lang='lat' dir='ltr'>sint</span> <span class='ocrx_word' id='word_1_214' title='bbox 780 1272 810 1290; x_wconf 80' lang='lat' dir='ltr'>ex</span> <span class='ocrx_word' id='word_1_215' title='bbox 835 1268 908 1296; x_wconf 89' lang='lat' dir='ltr'>parte</span> <span class='ocrx_word' id='word_1_216' title='bbox 927 1272 980 1290; x_wconf 89' lang='lat' dir='ltr'>cor-</span> 
     </span>
     <span class='ocr_line' id='line_1_24' title="bbox 31 1308 979 1344; baseline -0.003 -7"><span class='ocrx_word' id='word_1_217' title='bbox 31 1312 98 1344; x_wconf 85' lang='lat' dir='ltr'>poris</span> <span class='ocrx_word' id='word_1_218' title='bbox 115 1311 178 1336; x_wconf 89' lang='lat' dir='ltr'>aliae</span> <span class='ocrx_word' id='word_1_219' title='bbox 198 1310 296 1334; x_wconf 80' lang='lat' dir='ltr'>formae</span> <span class='ocrx_word' id='word_1_220' title='bbox 314 1308 498 1334; x_wconf 89' lang='lat' dir='ltr'>subordinatae</span> <span class='ocrx_word' id='word_1_221' title='bbox 516 1312 541 1333; x_wconf 91' lang='lat' dir='ltr'>et</span> <span class='ocrx_word' id='word_1_222' title='bbox 555 1308 749 1340; x_wconf 87' lang='lat' dir='ltr'>corruptibiles;</span> <span class='ocrx_word' id='word_1_223' title='bbox 776 1308 901 1341; x_wconf 77' lang='lat' dir='ltr'>secundo,</span> <span class='ocrx_word' id='word_1_224' title='bbox 924 1310 979 1341; x_wconf 84' lang='lat' dir='ltr'>ipse</span> 
     </span>
     <span class='ocr_line' id='line_1_25' title="bbox 32 1352 980 1387; baseline -0.003 -6"><span class='ocrx_word' id='word_1_225' title='bbox 32 1355 103 1381; x_wconf 86' lang='lat' dir='ltr'>solvit</span> <span class='ocrx_word' id='word_1_226' title='bbox 121 1353 282 1379; x_wconf 82' lang='lat' dir='ltr'>difficultates</span> <span class='ocrx_word' id='word_1_227' title='bbox 301 1352 459 1377; x_wconf 88' lang='lat' dir='ltr'>recurrendo</span> <span class='ocrx_word' id='word_1_228' title='bbox 479 1352 512 1377; x_wconf 83' lang='lat' dir='ltr'>ad</span> <span class='ocrx_word' id='word_1_229' title='bbox 531 1353 644 1377; x_wconf 89' lang='lat' dir='ltr'>rationes</span> <span class='ocrx_word' id='word_1_230' title='bbox 663 1352 808 1377; x_wconf 78' lang='lat' dir='ltr'>seminales.</span> <span class='ocrx_word' id='word_1_231' title='bbox 824 1353 916 1384; x_wconf 85' lang='lat' dir='ltr'>Quoad</span> <span class='ocrx_word' id='word_1_232' title='bbox 928 1353 980 1387; x_wconf 75' lang='lat' dir='ltr'>prt-</span> 
     </span>
     <span class='ocr_line' id='line_1_26' title="bbox 31 1396 980 1428; baseline -0.003 -3"><span class='ocrx_word' id='word_1_233' title='bbox 31 1405 102 1425; x_wconf 81' lang='lat' dir='ltr'>mum</span> <span class='ocrx_word' id='word_1_234' title='bbox 120 1399 161 1423; x_wconf 88' lang='lat' dir='ltr'>hic</span> <span class='ocrx_word' id='word_1_235' title='bbox 188 1397 311 1428; x_wconf 86' lang='lat' dir='ltr'>affirmat,</span> <span class='ocrx_word' id='word_1_236' title='bbox 333 1396 403 1428; x_wconf 89' lang='lat' dir='ltr'>quod</span> <span class='ocrx_word' id='word_1_237' title='bbox 428 1405 439 1418; x_wconf 82' lang='lat'>«</span> <span class='ocrx_word' id='word_1_238' title='bbox 453 1396 535 1421; x_wconf 82' lang='lat' dir='ltr'>forma</span> <span class='ocrx_word' id='word_1_239' title='bbox 556 1396 639 1420; x_wconf 82' lang='lat' dir='ltr'>carnis</span> <span class='ocrx_word' id='word_1_240' title='bbox 654 1405 664 1418; x_wconf 74' lang='lat' dir='ltr'>n</span> <span class='ocrx_word' id='word_1_241' title='bbox 688 1399 713 1421; x_wconf 88' lang='lat' dir='ltr'>et</span> <span class='ocrx_word' id='word_1_242' title='bbox 730 1396 828 1421; x_wconf 82' lang='lat' dir='ltr'>formae</span> <span class='ocrx_word' id='word_1_243' title='bbox 846 1406 857 1419; x_wconf 70' lang='grc' dir='ltr'>α</span> <span class='ocrx_word' id='word_1_244' title='bbox 871 1397 941 1422; x_wconf 78' lang='lat' dir='ltr'>mixti</span> <span class='ocrx_word' id='word_1_245' title='bbox 955 1400 980 1422; x_wconf 92' lang='lat' dir='ltr'>et</span> 
     </span>
     <span class='ocr_line' id='line_1_27' title="bbox 31 1439 979 1473; baseline -0.004 -4"><span class='ocrx_word' id='word_1_246' title='bbox 31 1444 210 1469; x_wconf 87' lang='lat' dir='ltr'>elementorum</span> <span class='ocrx_word' id='word_1_247' title='bbox 225 1451 237 1464; x_wconf 75' lang='lat'>&gt;›</span> <span class='ocrx_word' id='word_1_248' title='bbox 269 1443 490 1472; x_wconf 75' lang='lat' dir='ltr'>corrumpuntur3</span> <span class='ocrx_word' id='word_1_249' title='bbox 511 1442 587 1472; x_wconf 84' lang='lat' dir='ltr'>atque</span> <span class='ocrx_word' id='word_1_250' title='bbox 608 1440 694 1472; x_wconf 85' lang='lat' dir='ltr'>quoad</span> <span class='ocrx_word' id='word_1_251' title='bbox 720 1439 881 1472; x_wconf 77' lang='lat' dir='ltr'>secundum,</span> <span class='ocrx_word' id='word_1_252' title='bbox 908 1441 979 1473; x_wconf 88' lang='lat' dir='ltr'>quod</span> 
     </span>
     <span class='ocr_line' id='line_1_28' title="bbox 34 1483 980 1516; baseline 0 -6"><span class='ocrx_word' id='word_1_253' title='bbox 34 1497 45 1510; x_wconf 62' lang='lat' dir='ltr'>a</span> <span class='ocrx_word' id='word_1_254' title='bbox 58 1487 122 1512; x_wconf 89' lang='lat' dir='ltr'>nulla</span> <span class='ocrx_word' id='word_1_255' title='bbox 137 1486 218 1511; x_wconf 76' lang='lat' dir='ltr'>forma</span> <span class='ocrx_word' id='word_1_256' title='bbox 238 1483 346 1510; x_wconf 79' lang='lat' dir='ltr'>omnino</span> <span class='ocrx_word' id='word_1_257' title='bbox 366 1484 555 1514; x_wconf 83' lang='lat' dir='ltr'>corrumpitur,</span> <span class='ocrx_word' id='word_1_258' title='bbox 576 1484 622 1508; x_wconf 88' lang='lat' dir='ltr'>sed</span> <span class='ocrx_word' id='word_1_259' title='bbox 637 1487 723 1508; x_wconf 84' lang='lat' dir='ltr'>manet</span> <span class='ocrx_word' id='word_1_260' title='bbox 736 1484 760 1508; x_wconf 92' lang='lat' dir='ltr'>in</span> <span class='ocrx_word' id='word_1_261' title='bbox 775 1485 880 1509; x_wconf 88' lang='lat' dir='ltr'>materia</span> <span class='ocrx_word' id='word_1_262' title='bbox 894 1492 905 1508; x_wconf 73' lang='lat' dir='ltr'>n</span> <span class='ocrx_word' id='word_1_263' title='bbox 922 1488 980 1516; x_wconf 89' lang='lat' dir='ltr'>post</span> 
     </span>
     <span class='ocr_line' id='line_1_29' title="bbox 30 1527 979 1562; baseline -0.004 -5"><span class='ocrx_word' id='word_1_264' title='bbox 30 1531 231 1562; x_wconf 76' lang='lat' dir='ltr'>corruptionem,</span> <span class='ocrx_word' id='word_1_265' title='bbox 245 1530 311 1553; x_wconf 88' lang='lat' dir='ltr'>sicut</span> <span class='ocrx_word' id='word_1_266' title='bbox 330 1530 396 1558; x_wconf 85' lang='lat' dir='ltr'>erat,</span> <span class='ocrx_word' id='word_1_267' title='bbox 418 1531 556 1559; x_wconf 83' lang='lat' dir='ltr'>antequam</span> <span class='ocrx_word' id='word_1_268' title='bbox 577 1527 781 1559; x_wconf 82' lang='lat' dir='ltr'>produceretur,</span> <span class='ocrx_word' id='word_1_269' title='bbox 798 1528 851 1552; x_wconf 88' lang='lat' dir='ltr'>scil.</span> <span class='ocrx_word' id='word_1_270' title='bbox 867 1529 891 1552; x_wconf 92' lang='lat' dir='ltr'>in</span> <span class='ocrx_word' id='word_1_271' title='bbox 905 1529 979 1553; x_wconf 89' lang='lat' dir='ltr'>ratio-</span> 
     </span>
     <span class='ocr_line' id='line_1_30' title="bbox 30 1571 980 1604; baseline -0.004 -3"><span class='ocrx_word' id='word_1_272' title='bbox 30 1575 101 1601; x_wconf 89' lang='lat' dir='ltr'>nibus</span> <span class='ocrx_word' id='word_1_273' title='bbox 114 1573 287 1600; x_wconf 84' lang='lat' dir='ltr'>seminalibus.</span> <span class='ocrx_word' id='word_1_274' title='bbox 301 1586 335 1590; x_wconf 80' lang='lat'>-</span> <span class='ocrx_word' id='word_1_275' title='bbox 349 1572 476 1603; x_wconf 83' lang='lat' dir='ltr'>Respectu</span> <span class='ocrx_word' id='word_1_276' title='bbox 495 1571 659 1604; x_wconf 75' lang='lat' dir='ltr'>pluralitatis</span> <span class='ocrx_word' id='word_1_277' title='bbox 678 1571 833 1604; x_wconf 64' lang='lat' dir='ltr'>formarum</span> <span class='ocrx_word' id='word_1_278' title='bbox 852 1572 923 1597; x_wconf 87' lang='lat' dir='ltr'>aliter</span> <span class='ocrx_word' id='word_1_279' title='bbox 938 1572 980 1597; x_wconf 91' lang='lat' dir='ltr'>do-</span> 
     </span>
     <span class='ocr_line' id='line_1_31' title="bbox 30 1616 980 1648; baseline -0.006 -2"><span class='ocrx_word' id='word_1_280' title='bbox 30 1622 67 1646; x_wconf 87' lang='lat' dir='ltr'>cet</span> <span class='ocrx_word' id='word_1_281' title='bbox 84 1626 113 1645; x_wconf 86' lang='lat' dir='ltr'>ac</span> <span class='ocrx_word' id='word_1_282' title='bbox 130 1619 156 1644; x_wconf 82' lang='lat' dir='ltr'>S.</span> <span class='ocrx_word' id='word_1_283' title='bbox 178 1618 306 1648; x_wconf 84' lang='lat' dir='ltr'>Thomas,</span> <span class='ocrx_word' id='word_1_284' title='bbox 326 1623 373 1641; x_wconf 90' lang='lat' dir='ltr'>nec</span> <span class='ocrx_word' id='word_1_285' title='bbox 386 1617 463 1641; x_wconf 91' lang='lat' dir='ltr'>etiam</span> <span class='ocrx_word' id='word_1_286' title='bbox 482 1622 543 1640; x_wconf 85' lang='lat' dir='ltr'>cum</span> <span class='ocrx_word' id='word_1_287' title='bbox 563 1616 638 1640; x_wconf 89' lang='lat' dir='ltr'>Scoto</span> <span class='ocrx_word' id='word_1_288' title='bbox 658 1617 778 1641; x_wconf 86' lang='lat' dir='ltr'>convenit</span> <span class='ocrx_word' id='word_1_289' title='bbox 797 1616 884 1648; x_wconf 87' lang='lat' dir='ltr'>quoad</span> <span class='ocrx_word' id='word_1_290' title='bbox 897 1619 980 1641; x_wconf 90' lang='lat' dir='ltr'>exten-</span> 
     </span>
     <span class='ocr_line' id='line_1_32' title="bbox 29 1660 978 1693; baseline -0.005 -3"><span class='ocrx_word' id='word_1_291' title='bbox 29 1665 123 1690; x_wconf 87' lang='lat' dir='ltr'>sionem</span> <span class='ocrx_word' id='word_1_292' title='bbox 143 1663 219 1688; x_wconf 92' lang='lat' dir='ltr'>huius</span> <span class='ocrx_word' id='word_1_293' title='bbox 239 1661 373 1693; x_wconf 82' lang='lat' dir='ltr'>principii,</span> <span class='ocrx_word' id='word_1_294' title='bbox 394 1667 454 1685; x_wconf 88' lang='lat' dir='ltr'>cum</span> <span class='ocrx_word' id='word_1_295' title='bbox 474 1660 565 1685; x_wconf 89' lang='lat' dir='ltr'>Scotus</span> <span class='ocrx_word' id='word_1_296' title='bbox 584 1666 643 1685; x_wconf 87' lang='lat' dir='ltr'>cum</span> <span class='ocrx_word' id='word_1_297' title='bbox 662 1661 747 1684; x_wconf 82' lang='lat' dir='ltr'>anima</span> <span class='ocrx_word' id='word_1_298' title='bbox 767 1660 849 1685; x_wconf 88' lang='lat' dir='ltr'>solam</span> <span class='ocrx_word' id='word_1_299' title='bbox 869 1661 978 1685; x_wconf 87' lang='lat' dir='ltr'>sormam</span> 
     </span>
     <span class='ocr_line' id='line_1_33' title="bbox 30 1705 978 1741; baseline -0.005 -7"><span class='ocrx_word' id='word_1_300' title='bbox 30 1705 206 1741; x_wconf 65' lang='lat' dir='ltr'>corporeitatis</span> <span class='ocrx_word' id='word_1_301' title='bbox 226 1705 350 1730; x_wconf 79' lang='lat' dir='ltr'>admittat.</span> <span class='ocrx_word' id='word_1_302' title='bbox 372 1705 407 1729; x_wconf 88' lang='lat' dir='ltr'>De</span> <span class='ocrx_word' id='word_1_303' title='bbox 427 1705 476 1729; x_wconf 87' lang='lat' dir='ltr'>hoc</span> <span class='ocrx_word' id='word_1_304' title='bbox 496 1705 623 1735; x_wconf 85' lang='lat' dir='ltr'>principio</span> <span class='ocrx_word' id='word_1_305' title='bbox 643 1705 667 1729; x_wconf 94' lang='lat' dir='ltr'>S.</span> <span class='ocrx_word' id='word_1_306' title='bbox 683 1705 878 1729; x_wconf 83' lang='lat' dir='ltr'>Bonavcnturae</span> <span class='ocrx_word' id='word_1_307' title='bbox 892 1705 936 1730; x_wconf 82' lang='lat' dir='ltr'>cfr.</span> <span class='ocrx_word' id='word_1_308' title='bbox 953 1705 978 1730; x_wconf 95' lang='lat' dir='ltr'>ll.</span> 
     </span>
     <span class='ocr_line' id='line_1_34' title="bbox 29 1748 979 1782; baseline -0.003 -5"><span class='ocrx_word' id='word_1_309' title='bbox 29 1752 92 1777; x_wconf 90' lang='lat' dir='ltr'>Sent.</span> <span class='ocrx_word' id='word_1_310' title='bbox 108 1751 131 1777; x_wconf 92' lang='lat' dir='ltr'>d.</span> <span class='ocrx_word' id='word_1_311' title='bbox 147 1752 187 1775; x_wconf 86' lang='grc'>12.</span> <span class='ocrx_word' id='word_1_312' title='bbox 202 1758 223 1775; x_wconf 89' lang='lat' dir='ltr'>a.</span> <span class='ocrx_word' id='word_1_313' title='bbox 240 1750 262 1774; x_wconf 94' lang='grc'>1.</span> <span class='ocrx_word' id='word_1_314' title='bbox 277 1757 301 1782; x_wconf 87' lang='lat' dir='ltr'>q.</span> <span class='ocrx_word' id='word_1_315' title='bbox 317 1749 341 1774; x_wconf 88' lang='lat'>3.</span> <span class='ocrx_word' id='word_1_316' title='bbox 355 1752 379 1774; x_wconf 88' lang='lat' dir='ltr'>et</span> <span class='ocrx_word' id='word_1_317' title='bbox 398 1749 527 1780; x_wconf 84' lang='lat' dir='ltr'>scholion,</span> <span class='ocrx_word' id='word_1_318' title='bbox 543 1748 567 1773; x_wconf 90' lang='lat' dir='ltr'>d.</span> <span class='ocrx_word' id='word_1_319' title='bbox 585 1749 624 1773; x_wconf 91' lang='grc'>13.</span> <span class='ocrx_word' id='word_1_320' title='bbox 638 1756 660 1773; x_wconf 88' lang='lat' dir='ltr'>a.</span> <span class='ocrx_word' id='word_1_321' title='bbox 675 1749 698 1773; x_wconf 92' lang='grc'>2.</span> <span class='ocrx_word' id='word_1_322' title='bbox 713 1756 738 1781; x_wconf 90' lang='lat' dir='ltr'>q.</span> <span class='ocrx_word' id='word_1_323' title='bbox 753 1750 776 1773; x_wconf 89' lang='grc'>2.</span> <span class='ocrx_word' id='word_1_324' title='bbox 797 1752 821 1774; x_wconf 82' lang='grc'>01</span> <span class='ocrx_word' id='word_1_325' title='bbox 840 1750 979 1780; x_wconf 77' lang='lat' dir='ltr'>praecipue</span> 
     </span>
     <span class='ocr_line' id='line_1_35' title="bbox 30 1792 977 1826; baseline -0.004 -5"><span class='ocrx_word' id='word_1_326' title='bbox 30 1796 153 1826; x_wconf 84' lang='lat' dir='ltr'>scholion,</span> <span class='ocrx_word' id='word_1_327' title='bbox 174 1794 198 1819; x_wconf 90' lang='lat' dir='ltr'>d.</span> <span class='ocrx_word' id='word_1_328' title='bbox 224 1793 261 1818; x_wconf 91' lang='lat'>14.</span> <span class='ocrx_word' id='word_1_329' title='bbox 282 1800 306 1825; x_wconf 88' lang='lat' dir='ltr'>p.</span> <span class='ocrx_word' id='word_1_330' title='bbox 328 1793 353 1818; x_wconf 90' lang='grc' dir='ltr'>ΙΙ.</span> <span class='ocrx_word' id='word_1_331' title='bbox 374 1800 397 1818; x_wconf 89' lang='lat' dir='ltr'>a.</span> <span class='ocrx_word' id='word_1_332' title='bbox 418 1794 441 1817; x_wconf 88' lang='grc'>2.</span> <span class='ocrx_word' id='word_1_333' title='bbox 462 1800 486 1824; x_wconf 92' lang='lat' dir='ltr'>q.</span> <span class='ocrx_word' id='word_1_334' title='bbox 508 1793 537 1823; x_wconf 83' lang='grc'>1,</span> <span class='ocrx_word' id='word_1_335' title='bbox 558 1792 583 1817; x_wconf 92' lang='lat' dir='ltr'>d.</span> <span class='ocrx_word' id='word_1_336' title='bbox 609 1792 645 1817; x_wconf 86' lang='lat'>15.</span> <span class='ocrx_word' id='word_1_337' title='bbox 660 1799 682 1817; x_wconf 86' lang='lat' dir='ltr'>a.</span> <span class='ocrx_word' id='word_1_338' title='bbox 699 1793 721 1817; x_wconf 87' lang='lat'>1.</span> <span class='ocrx_word' id='word_1_339' title='bbox 736 1799 760 1824; x_wconf 87' lang='lat' dir='ltr'>q.</span> <span class='ocrx_word' id='word_1_340' title='bbox 776 1793 805 1824; x_wconf 77' lang='lat'>2,</span> <span class='ocrx_word' id='word_1_341' title='bbox 820 1792 844 1817; x_wconf 89' lang='lat' dir='ltr'>d.</span> <span class='ocrx_word' id='word_1_342' title='bbox 860 1792 902 1817; x_wconf 85' lang='lat'>17.</span> <span class='ocrx_word' id='word_1_343' title='bbox 917 1800 939 1818; x_wconf 84' lang='lat' dir='ltr'>a.</span> <span class='ocrx_word' id='word_1_344' title='bbox 959 1794 977 1817; x_wconf 97' lang='grc'>1.</span> 
     </span>
     <span class='ocr_line' id='line_1_36' title="bbox 29 1836 977 1872; baseline -0.002 -8"><span class='ocrx_word' id='word_1_345' title='bbox 29 1846 52 1872; x_wconf 89' lang='lat' dir='ltr'>q.</span> <span class='ocrx_word' id='word_1_346' title='bbox 71 1839 93 1864; x_wconf 88' lang='grc'>2.</span> <span class='ocrx_word' id='word_1_347' title='bbox 107 1838 139 1863; x_wconf 86' lang='lat' dir='ltr'>ad</span> <span class='ocrx_word' id='word_1_348' title='bbox 153 1838 176 1863; x_wconf 89' lang='grc'>6.</span> <span class='ocrx_word' id='word_1_349' title='bbox 190 1841 215 1863; x_wconf 82' lang='grc'>01</span> <span class='ocrx_word' id='word_1_350' title='bbox 234 1845 256 1863; x_wconf 90' lang='lat' dir='ltr'>a.</span> <span class='ocrx_word' id='word_1_351' title='bbox 277 1838 301 1862; x_wconf 90' lang='grc'>2.</span> <span class='ocrx_word' id='word_1_352' title='bbox 321 1844 346 1869; x_wconf 87' lang='lat' dir='ltr'>q.</span> <span class='ocrx_word' id='word_1_353' title='bbox 361 1837 393 1868; x_wconf 81' lang='grc'>2;</span> <span class='ocrx_word' id='word_1_354' title='bbox 408 1837 452 1861; x_wconf 78' lang='lat' dir='ltr'>cfr.</span> <span class='ocrx_word' id='word_1_355' title='bbox 466 1837 543 1861; x_wconf 87' lang='lat' dir='ltr'>etiam</span> <span class='ocrx_word' id='word_1_356' title='bbox 558 1836 583 1860; x_wconf 92' lang='grc'>11.</span> <span class='ocrx_word' id='word_1_357' title='bbox 598 1836 665 1861; x_wconf 86' lang='lat' dir='ltr'>Sent.</span> <span class='ocrx_word' id='word_1_358' title='bbox 681 1836 705 1861; x_wconf 93' lang='lat' dir='ltr'>d.</span> <span class='ocrx_word' id='word_1_359' title='bbox 725 1837 744 1860; x_wconf 93' lang='lat'>1.</span> <span class='ocrx_word' id='word_1_360' title='bbox 759 1843 783 1867; x_wconf 91' lang='lat' dir='ltr'>p.</span> <span class='ocrx_word' id='word_1_361' title='bbox 800 1836 825 1861; x_wconf 86' lang='lat' dir='ltr'>ll.</span> <span class='ocrx_word' id='word_1_362' title='bbox 839 1843 861 1861; x_wconf 87' lang='lat' dir='ltr'>a.</span> <span class='ocrx_word' id='word_1_363' title='bbox 882 1838 900 1861; x_wconf 95' lang='lat'>1.</span> <span class='ocrx_word' id='word_1_364' title='bbox 914 1844 939 1869; x_wconf 89' lang='lat' dir='ltr'>q.</span> <span class='ocrx_word' id='word_1_365' title='bbox 954 1838 977 1862; x_wconf 92' lang='grc'>2,</span> 
     </span>
     <span class='ocr_line' id='line_1_37' title="bbox 29 1880 975 1914; baseline -0.002 -6"><span class='ocrx_word' id='word_1_366' title='bbox 29 1882 60 1908; x_wconf 85' lang='lat' dir='ltr'>ad</span> <span class='ocrx_word' id='word_1_367' title='bbox 73 1884 95 1908; x_wconf 85' lang='grc'>2.</span> <span class='ocrx_word' id='word_1_368' title='bbox 110 1883 124 1907; x_wconf 88' lang='lat'><strong>3</strong></span> <span class='ocrx_word' id='word_1_369' title='bbox 136 1891 141 1914; x_wconf 89' lang='lat'>;</span> <span class='ocrx_word' id='word_1_370' title='bbox 155 1882 190 1906; x_wconf 94' lang='lat'>111.</span> <span class='ocrx_word' id='word_1_371' title='bbox 205 1882 273 1906; x_wconf 87' lang='lat' dir='ltr'>Sent.</span> <span class='ocrx_word' id='word_1_372' title='bbox 288 1881 313 1906; x_wconf 93' lang='lat' dir='ltr'>d.</span> <span class='ocrx_word' id='word_1_373' title='bbox 328 1882 352 1906; x_wconf 88' lang='lat'>6.</span> <span class='ocrx_word' id='word_1_374' title='bbox 366 1888 388 1905; x_wconf 86' lang='lat' dir='ltr'>a.</span> <span class='ocrx_word' id='word_1_375' title='bbox 404 1881 428 1905; x_wconf 82' lang='lat'>2.</span> <span class='ocrx_word' id='word_1_376' title='bbox 445 1887 469 1912; x_wconf 92' lang='lat' dir='ltr'>q.</span> <span class='ocrx_word' id='word_1_377' title='bbox 494 1881 500 1904; x_wconf 91' lang='lat'>1</span> <span class='ocrx_word' id='word_1_378' title='bbox 516 1888 522 1911; x_wconf 84' lang='grc'>;</span> <span class='ocrx_word' id='word_1_379' title='bbox 544 1880 584 1905; x_wconf 92' lang='lat' dir='ltr'>1V.</span> <span class='ocrx_word' id='word_1_380' title='bbox 604 1881 674 1906; x_wconf 86' lang='lat' dir='ltr'>Sent.</span> <span class='ocrx_word' id='word_1_381' title='bbox 695 1880 720 1905; x_wconf 92' lang='lat' dir='ltr'>d.</span> <span class='ocrx_word' id='word_1_382' title='bbox 743 1880 783 1905; x_wconf 92' lang='lat'>44.</span> <span class='ocrx_word' id='word_1_383' title='bbox 798 1888 823 1912; x_wconf 90' lang='lat' dir='ltr'>p.</span> <span class='ocrx_word' id='word_1_384' title='bbox 838 1881 853 1905; x_wconf 97' lang='grc' dir='ltr'>Ι.</span> <span class='ocrx_word' id='word_1_385' title='bbox 868 1881 930 1906; x_wconf 88' lang='lat' dir='ltr'>dub.</span> <span class='ocrx_word' id='word_1_386' title='bbox 946 1881 975 1913; x_wconf 92' lang='lat'>4,</span> 
     </span>
     <span class='ocr_line' id='line_1_38' title="bbox 30 1923 977 1958; baseline -0.002 -6"><span class='ocrx_word' id='word_1_387' title='bbox 30 1927 52 1952; x_wconf 90' lang='lat' dir='ltr'>d.</span> <span class='ocrx_word' id='word_1_388' title='bbox 66 1925 104 1952; x_wconf 70' lang='lat'>49.</span> <span class='ocrx_word' id='word_1_389' title='bbox 118 1933 143 1958; x_wconf 92' lang='lat' dir='ltr'>p.</span> <span class='ocrx_word' id='word_1_390' title='bbox 157 1926 183 1951; x_wconf 94' lang='grc' dir='ltr'>ΙΙ.</span> <span class='ocrx_word' id='word_1_391' title='bbox 197 1928 258 1950; x_wconf 91' lang='lat' dir='ltr'>sect.</span> <span class='ocrx_word' id='word_1_392' title='bbox 273 1926 296 1950; x_wconf 82' lang='lat'>2.</span> <span class='ocrx_word' id='word_1_393' title='bbox 310 1932 332 1949; x_wconf 86' lang='lat' dir='ltr'>a.</span> <span class='ocrx_word' id='word_1_394' title='bbox 349 1925 371 1949; x_wconf 84' lang='lat'>4.</span> <span class='ocrx_word' id='word_1_395' title='bbox 386 1931 410 1957; x_wconf 87' lang='lat' dir='ltr'>q.</span> <span class='ocrx_word' id='word_1_396' title='bbox 425 1925 446 1949; x_wconf 87' lang='lat'>1.</span> <span class='ocrx_word' id='word_1_397' title='bbox 460 1938 496 1942; x_wconf 97' lang='lat'><strong>—</strong></span> <span class='ocrx_word' id='word_1_398' title='bbox 509 1924 545 1949; x_wconf 92' lang='lat' dir='ltr'>De</span> <span class='ocrx_word' id='word_1_399' title='bbox 558 1923 700 1949; x_wconf 87' lang='lat' dir='ltr'>rationibus</span> <span class='ocrx_word' id='word_1_400' title='bbox 710 1924 878 1949; x_wconf 83' lang='lat' dir='ltr'>seminalibus</span> <span class='ocrx_word' id='word_1_401' title='bbox 891 1925 936 1950; x_wconf 77' lang='lat' dir='ltr'>cfr.</span> <span class='ocrx_word' id='word_1_402' title='bbox 951 1926 977 1951; x_wconf 94' lang='lat' dir='ltr'>ll.</span> 
     </span>
     <span class='ocr_line' id='line_1_39' title="bbox 30 1968 977 2001; baseline -0.001 -5"><span class='ocrx_word' id='word_1_403' title='bbox 30 1972 92 1996; x_wconf 86' lang='lat' dir='ltr'>Sent.</span> <span class='ocrx_word' id='word_1_404' title='bbox 112 1970 136 1996; x_wconf 88' lang='lat' dir='ltr'>d.</span> <span class='ocrx_word' id='word_1_405' title='bbox 156 1970 180 1995; x_wconf 78' lang='lat'>7.</span> <span class='ocrx_word' id='word_1_406' title='bbox 201 1977 226 2001; x_wconf 89' lang='lat' dir='ltr'>p.</span> <span class='ocrx_word' id='word_1_407' title='bbox 246 1969 273 1994; x_wconf 92' lang='grc'>11,</span> <span class='ocrx_word' id='word_1_408' title='bbox 293 1976 315 1993; x_wconf 88' lang='lat' dir='ltr'>a.</span> <span class='ocrx_word' id='word_1_409' title='bbox 337 1970 360 1993; x_wconf 91' lang='grc'>2.</span> <span class='ocrx_word' id='word_1_410' title='bbox 381 1976 406 2001; x_wconf 82' lang='lat' dir='ltr'>q.</span> <span class='ocrx_word' id='word_1_411' title='bbox 429 1969 457 2000; x_wconf 81' lang='grc'>1,</span> <span class='ocrx_word' id='word_1_412' title='bbox 477 1968 502 1993; x_wconf 90' lang='lat' dir='ltr'>d.</span> <span class='ocrx_word' id='word_1_413' title='bbox 524 1969 563 1993; x_wconf 87' lang='grc'>18.</span> <span class='ocrx_word' id='word_1_414' title='bbox 579 1976 601 1993; x_wconf 83' lang='lat' dir='ltr'>a.</span> <span class='ocrx_word' id='word_1_415' title='bbox 618 1969 639 1993; x_wconf 93' lang='grc'>1.</span> <span class='ocrx_word' id='word_1_416' title='bbox 660 1975 684 2000; x_wconf 90' lang='lat' dir='ltr'>q.</span> <span class='ocrx_word' id='word_1_417' title='bbox 706 1969 729 1993; x_wconf 93' lang='grc'>2.</span> <span class='ocrx_word' id='word_1_418' title='bbox 750 1971 774 1993; x_wconf 83' lang='lat' dir='ltr'>et</span> <span class='ocrx_word' id='word_1_419' title='bbox 794 1969 826 2000; x_wconf 85' lang='lat'>3;</span> <span class='ocrx_word' id='word_1_420' title='bbox 847 1969 888 1994; x_wconf 90' lang='lat' dir='ltr'>IV.</span> <span class='ocrx_word' id='word_1_421' title='bbox 908 1970 977 1995; x_wconf 85' lang='lat' dir='ltr'>Sent.</span> 
     </span>
     <span class='ocr_line' id='line_1_40' title="bbox 30 2012 978 2046; baseline 0 -7"><span class='ocrx_word' id='word_1_422' title='bbox 30 2013 54 2039; x_wconf 89' lang='lat' dir='ltr'>d.</span> <span class='ocrx_word' id='word_1_423' title='bbox 73 2014 112 2039; x_wconf 89' lang='grc'>12.</span> <span class='ocrx_word' id='word_1_424' title='bbox 133 2020 158 2045; x_wconf 90' lang='lat' dir='ltr'>p.</span> <span class='ocrx_word' id='word_1_425' title='bbox 178 2014 194 2038; x_wconf 97' lang='grc'>1.</span> <span class='ocrx_word' id='word_1_426' title='bbox 214 2021 236 2038; x_wconf 92' lang='lat' dir='ltr'>a.</span> <span class='ocrx_word' id='word_1_427' title='bbox 258 2014 281 2038; x_wconf 88' lang='grc'>2.</span> <span class='ocrx_word' id='word_1_428' title='bbox 302 2020 327 2045; x_wconf 77' lang='lat' dir='ltr'>q.</span> <span class='ocrx_word' id='word_1_429' title='bbox 350 2013 377 2043; x_wconf 89' lang='lat' dir='ltr'>l,</span> <span class='ocrx_word' id='word_1_430' title='bbox 399 2012 442 2038; x_wconf 91' lang='lat' dir='ltr'>ubi</span> <span class='ocrx_word' id='word_1_431' title='bbox 469 2013 493 2036; x_wconf 93' lang='lat' dir='ltr'>in</span> <span class='ocrx_word' id='word_1_432' title='bbox 519 2012 622 2037; x_wconf 83' lang='lat' dir='ltr'>scholiis</span> <span class='ocrx_word' id='word_1_433' title='bbox 647 2012 721 2043; x_wconf 86' lang='lat' dir='ltr'>plura</span> <span class='ocrx_word' id='word_1_434' title='bbox 741 2012 774 2037; x_wconf 89' lang='lat' dir='ltr'>de</span> <span class='ocrx_word' id='word_1_435' title='bbox 794 2014 842 2038; x_wconf 86' lang='lat' dir='ltr'>hac</span> <span class='ocrx_word' id='word_1_436' title='bbox 860 2014 978 2046; x_wconf 86' lang='lat' dir='ltr'>antiquo-</span> 
     </span>
     <span class='ocr_line' id='line_1_41' title="bbox 29 2056 977 2088; baseline 0 -5"><span class='ocrx_word' id='word_1_437' title='bbox 29 2064 84 2083; x_wconf 85' lang='lat' dir='ltr'>rum</span> <span class='ocrx_word' id='word_1_438' title='bbox 104 2057 320 2083; x_wconf 79' lang='lat' dir='ltr'>scholasticorum</span> <span class='ocrx_word' id='word_1_439' title='bbox 349 2057 470 2088; x_wconf 89' lang='lat' dir='ltr'>opinione</span> <span class='ocrx_word' id='word_1_440' title='bbox 490 2056 568 2081; x_wconf 84' lang='lat' dir='ltr'>relata</span> <span class='ocrx_word' id='word_1_441' title='bbox 586 2058 653 2081; x_wconf 90' lang='lat' dir='ltr'>sunt.</span> <span class='ocrx_word' id='word_1_442' title='bbox 674 2056 785 2081; x_wconf 84' lang='lat' dir='ltr'>Eaedem</span> <span class='ocrx_word' id='word_1_443' title='bbox 804 2058 916 2082; x_wconf 87' lang='lat' dir='ltr'>rationes</span> <span class='ocrx_word' id='word_1_444' title='bbox 941 2065 977 2083; x_wconf 90' lang='lat' dir='ltr'>se-</span> 
     </span>
     <span class='ocr_line' id='line_1_42' title="bbox 30 2099 976 2134; baseline 0.001 -8"><span class='ocrx_word' id='word_1_445' title='bbox 30 2102 131 2126; x_wconf 88' lang='lat' dir='ltr'>minales</span> <span class='ocrx_word' id='word_1_446' title='bbox 149 2101 304 2126; x_wconf 84' lang='lat' dir='ltr'>adhibentur</span> <span class='ocrx_word' id='word_1_447' title='bbox 323 2101 387 2125; x_wconf 84' lang='lat' dir='ltr'>inira</span> <span class='ocrx_word' id='word_1_448' title='bbox 407 2107 433 2132; x_wconf 90' lang='lat' dir='ltr'>q.</span> <span class='ocrx_word' id='word_1_449' title='bbox 455 2100 479 2125; x_wconf 82' lang='lat'>5.</span> <span class='ocrx_word' id='word_1_450' title='bbox 499 2100 532 2124; x_wconf 88' lang='lat' dir='ltr'>ad</span> <span class='ocrx_word' id='word_1_451' title='bbox 552 2100 576 2125; x_wconf 90' lang='grc'>6.</span> <span class='ocrx_word' id='word_1_452' title='bbox 596 2103 621 2125; x_wconf 85' lang='grc'>01</span> <span class='ocrx_word' id='word_1_453' title='bbox 639 2100 665 2125; x_wconf 95' lang='lat' dir='ltr'>d.</span> <span class='ocrx_word' id='word_1_454' title='bbox 688 2099 729 2125; x_wconf 75' lang='lat'>44..</span> <span class='ocrx_word' id='word_1_455' title='bbox 750 2107 774 2131; x_wconf 90' lang='lat' dir='ltr'>p.</span> <span class='ocrx_word' id='word_1_456' title='bbox 795 2101 810 2125; x_wconf 96' lang='lat' dir='ltr'>l.</span> <span class='ocrx_word' id='word_1_457' title='bbox 831 2108 854 2125; x_wconf 90' lang='lat' dir='ltr'>a.</span> <span class='ocrx_word' id='word_1_458' title='bbox 875 2103 898 2126; x_wconf 88' lang='grc'>2.</span> <span class='ocrx_word' id='word_1_459' title='bbox 913 2109 938 2134; x_wconf 91' lang='lat' dir='ltr'>q.</span> <span class='ocrx_word' id='word_1_460' title='bbox 953 2103 976 2127; x_wconf 85' lang='grc'>2.</span> 
     </span>
     <span class='ocr_line' id='line_1_43' title="bbox 29 2144 976 2176; baseline 0.002 -6"><span class='ocrx_word' id='word_1_461' title='bbox 29 2144 60 2171; x_wconf 92' lang='lat' dir='ltr'>ad</span> <span class='ocrx_word' id='word_1_462' title='bbox 78 2146 225 2170; x_wconf 69' lang='grc'>2.-111111</span> <span class='ocrx_word' id='word_1_463' title='bbox 254 2145 466 2176; x_wconf 85' lang='lat' dir='ltr'>observavimus,</span> <span class='ocrx_word' id='word_1_464' title='bbox 497 2145 562 2169; x_wconf 89' lang='lat' dir='ltr'>hanc</span> <span class='ocrx_word' id='word_1_465' title='bbox 590 2145 813 2176; x_wconf 80' lang='lat' dir='ltr'>praeexistentiam</span> <span class='ocrx_word' id='word_1_466' title='bbox 839 2152 926 2171; x_wconf 88' lang='lat' dir='ltr'>rerum</span> <span class='ocrx_word' id='word_1_467' title='bbox 952 2148 976 2172; x_wconf 91' lang='lat' dir='ltr'>in</span> 
     </span>
     <span class='ocr_line' id='line_1_44' title="bbox 29 2186 977 2220; baseline 0.001 -7"><span class='ocrx_word' id='word_1_468' title='bbox 29 2188 165 2213; x_wconf 85' lang='lat' dir='ltr'>rationibus</span> <span class='ocrx_word' id='word_1_469' title='bbox 184 2187 352 2213; x_wconf 89' lang='lat' dir='ltr'>seminalibus</span> <span class='ocrx_word' id='word_1_470' title='bbox 371 2187 459 2220; x_wconf 88' lang='lat' dir='ltr'>quoad</span> <span class='ocrx_word' id='word_1_471' title='bbox 472 2186 627 2219; x_wconf 75' lang='lat' dir='ltr'>essentiam,</span> <span class='ocrx_word' id='word_1_472' title='bbox 642 2194 692 2212; x_wconf 92' lang='lat' dir='ltr'>non</span> <span class='ocrx_word' id='word_1_473' title='bbox 707 2187 795 2220; x_wconf 82' lang='lat' dir='ltr'>quoad</span> <span class='ocrx_word' id='word_1_474' title='bbox 808 2187 977 2214; x_wconf 70' lang='lat' dir='ltr'>existentiam</span> 
     </span>
     <span class='ocr_line' id='line_1_45' title="bbox 28 2231 977 2266; baseline 0.001 -8"><span class='ocrx_word' id='word_1_475' title='bbox 28 2231 162 2265; x_wconf 77' lang='lat' dir='ltr'>propriam</span> <span class='ocrx_word' id='word_1_476' title='bbox 181 2235 205 2257; x_wconf 91' lang='lat' dir='ltr'>et</span> <span class='ocrx_word' id='word_1_477' title='bbox 224 2231 396 2265; x_wconf 79' lang='lat' dir='ltr'>completam,</span> <span class='ocrx_word' id='word_1_478' title='bbox 419 2239 498 2264; x_wconf 87' lang='lat' dir='ltr'>quam</span> <span class='ocrx_word' id='word_1_479' title='bbox 518 2233 541 2256; x_wconf 84' lang='lat' dir='ltr'>S.</span> <span class='ocrx_word' id='word_1_480' title='bbox 563 2232 657 2257; x_wconf 87' lang='lat' dir='ltr'>Doctor</span> <span class='ocrx_word' id='word_1_481' title='bbox 676 2234 799 2264; x_wconf 84' lang='lat' dir='ltr'>tanquam</span> <span class='ocrx_word' id='word_1_482' title='bbox 820 2232 905 2266; x_wconf 73' lang='lat' dir='ltr'>maqis</span> <span class='ocrx_word' id='word_1_483' title='bbox 918 2239 977 2265; x_wconf 81' lang='lat' dir='ltr'>pro-</span> 
     </span>
    </p>
   </div>
   <div class='ocr_carea' id='block_1_3' title="bbox 1007 401 1018 2248">
    <p class='ocr_par' dir='ltr' id='par_1_5' title="bbox 1007 401 1018 2248">
     <span class='ocr_line' id='line_1_46' title="bbox 1007 401 1018 2248; baseline 0 0"><span class='ocrx_word' id='word_1_484' title='bbox 1007 401 1018 2248; x_wconf 95' lang='lat' dir='ltr'> </span> 
     </span>
    </p>
   </div>
   <div class='ocr_carea' id='block_1_4' title="bbox 1933 270 1993 302">
    <p class='ocr_par' dir='ltr' id='par_1_6' title="bbox 1933 270 1993 302">
     <span class='ocr_line' id='line_1_47' title="bbox 1933 270 1993 302; baseline 0.017 -1"><span class='ocrx_word' id='word_1_485' title='bbox 1933 270 1993 302; x_wconf 80' lang='lat'>891</span> 
     </span>
    </p>
   </div>
   <div class='ocr_carea' id='block_1_5' title="bbox 1042 350 2000 2269">
    <p class='ocr_par' dir='ltr' id='par_1_7' title="bbox 1046 350 2000 689">
     <span class='ocr_line' id='line_1_48' title="bbox 1048 350 2000 384; baseline 0.004 -6"><span class='ocrx_word' id='word_1_486' title='bbox 1048 350 1159 378; x_wconf 71' lang='lat' dir='ltr'>habitem</span> <span class='ocrx_word' id='word_1_487' title='bbox 1187 353 1286 384; x_wconf 86' lang='lat' dir='ltr'>posuit,</span> <span class='ocrx_word' id='word_1_488' title='bbox 1307 360 1320 377; x_wconf 89' lang='lat' dir='ltr'>a</span> <span class='ocrx_word' id='word_1_489' title='bbox 1341 353 1528 384; x_wconf 79' lang='lat' dir='ltr'>posterioribus</span> <span class='ocrx_word' id='word_1_490' title='bbox 1557 354 1718 380; x_wconf 81' lang='lat' dir='ltr'>Scholasticis</span> <span class='ocrx_word' id='word_1_491' title='bbox 1748 356 1800 381; x_wconf 80' lang='lat' dir='ltr'>sere</span> <span class='ocrx_word' id='word_1_492' title='bbox 1828 358 2000 382; x_wconf 82' lang='lat' dir='ltr'>communiter</span> 
     </span>
     <span class='ocr_line' id='line_1_49' title="bbox 1047 395 1998 432; baseline 0.005 -12"><span class='ocrx_word' id='word_1_493' title='bbox 1047 395 1125 421; x_wconf 81' lang='lat' dir='ltr'>fuisse</span> <span class='ocrx_word' id='word_1_494' title='bbox 1142 396 1324 429; x_wconf 87' lang='lat' dir='ltr'>improbatam,</span> <span class='ocrx_word' id='word_1_495' title='bbox 1340 404 1450 429; x_wconf 85' lang='lat' dir='ltr'>eamque</span> <span class='ocrx_word' id='word_1_496' title='bbox 1464 405 1519 423; x_wconf 89' lang='lat' dir='ltr'>esse</span> <span class='ocrx_word' id='word_1_497' title='bbox 1533 398 1658 430; x_wconf 87' lang='lat' dir='ltr'>explicatu</span> <span class='ocrx_word' id='word_1_498' title='bbox 1673 400 1733 425; x_wconf 85' lang='lat' dir='ltr'>satis</span> <span class='ocrx_word' id='word_1_499' title='bbox 1747 399 1886 425; x_wconf 72' lang='lat' dir='ltr'>difficilem.</span> <span class='ocrx_word' id='word_1_500' title='bbox 1901 401 1998 432; x_wconf 82' lang='lat' dir='ltr'>Quodsi</span> 
     </span>
     <span class='ocr_line' id='line_1_50' title="bbox 1048 439 1996 477; baseline 0.006 -14"><span class='ocrx_word' id='word_1_501' title='bbox 1048 439 1110 464; x_wconf 87' lang='lat' dir='ltr'>hacc</span> <span class='ocrx_word' id='word_1_502' title='bbox 1130 439 1244 465; x_wconf 87' lang='lat' dir='ltr'>doctrina</span> <span class='ocrx_word' id='word_1_503' title='bbox 1259 443 1346 471; x_wconf 81' lang='lat' dir='ltr'>posset</span> <span class='ocrx_word' id='word_1_504' title='bbox 1359 441 1477 473; x_wconf 86' lang='lat' dir='ltr'>probari,</span> <span class='ocrx_word' id='word_1_505' title='bbox 1494 449 1543 467; x_wconf 87' lang='lat' dir='ltr'>non</span> <span class='ocrx_word' id='word_1_506' title='bbox 1558 444 1656 468; x_wconf 89' lang='lat' dir='ltr'>tantum</span> <span class='ocrx_word' id='word_1_507' title='bbox 1677 443 1772 474; x_wconf 81' lang='lat' dir='ltr'>dogma</span> <span class='ocrx_word' id='word_1_508' title='bbox 1787 445 1996 477; x_wconf 85' lang='lat' dir='ltr'>resurrectionis,</span> 
     </span>
     <span class='ocr_line' id='line_1_51' title="bbox 1046 482 1999 518; baseline 0.007 -12"><span class='ocrx_word' id='word_1_509' title='bbox 1046 482 1092 507; x_wconf 87' lang='lat' dir='ltr'>sed</span> <span class='ocrx_word' id='word_1_510' title='bbox 1117 483 1165 507; x_wconf 84' lang='lat' dir='ltr'>alia</span> <span class='ocrx_word' id='word_1_511' title='bbox 1184 484 1259 508; x_wconf 86' lang='lat' dir='ltr'>etiam</span> <span class='ocrx_word' id='word_1_512' title='bbox 1280 486 1400 515; x_wconf 82' lang='lat' dir='ltr'>mysteria</span> <span class='ocrx_word' id='word_1_513' title='bbox 1421 486 1540 510; x_wconf 82' lang='lat' dir='ltr'>scientiae</span> <span class='ocrx_word' id='word_1_514' title='bbox 1563 487 1684 512; x_wconf 82' lang='lat' dir='ltr'>naturalis</span> <span class='ocrx_word' id='word_1_515' title='bbox 1704 494 1752 512; x_wconf 90' lang='lat' dir='ltr'>non</span> <span class='ocrx_word' id='word_1_516' title='bbox 1774 495 1866 518; x_wconf 88' lang='lat' dir='ltr'>parum</span> <span class='ocrx_word' id='word_1_517' title='bbox 1893 488 1999 513; x_wconf 87' lang='lat' dir='ltr'>illustra-</span> 
     </span>
     <span class='ocr_line' id='line_1_52' title="bbox 1046 528 2000 561; baseline 0.007 -11"><span class='ocrx_word' id='word_1_518' title='bbox 1046 530 1142 551; x_wconf 90' lang='lat' dir='ltr'>rentur.</span> <span class='ocrx_word' id='word_1_519' title='bbox 1159 541 1192 544; x_wconf 92' lang='lat'>—</span> <span class='ocrx_word' id='word_1_520' title='bbox 1206 528 1269 552; x_wconf 81' lang='lat' dir='ltr'>Petr.</span> <span class='ocrx_word' id='word_1_521' title='bbox 1288 535 1301 552; x_wconf 89' lang='lat' dir='ltr'>a</span> <span class='ocrx_word' id='word_1_522' title='bbox 1323 528 1381 553; x_wconf 88' lang='lat' dir='ltr'>Tar.</span> <span class='ocrx_word' id='word_1_523' title='bbox 1402 530 1426 553; x_wconf 90' lang='lat' dir='ltr'>in</span> <span class='ocrx_word' id='word_1_524' title='bbox 1447 530 1494 554; x_wconf 85' lang='lat' dir='ltr'>hac</span> <span class='ocrx_word' id='word_1_525' title='bbox 1507 531 1657 561; x_wconf 85' lang='lat' dir='ltr'>quaestione</span> <span class='ocrx_word' id='word_1_526' title='bbox 1677 532 1802 556; x_wconf 84' lang='lat' dir='ltr'>consentit</span> <span class='ocrx_word' id='word_1_527' title='bbox 1819 532 1843 556; x_wconf 87' lang='lat' dir='ltr'>S.</span> <span class='ocrx_word' id='word_1_528' title='bbox 1860 532 1955 557; x_wconf 87' lang='lat' dir='ltr'>Bonav.</span> <span class='ocrx_word' id='word_1_529' title='bbox 1976 535 2000 557; x_wconf 87' lang='lat' dir='ltr'>et</span> 
     </span>
     <span class='ocr_line' id='line_1_53' title="bbox 1046 570 1997 607; baseline 0.008 -14"><span class='ocrx_word' id='word_1_530' title='bbox 1046 570 1154 594; x_wconf 87' lang='lat' dir='ltr'>recurrit</span> <span class='ocrx_word' id='word_1_531' title='bbox 1168 571 1219 599; x_wconf 84' lang='lat' dir='ltr'>(hic</span> <span class='ocrx_word' id='word_1_532' title='bbox 1232 577 1254 595; x_wconf 89' lang='lat' dir='ltr'>a.</span> <span class='ocrx_word' id='word_1_533' title='bbox 1269 570 1293 596; x_wconf 90' lang='lat'>7.</span> <span class='ocrx_word' id='word_1_534' title='bbox 1314 573 1464 602; x_wconf 86' lang='lat' dir='ltr'>praesertim</span> <span class='ocrx_word' id='word_1_535' title='bbox 1484 572 1518 597; x_wconf 89' lang='lat' dir='ltr'>ad</span> <span class='ocrx_word' id='word_1_536' title='bbox 1533 573 1541 597; x_wconf 94' lang='grc'>1</span> <span class='ocrx_word' id='word_1_537' title='bbox 1554 573 1586 606; x_wconf 93' lang='lat'>1.)</span> <span class='ocrx_word' id='word_1_538' title='bbox 1599 573 1631 598; x_wconf 87' lang='lat' dir='ltr'>ad</span> <span class='ocrx_word' id='word_1_539' title='bbox 1652 575 1762 599; x_wconf 87' lang='lat' dir='ltr'>rationes</span> <span class='ocrx_word' id='word_1_540' title='bbox 1781 576 1927 607; x_wconf 79' lang='lat' dir='ltr'>seminales,</span> <span class='ocrx_word' id='word_1_541' title='bbox 1947 585 1959 599; x_wconf 67' lang='grc' dir='ltr'><em>α</em></span> <span class='ocrx_word' id='word_1_542' title='bbox 1973 577 1997 601; x_wconf 90' lang='grc'>111</span> 
     </span>
     <span class='ocr_line' id='line_1_54' title="bbox 1047 612 1996 649; baseline 0.007 -12"><span class='ocrx_word' id='word_1_543' title='bbox 1047 612 1143 644; x_wconf 85' lang='lat' dir='ltr'>quibus</span> <span class='ocrx_word' id='word_1_544' title='bbox 1162 614 1243 639; x_wconf 81' lang='lat' dir='ltr'>forma</span> <span class='ocrx_word' id='word_1_545' title='bbox 1264 616 1392 640; x_wconf 89' lang='lat' dir='ltr'>mixtionis</span> <span class='ocrx_word' id='word_1_546' title='bbox 1412 620 1510 648; x_wconf 87' lang='lat' dir='ltr'>manet,</span> <span class='ocrx_word' id='word_1_547' title='bbox 1531 620 1555 642; x_wconf 90' lang='lat' dir='ltr'>et</span> <span class='ocrx_word' id='word_1_548' title='bbox 1574 624 1605 642; x_wconf 79' lang='lat' dir='ltr'>ex</span> <span class='ocrx_word' id='word_1_549' title='bbox 1625 617 1721 649; x_wconf 89' lang='lat' dir='ltr'>quibus</span> <span class='ocrx_word' id='word_1_550' title='bbox 1740 619 1834 644; x_wconf 81' lang='lat' dir='ltr'>virtute</span> <span class='ocrx_word' id='word_1_551' title='bbox 1851 619 1937 644; x_wconf 88' lang='lat' dir='ltr'>divina</span> <span class='ocrx_word' id='word_1_552' title='bbox 1957 627 1996 644; x_wconf 89' lang='lat' dir='ltr'>ea-</span> 
     </span>
     <span class='ocr_line' id='line_1_55' title="bbox 1047 655 1426 689; baseline 0.011 -9"><span class='ocrx_word' id='word_1_553' title='bbox 1047 655 1106 680; x_wconf 88' lang='lat' dir='ltr'>dem</span> <span class='ocrx_word' id='word_1_554' title='bbox 1127 663 1235 682; x_wconf 90' lang='lat' dir='ltr'>numero</span> <span class='ocrx_word' id='word_1_555' title='bbox 1255 662 1390 689; x_wconf 83' lang='lat' dir='ltr'>reparatur</span> <span class='ocrx_word' id='word_1_556' title='bbox 1403 669 1426 684; x_wconf 80' lang='lat'>».</span> 
     </span>
    </p>

    <p class='ocr_par' dir='ltr' id='par_1_8' title="bbox 1045 699 1997 824">
     <span class='ocr_line' id='line_1_56' title="bbox 1119 699 1997 738; baseline 0.009 -15"><span class='ocrx_word' id='word_1_557' title='bbox 1119 699 1153 723; x_wconf 91' lang='lat'>111.</span> <span class='ocrx_word' id='word_1_558' title='bbox 1175 699 1209 724; x_wconf 91' lang='lat' dir='ltr'>De</span> <span class='ocrx_word' id='word_1_559' title='bbox 1231 701 1278 725; x_wconf 86' lang='lat' dir='ltr'>hac</span> <span class='ocrx_word' id='word_1_560' title='bbox 1298 700 1320 725; x_wconf 90' lang='lat'>4.</span> <span class='ocrx_word' id='word_1_561' title='bbox 1341 703 1490 734; x_wconf 86' lang='lat' dir='ltr'>quaestione</span> <span class='ocrx_word' id='word_1_562' title='bbox 1505 706 1606 734; x_wconf 85' lang='lat' dir='ltr'>praeter</span> <span class='ocrx_word' id='word_1_563' title='bbox 1625 704 1680 729; x_wconf 82' lang='lat' dir='ltr'>loca</span> <span class='ocrx_word' id='word_1_564' title='bbox 1700 705 1767 729; x_wconf 86' lang='lat' dir='ltr'>citt.:</span> <span class='ocrx_word' id='word_1_565' title='bbox 1788 706 1812 730; x_wconf 88' lang='lat' dir='ltr'>S.</span> <span class='ocrx_word' id='word_1_566' title='bbox 1834 706 1942 738; x_wconf 86' lang='lat' dir='ltr'>Tliom.,</span> <span class='ocrx_word' id='word_1_567' title='bbox 1963 707 1997 730; x_wconf 86' lang='lat' dir='ltr'>in-</span> 
     </span>
     <span class='ocr_line' id='line_1_57' title="bbox 1045 741 1996 780; baseline 0.011 -15"><span class='ocrx_word' id='word_1_568' title='bbox 1045 741 1083 766; x_wconf 82' lang='lat' dir='ltr'>fra</span> <span class='ocrx_word' id='word_1_569' title='bbox 1103 742 1127 767; x_wconf 89' lang='lat' dir='ltr'>d.</span> <span class='ocrx_word' id='word_1_570' title='bbox 1149 742 1189 768; x_wconf 86' lang='lat'>44.</span> <span class='ocrx_word' id='word_1_571' title='bbox 1210 751 1234 776; x_wconf 89' lang='lat' dir='ltr'>q.</span> <span class='ocrx_word' id='word_1_572' title='bbox 1260 745 1278 769; x_wconf 96' lang='grc'>1.</span> <span class='ocrx_word' id='word_1_573' title='bbox 1299 752 1321 770; x_wconf 91' lang='lat' dir='ltr'>a.</span> <span class='ocrx_word' id='word_1_574' title='bbox 1343 746 1371 777; x_wconf 88' lang='grc'>1;</span> <span class='ocrx_word' id='word_1_575' title='bbox 1392 746 1482 777; x_wconf 90' lang='lat' dir='ltr'>Suppl.</span> <span class='ocrx_word' id='word_1_576' title='bbox 1503 754 1527 778; x_wconf 87' lang='lat' dir='ltr'>q.</span> <span class='ocrx_word' id='word_1_577' title='bbox 1541 747 1582 772; x_wconf 76' lang='lat'>79.</span> <span class='ocrx_word' id='word_1_578' title='bbox 1597 754 1621 772; x_wconf 85' lang='lat' dir='ltr'>a.</span> <span class='ocrx_word' id='word_1_579' title='bbox 1638 748 1690 772; x_wconf 85' lang='lat'>1-3.</span> <span class='ocrx_word' id='word_1_580' title='bbox 1705 762 1739 766; x_wconf 97' lang='lat'><strong>—</strong></span> <span class='ocrx_word' id='word_1_581' title='bbox 1753 749 1872 774; x_wconf 86' lang='lat' dir='ltr'>Richard.</span> <span class='ocrx_word' id='word_1_582' title='bbox 1888 757 1901 773; x_wconf 88' lang='lat' dir='ltr'>a</span> <span class='ocrx_word' id='word_1_583' title='bbox 1917 750 1996 780; x_wconf 74' lang='lat' dir='ltr'>Med,</span> 
     </span>
     <span class='ocr_line' id='line_1_58' title="bbox 1047 786 1838 824; baseline 0.009 -14"><span class='ocrx_word' id='word_1_584' title='bbox 1047 786 1087 810; x_wconf 86' lang='lat' dir='ltr'>hic</span> <span class='ocrx_word' id='word_1_585' title='bbox 1106 794 1127 811; x_wconf 86' lang='lat' dir='ltr'>a.</span> <span class='ocrx_word' id='word_1_586' title='bbox 1153 787 1173 812; x_wconf 92' lang='lat'>1.</span> <span class='ocrx_word' id='word_1_587' title='bbox 1194 795 1220 820; x_wconf 88' lang='lat' dir='ltr'>q.</span> <span class='ocrx_word' id='word_1_588' title='bbox 1243 789 1265 812; x_wconf 83' lang='lat'>2.</span> <span class='ocrx_word' id='word_1_589' title='bbox 1286 789 1310 813; x_wconf 83' lang='lat'>3.</span> <span class='ocrx_word' id='word_1_590' title='bbox 1329 803 1365 807; x_wconf 97' lang='lat'><strong>—</strong></span> <span class='ocrx_word' id='word_1_591' title='bbox 1384 790 1459 815; x_wconf 88' lang='lat' dir='ltr'>Henr.</span> <span class='ocrx_word' id='word_1_592' title='bbox 1480 791 1569 822; x_wconf 85' lang='lat' dir='ltr'>Gand.,</span> <span class='ocrx_word' id='word_1_593' title='bbox 1590 791 1682 823; x_wconf 88' lang='lat' dir='ltr'>Quodl.</span> <span class='ocrx_word' id='word_1_594' title='bbox 1703 792 1728 817; x_wconf 91' lang='lat'>7.</span> <span class='ocrx_word' id='word_1_595' title='bbox 1751 800 1775 824; x_wconf 92' lang='lat' dir='ltr'>q.</span> <span class='ocrx_word' id='word_1_596' title='bbox 1801 793 1838 817; x_wconf 88' lang='lat'>16.</span> 
     </span>
    </p>

    <p class='ocr_par' dir='ltr' id='par_1_9' title="bbox 1043 830 1998 1471">
     <span class='ocr_line' id='line_1_59' title="bbox 1117 830 1998 868; baseline 0.009 -14"><span class='ocrx_word' id='word_1_597' title='bbox 1117 830 1158 855; x_wconf 94' lang='lat' dir='ltr'>lV.</span> <span class='ocrx_word' id='word_1_598' title='bbox 1180 831 1205 855; x_wconf 92' lang='lat' dir='ltr'>ln</span> <span class='ocrx_word' id='word_1_599' title='bbox 1225 838 1278 864; x_wconf 87' lang='lat' dir='ltr'>seq.</span> <span class='ocrx_word' id='word_1_600' title='bbox 1305 832 1352 865; x_wconf 87' lang='lat'>(5.)</span> <span class='ocrx_word' id='word_1_601' title='bbox 1380 834 1529 865; x_wconf 86' lang='lat' dir='ltr'>quaestione</span> <span class='ocrx_word' id='word_1_602' title='bbox 1557 835 1645 866; x_wconf 86' lang='lat' dir='ltr'>quoad</span> <span class='ocrx_word' id='word_1_603' title='bbox 1672 835 1775 868; x_wconf 83' lang='lat' dir='ltr'>factum</span> <span class='ocrx_word' id='word_1_604' title='bbox 1803 838 1998 862; x_wconf 82' lang='lat' dir='ltr'>resurrectionis</span> 
     </span>
     <span class='ocr_line' id='line_1_60' title="bbox 1045 875 1996 912; baseline 0.008 -14"><span class='ocrx_word' id='word_1_605' title='bbox 1045 879 1136 899; x_wconf 87' lang='lat' dir='ltr'>omnes</span> <span class='ocrx_word' id='word_1_606' title='bbox 1155 875 1312 908; x_wconf 84' lang='lat' dir='ltr'>concedunt,</span> <span class='ocrx_word' id='word_1_607' title='bbox 1326 884 1383 902; x_wconf 87' lang='lat' dir='ltr'>eam</span> <span class='ocrx_word' id='word_1_608' title='bbox 1399 877 1452 902; x_wconf 80' lang='lat' dir='ltr'>ficri</span> <span class='ocrx_word' id='word_1_609' title='bbox 1467 878 1545 903; x_wconf 89' lang='lat' dir='ltr'>modo</span> <span class='ocrx_word' id='word_1_610' title='bbox 1559 881 1584 903; x_wconf 87' lang='lat' dir='ltr'>et</span> <span class='ocrx_word' id='word_1_611' title='bbox 1596 880 1691 904; x_wconf 84' lang='lat' dir='ltr'>virtute</span> <span class='ocrx_word' id='word_1_612' title='bbox 1704 881 1907 911; x_wconf 53' lang='lat' dir='ltr'>supernatat-atu</span> <span class='ocrx_word' id='word_1_613' title='bbox 1921 882 1996 912; x_wconf 78' lang='lat' dir='ltr'>item,</span> 
     </span>
     <span class='ocr_line' id='line_1_61' title="bbox 1045 916 1996 956; baseline 0.007 -15"><span class='ocrx_word' id='word_1_614' title='bbox 1045 916 1189 942; x_wconf 85' lang='lat' dir='ltr'>absurdum</span> <span class='ocrx_word' id='word_1_615' title='bbox 1203 926 1259 943; x_wconf 86' lang='lat' dir='ltr'>esse</span> <span class='ocrx_word' id='word_1_616' title='bbox 1273 920 1407 952; x_wconf 86' lang='lat' dir='ltr'>antiquum</span> <span class='ocrx_word' id='word_1_617' title='bbox 1419 920 1586 946; x_wconf 86' lang='lat' dir='ltr'>Orientalium</span> <span class='ocrx_word' id='word_1_618' title='bbox 1599 926 1623 947; x_wconf 89' lang='lat' dir='ltr'>et</span> <span class='ocrx_word' id='word_1_619' title='bbox 1637 923 1797 954; x_wconf 81' lang='lat' dir='ltr'>Pythagorae</span> <span class='ocrx_word' id='word_1_620' title='bbox 1811 930 1935 954; x_wconf 79' lang='lat' dir='ltr'>errorem,</span> <span class='ocrx_word' id='word_1_621' title='bbox 1951 925 1996 956; x_wconf 87' lang='lat' dir='ltr'>qui</span> 
     </span>
     <span class='ocr_line' id='line_1_62' title="bbox 1045 963 1995 999; baseline 0.007 -14"><span class='ocrx_word' id='word_1_622' title='bbox 1045 967 1104 985; x_wconf 89' lang='lat' dir='ltr'>cum</span> <span class='ocrx_word' id='word_1_623' title='bbox 1124 963 1348 994; x_wconf 81' lang='lat' dir='ltr'>transmigratione</span> <span class='ocrx_word' id='word_1_624' title='bbox 1367 964 1513 988; x_wconf 87' lang='lat' dir='ltr'>animarum</span> <span class='ocrx_word' id='word_1_625' title='bbox 1540 966 1626 995; x_wconf 81' lang='lat' dir='ltr'>posuit</span> <span class='ocrx_word' id='word_1_626' title='bbox 1650 966 1841 991; x_wconf 86' lang='lat' dir='ltr'>circulationem</span> <span class='ocrx_word' id='word_1_627' title='bbox 1864 967 1995 999; x_wconf 87' lang='lat' dir='ltr'>quandam</span> 
     </span>
     <span class='ocr_line' id='line_1_63' title="bbox 1045 1006 1994 1043; baseline 0.008 -14"><span class='ocrx_word' id='word_1_628' title='bbox 1045 1006 1161 1029; x_wconf 91' lang='lat' dir='ltr'>omnium</span> <span class='ocrx_word' id='word_1_629' title='bbox 1182 1013 1278 1032; x_wconf 84' lang='lat' dir='ltr'>rerum.</span> <span class='ocrx_word' id='word_1_630' title='bbox 1300 1007 1398 1032; x_wconf 88' lang='lat' dir='ltr'>Tamen</span> <span class='ocrx_word' id='word_1_631' title='bbox 1418 1007 1537 1033; x_wconf 85' lang='lat' dir='ltr'>diversae</span> <span class='ocrx_word' id='word_1_632' title='bbox 1557 1010 1695 1034; x_wconf 85' lang='lat' dir='ltr'>sententiae</span> <span class='ocrx_word' id='word_1_633' title='bbox 1715 1013 1817 1035; x_wconf 84' lang='lat' dir='ltr'>exortae</span> <span class='ocrx_word' id='word_1_634' title='bbox 1836 1015 1895 1036; x_wconf 86' lang='lat' dir='ltr'>sunt</span> <span class='ocrx_word' id='word_1_635' title='bbox 1909 1012 1994 1043; x_wconf 83' lang='lat' dir='ltr'>quoad</span> 
     </span>
     <span class='ocr_line' id='line_1_64' title="bbox 1044 1051 1997 1085; baseline 0.007 -12"><span class='ocrx_word' id='word_1_636' title='bbox 1044 1055 1074 1073; x_wconf 86' lang='lat' dir='ltr'>ea</span> <span class='ocrx_word' id='word_1_637' title='bbox 1103 1056 1170 1081; x_wconf 87' lang='lat' dir='ltr'>quae</span> <span class='ocrx_word' id='word_1_638' title='bbox 1198 1051 1223 1074; x_wconf 90' lang='lat' dir='ltr'>in</span> <span class='ocrx_word' id='word_1_639' title='bbox 1252 1051 1450 1081; x_wconf 88' lang='lat' dir='ltr'>reproductione</span> <span class='ocrx_word' id='word_1_640' title='bbox 1470 1059 1557 1077; x_wconf 89' lang='lat' dir='ltr'>rerum</span> <span class='ocrx_word' id='word_1_641' title='bbox 1574 1052 1711 1085; x_wconf 71' lang='lat' dir='ltr'>possibilia</span> <span class='ocrx_word' id='word_1_642' title='bbox 1731 1058 1790 1079; x_wconf 86' lang='lat' dir='ltr'>sunt</span> <span class='ocrx_word' id='word_1_643' title='bbox 1808 1056 1898 1080; x_wconf 87' lang='lat' dir='ltr'>activis</span> <span class='ocrx_word' id='word_1_644' title='bbox 1920 1056 1997 1081; x_wconf 83' lang='lat' dir='ltr'>natu-</span> 
     </span>
     <span class='ocr_line' id='line_1_65' title="bbox 1044 1093 1997 1130; baseline 0.007 -12"><span class='ocrx_word' id='word_1_645' title='bbox 1044 1099 1091 1118; x_wconf 81' lang='lat' dir='ltr'>rae</span> <span class='ocrx_word' id='word_1_646' title='bbox 1110 1093 1217 1119; x_wconf 76' lang='lat' dir='ltr'>viribus,</span> <span class='ocrx_word' id='word_1_647' title='bbox 1238 1094 1274 1120; x_wconf 91' lang='lat' dir='ltr'>De</span> <span class='ocrx_word' id='word_1_648' title='bbox 1292 1102 1345 1127; x_wconf 89' lang='lat' dir='ltr'>quo</span> <span class='ocrx_word' id='word_1_649' title='bbox 1365 1096 1432 1121; x_wconf 87' lang='lat' dir='ltr'>Scot.</span> <span class='ocrx_word' id='word_1_650' title='bbox 1453 1096 1505 1127; x_wconf 84' lang='lat' dir='ltr'>(hic</span> <span class='ocrx_word' id='word_1_651' title='bbox 1523 1104 1548 1128; x_wconf 88' lang='lat' dir='ltr'>q.</span> <span class='ocrx_word' id='word_1_652' title='bbox 1569 1097 1592 1121; x_wconf 89' lang='lat'>3.</span> <span class='ocrx_word' id='word_1_653' title='bbox 1613 1104 1636 1122; x_wconf 91' lang='lat' dir='ltr'>n.</span> <span class='ocrx_word' id='word_1_654' title='bbox 1658 1098 1681 1122; x_wconf 90' lang='grc'>2.</span> <span class='ocrx_word' id='word_1_655' title='bbox 1702 1098 1787 1130; x_wconf 89' lang='lat' dir='ltr'>seqq.)</span> <span class='ocrx_word' id='word_1_656' title='bbox 1803 1103 1904 1129; x_wconf 88' lang='lat' dir='ltr'>praeter</span> <span class='ocrx_word' id='word_1_657' title='bbox 1918 1102 1997 1124; x_wconf 78' lang='lat' dir='ltr'>extre-</span> 
     </span>
     <span class='ocr_line' id='line_1_66' title="bbox 1044 1138 1996 1172; baseline 0.007 -11"><span class='ocrx_word' id='word_1_658' title='bbox 1044 1143 1113 1161; x_wconf 91' lang='lat' dir='ltr'>mam</span> <span class='ocrx_word' id='word_1_659' title='bbox 1128 1140 1152 1162; x_wconf 88' lang='lat' dir='ltr'>et</span> <span class='ocrx_word' id='word_1_660' title='bbox 1165 1138 1254 1163; x_wconf 82' lang='lat' dir='ltr'>salsam</span> <span class='ocrx_word' id='word_1_661' title='bbox 1268 1140 1416 1170; x_wconf 88' lang='lat' dir='ltr'>opinionem</span> <span class='ocrx_word' id='word_1_662' title='bbox 1430 1141 1595 1172; x_wconf 88' lang='lat' dir='ltr'>antiquorum</span> <span class='ocrx_word' id='word_1_663' title='bbox 1610 1141 1689 1166; x_wconf 90' lang='lat' dir='ltr'>modo</span> <span class='ocrx_word' id='word_1_664' title='bbox 1708 1142 1813 1167; x_wconf 88' lang='lat' dir='ltr'>relatam</span> <span class='ocrx_word' id='word_1_665' title='bbox 1828 1144 1916 1168; x_wconf 81' lang='lat' dir='ltr'>recitat</span> <span class='ocrx_word' id='word_1_666' title='bbox 1929 1143 1996 1168; x_wconf 87' lang='lat' dir='ltr'>duas</span> 
     </span>
     <span class='ocr_line' id='line_1_67' title="bbox 1044 1181 1997 1220; baseline 0.007 -15"><span class='ocrx_word' id='word_1_667' title='bbox 1044 1181 1105 1205; x_wconf 89' lang='lat' dir='ltr'>alias</span> <span class='ocrx_word' id='word_1_668' title='bbox 1124 1183 1274 1214; x_wconf 78' lang='lat' dir='ltr'>sententias,</span> <span class='ocrx_word' id='word_1_669' title='bbox 1296 1190 1408 1215; x_wconf 87' lang='lat' dir='ltr'>quarum</span> <span class='ocrx_word' id='word_1_670' title='bbox 1429 1185 1512 1215; x_wconf 87' lang='lat' dir='ltr'>prima</span> <span class='ocrx_word' id='word_1_671' title='bbox 1533 1184 1606 1216; x_wconf 88' lang='lat' dir='ltr'>dicit,</span> <span class='ocrx_word' id='word_1_672' title='bbox 1626 1184 1702 1211; x_wconf 74' lang='lat' dir='ltr'>nullo</span> <span class='ocrx_word' id='word_1_673' title='bbox 1716 1185 1794 1212; x_wconf 82' lang='lat' dir='ltr'>modo</span> <span class='ocrx_word' id='word_1_674' title='bbox 1809 1193 1885 1218; x_wconf 86' lang='lat' dir='ltr'>posse</span> <span class='ocrx_word' id='word_1_675' title='bbox 1899 1187 1997 1220; x_wconf 87' lang='lat' dir='ltr'>aliquid</span> 
     </span>
     <span class='ocr_line' id='line_1_68' title="bbox 1044 1224 1997 1260; baseline 0.008 -12"><span class='ocrx_word' id='word_1_676' title='bbox 1044 1224 1113 1249; x_wconf 86' lang='lat' dir='ltr'>idem</span> <span class='ocrx_word' id='word_1_677' title='bbox 1133 1232 1242 1250; x_wconf 85' lang='lat' dir='ltr'>numero</span> <span class='ocrx_word' id='word_1_678' title='bbox 1259 1226 1343 1251; x_wconf 90' lang='lat' dir='ltr'>redire</span> <span class='ocrx_word' id='word_1_679' title='bbox 1363 1234 1410 1258; x_wconf 87' lang='lat' dir='ltr'>per</span> <span class='ocrx_word' id='word_1_680' title='bbox 1429 1234 1510 1260; x_wconf 64' lang='lat' dir='ltr'>agens</span> <span class='ocrx_word' id='word_1_681' title='bbox 1529 1228 1674 1260; x_wconf 81' lang='lat' dir='ltr'>natitrale‚·</span> <span class='ocrx_word' id='word_1_682' title='bbox 1693 1230 1807 1254; x_wconf 87' lang='lat' dir='ltr'>secunda</span> <span class='ocrx_word' id='word_1_683' title='bbox 1827 1237 1890 1255; x_wconf 90' lang='lat' dir='ltr'>vero</span> <span class='ocrx_word' id='word_1_684' title='bbox 1909 1230 1997 1257; x_wconf 81' lang='lat' dir='ltr'>media</span> 
     </span>
     <span class='ocr_line' id='line_1_69' title="bbox 1044 1270 1998 1305; baseline 0.007 -12"><span class='ocrx_word' id='word_1_685' title='bbox 1044 1271 1129 1300; x_wconf 82' lang='lat' dir='ltr'>putat,</span> <span class='ocrx_word' id='word_1_686' title='bbox 1151 1276 1201 1294; x_wconf 93' lang='lat' dir='ltr'>non</span> <span class='ocrx_word' id='word_1_687' title='bbox 1223 1270 1328 1302; x_wconf 87' lang='lat' dir='ltr'>quidem</span> <span class='ocrx_word' id='word_1_688' title='bbox 1348 1272 1448 1302; x_wconf 83' lang='lat' dir='ltr'>omnia,</span> <span class='ocrx_word' id='word_1_689' title='bbox 1469 1271 1514 1296; x_wconf 89' lang='lat' dir='ltr'>sed</span> <span class='ocrx_word' id='word_1_690' title='bbox 1534 1275 1619 1297; x_wconf 89' lang='lat' dir='ltr'>tamen</span> <span class='ocrx_word' id='word_1_691' title='bbox 1640 1273 1736 1305; x_wconf 88' lang='lat' dir='ltr'>aliquid</span> <span class='ocrx_word' id='word_1_692' title='bbox 1755 1280 1801 1304; x_wconf 89' lang='lat' dir='ltr'>per</span> <span class='ocrx_word' id='word_1_693' title='bbox 1814 1276 1941 1300; x_wconf 88' lang='lat' dir='ltr'>actionem</span> <span class='ocrx_word' id='word_1_694' title='bbox 1956 1282 1998 1300; x_wconf 87' lang='lat' dir='ltr'>na-</span> 
     </span>
     <span class='ocr_line' id='line_1_70' title="bbox 1045 1314 1998 1344; baseline 0.007 -7"><span class='ocrx_word' id='word_1_695' title='bbox 1045 1318 1116 1338; x_wconf 85' lang='lat' dir='ltr'>turae</span> <span class='ocrx_word' id='word_1_696' title='bbox 1143 1320 1219 1344; x_wconf 89' lang='lat' dir='ltr'>posse</span> <span class='ocrx_word' id='word_1_697' title='bbox 1244 1314 1313 1338; x_wconf 90' lang='lat' dir='ltr'>idem</span> <span class='ocrx_word' id='word_1_698' title='bbox 1342 1315 1435 1340; x_wconf 86' lang='lat' dir='ltr'>redire.</span> <span class='ocrx_word' id='word_1_699' title='bbox 1455 1314 1570 1342; x_wconf 83' lang='lat' dir='ltr'>Mediam</span> <span class='ocrx_word' id='word_1_700' title='bbox 1589 1317 1656 1341; x_wconf 84' lang='lat' dir='ltr'>lianc</span> <span class='ocrx_word' id='word_1_701' title='bbox 1674 1318 1824 1342; x_wconf 85' lang='lat' dir='ltr'>sententiam</span> <span class='ocrx_word' id='word_1_702' title='bbox 1845 1321 1931 1344; x_wconf 88' lang='lat' dir='ltr'>tenent</span> <span class='ocrx_word' id='word_1_703' title='bbox 1959 1319 1998 1344; x_wconf 88' lang='lat' dir='ltr'>Ri-</span> 
     </span>
     <span class='ocr_line' id='line_1_71' title="bbox 1044 1356 1994 1394; baseline 0.007 -13"><span class='ocrx_word' id='word_1_704' title='bbox 1044 1356 1133 1382; x_wconf 86' lang='lat' dir='ltr'>chard.</span> <span class='ocrx_word' id='word_1_705' title='bbox 1154 1364 1166 1382; x_wconf 86' lang='lat' dir='ltr'>a</span> <span class='ocrx_word' id='word_1_706' title='bbox 1188 1357 1252 1382; x_wconf 88' lang='lat' dir='ltr'>Med.</span> <span class='ocrx_word' id='word_1_707' title='bbox 1274 1358 1325 1389; x_wconf 91' lang='lat' dir='ltr'>(hic</span> <span class='ocrx_word' id='word_1_708' title='bbox 1344 1365 1367 1383; x_wconf 88' lang='lat' dir='ltr'>a.</span> <span class='ocrx_word' id='word_1_709' title='bbox 1390 1359 1413 1383; x_wconf 87' lang='lat'>3.</span> <span class='ocrx_word' id='word_1_710' title='bbox 1434 1366 1458 1391; x_wconf 87' lang='lat' dir='ltr'>q.</span> <span class='ocrx_word' id='word_1_711' title='bbox 1482 1359 1514 1391; x_wconf 89' lang='grc'>1.)</span> <span class='ocrx_word' id='word_1_712' title='bbox 1535 1360 1629 1392; x_wconf 87' lang='lat' dir='ltr'>aliique</span> <span class='ocrx_word' id='word_1_713' title='bbox 1657 1361 1747 1386; x_wconf 89' lang='lat' dir='ltr'>saltem</span> <span class='ocrx_word' id='word_1_714' title='bbox 1767 1365 1795 1387; x_wconf 88' lang='lat' dir='ltr'>ut</span> <span class='ocrx_word' id='word_1_715' title='bbox 1814 1362 1994 1394; x_wconf 84' lang='lat' dir='ltr'>probabilem;</span> 
     </span>
     <span class='ocr_line' id='line_1_72' title="bbox 1043 1400 1995 1435; baseline 0.007 -11"><span class='ocrx_word' id='word_1_716' title='bbox 1043 1400 1099 1430; x_wconf 88' lang='lat' dir='ltr'>ipse</span> <span class='ocrx_word' id='word_1_717' title='bbox 1118 1401 1184 1425; x_wconf 87' lang='lat' dir='ltr'>Scot.</span> <span class='ocrx_word' id='word_1_718' title='bbox 1205 1407 1262 1425; x_wconf 86' lang='lat' dir='ltr'>eam</span> <span class='ocrx_word' id='word_1_719' title='bbox 1284 1408 1331 1426; x_wconf 89' lang='lat' dir='ltr'>non</span> <span class='ocrx_word' id='word_1_720' title='bbox 1352 1403 1454 1433; x_wconf 89' lang='lat' dir='ltr'>penitus</span> <span class='ocrx_word' id='word_1_721' title='bbox 1474 1402 1609 1434; x_wconf 83' lang='lat' dir='ltr'>reprobat,</span> <span class='ocrx_word' id='word_1_722' title='bbox 1640 1405 1750 1435; x_wconf 78' lang='lat' dir='ltr'>praefert</span> <span class='ocrx_word' id='word_1_723' title='bbox 1779 1408 1864 1430; x_wconf 89' lang='lat' dir='ltr'>tamen</span> <span class='ocrx_word' id='word_1_724' title='bbox 1890 1406 1995 1431; x_wconf 83' lang='lat' dir='ltr'>alteram</span> 
     </span>
     <span class='ocr_line' id='line_1_73' title="bbox 1044 1445 1431 1471; baseline 0.005 -2"><span class='ocrx_word' id='word_1_725' title='bbox 1044 1445 1249 1469; x_wconf 87' lang='lat' dir='ltr'>communiorem</span> <span class='ocrx_word' id='word_1_726' title='bbox 1270 1447 1431 1471; x_wconf 86' lang='lat' dir='ltr'>sententiam.</span> 
     </span>
    </p>

    <p class='ocr_par' dir='ltr' id='par_1_10' title="bbox 1044 1489 1997 1657">
     <span class='ocr_line' id='line_1_74' title="bbox 1115 1489 1996 1525; baseline 0.006 -12"><span class='ocrx_word' id='word_1_727' title='bbox 1115 1489 1151 1514; x_wconf 91' lang='lat' dir='ltr'>De</span> <span class='ocrx_word' id='word_1_728' title='bbox 1171 1490 1218 1513; x_wconf 84' lang='lat' dir='ltr'>liae</span> <span class='ocrx_word' id='word_1_729' title='bbox 1237 1490 1261 1514; x_wconf 79' lang='lat'>5.</span> <span class='ocrx_word' id='word_1_730' title='bbox 1282 1491 1431 1522; x_wconf 82' lang='lat' dir='ltr'>quaestione</span> <span class='ocrx_word' id='word_1_731' title='bbox 1451 1493 1553 1521; x_wconf 82' lang='lat' dir='ltr'>praeter</span> <span class='ocrx_word' id='word_1_732' title='bbox 1572 1491 1706 1516; x_wconf 81' lang='lat' dir='ltr'>laudatos:</span> <span class='ocrx_word' id='word_1_733' title='bbox 1722 1493 1791 1518; x_wconf 80' lang='lat' dir='ltr'>Alex.</span> <span class='ocrx_word' id='word_1_734' title='bbox 1808 1493 1876 1525; x_wconf 66' lang='lat' dir='ltr'>Hah,</span> <span class='ocrx_word' id='word_1_735' title='bbox 1892 1494 1915 1519; x_wconf 91' lang='lat' dir='ltr'>S.</span> <span class='ocrx_word' id='word_1_736' title='bbox 1931 1501 1955 1525; x_wconf 90' lang='lat' dir='ltr'>p.</span> <span class='ocrx_word' id='word_1_737' title='bbox 1970 1494 1996 1518; x_wconf 95' lang='grc'>11.</span> 
     </span>
     <span class='ocr_line' id='line_1_75' title="bbox 1044 1532 1997 1569; baseline 0.006 -12"><span class='ocrx_word' id='word_1_738' title='bbox 1044 1540 1068 1564; x_wconf 89' lang='lat' dir='ltr'>q.</span> <span class='ocrx_word' id='word_1_739' title='bbox 1090 1532 1131 1557; x_wconf 79' lang='grc'>42.</span> <span class='ocrx_word' id='word_1_740' title='bbox 1152 1540 1187 1558; x_wconf 87' lang='grc'>111.</span> <span class='ocrx_word' id='word_1_741' title='bbox 1209 1534 1233 1558; x_wconf 89' lang='grc'>2.</span> <span class='ocrx_word' id='word_1_742' title='bbox 1255 1540 1277 1558; x_wconf 85' lang='lat' dir='ltr'>a.</span> <span class='ocrx_word' id='word_1_743' title='bbox 1298 1533 1321 1557; x_wconf 79' lang='grc'>5.</span> <span class='ocrx_word' id='word_1_744' title='bbox 1341 1547 1377 1552; x_wconf 90' lang='lat'>—-</span> <span class='ocrx_word' id='word_1_745' title='bbox 1390 1534 1414 1558; x_wconf 95' lang='lat' dir='ltr'>S.</span> <span class='ocrx_word' id='word_1_746' title='bbox 1429 1534 1537 1566; x_wconf 87' lang='lat' dir='ltr'>Thom.‚</span> <span class='ocrx_word' id='word_1_747' title='bbox 1553 1535 1593 1559; x_wconf 82' lang='lat' dir='ltr'>liic</span> <span class='ocrx_word' id='word_1_748' title='bbox 1607 1542 1630 1560; x_wconf 85' lang='lat' dir='ltr'>a.</span> <span class='ocrx_word' id='word_1_749' title='bbox 1652 1537 1669 1560; x_wconf 92' lang='lat'>1.</span> <span class='ocrx_word' id='word_1_750' title='bbox 1685 1537 1845 1567; x_wconf 89' lang='lat' dir='ltr'>quaestiunc.</span> <span class='ocrx_word' id='word_1_751' title='bbox 1862 1538 1890 1569; x_wconf 91' lang='grc'>3;</span> <span class='ocrx_word' id='word_1_752' title='bbox 1906 1539 1997 1569; x_wconf 85' lang='lat' dir='ltr'>Suppl.</span> 
     </span>
     <span class='ocr_line' id='line_1_76' title="bbox 1044 1576 1996 1612; baseline 0.007 -12"><span class='ocrx_word' id='word_1_753' title='bbox 1044 1584 1068 1608; x_wconf 88' lang='lat' dir='ltr'>q.</span> <span class='ocrx_word' id='word_1_754' title='bbox 1088 1576 1131 1601; x_wconf 81' lang='lat'>75.</span> <span class='ocrx_word' id='word_1_755' title='bbox 1151 1584 1173 1601; x_wconf 84' lang='lat' dir='ltr'>a.</span> <span class='ocrx_word' id='word_1_756' title='bbox 1195 1577 1218 1601; x_wconf 95' lang='lat'>3.</span> <span class='ocrx_word' id='word_1_757' title='bbox 1239 1591 1272 1594; x_wconf 76' lang='lat'>—</span> <span class='ocrx_word' id='word_1_758' title='bbox 1294 1577 1319 1602; x_wconf 81' lang='grc' dir='ltr'>Β.</span> <span class='ocrx_word' id='word_1_759' title='bbox 1339 1577 1449 1609; x_wconf 83' lang='lat' dir='ltr'>Albc1·t.‚</span> <span class='ocrx_word' id='word_1_760' title='bbox 1470 1579 1510 1603; x_wconf 89' lang='lat' dir='ltr'>hic</span> <span class='ocrx_word' id='word_1_761' title='bbox 1530 1585 1551 1603; x_wconf 85' lang='lat' dir='ltr'>a.</span> <span class='ocrx_word' id='word_1_762' title='bbox 1573 1579 1596 1603; x_wconf 89' lang='lat'>3.</span> <span class='ocrx_word' id='word_1_763' title='bbox 1617 1592 1652 1597; x_wconf 94' lang='lat'><strong>—</strong></span> <span class='ocrx_word' id='word_1_764' title='bbox 1671 1580 1735 1604; x_wconf 77' lang='lat' dir='ltr'>Petr.</span> <span class='ocrx_word' id='word_1_765' title='bbox 1756 1588 1769 1605; x_wconf 91' lang='lat' dir='ltr'>a</span> <span class='ocrx_word' id='word_1_766' title='bbox 1791 1581 1864 1612; x_wconf 85' lang='lat' dir='ltr'>Tar.,</span> <span class='ocrx_word' id='word_1_767' title='bbox 1881 1582 1921 1606; x_wconf 81' lang='lat' dir='ltr'>liic</span> <span class='ocrx_word' id='word_1_768' title='bbox 1935 1590 1956 1607; x_wconf 88' lang='lat' dir='ltr'>a.</span> <span class='ocrx_word' id='word_1_769' title='bbox 1973 1583 1996 1607; x_wconf 88' lang='grc'>3.</span> 
     </span>
     <span class='ocr_line' id='line_1_77' title="bbox 1044 1621 1996 1657; baseline 0.006 -12"><span class='ocrx_word' id='word_1_770' title='bbox 1044 1635 1077 1638; x_wconf 89' lang='grc'>-</span> <span class='ocrx_word' id='word_1_771' title='bbox 1097 1621 1217 1646; x_wconf 79' lang='lat' dir='ltr'>Ricliard.</span> <span class='ocrx_word' id='word_1_772' title='bbox 1238 1628 1252 1645; x_wconf 88' lang='lat' dir='ltr'>a</span> <span class='ocrx_word' id='word_1_773' title='bbox 1273 1621 1353 1653; x_wconf 67' lang='lat' dir='ltr'>Med,</span> <span class='ocrx_word' id='word_1_774' title='bbox 1374 1622 1421 1647; x_wconf 91' lang='lat' dir='ltr'>loc.</span> <span class='ocrx_word' id='word_1_775' title='bbox 1443 1623 1483 1647; x_wconf 88' lang='lat' dir='ltr'>cit.</span> <span class='ocrx_word' id='word_1_776' title='bbox 1503 1629 1529 1654; x_wconf 89' lang='lat' dir='ltr'>q.</span> <span class='ocrx_word' id='word_1_777' title='bbox 1554 1623 1573 1647; x_wconf 96' lang='lat' dir='ltr'>l.</span> <span class='ocrx_word' id='word_1_778' title='bbox 1594 1623 1617 1647; x_wconf 98' lang='grc'>2.</span> <span class='ocrx_word' id='word_1_779' title='bbox 1638 1638 1670 1641; x_wconf 91' lang='lat'>—</span> <span class='ocrx_word' id='word_1_780' title='bbox 1692 1623 1819 1655; x_wconf 85' lang='lat' dir='ltr'>Durand.,</span> <span class='ocrx_word' id='word_1_781' title='bbox 1835 1626 1875 1650; x_wconf 91' lang='lat' dir='ltr'>hic</span> <span class='ocrx_word' id='word_1_782' title='bbox 1888 1633 1912 1657; x_wconf 87' lang='lat' dir='ltr'>q.</span> <span class='ocrx_word' id='word_1_783' title='bbox 1934 1627 1957 1650; x_wconf 85' lang='grc'>2.</span> <span class='ocrx_word' id='word_1_784' title='bbox 1972 1627 1996 1651; x_wconf 87' lang='grc'>3.</span> 
     </span>
    </p>

    <p class='ocr_par' dir='ltr' id='par_1_11' title="bbox 1042 1664 1997 2092">
     <span class='ocr_line' id='line_1_78' title="bbox 1115 1664 1997 1701; baseline 0.007 -12"><span class='ocrx_word' id='word_1_785' title='bbox 1115 1665 1144 1690; x_wconf 94' lang='lat' dir='ltr'>V.</span> <span class='ocrx_word' id='word_1_786' title='bbox 1165 1664 1237 1690; x_wconf 85' lang='lat' dir='ltr'>Circa</span> <span class='ocrx_word' id='word_1_787' title='bbox 1257 1666 1281 1689; x_wconf 84' lang='grc'>6.</span> <span class='ocrx_word' id='word_1_788' title='bbox 1302 1666 1479 1697; x_wconf 80' lang='lat' dir='ltr'>quaestionem</span> <span class='ocrx_word' id='word_1_789' title='bbox 1500 1666 1544 1691; x_wconf 82' lang='lat' dir='ltr'>cfr.</span> <span class='ocrx_word' id='word_1_790' title='bbox 1565 1667 1601 1691; x_wconf 91' lang='grc'>111.</span> <span class='ocrx_word' id='word_1_791' title='bbox 1622 1667 1689 1692; x_wconf 87' lang='lat' dir='ltr'>Sent.</span> <span class='ocrx_word' id='word_1_792' title='bbox 1711 1667 1735 1692; x_wconf 89' lang='lat' dir='ltr'>d.</span> <span class='ocrx_word' id='word_1_793' title='bbox 1758 1668 1797 1693; x_wconf 80' lang='grc'>19.</span> <span class='ocrx_word' id='word_1_794' title='bbox 1819 1676 1840 1693; x_wconf 90' lang='lat' dir='ltr'>a.</span> <span class='ocrx_word' id='word_1_795' title='bbox 1858 1669 1879 1693; x_wconf 85' lang='lat'>1.</span> <span class='ocrx_word' id='word_1_796' title='bbox 1894 1676 1919 1701; x_wconf 86' lang='lat' dir='ltr'>q.</span> <span class='ocrx_word' id='word_1_797' title='bbox 1936 1670 1958 1694; x_wconf 91' lang='grc'>1.</span> <span class='ocrx_word' id='word_1_798' title='bbox 1972 1673 1997 1695; x_wconf 87' lang='grc'>01</span> 
     </span>
     <span class='ocr_line' id='line_1_79' title="bbox 1043 1709 1996 1744; baseline 0.005 -11"><span class='ocrx_word' id='word_1_799' title='bbox 1043 1709 1166 1734; x_wconf 88' lang='lat' dir='ltr'>scholion.</span> <span class='ocrx_word' id='word_1_800' title='bbox 1182 1709 1207 1733; x_wconf 92' lang='lat' dir='ltr'>ln</span> <span class='ocrx_word' id='word_1_801' title='bbox 1222 1709 1347 1734; x_wconf 86' lang='lat' dir='ltr'>solutione</span> <span class='ocrx_word' id='word_1_802' title='bbox 1361 1710 1532 1734; x_wconf 89' lang='lat' dir='ltr'>communiter</span> <span class='ocrx_word' id='word_1_803' title='bbox 1545 1711 1706 1736; x_wconf 87' lang='lat' dir='ltr'>consentiunt</span> <span class='ocrx_word' id='word_1_804' title='bbox 1719 1711 1851 1744; x_wconf 86' lang='lat' dir='ltr'>doctores;</span> <span class='ocrx_word' id='word_1_805' title='bbox 1863 1713 1887 1737; x_wconf 89' lang='lat' dir='ltr'>S.</span> <span class='ocrx_word' id='word_1_806' title='bbox 1903 1713 1996 1739; x_wconf 87' lang='lat' dir='ltr'>Thom.</span> 
     </span>
     <span class='ocr_line' id='line_1_80' title="bbox 1044 1753 1997 1789; baseline 0.005 -12"><span class='ocrx_word' id='word_1_807' title='bbox 1044 1756 1143 1784; x_wconf 89' lang='lat' dir='ltr'>tamen,</span> <span class='ocrx_word' id='word_1_808' title='bbox 1164 1755 1191 1777; x_wconf 87' lang='lat' dir='ltr'>ut</span> <span class='ocrx_word' id='word_1_809' title='bbox 1210 1753 1260 1777; x_wconf 87' lang='lat' dir='ltr'>iam</span> <span class='ocrx_word' id='word_1_810' title='bbox 1281 1753 1327 1777; x_wconf 89' lang='lat' dir='ltr'>loc.</span> <span class='ocrx_word' id='word_1_811' title='bbox 1348 1754 1388 1777; x_wconf 88' lang='lat' dir='ltr'>cit.</span> <span class='ocrx_word' id='word_1_812' title='bbox 1404 1754 1563 1785; x_wconf 81' lang='lat' dir='ltr'>notavimus,</span> <span class='ocrx_word' id='word_1_813' title='bbox 1579 1754 1729 1780; x_wconf 86' lang='lat' dir='ltr'>humanitati</span> <span class='ocrx_word' id='word_1_814' title='bbox 1744 1754 1836 1781; x_wconf 88' lang='lat' dir='ltr'>Christi</span> <span class='ocrx_word' id='word_1_815' title='bbox 1849 1757 1902 1781; x_wconf 91' lang='lat' dir='ltr'>vim</span> <span class='ocrx_word' id='word_1_816' title='bbox 1918 1764 1997 1789; x_wconf 86' lang='lat' dir='ltr'>quan-</span> 
     </span>
     <span class='ocr_line' id='line_1_81' title="bbox 1043 1795 1997 1828; baseline 0.006 -9"><span class='ocrx_word' id='word_1_817' title='bbox 1043 1795 1103 1820; x_wconf 85' lang='lat' dir='ltr'>dam</span> <span class='ocrx_word' id='word_1_818' title='bbox 1123 1796 1342 1821; x_wconf 87' lang='lat' dir='ltr'>instrumentalem</span> <span class='ocrx_word' id='word_1_819' title='bbox 1363 1796 1395 1821; x_wconf 86' lang='lat' dir='ltr'>ad</span> <span class='ocrx_word' id='word_1_820' title='bbox 1414 1803 1493 1828; x_wconf 88' lang='lat' dir='ltr'>opera</span> <span class='ocrx_word' id='word_1_821' title='bbox 1513 1798 1717 1828; x_wconf 87' lang='lat' dir='ltr'>supernaturalia</span> <span class='ocrx_word' id='word_1_822' title='bbox 1732 1798 1829 1824; x_wconf 89' lang='lat' dir='ltr'>tribuit.</span> <span class='ocrx_word' id='word_1_823' title='bbox 1846 1799 1919 1825; x_wconf 89' lang='lat' dir='ltr'>Unde</span> <span class='ocrx_word' id='word_1_824' title='bbox 1937 1800 1997 1825; x_wconf 87' lang='lat' dir='ltr'>dicit</span> 
     </span>
     <span class='ocr_line' id='line_1_82' title="bbox 1043 1841 1995 1875; baseline 0.005 -11"><span class='ocrx_word' id='word_1_825' title='bbox 1043 1841 1095 1871; x_wconf 86' lang='lat' dir='ltr'>(hic</span> <span class='ocrx_word' id='word_1_826' title='bbox 1114 1847 1136 1864; x_wconf 91' lang='lat' dir='ltr'>a.</span> <span class='ocrx_word' id='word_1_827' title='bbox 1151 1841 1175 1864; x_wconf 92' lang='grc'>2.</span> <span class='ocrx_word' id='word_1_828' title='bbox 1189 1841 1348 1872; x_wconf 85' lang='lat' dir='ltr'>quaestiunc.</span> <span class='ocrx_word' id='word_1_829' title='bbox 1364 1841 1373 1865; x_wconf 91' lang='grc'>1</span> <span class='ocrx_word' id='word_1_830' title='bbox 1390 1849 1395 1871; x_wconf 81' lang='lat'>;</span> <span class='ocrx_word' id='word_1_831' title='bbox 1410 1841 1500 1872; x_wconf 86' lang='lat' dir='ltr'>Suppl.</span> <span class='ocrx_word' id='word_1_832' title='bbox 1517 1848 1542 1873; x_wconf 91' lang='lat' dir='ltr'>q.</span> <span class='ocrx_word' id='word_1_833' title='bbox 1556 1841 1600 1867; x_wconf 81' lang='lat'>76.</span> <span class='ocrx_word' id='word_1_834' title='bbox 1615 1849 1637 1866; x_wconf 88' lang='lat' dir='ltr'>a.</span> <span class='ocrx_word' id='word_1_835' title='bbox 1654 1842 1734 1874; x_wconf 84' lang='lat' dir='ltr'>i-3.):</span> <span class='ocrx_word' id='word_1_836' title='bbox 1753 1852 1764 1865; x_wconf 74' lang='grc' dir='ltr'>α</span> <span class='ocrx_word' id='word_1_837' title='bbox 1779 1843 1830 1868; x_wconf 86' lang='lat' dir='ltr'>Sed</span> <span class='ocrx_word' id='word_1_838' title='bbox 1843 1844 1898 1875; x_wconf 87' lang='lat' dir='ltr'>ipsa</span> <span class='ocrx_word' id='word_1_839' title='bbox 1913 1851 1995 1869; x_wconf 89' lang='lat' dir='ltr'>resur-</span> 
     </span>
     <span class='ocr_line' id='line_1_83' title="bbox 1042 1882 1996 1919; baseline 0.005 -12"><span class='ocrx_word' id='word_1_840' title='bbox 1042 1884 1122 1908; x_wconf 88' lang='lat' dir='ltr'>rectio</span> <span class='ocrx_word' id='word_1_841' title='bbox 1141 1882 1232 1908; x_wconf 88' lang='lat' dir='ltr'>Christi</span> <span class='ocrx_word' id='word_1_842' title='bbox 1260 1884 1355 1908; x_wconf 91' lang='lat' dir='ltr'>virtute</span> <span class='ocrx_word' id='word_1_843' title='bbox 1381 1883 1522 1909; x_wconf 90' lang='lat' dir='ltr'>Divinitatis</span> <span class='ocrx_word' id='word_1_844' title='bbox 1547 1884 1682 1910; x_wconf 84' lang='lat' dir='ltr'>adiunctae</span> <span class='ocrx_word' id='word_1_845' title='bbox 1708 1888 1746 1910; x_wconf 91' lang='lat' dir='ltr'>est</span> <span class='ocrx_word' id='word_1_846' title='bbox 1765 1892 1842 1911; x_wconf 83' lang='lat' dir='ltr'>causa</span> <span class='ocrx_word' id='word_1_847' title='bbox 1862 1888 1937 1919; x_wconf 85' lang='lat' dir='ltr'>quasi</span> <span class='ocrx_word' id='word_1_848' title='bbox 1962 1888 1996 1912; x_wconf 94' lang='lat' dir='ltr'>in-</span> 
     </span>
     <span class='ocr_line' id='line_1_84' title="bbox 1042 1927 1995 1960; baseline 0.005 -8"><span class='ocrx_word' id='word_1_849' title='bbox 1042 1927 1215 1952; x_wconf 81' lang='lat' dir='ltr'>strumentalis</span> <span class='ocrx_word' id='word_1_850' title='bbox 1243 1928 1438 1952; x_wconf 87' lang='lat' dir='ltr'>resurrectionis</span> <span class='ocrx_word' id='word_1_851' title='bbox 1467 1933 1585 1960; x_wconf 88' lang='lat' dir='ltr'>nostrae;</span> <span class='ocrx_word' id='word_1_852' title='bbox 1605 1930 1766 1960; x_wconf 85' lang='lat' dir='ltr'>operationes</span> <span class='ocrx_word' id='word_1_853' title='bbox 1793 1931 1863 1955; x_wconf 90' lang='lat' dir='ltr'>enim</span> <span class='ocrx_word' id='word_1_854' title='bbox 1892 1931 1995 1957; x_wconf 87' lang='lat' dir='ltr'>divinae</span> 
     </span>
     <span class='ocr_line' id='line_1_85' title="bbox 1042 1970 1996 2006; baseline 0.006 -11"><span class='ocrx_word' id='word_1_855' title='bbox 1042 1970 1185 2000; x_wconf 75' lang='lat' dir='ltr'>agebantur</span> <span class='ocrx_word' id='word_1_856' title='bbox 1205 1971 1333 1995; x_wconf 87' lang='lat' dir='ltr'>mediante</span> <span class='ocrx_word' id='word_1_857' title='bbox 1353 1978 1429 1996; x_wconf 86' lang='lat' dir='ltr'>carne</span> <span class='ocrx_word' id='word_1_858' title='bbox 1449 1971 1540 1997; x_wconf 87' lang='lat' dir='ltr'>Christi</span> <span class='ocrx_word' id='word_1_859' title='bbox 1560 1974 1633 2004; x_wconf 87' lang='lat' dir='ltr'>quasi</span> <span class='ocrx_word' id='word_1_860' title='bbox 1660 1973 1774 2005; x_wconf 82' lang='lat' dir='ltr'>quodam</span> <span class='ocrx_word' id='word_1_861' title='bbox 1796 1981 1909 2006; x_wconf 79' lang='lat' dir='ltr'>organ03</span> <span class='ocrx_word' id='word_1_862' title='bbox 1930 1977 1996 2002; x_wconf 89' lang='lat' dir='ltr'>sicut</span> 
     </span>
     <span class='ocr_line' id='line_1_86' title="bbox 1042 2013 1995 2050; baseline 0.007 -13"><span class='ocrx_word' id='word_1_863' title='bbox 1042 2015 1113 2044; x_wconf 91' lang='lat' dir='ltr'>ponit</span> <span class='ocrx_word' id='word_1_864' title='bbox 1132 2013 1278 2045; x_wconf 85' lang='lat' dir='ltr'>exemplum</span> <span class='ocrx_word' id='word_1_865' title='bbox 1300 2014 1473 2039; x_wconf 80' lang='lat' dir='ltr'>Damascenus</span> <span class='ocrx_word' id='word_1_866' title='bbox 1492 2014 1541 2046; x_wconf 88' lang='grc' dir='ltr'>(ΙΙΙ.</span> <span class='ocrx_word' id='word_1_867' title='bbox 1562 2015 1595 2040; x_wconf 89' lang='lat' dir='ltr'>de</span> <span class='ocrx_word' id='word_1_868' title='bbox 1614 2015 1721 2042; x_wconf 88' lang='lat' dir='ltr'>Ortbod.</span> <span class='ocrx_word' id='word_1_869' title='bbox 1753 2017 1813 2042; x_wconf 85' lang='lat' dir='ltr'>Fide</span> <span class='ocrx_word' id='word_1_870' title='bbox 1842 2025 1864 2043; x_wconf 96' lang='lat' dir='ltr'>c.</span> <span class='ocrx_word' id='word_1_871' title='bbox 1894 2019 1941 2050; x_wconf 87' lang='lat'>15.)</span> <span class='ocrx_word' id='word_1_872' title='bbox 1963 2019 1995 2044; x_wconf 85' lang='lat' dir='ltr'>de</span> 
     </span>
     <span class='ocr_line' id='line_1_87' title="bbox 1043 2058 1850 2092; baseline 0.006 -10"><span class='ocrx_word' id='word_1_873' title='bbox 1043 2061 1109 2083; x_wconf 89' lang='lat' dir='ltr'>tactu</span> <span class='ocrx_word' id='word_1_874' title='bbox 1130 2058 1270 2089; x_wconf 80' lang='lat' dir='ltr'>corporali,</span> <span class='ocrx_word' id='word_1_875' title='bbox 1292 2065 1344 2090; x_wconf 86' lang='lat' dir='ltr'>quo</span> <span class='ocrx_word' id='word_1_876' title='bbox 1364 2059 1499 2084; x_wconf 86' lang='lat' dir='ltr'>mundavit</span> <span class='ocrx_word' id='word_1_877' title='bbox 1519 2059 1665 2092; x_wconf 86' lang='lat' dir='ltr'>leprosum,</span> <span class='ocrx_word' id='word_1_878' title='bbox 1687 2061 1771 2086; x_wconf 84' lang='lat' dir='ltr'>Matth.</span> <span class='ocrx_word' id='word_1_879' title='bbox 1792 2062 1815 2086; x_wconf 88' lang='grc'>8.</span> <span class='ocrx_word' id='word_1_880' title='bbox 1828 2072 1850 2087; x_wconf 75' lang='lat' dir='ltr'>n.</span> 
     </span>
    </p>

    <p class='ocr_par' dir='ltr' id='par_1_12' title="bbox 1042 2101 1994 2269">
     <span class='ocr_line' id='line_1_88' title="bbox 1113 2101 1993 2138; baseline 0.007 -13"><span class='ocrx_word' id='word_1_881' title='bbox 1113 2101 1149 2126; x_wconf 92' lang='lat' dir='ltr'>De</span> <span class='ocrx_word' id='word_1_882' title='bbox 1168 2101 1259 2126; x_wconf 86' lang='lat' dir='ltr'>eadem</span> <span class='ocrx_word' id='word_1_883' title='bbox 1279 2103 1446 2133; x_wconf 82' lang='lat' dir='ltr'>quaestione:</span> <span class='ocrx_word' id='word_1_884' title='bbox 1466 2103 1533 2127; x_wconf 84' lang='lat' dir='ltr'>Alex.</span> <span class='ocrx_word' id='word_1_885' title='bbox 1555 2103 1622 2134; x_wconf 86' lang='lat' dir='ltr'>Hal.‚</span> <span class='ocrx_word' id='word_1_886' title='bbox 1649 2104 1673 2128; x_wconf 87' lang='lat' dir='ltr'>S.</span> <span class='ocrx_word' id='word_1_887' title='bbox 1700 2111 1725 2135; x_wconf 89' lang='lat' dir='ltr'>p.</span> <span class='ocrx_word' id='word_1_888' title='bbox 1753 2105 1788 2130; x_wconf 93' lang='lat'>111.</span> <span class='ocrx_word' id='word_1_889' title='bbox 1808 2112 1833 2138; x_wconf 87' lang='lat' dir='ltr'>q.</span> <span class='ocrx_word' id='word_1_890' title='bbox 1854 2106 1894 2130; x_wconf 81' lang='lat'>20.</span> <span class='ocrx_word' id='word_1_891' title='bbox 1914 2113 1949 2131; x_wconf 88' lang='lat' dir='ltr'>m.</span> <span class='ocrx_word' id='word_1_892' title='bbox 1970 2108 1993 2132; x_wconf 87' lang='grc'>2.</span> 
     </span>
     <span class='ocr_line' id='line_1_89' title="bbox 1042 2146 1994 2182; baseline 0.007 -13"><span class='ocrx_word' id='word_1_893' title='bbox 1042 2153 1064 2170; x_wconf 91' lang='lat' dir='ltr'>a.</span> <span class='ocrx_word' id='word_1_894' title='bbox 1089 2146 1137 2170; x_wconf 89' lang='grc'>1-6.</span> <span class='ocrx_word' id='word_1_895' title='bbox 1158 2160 1191 2163; x_wconf 89' lang='grc'>-</span> <span class='ocrx_word' id='word_1_896' title='bbox 1211 2146 1292 2176; x_wconf 72' lang='lat' dir='ltr'>Scot,</span> <span class='ocrx_word' id='word_1_897' title='bbox 1313 2147 1353 2171; x_wconf 88' lang='lat' dir='ltr'>hic</span> <span class='ocrx_word' id='word_1_898' title='bbox 1373 2153 1397 2178; x_wconf 88' lang='lat' dir='ltr'>q.</span> <span class='ocrx_word' id='word_1_899' title='bbox 1418 2146 1442 2170; x_wconf 86' lang='lat'>5.</span> <span class='ocrx_word' id='word_1_900' title='bbox 1463 2153 1486 2171; x_wconf 92' lang='lat' dir='ltr'>n.</span> <span class='ocrx_word' id='word_1_901' title='bbox 1508 2147 1532 2172; x_wconf 94' lang='lat'>7.</span> <span class='ocrx_word' id='word_1_902' title='bbox 1547 2161 1580 2165; x_wconf 79' lang='lat'>——</span> <span class='ocrx_word' id='word_1_903' title='bbox 1594 2148 1618 2172; x_wconf 89' lang='lat' dir='ltr'>S.</span> <span class='ocrx_word' id='word_1_904' title='bbox 1639 2148 1747 2181; x_wconf 88' lang='lat' dir='ltr'>Thom.‚</span> <span class='ocrx_word' id='word_1_905' title='bbox 1767 2149 1830 2174; x_wconf 86' lang='lat' dir='ltr'>locis</span> <span class='ocrx_word' id='word_1_906' title='bbox 1849 2151 1899 2175; x_wconf 89' lang='lat' dir='ltr'>citt.</span> <span class='ocrx_word' id='word_1_907' title='bbox 1918 2158 1994 2182; x_wconf 85' lang='lat' dir='ltr'>quae-</span> 
     </span>
     <span class='ocr_line' id='line_1_90' title="bbox 1042 2190 1993 2222; baseline 0.005 -8"><span class='ocrx_word' id='word_1_908' title='bbox 1042 2190 1132 2214; x_wconf 90' lang='lat' dir='ltr'>stiunc.</span> <span class='ocrx_word' id='word_1_909' title='bbox 1155 2190 1210 2221; x_wconf 72' lang='lat' dir='ltr'>v1-3,</span> <span class='ocrx_word' id='word_1_910' title='bbox 1232 2193 1257 2214; x_wconf 87' lang='lat' dir='ltr'>et</span> <span class='ocrx_word' id='word_1_911' title='bbox 1276 2197 1298 2214; x_wconf 82' lang='lat' dir='ltr'>a.</span> <span class='ocrx_word' id='word_1_912' title='bbox 1317 2190 1365 2214; x_wconf 85' lang='lat'>1—3.</span> <span class='ocrx_word' id='word_1_913' title='bbox 1379 2203 1414 2208; x_wconf 93' lang='lat'><strong>—</strong></span> <span class='ocrx_word' id='word_1_914' title='bbox 1427 2191 1453 2215; x_wconf 86' lang='lat' dir='ltr'>B.</span> <span class='ocrx_word' id='word_1_915' title='bbox 1468 2191 1577 2222; x_wconf 80' lang='lat' dir='ltr'>Albert.,</span> <span class='ocrx_word' id='word_1_916' title='bbox 1593 2192 1633 2217; x_wconf 91' lang='lat' dir='ltr'>hic</span> <span class='ocrx_word' id='word_1_917' title='bbox 1647 2199 1670 2217; x_wconf 79' lang='lat' dir='ltr'>a.</span> <span class='ocrx_word' id='word_1_918' title='bbox 1693 2191 1716 2217; x_wconf 80' lang='lat'>4.</span> <span class='ocrx_word' id='word_1_919' title='bbox 1738 2193 1760 2218; x_wconf 86' lang='lat'>5.</span> <span class='ocrx_word' id='word_1_920' title='bbox 1782 2196 1806 2218; x_wconf 86' lang='lat' dir='ltr'>et</span> <span class='ocrx_word' id='word_1_921' title='bbox 1825 2194 1866 2218; x_wconf 89' lang='grc'>26.</span> <span class='ocrx_word' id='word_1_922' title='bbox 1880 2208 1915 2212; x_wconf 93' lang='grc'>-</span> <span class='ocrx_word' id='word_1_923' title='bbox 1929 2195 1993 2220; x_wconf 79' lang='lat' dir='ltr'>Pelr.</span> 
     </span>
     <span class='ocr_line' id='line_1_91' title="bbox 1042 2233 1862 2269; baseline 0.005 -11"><span class='ocrx_word' id='word_1_924' title='bbox 1042 2241 1055 2258; x_wconf 88' lang='lat' dir='ltr'>a</span> <span class='ocrx_word' id='word_1_925' title='bbox 1076 2234 1150 2263; x_wconf 85' lang='lat' dir='ltr'>Tar.‚</span> <span class='ocrx_word' id='word_1_926' title='bbox 1171 2235 1212 2258; x_wconf 89' lang='lat' dir='ltr'>hic</span> <span class='ocrx_word' id='word_1_927' title='bbox 1231 2241 1253 2258; x_wconf 87' lang='lat' dir='ltr'>a.</span> <span class='ocrx_word' id='word_1_928' title='bbox 1276 2233 1297 2259; x_wconf 89' lang='lat'>4.</span> <span class='ocrx_word' id='word_1_929' title='bbox 1318 2249 1351 2252; x_wconf 94' lang='lat'>—-</span> <span class='ocrx_word' id='word_1_930' title='bbox 1373 2234 1491 2259; x_wconf 78' lang='lat' dir='ltr'>Richard.</span> <span class='ocrx_word' id='word_1_931' title='bbox 1512 2242 1526 2259; x_wconf 89' lang='lat' dir='ltr'>a</span> <span class='ocrx_word' id='word_1_932' title='bbox 1546 2235 1625 2267; x_wconf 53' lang='lat' dir='ltr'>Med„</span> <span class='ocrx_word' id='word_1_933' title='bbox 1646 2237 1686 2261; x_wconf 84' lang='lat' dir='ltr'>liic</span> <span class='ocrx_word' id='word_1_934' title='bbox 1706 2244 1728 2261; x_wconf 83' lang='lat' dir='ltr'>a.</span> <span class='ocrx_word' id='word_1_935' title='bbox 1750 2237 1772 2261; x_wconf 89' lang='grc'>3.</span> <span class='ocrx_word' id='word_1_936' title='bbox 1794 2245 1818 2269; x_wconf 87' lang='lat' dir='ltr'>q.</span> <span class='ocrx_word' id='word_1_937' title='bbox 1839 2238 1862 2262; x_wconf 88' lang='lat'>3.</span> 
     </span>
    </p>
   </div>
   <div class='ocr_carea' id='block_1_6' title="bbox 889 2362 1130 2402">
    <p class='ocr_par' dir='ltr' id='par_1_13' title="bbox 889 2362 1130 2402">
     <span class='ocr_line' id='line_1_92' title="bbox 889 2362 1130 2402; baseline 0 -9"><span class='ocrx_word' id='word_1_938' title='bbox 889 2362 959 2402; x_wconf 69' lang='lat' dir='ltr'>QUA</span> <span class='ocrx_word' id='word_1_939' title='bbox 966 2362 1071 2393; x_wconf 87' lang='lat' dir='ltr'>ESTIO</span> <span class='ocrx_word' id='word_1_940' title='bbox 1096 2363 1130 2394; x_wconf 91' lang='lat' dir='ltr'>V.</span> 
     </span>
    </p>
   </div>
   <div class='ocr_carea' id='block_1_7' title="bbox 545 2472 1470 2510">
    <p class='ocr_par' dir='ltr' id='par_1_14' title="bbox 545 2472 1470 2510">
     <span class='ocr_line' id='line_1_93' title="bbox 545 2472 1470 2510; baseline 0.002 -7"><span class='ocrx_word' id='word_1_941' title='bbox 545 2472 662 2504; x_wconf 76' lang='lat' dir='ltr'>Utrum</span> <span class='ocrx_word' id='word_1_942' title='bbox 687 2472 887 2504; x_wconf 74' lang='lat' dir='ltr'>resurrectio</span> <span class='ocrx_word' id='word_1_943' title='bbox 911 2472 954 2504; x_wconf 74' lang='lat' dir='ltr'>sit</span> <span class='ocrx_word' id='word_1_944' title='bbox 977 2472 1159 2510; x_wconf 60' lang='lat' dir='ltr'>naturam,</span> <span class='ocrx_word' id='word_1_945' title='bbox 1184 2482 1229 2504; x_wconf 79' lang='lat' dir='ltr'>an</span> <span class='ocrx_word' id='word_1_946' title='bbox 1254 2473 1470 2505; x_wconf 73' lang='lat' dir='ltr'>miraculosa.</span> 
     </span>
    </p>
   </div>
   <div class='ocr_carea' id='block_1_8' title="bbox 0 2596 974 3164">
    <p class='ocr_par' dir='ltr' id='par_1_15' title="bbox 30 2596 974 2732">
     <span class='ocr_line' id='line_1_94' title="bbox 111 2596 974 2638; baseline 0 -10"><span class='ocrx_word' id='word_1_947' title='bbox 111 2596 223 2637; x_wconf 88' lang='lat' dir='ltr'>Quinto</span> <span class='ocrx_word' id='word_1_948' title='bbox 247 2596 428 2638; x_wconf 80' lang='lat' dir='ltr'>quaeritur,</span> <span class='ocrx_word' id='word_1_949' title='bbox 460 2599 569 2628; x_wconf 87' lang='lat' dir='ltr'>utrum</span> <span class='ocrx_word' id='word_1_950' title='bbox 603 2597 794 2628; x_wconf 87' lang='lat' dir='ltr'>resurrectio</span> <span class='ocrx_word' id='word_1_951' title='bbox 823 2596 862 2628; x_wconf 88' lang='lat' dir='ltr'>sit</span> <span class='ocrx_word' id='word_1_952' title='bbox 887 2599 974 2628; x_wconf 85' lang='lat' dir='ltr'>natu-</span> 
     </span>
     <span class='ocr_line' id='line_1_95' title="bbox 31 2646 972 2690; baseline 0.002 -12"><span class='ocrx_word' id='word_1_953' title='bbox 31 2646 115 2687; x_wconf 85' lang='lat' dir='ltr'>ralis,</span> <span class='ocrx_word' id='word_1_954' title='bbox 143 2657 182 2680; x_wconf 88' lang='lat' dir='ltr'>an</span> <span class='ocrx_word' id='word_1_955' title='bbox 213 2648 411 2680; x_wconf 86' lang='lat' dir='ltr'>miraculosa.</span> <span class='ocrx_word' id='word_1_956' title='bbox 438 2648 472 2680; x_wconf 88' lang='lat' dir='ltr'>Et</span> <span class='ocrx_word' id='word_1_957' title='bbox 504 2648 588 2690; x_wconf 86' lang='lat' dir='ltr'>quod</span> <span class='ocrx_word' id='word_1_958' title='bbox 620 2658 685 2680; x_wconf 85' lang='lat' dir='ltr'>non</span> <span class='ocrx_word' id='word_1_959' title='bbox 717 2648 760 2680; x_wconf 78' lang='lat' dir='ltr'>sit</span> <span class='ocrx_word' id='word_1_960' title='bbox 790 2648 972 2686; x_wconf 47' lang='lat' dir='ltr'>o&#39;zaturalts,</span> 
     </span>
     <span class='ocr_line' id='line_1_96' title="bbox 30 2700 216 2732; baseline 0.011 -2"><span class='ocrx_word' id='word_1_961' title='bbox 30 2700 196 2732; x_wconf 86' lang='lat' dir='ltr'>ostenditur</span> <span class='ocrx_word' id='word_1_962' title='bbox 210 2712 216 2732; x_wconf 89' lang='lat'>:</span> 
     </span>
    </p>

    <p class='ocr_par' dir='ltr' id='par_1_16' title="bbox 115 2753 974 2795">
     <span class='ocr_line' id='line_1_97' title="bbox 115 2753 974 2795; baseline 0 -11"><span class='ocrx_word' id='word_1_963' title='bbox 115 2754 140 2784; x_wconf 90' lang='grc'>1.</span> <span class='ocrx_word' id='word_1_964' title='bbox 164 2754 185 2785; x_wconf 83' lang='grc' dir='ltr'>Α</span> <span class='ocrx_word' id='word_1_965' title='bbox 209 2757 298 2795; x_wconf 80' lang='lat' dir='ltr'>parte</span> <span class='ocrx_word' id='word_1_966' title='bbox 322 2753 425 2785; x_wconf 76' lang='lat' dir='ltr'>initii:</span> <span class='ocrx_word' id='word_1_967' title='bbox 449 2754 524 2795; x_wconf 83' lang='lat' dir='ltr'>quia</span> <span class='ocrx_word' id='word_1_968' title='bbox 554 2763 602 2785; x_wconf 86' lang='lat' dir='ltr'>«a</span> <span class='ocrx_word' id='word_1_969' title='bbox 626 2754 801 2795; x_wconf 74' lang='lat' dir='ltr'>privatione</span> <span class='ocrx_word' id='word_1_970' title='bbox 826 2754 855 2785; x_wconf 90' lang='lat' dir='ltr'>in</span> <span class='ocrx_word' id='word_1_971' title='bbox 889 2753 974 2785; x_wconf 83' lang='lat' dir='ltr'>habi-</span> 
     </span>
    </p>

    <p class='ocr_par' dir='ltr' id='par_1_17' title="bbox 0 2806 973 2952">
     <span class='ocr_line' id='line_1_98' title="bbox 4 2806 973 2848; baseline 0.003 -13"><span class='ocrx_word' id='word_1_972' title='bbox 4 2806 91 2836; x_wconf 73' lang='lat' dir='ltr'>tatum</span> <span class='ocrx_word' id='word_1_973' title='bbox 116 2814 170 2846; x_wconf 87' lang='lat' dir='ltr'>per</span> <span class='ocrx_word' id='word_1_974' title='bbox 195 2809 339 2838; x_wconf 82' lang='lat' dir='ltr'>naturam</span> <span class='ocrx_word' id='word_1_975' title='bbox 365 2815 425 2838; x_wconf 91' lang='lat' dir='ltr'>non</span> <span class='ocrx_word' id='word_1_976' title='bbox 442 2806 477 2838; x_wconf 85' lang='lat' dir='ltr'>fit</span> <span class='ocrx_word' id='word_1_977' title='bbox 494 2807 678 2848; x_wconf 84' lang='lat' dir='ltr'>regressus¹</span> <span class='ocrx_word' id='word_1_978' title='bbox 697 2819 727 2845; x_wconf 77' lang='lat'>»3</span> <span class='ocrx_word' id='word_1_979' title='bbox 753 2807 806 2839; x_wconf 85' lang='lat' dir='ltr'>sed</span> <span class='ocrx_word' id='word_1_980' title='bbox 826 2807 854 2838; x_wconf 87' lang='lat' dir='ltr'>in</span> <span class='ocrx_word' id='word_1_981' title='bbox 873 2810 973 2838; x_wconf 86' lang='lat' dir='ltr'>morte</span> 
     </span>
     <span class='ocr_line' id='line_1_99' title="bbox 31 2858 973 2900; baseline 0.001 -11"><span class='ocrx_word' id='word_1_982' title='bbox 31 2859 73 2888; x_wconf 87' lang='lat' dir='ltr'>est</span> <span class='ocrx_word' id='word_1_983' title='bbox 102 2866 223 2890; x_wconf 87' lang='lat' dir='ltr'>summa</span> <span class='ocrx_word' id='word_1_984' title='bbox 255 2858 408 2900; x_wconf 82' lang='lat' dir='ltr'>privatio:</span> <span class='ocrx_word' id='word_1_985' title='bbox 433 2867 508 2900; x_wconf 81' lang='lat' dir='ltr'>ergo</span> <span class='ocrx_word' id='word_1_986' title='bbox 540 2859 747 2897; x_wconf 78' lang='lat' dir='ltr'>resurrectio,</span> <span class='ocrx_word' id='word_1_987' title='bbox 780 2867 851 2890; x_wconf 90' lang='lat' dir='ltr'>cum</span> <span class='ocrx_word' id='word_1_988' title='bbox 886 2859 924 2890; x_wconf 88' lang='lat' dir='ltr'>sit</span> <span class='ocrx_word' id='word_1_989' title='bbox 955 2867 973 2890; x_wconf 85' lang='lat' dir='ltr'>a</span> 
     </span>
     <span class='ocr_line' id='line_1_100' title="bbox 0 2911 555 2952; baseline 0.005 -12"><span class='ocrx_word' id='word_1_990' title='bbox 0 2911 1 2919; x_wconf 65' lang='lat'>¹</span> <span class='ocrx_word' id='word_1_991' title='bbox 31 2914 142 2949; x_wconf 83' lang='lat' dir='ltr'>morte,</span> <span class='ocrx_word' id='word_1_992' title='bbox 165 2920 224 2943; x_wconf 90' lang='lat' dir='ltr'>non</span> <span class='ocrx_word' id='word_1_993' title='bbox 249 2916 295 2943; x_wconf 88' lang='lat' dir='ltr'>est</span> <span class='ocrx_word' id='word_1_994' title='bbox 317 2920 374 2952; x_wconf 85' lang='lat' dir='ltr'>per</span> <span class='ocrx_word' id='word_1_995' title='bbox 399 2915 555 2943; x_wconf 80' lang='lat' dir='ltr'>naturam.</span> 
     </span>
    </p>

    <p class='ocr_par' dir='ltr' id='par_1_18' title="bbox 32 2963 973 3164">
     <span class='ocr_line' id='line_1_101' title="bbox 115 2963 971 3005; baseline 0 -10"><span class='ocrx_word' id='word_1_996' title='bbox 115 2964 143 2995; x_wconf 82' lang='grc'>2.</span> <span class='ocrx_word' id='word_1_997' title='bbox 165 2964 258 3003; x_wconf 85' lang='grc'>110111,</span> <span class='ocrx_word' id='word_1_998' title='bbox 275 2964 334 2996; x_wconf 83' lang='grc'>1100</span> <span class='ocrx_word' id='word_1_999' title='bbox 358 2964 461 3005; x_wconf 89' lang='lat' dir='ltr'>ipsum</span> <span class='ocrx_word' id='word_1_1000' title='bbox 487 2964 663 2996; x_wconf 83' lang='lat' dir='ltr'>ostenditur</span> <span class='ocrx_word' id='word_1_1001' title='bbox 680 2973 698 2995; x_wconf 87' lang='lat' dir='ltr'>a</span> <span class='ocrx_word' id='word_1_1002' title='bbox 715 2968 803 3005; x_wconf 85' lang='lat' dir='ltr'>parte</span> <span class='ocrx_word' id='word_1_1003' title='bbox 821 2963 971 2995; x_wconf 75' lang='lat' dir='ltr'>termini:</span> 
     </span>
     <span class='ocr_line' id='line_1_102' title="bbox 32 3015 973 3058; baseline 0.002 -12"><span class='ocrx_word' id='word_1_1004' title='bbox 32 3015 100 3055; x_wconf 88' lang='lat' dir='ltr'>quia</span> <span class='ocrx_word' id='word_1_1005' title='bbox 120 3025 210 3049; x_wconf 86' lang='lat' dir='ltr'>omne</span> <span class='ocrx_word' id='word_1_1006' title='bbox 233 3017 318 3058; x_wconf 89' lang='lat' dir='ltr'>quod</span> <span class='ocrx_word' id='word_1_1007' title='bbox 342 3020 456 3049; x_wconf 84' lang='lat' dir='ltr'>natura</span> <span class='ocrx_word' id='word_1_1008' title='bbox 477 3017 641 3058; x_wconf 85' lang='lat' dir='ltr'>producit,</span> <span class='ocrx_word' id='word_1_1009' title='bbox 658 3020 705 3049; x_wconf 88' lang='lat' dir='ltr'>est</span> <span class='ocrx_word' id='word_1_1010' title='bbox 721 3017 926 3058; x_wconf 85' lang='lat' dir='ltr'>corruptibile</span> <span class='ocrx_word' id='word_1_1011' title='bbox 943 3020 973 3048; x_wconf 86' lang='lat' dir='ltr'>et</span> 
     </span>
     <span class='ocr_line' id='line_1_103' title="bbox 32 3068 973 3111; baseline 0.003 -13"><span class='ocrx_word' id='word_1_1012' title='bbox 32 3068 172 3107; x_wconf 81' lang='lat' dir='ltr'>mortale3</span> <span class='ocrx_word' id='word_1_1013' title='bbox 196 3069 250 3101; x_wconf 89' lang='lat' dir='ltr'>sed</span> <span class='ocrx_word' id='word_1_1014' title='bbox 275 3078 390 3111; x_wconf 86' lang='lat' dir='ltr'>corpus</span> <span class='ocrx_word' id='word_1_1015' title='bbox 414 3069 621 3111; x_wconf 85' lang='lat' dir='ltr'>glorificatum</span> <span class='ocrx_word' id='word_1_1016' title='bbox 656 3074 703 3102; x_wconf 87' lang='lat' dir='ltr'>est</span> <span class='ocrx_word' id='word_1_1017' title='bbox 734 3069 912 3101; x_wconf 81' lang='lat' dir='ltr'>immortale</span> <span class='ocrx_word' id='word_1_1018' title='bbox 943 3072 973 3101; x_wconf 88' lang='lat' dir='ltr'>et</span> 
     </span>
     <span class='ocr_line' id='line_1_104' title="bbox 32 3118 484 3164; baseline 0.009 -14"><span class='ocrx_word' id='word_1_1019' title='bbox 32 3118 301 3162; x_wconf 73' lang='lat' dir='ltr'>incorruptibile²z</span> <span class='ocrx_word' id='word_1_1020' title='bbox 328 3131 402 3164; x_wconf 84' lang='lat' dir='ltr'>ergo</span> <span class='ocrx_word' id='word_1_1021' title='bbox 426 3125 484 3155; x_wconf 88' lang='lat' dir='ltr'>etc.</span> 
     </span>
    </p>
   </div>
   <div class='ocr_carea' id='block_1_9' title="bbox 32 3300 969 3422">
    <p class='ocr_par' dir='ltr' id='par_1_19' title="bbox 32 3300 969 3422">
     <span class='ocr_line' id='line_1_105' title="bbox 97 3300 969 3337; baseline 0.005 -11"><span class='ocrx_word' id='word_1_1022' title='bbox 97 3300 103 3316; x_wconf 86' lang='lat'>¹</span> <span class='ocrx_word' id='word_1_1023' title='bbox 125 3302 271 3328; x_wconf 85' lang='lat' dir='ltr'>Secundum</span> <span class='ocrx_word' id='word_1_1024' title='bbox 290 3304 406 3335; x_wconf 84' lang='lat' dir='ltr'>Aristot.‚</span> <span class='ocrx_word' id='word_1_1025' title='bbox 427 3304 458 3330; x_wconf 91' lang='lat' dir='ltr'>de</span> <span class='ocrx_word' id='word_1_1026' title='bbox 478 3305 636 3330; x_wconf 83' lang='lat' dir='ltr'>Praedicain.</span> <span class='ocrx_word' id='word_1_1027' title='bbox 657 3311 678 3329; x_wconf 90' lang='lat' dir='ltr'>c.</span> <span class='ocrx_word' id='word_1_1028' title='bbox 699 3304 729 3330; x_wconf 78' lang='lat' dir='ltr'>de</span> <span class='ocrx_word' id='word_1_1029' title='bbox 751 3303 890 3337; x_wconf 76' lang='lat' dir='ltr'>Oppositis.</span> <span class='ocrx_word' id='word_1_1030' title='bbox 917 3303 969 3330; x_wconf 79' lang='lat' dir='ltr'>Cir.</span> 
     </span>
     <span class='ocr_line' id='line_1_106' title="bbox 32 3343 417 3378; baseline 0.013 -11"><span class='ocrx_word' id='word_1_1031' title='bbox 32 3343 88 3368; x_wconf 82' lang='lat' dir='ltr'>tom.</span> <span class='ocrx_word' id='word_1_1032' title='bbox 107 3344 132 3369; x_wconf 89' lang='lat' dir='ltr'>ll.</span> <span class='ocrx_word' id='word_1_1033' title='bbox 151 3352 209 3378; x_wconf 84' lang='lat' dir='ltr'>pag.</span> <span class='ocrx_word' id='word_1_1034' title='bbox 230 3347 294 3378; x_wconf 84' lang='lat'>815,</span> <span class='ocrx_word' id='word_1_1035' title='bbox 315 3350 373 3373; x_wconf 89' lang='lat' dir='ltr'>nota</span> <span class='ocrx_word' id='word_1_1036' title='bbox 394 3347 417 3372; x_wconf 96' lang='lat'>4.</span> 
     </span>
     <span class='ocr_line' id='line_1_107' title="bbox 97 3386 518 3422; baseline 0.012 -10"><span class='ocrx_word' id='word_1_1037' title='bbox 97 3386 107 3403; x_wconf 75' lang='lat'><strong>²</strong></span> <span class='ocrx_word' id='word_1_1038' title='bbox 124 3387 172 3413; x_wconf 80' lang='lat' dir='ltr'>Cir.</span> <span class='ocrx_word' id='word_1_1039' title='bbox 192 3389 207 3414; x_wconf 97' lang='grc' dir='ltr'>Ι.</span> <span class='ocrx_word' id='word_1_1040' title='bbox 227 3389 283 3415; x_wconf 91' lang='lat' dir='ltr'>Cor.</span> <span class='ocrx_word' id='word_1_1041' title='bbox 309 3390 351 3422; x_wconf 85' lang='lat'>15,</span> <span class='ocrx_word' id='word_1_1042' title='bbox 373 3390 414 3416; x_wconf 83' lang='grc'>42.</span> <span class='ocrx_word' id='word_1_1043' title='bbox 433 3395 458 3417; x_wconf 88' lang='lat' dir='ltr'>et</span> <span class='ocrx_word' id='word_1_1044' title='bbox 477 3392 518 3417; x_wconf 82' lang='lat'>53.</span> 
     </span>
    </p>
   </div>
   <div class='ocr_carea' id='block_1_10' title="bbox 0 2921 22 3882">
    <p class='ocr_par' dir='ltr' id='par_1_20' title="bbox 0 2921 22 3882">
     <span class='ocr_line' id='line_1_108' title="bbox 0 2921 22 3882; baseline 0 0"><span class='ocrx_word' id='word_1_1045' title='bbox 0 2921 22 3882; x_wconf 95' lang='lat' dir='ltr'> </span> 
     </span>
    </p>
   </div>
   <div class='ocr_carea' id='block_1_11' title="bbox 1003 2598 1008 3159">
    <p class='ocr_par' dir='ltr' id='par_1_21' title="bbox 1003 2598 1008 3159">
     <span class='ocr_line' id='line_1_109' title="bbox 1003 2598 1008 3159; baseline 0 0"><span class='ocrx_word' id='word_1_1046' title='bbox 1003 2598 1008 3159; x_wconf 95' lang='lat' dir='ltr'> </span> 
     </span>
    </p>
   </div>
   <div class='ocr_carea' id='block_1_12' title="bbox 1035 2596 1992 3168">
    <p class='ocr_par' dir='ltr' id='par_1_22' title="bbox 1036 2596 1992 2787">
     <span class='ocr_line' id='line_1_110' title="bbox 1127 2596 1992 2644; baseline 0.007 -16"><span class='ocrx_word' id='word_1_1047' title='bbox 1127 2596 1155 2628; x_wconf 83' lang='lat'>3.</span> <span class='ocrx_word' id='word_1_1048' title='bbox 1181 2597 1273 2636; x_wconf 82' lang='grc'>110111,</span> <span class='ocrx_word' id='word_1_1049' title='bbox 1303 2598 1394 2629; x_wconf 89' lang='lat' dir='ltr'>tertio</span> <span class='ocrx_word' id='word_1_1050' title='bbox 1426 2599 1602 2630; x_wconf 88' lang='lat' dir='ltr'>ostenditur</span> <span class='ocrx_word' id='word_1_1051' title='bbox 1633 2609 1651 2631; x_wconf 85' lang='lat' dir='ltr'>a</span> <span class='ocrx_word' id='word_1_1052' title='bbox 1684 2604 1771 2641; x_wconf 84' lang='lat' dir='ltr'>parte</span> <span class='ocrx_word' id='word_1_1053' title='bbox 1803 2602 1894 2633; x_wconf 74' lang='lat' dir='ltr'>modi</span> <span class='ocrx_word' id='word_1_1054' title='bbox 1924 2612 1992 2644; x_wconf 76' lang='lat' dir='ltr'>ope-</span> 
     </span>
     <span class='ocr_line' id='line_1_111' title="bbox 1036 2649 1990 2694; baseline 0.007 -14"><span class='ocrx_word' id='word_1_1055' title='bbox 1036 2649 1157 2681; x_wconf 73' lang='lat' dir='ltr'>randi:</span> <span class='ocrx_word' id='word_1_1056' title='bbox 1183 2650 1256 2691; x_wconf 84' lang='lat' dir='ltr'>quia</span> <span class='ocrx_word' id='word_1_1057' title='bbox 1280 2654 1393 2682; x_wconf 83' lang='lat' dir='ltr'>natura</span> <span class='ocrx_word' id='word_1_1058' title='bbox 1410 2655 1559 2692; x_wconf 80' lang='lat' dir='ltr'>operatur</span> <span class='ocrx_word' id='word_1_1059' title='bbox 1578 2653 1772 2691; x_wconf 82' lang='lat' dir='ltr'>successive,</span> <span class='ocrx_word' id='word_1_1060' title='bbox 1790 2663 1850 2685; x_wconf 91' lang='lat' dir='ltr'>non</span> <span class='ocrx_word' id='word_1_1061' title='bbox 1869 2655 1990 2694; x_wconf 70' lang='lat' dir='ltr'>subit03</span> 
     </span>
     <span class='ocr_line' id='line_1_112' title="bbox 1037 2701 1989 2748; baseline 0.007 -16"><span class='ocrx_word' id='word_1_1062' title='bbox 1037 2701 1091 2733; x_wconf 88' lang='lat' dir='ltr'>sed</span> <span class='ocrx_word' id='word_1_1063' title='bbox 1118 2702 1307 2733; x_wconf 88' lang='lat' dir='ltr'>resurrectio</span> <span class='ocrx_word' id='word_1_1064' title='bbox 1331 2702 1390 2734; x_wconf 87' lang='lat' dir='ltr'>erit</span> <span class='ocrx_word' id='word_1_1065' title='bbox 1411 2703 1532 2742; x_wconf 82' lang='lat' dir='ltr'>subito,</span> <span class='ocrx_word' id='word_1_1066' title='bbox 1553 2703 1585 2734; x_wconf 73' lang='lat' dir='ltr'>tn</span> <span class='ocrx_word' id='word_1_1067' title='bbox 1603 2703 1669 2735; x_wconf 75' lang='lat' dir='ltr'>icta</span> <span class='ocrx_word' id='word_1_1068' title='bbox 1686 2704 1817 2737; x_wconf 55' lang='grc'>000113.-</span> <span class='ocrx_word' id='word_1_1069' title='bbox 1836 2714 1910 2748; x_wconf 81' lang='lat' dir='ltr'>ergo</span> <span class='ocrx_word' id='word_1_1070' title='bbox 1929 2716 1989 2738; x_wconf 91' lang='lat' dir='ltr'>non</span> 
     </span>
     <span class='ocr_line' id='line_1_113' title="bbox 1037 2757 1271 2787; baseline 0 -1"><span class='ocrx_word' id='word_1_1071' title='bbox 1037 2757 1083 2786; x_wconf 85' lang='lat' dir='ltr'>est</span> <span class='ocrx_word' id='word_1_1072' title='bbox 1107 2763 1125 2786; x_wconf 83' lang='lat' dir='ltr'>a</span> <span class='ocrx_word' id='word_1_1073' title='bbox 1148 2758 1271 2787; x_wconf 87' lang='lat' dir='ltr'>natura.</span> 
     </span>
    </p>

    <p class='ocr_par' dir='ltr' id='par_1_23' title="bbox 1035 2808 1989 3008">
     <span class='ocr_line' id='line_1_114' title="bbox 1125 2808 1989 2854; baseline 0.006 -15"><span class='ocrx_word' id='word_1_1074' title='bbox 1125 2808 1155 2839; x_wconf 84' lang='lat'>4.</span> <span class='ocrx_word' id='word_1_1075' title='bbox 1180 2808 1273 2846; x_wconf 86' lang='grc'>110111,</span> <span class='ocrx_word' id='word_1_1076' title='bbox 1297 2809 1473 2841; x_wconf 88' lang='lat' dir='ltr'>ostenditur</span> <span class='ocrx_word' id='word_1_1077' title='bbox 1498 2810 1589 2841; x_wconf 88' lang='lat' dir='ltr'>etiam</span> <span class='ocrx_word' id='word_1_1078' title='bbox 1616 2819 1633 2842; x_wconf 81' lang='lat' dir='ltr'>a</span> <span class='ocrx_word' id='word_1_1079' title='bbox 1657 2814 1746 2852; x_wconf 87' lang='lat' dir='ltr'>parte</span> <span class='ocrx_word' id='word_1_1080' title='bbox 1767 2812 1932 2853; x_wconf 70' lang='lat' dir='ltr'>principii</span> <span class='ocrx_word' id='word_1_1081' title='bbox 1947 2812 1989 2854; x_wconf 78' lang='lat' dir='ltr'>ef-</span> 
     </span>
     <span class='ocr_line' id='line_1_115' title="bbox 1035 2858 1989 2902; baseline 0.007 -12"><span class='ocrx_word' id='word_1_1082' title='bbox 1035 2858 1164 2901; x_wconf 79' lang='lat' dir='ltr'>fectivi:</span> <span class='ocrx_word' id='word_1_1083' title='bbox 1189 2860 1262 2901; x_wconf 84' lang='lat' dir='ltr'>quia</span> <span class='ocrx_word' id='word_1_1084' title='bbox 1293 2865 1438 2893; x_wconf 83' lang='lat' dir='ltr'>«natura</span> <span class='ocrx_word' id='word_1_1085' title='bbox 1462 2865 1509 2894; x_wconf 84' lang='lat' dir='ltr'>est</span> <span class='ocrx_word' id='word_1_1086' title='bbox 1533 2862 1580 2894; x_wconf 90' lang='lat' dir='ltr'>vis</span> <span class='ocrx_word' id='word_1_1087' title='bbox 1604 2862 1696 2895; x_wconf 82' lang='lat' dir='ltr'>insita</span> <span class='ocrx_word' id='word_1_1088' title='bbox 1720 2864 1831 2902; x_wconf 81' lang='lat' dir='ltr'>rebus,</span> <span class='ocrx_word' id='word_1_1089' title='bbox 1849 2874 1889 2897; x_wconf 85' lang='lat' dir='ltr'>ex</span> <span class='ocrx_word' id='word_1_1090' title='bbox 1907 2865 1989 2897; x_wconf 90' lang='lat' dir='ltr'>simi-</span> 
     </span>
     <span class='ocr_line' id='line_1_116' title="bbox 1039 2913 1988 2955; baseline 0.007 -11"><span class='ocrx_word' id='word_1_1091' title='bbox 1039 2913 1120 2945; x_wconf 86' lang='lat' dir='ltr'>libus</span> <span class='ocrx_word' id='word_1_1092' title='bbox 1144 2913 1257 2945; x_wconf 81' lang='lat' dir='ltr'>similia</span> <span class='ocrx_word' id='word_1_1093' title='bbox 1282 2923 1450 2955; x_wconf 87' lang='lat' dir='ltr'>procreans</span> <span class='ocrx_word' id='word_1_1094' title='bbox 1464 2914 1472 2930; x_wconf 75' lang='lat'><strong><em>⁴</em></strong></span> <span class='ocrx_word' id='word_1_1095' title='bbox 1489 2927 1520 2953; x_wconf 79' lang='lat'>»3</span> <span class='ocrx_word' id='word_1_1096' title='bbox 1545 2915 1598 2947; x_wconf 88' lang='lat' dir='ltr'>sed</span> <span class='ocrx_word' id='word_1_1097' title='bbox 1626 2915 1654 2947; x_wconf 90' lang='lat' dir='ltr'>in</span> <span class='ocrx_word' id='word_1_1098' title='bbox 1673 2918 1905 2950; x_wconf 85' lang='lat' dir='ltr'>resurrectione</span> <span class='ocrx_word' id='word_1_1099' title='bbox 1926 2928 1988 2951; x_wconf 92' lang='lat' dir='ltr'>non</span> 
     </span>
     <span class='ocr_line' id='line_1_117' title="bbox 1037 2965 1581 3008; baseline 0.004 -11"><span class='ocrx_word' id='word_1_1100' title='bbox 1037 2965 1071 2997; x_wconf 85' lang='lat' dir='ltr'>fit</span> <span class='ocrx_word' id='word_1_1101' title='bbox 1095 2965 1196 2998; x_wconf 89' lang='lat' dir='ltr'>simile</span> <span class='ocrx_word' id='word_1_1102' title='bbox 1220 2975 1260 2998; x_wconf 87' lang='lat' dir='ltr'>ex</span> <span class='ocrx_word' id='word_1_1103' title='bbox 1286 2966 1399 2998; x_wconf 88' lang='lat' dir='ltr'>simili:</span> <span class='ocrx_word' id='word_1_1104' title='bbox 1425 2975 1500 3008; x_wconf 83' lang='lat' dir='ltr'>ergo</span> <span class='ocrx_word' id='word_1_1105' title='bbox 1524 2970 1581 2999; x_wconf 88' lang='lat' dir='ltr'>etc.</span> 
     </span>
    </p>

    <p class='ocr_par' dir='ltr' id='par_1_24' title="bbox 1035 3017 1986 3168">
     <span class='ocr_line' id='line_1_118' title="bbox 1126 3017 1986 3061; baseline 0.006 -12"><span class='ocrx_word' id='word_1_1106' title='bbox 1126 3019 1154 3049; x_wconf 93' lang='lat'>5.</span> <span class='ocrx_word' id='word_1_1107' title='bbox 1180 3017 1292 3050; x_wconf 88' lang='lat' dir='ltr'>Ultimo</span> <span class='ocrx_word' id='word_1_1108' title='bbox 1315 3018 1491 3050; x_wconf 85' lang='lat' dir='ltr'>ostenditur</span> <span class='ocrx_word' id='word_1_1109' title='bbox 1515 3029 1533 3051; x_wconf 85' lang='lat' dir='ltr'>a</span> <span class='ocrx_word' id='word_1_1110' title='bbox 1561 3024 1649 3061; x_wconf 86' lang='lat' dir='ltr'>parte</span> <span class='ocrx_word' id='word_1_1111' title='bbox 1675 3021 1821 3053; x_wconf 74' lang='lat' dir='ltr'>omnium</span> <span class='ocrx_word' id='word_1_1112' title='bbox 1848 3021 1986 3055; x_wconf 75' lang='lat' dir='ltr'>tiorum:</span> 
     </span>
     <span class='ocr_line' id='line_1_119' title="bbox 1036 3070 1986 3117; baseline 0.007 -16"><span class='ocrx_word' id='word_1_1113' title='bbox 1036 3070 1110 3112; x_wconf 81' lang='lat' dir='ltr'>quia</span> <span class='ocrx_word' id='word_1_1114' title='bbox 1133 3074 1180 3102; x_wconf 86' lang='lat' dir='ltr'>est</span> <span class='ocrx_word' id='word_1_1115' title='bbox 1203 3071 1357 3103; x_wconf 85' lang='lat' dir='ltr'>articulus</span> <span class='ocrx_word' id='word_1_1116' title='bbox 1388 3071 1478 3110; x_wconf 75' lang='lat' dir='ltr'>fidei,</span> <span class='ocrx_word' id='word_1_1117' title='bbox 1507 3081 1588 3114; x_wconf 87' lang='lat' dir='ltr'>quae</span> <span class='ocrx_word' id='word_1_1118' title='bbox 1612 3082 1672 3105; x_wconf 92' lang='lat' dir='ltr'>non</span> <span class='ocrx_word' id='word_1_1119' title='bbox 1697 3078 1744 3106; x_wconf 89' lang='lat' dir='ltr'>est</span> <span class='ocrx_word' id='word_1_1120' title='bbox 1768 3074 1806 3107; x_wconf 89' lang='lat' dir='ltr'>de</span> <span class='ocrx_word' id='word_1_1121' title='bbox 1832 3075 1880 3107; x_wconf 87' lang='lat' dir='ltr'>his</span> <span class='ocrx_word' id='word_1_1122' title='bbox 1906 3085 1986 3117; x_wconf 83' lang='lat' dir='ltr'>quae</span> 
     </span>
     <span class='ocr_line' id='line_1_120' title="bbox 1035 3122 1952 3168; baseline 0.005 -14"><span class='ocrx_word' id='word_1_1123' title='bbox 1035 3122 1115 3154; x_wconf 89' lang='lat' dir='ltr'>fiunt</span> <span class='ocrx_word' id='word_1_1124' title='bbox 1139 3132 1195 3164; x_wconf 89' lang='lat' dir='ltr'>per</span> <span class='ocrx_word' id='word_1_1125' title='bbox 1220 3127 1383 3162; x_wconf 77' lang='lat' dir='ltr'>naturam,</span> <span class='ocrx_word' id='word_1_1126' title='bbox 1407 3124 1462 3156; x_wconf 86' lang='lat' dir='ltr'>sed</span> <span class='ocrx_word' id='word_1_1127' title='bbox 1487 3134 1584 3166; x_wconf 84' lang='lat' dir='ltr'>supra</span> <span class='ocrx_word' id='word_1_1128' title='bbox 1608 3129 1771 3158; x_wconf 83' lang='lat' dir='ltr'>naturam:</span> <span class='ocrx_word' id='word_1_1129' title='bbox 1796 3136 1871 3168; x_wconf 83' lang='lat' dir='ltr'>ergo</span> <span class='ocrx_word' id='word_1_1130' title='bbox 1896 3131 1952 3159; x_wconf 86' lang='lat' dir='ltr'>etc.</span> 
     </span>
    </p>
   </div>
   <div class='ocr_carea' id='block_1_13' title="bbox 1036 3304 1984 3428">
    <p class='ocr_par' dir='ltr' id='par_1_25' title="bbox 1036 3304 1984 3428">
     <span class='ocr_line' id='line_1_121' title="bbox 1105 3304 1984 3340; baseline 0.005 -11"><span class='ocrx_word' id='word_1_1131' title='bbox 1105 3304 1116 3321; x_wconf 76' lang='grc'>3</span> <span class='ocrx_word' id='word_1_1132' title='bbox 1135 3306 1213 3336; x_wconf 60' lang='lat' dir='ltr'>Epist.</span> <span class='ocrx_word' id='word_1_1133' title='bbox 1235 3306 1250 3329; x_wconf 94' lang='lat'>1.</span> <span class='ocrx_word' id='word_1_1134' title='bbox 1271 3304 1328 3330; x_wconf 88' lang='lat' dir='ltr'>Cor.</span> <span class='ocrx_word' id='word_1_1135' title='bbox 1348 3305 1391 3337; x_wconf 83' lang='lat'>15,</span> <span class='ocrx_word' id='word_1_1136' title='bbox 1414 3306 1454 3331; x_wconf 91' lang='grc'>52.</span> <span class='ocrx_word' id='word_1_1137' title='bbox 1468 3320 1500 3324; x_wconf 84' lang='lat'>-—</span> <span class='ocrx_word' id='word_1_1138' title='bbox 1515 3307 1549 3331; x_wconf 91' lang='lat' dir='ltr'>De</span> <span class='ocrx_word' id='word_1_1139' title='bbox 1569 3306 1667 3332; x_wconf 75' lang='lat' dir='ltr'>maiori</span> <span class='ocrx_word' id='word_1_1140' title='bbox 1679 3308 1723 3333; x_wconf 86' lang='lat' dir='ltr'>csr.</span> <span class='ocrx_word' id='word_1_1141' title='bbox 1745 3315 1823 3339; x_wconf 89' lang='lat' dir='ltr'>supra</span> <span class='ocrx_word' id='word_1_1142' title='bbox 1844 3315 1904 3340; x_wconf 84' lang='lat' dir='ltr'>pag.</span> <span class='ocrx_word' id='word_1_1143' title='bbox 1920 3308 1984 3340; x_wconf 79' lang='lat'>248,</span> 
     </span>
     <span class='ocr_line' id='line_1_122' title="bbox 1036 3349 1229 3381; baseline 0 -8"><span class='ocrx_word' id='word_1_1144' title='bbox 1036 3352 1093 3373; x_wconf 87' lang='lat' dir='ltr'>nola</span> <span class='ocrx_word' id='word_1_1145' title='bbox 1115 3349 1137 3373; x_wconf 88' lang='lat'>4.</span> <span class='ocrx_word' id='word_1_1146' title='bbox 1158 3356 1229 3381; x_wconf 88' lang='lat' dir='ltr'>seqq.</span> 
     </span>
     <span class='ocr_line' id='line_1_123' title="bbox 1106 3392 1983 3428; baseline 0.007 -12"><span class='ocrx_word' id='word_1_1147' title='bbox 1106 3392 1115 3408; x_wconf 75' lang='lat'><strong>⁴</strong></span> <span class='ocrx_word' id='word_1_1148' title='bbox 1135 3392 1199 3417; x_wconf 91' lang='lat' dir='ltr'>Vide</span> <span class='ocrx_word' id='word_1_1149' title='bbox 1211 3396 1270 3418; x_wconf 87' lang='lat' dir='ltr'>tom.</span> <span class='ocrx_word' id='word_1_1150' title='bbox 1285 3393 1299 3417; x_wconf 89' lang='lat'>1.</span> <span class='ocrx_word' id='word_1_1151' title='bbox 1311 3400 1370 3425; x_wconf 80' lang='lat' dir='ltr'>pag.</span> <span class='ocrx_word' id='word_1_1152' title='bbox 1387 3393 1440 3424; x_wconf 86' lang='lat'>134,</span> <span class='ocrx_word' id='word_1_1153' title='bbox 1453 3398 1509 3419; x_wconf 86' lang='lat' dir='ltr'>nota</span> <span class='ocrx_word' id='word_1_1154' title='bbox 1527 3394 1563 3419; x_wconf 89' lang='grc'>10.</span> <span class='ocrx_word' id='word_1_1155' title='bbox 1578 3397 1602 3419; x_wconf 84' lang='grc'>01</span> <span class='ocrx_word' id='word_1_1156' title='bbox 1617 3398 1677 3420; x_wconf 91' lang='lat' dir='ltr'>tom.</span> <span class='ocrx_word' id='word_1_1157' title='bbox 1689 3395 1724 3421; x_wconf 96' lang='lat'>111.</span> <span class='ocrx_word' id='word_1_1158' title='bbox 1737 3403 1796 3428; x_wconf 84' lang='lat' dir='ltr'>pag.</span> <span class='ocrx_word' id='word_1_1159' title='bbox 1814 3397 1870 3428; x_wconf 84' lang='lat'>188,</span> <span class='ocrx_word' id='word_1_1160' title='bbox 1888 3399 1947 3422; x_wconf 89' lang='lat' dir='ltr'>nota</span> <span class='ocrx_word' id='word_1_1161' title='bbox 1963 3397 1983 3422; x_wconf 93' lang='grc'>1.</span> 
     </span>
    </p>
   </div>
  </div>
 </body>
</html>
