2483 3882
267 1103 300 1124 Ad
314 1102 397 1130 opposi-

306 1132 356 1150 tum.

413 246 496 279 1032

1277 447 1459 489 QUAESTIO
1483 448 1516 479 tt.

667 569 784 601 Utrum
809 568 945 610 agilitas
970 568 1102 600 inclinet
1124 577 1245 609 eorpus
1266 567 1451 610 yloriosnm
1475 567 1521 599 acl
1544 577 1669 599 omnem
1695 566 1913 610 differentiam
1936 568 2120 610 positionis,

1046 634 1091 657 an
1116 625 1162 657 acl
1184 624 1327 667 aliquem
1352 625 1458 656 locuni
1482 624 1745 656 delerininatnm.

498 776 641 809 Secundo
664 776 829 818 quaeritur
854 776 892 808 de
917 775 1116 808 inclinatione
1139 775 1281 817 eorporis
1301 775 1363 817 glo-

410 829 501 869 riosi,
525 838 606 871 quae
630 833 677 861 est
700 838 756 871 per
788 828 977 870 agilitatem3
1001 833 1031 861 et
1054 828 1229 870 quaeritur,
1253 832 1361 860 utrum

409 882 531 924 agilitas
555 881 682 914 inclinet
704 890 820 923 corpus
852 881 1023 923 gloriosum
1056 881 1095 913 ad
1128 890 1252 913 omnem
1278 880 1363 913 diffe-

409 935 541 968 rentiam
566 934 744 975 positionis,
769 943 808 966 an
833 934 872 966 ad
896 934 1033 975 aliquem
1055 933 1159 966 locum
1177 933 1362 965 determina-

410 991 487 1020 tum.
514 988 547 1019 Et
571 987 655 1029 qued
680 996 741 1019 nou
766 987 805 1019 ad
830 995 954 1019 omnem
973 986 1199 1025 differentiam,
1218 986 1360 1018 videtur:

500 1042 526 1072 t.
553 1040 631 1081 Quia
666 1040 825 1072 inclinatio
858 1039 982 1072 mobilis
1014 1040 1157 1081 sequitur
1188 1039 1362 1080 praedomi-

410 1102 488 1125 nans
512 1093 686 1125 seeundum
712 1093 916 1134 quantitatem
934 1093 961 1129 ¹3
986 1093 1040 1124 sed
1059 1092 1301 1134 praedominans
1318 1100 1363 1124 se-

409 1146 549 1179 cundum
567 1140 779 1187 'quantitatem
805 1146 835 1177 in
861 1145 1047 1187 corporibus
1072 1145 1132 1177 illis
1156 1148 1203 1177 est
1229 1149 1312 1177 terra
1332 1148 1362 1177 et

409 1209 507 1241 aqua:
525 1208 600 1240 ergo
617 1202 674 1231 etc..
691 1218 735 1221 —
752 1198 790 1231 St·
804 1198 909 1236 cliens,
927 1198 1011 1240 quod
1029 1198 1190 1230 auferetur
1207 1197 1344 1239 gravitas
1354 1210 1362 1236 3

409 1256 544 1284 eontra:
571 1252 647 1283 liaeo
671 1255 718 1284 est
742 1251 780 1283 de
806 1255 917 1282 natura
935 1254 1055 1288 terrae3
1073 1251 1127 1283 sed
1145 1250 1337 1292 Augustinus

410 1304 501 1343 dicit,
526 1304 610 1345 quod
640 1307 782 1335 «natura
806 1303 985 1335 servabitur
998 1315 1034 1335 >›:
1061 1312 1135 1345 ergo
1159 1307 1216 1335 etc.

499 1358 527 1388 2.
553 1356 646 1395 [tem>
671 1356 922 1398 unumquodque
957 1356 1075 1397 appetit
1107 1356 1188 1398 quod
1223 1359 1270 1388 est
1302 1364 1363 1387 ma-

410 1411 456 1452 gis
480 1409 538 1442 sibi
564 1410 796 1447 conveniens³;
821 1409 876 1441 sed
909 1408 995 1441 locus
1027 1409 1102 1441 caeli
1140 1409 1281 1450 empyrei
1317 1411 1363 1440 est

409 1463 509 1504 magis
535 1463 592 1495 sibi
618 1463 821 1495 conveniens:
847 1471 922 1504 ergo
946 1463 1065 1504 appetit
1089 1470 1157 1494 esse
1176 1462 1226 1494 ibi.
1244 1462 1303 1493 Sed
1321 1461 1363 1493 in-

409 1515 534 1548 clinatio
558 1519 604 1548 est
627 1515 785 1557 appetitus
811 1515 979 1547 naturalis:
1006 1524 1080 1556 ergo
1105 1519 1160 1547 etc.

499 1568 527 1601 3
553 1569 645 1604 ltem,
670 1577 761 1600 omne
787 1568 870 1610 quod
889 1568 1021 1609 quiescit
1037 1568 1150 1599 alieubi
1163 1594 1170 1606 ,
1188 1568 1282 1600 babet
1299 1567 1361 1599 vim

411 1621 514 1662 ipsum
538 1621 579 1652 ibi
606 1620 813 1653 stabilientem
829 1620 858 1658 4;
884 1620 938 1652 sed
956 1629 1072 1661 corpus
1089 1620 1261 1661 gloriosum
1279 1620 1364 1661 quie-

410 1673 467 1705 seit
492 1673 522 1705 in
547 1673 648 1705 eaelo:
675 1682 749 1714 ergo
776 1673 815 1704 ibi
841 1672 1000 1705 stabilitur
1024 1682 1081 1714 per
1105 1673 1242 1714 aliquam
1269 1673 1365 1705 virtu-

410 1729 482 1757 tem.
508 1725 567 1757 Sed
592 1725 693 1757 virtus
717 1725 878 1758 stabiliens
904 1726 933 1757 in
959 1725 1026 1757 loeo
1052 1725 1178 1757 inclinat
1202 1725 1241 1757 ad
1260 1725 1362 1757 locum

411 1777 671 1810 determinatum:
698 1787 772 1819 ergo
796 1783 852 1810 etc.

500 1830 643 1863 Conana:
672 1832 698 1862 1.
724 1831 844 1872 Corpus
862 1831 939 1863 illud
958 1836 1004 1863 est
1022 1840 1077 1872 per
1094 1831 1198 1863 omnia
1215 1831 1364 1863 obediens

248 1883 549 1915 „Fundamentaanimaez
568 1891 642 1924 ergo
660 1883 684 1915 si
704 1883 847 1916 voluutas
866 1884 918 1915 illa
932 1888 1032 1925 potest
1046 1893 1171 1916 movere
1185 1884 1223 1916 ad
1239 1892 1363 1915 omnem

411 1934 618 1967 differentiam
650 1936 825 1977 positionis,
851 1940 880 1968 et
904 1945 1003 1978 aeque
1027 1936 1067 1968 ad
1092 1946 1187 1968 unam
1221 1937 1301 1969 sieut
1324 1936 1364 1968 ad

410 1988 520 2020 aliam:
547 1997 621 2030 ergo
646 1997 760 2029 corpus
785 1988 955 2029 gloriosum
981 1997 1042 2019 non
1068 1988 1166 2030 magis
1196 1988 1365 2020 inclinatur

409 2042 449 2074 ad
473 2051 570 2074 unam
595 2050 688 2083 quam
715 2041 753 2073 ad
779 2041 872 2073 aliam
889 2041 908 2072 ⁵.

500 2097 529 2127 2.
554 2095 647 2133 Item,
672 2095 756 2136 quod
795 2095 888 2127 babet
924 2095 1155 2127 inclinationem
1192 2095 1230 2127 ad
1268 2104 1363 2127 unam

410 2152 550 2189 partem,
575 2148 600 2179 si
631 2151 794 2180 moveatur
826 2148 864 2179 ad
897 2148 1089 2189 oppositam,
1114 2152 1259 2180 movetur
1292 2157 1362 2180 eum

410 2200 589 2242 fatigatione
614 2203 645 2232 et
668 2209 783 2242 poena:
809 2209 884 2241 ergo
909 2200 932 2232 si
958 2200 1036 2232 illud
1069 2200 1274 2233 inclinaretur
1298 2210 1366 2233 sur-

410 2262 480 2285 sum
499 2257 529 2285 et
546 2257 727 2286 moveretur
745 2253 908 2291 deorsum,
923 2256 1004 2285 esset
1021 2253 1061 2285 ibi
1080 2253 1168 2285 labor
1185 2257 1214 2285 et
1232 2253 1362 2295 poena⁶.

500 2306 527 2338 3.
554 2306 647 2345 Item,
672 2306 755 2348 quod
788 2306 906 2348 appetit
939 2315 1038 2338 unum
1072 2306 1193 2345 locum,
1219 2306 1242 2339 si
1273 2310 1365 2339 extra

411 2359 498 2391 illum
526 2363 678 2400 ponatur,
704 2358 839 2391 efficitur
864 2359 1006 2400 indigens
1039 2362 1069 2391 et
1100 2359 1362 2400 imperfectum⁷:

409 2420 484 2453 ergo
509 2413 533 2443 si
563 2421 678 2453 corpus
711 2412 883 2453 gloriosum
915 2412 1121 2444 inclinaretur
1153 2412 1192 2444 ad
1226 2412 1363 2454 aliquem

410 2464 514 2497 locum
540 2465 714 2497 seeundum
740 2465 932 2506 appetitum,
957 2468 1011 2496 aut
1043 2464 1237 2505 impossibile
1265 2468 1364 2503 esset,

410 2517 493 2559 quod
518 2517 590 2549 iude
616 2522 806 2556 moveretur,
832 2521 902 2555 aut,
926 2518 949 2550 si
976 2517 1048 2550 iude
1073 2521 1265 2557 moveretur,
1282 2521 1366 2550 esset

411 2570 638 2611 imperfectum.

1172 242 1374 274 SENTENTIA
1380 242 1455 274 RUM
1479 242 1547 274 LIB.
1572 242 1620 275 lV.

1783 784 2023 808 CONCLUSIO.

1428 880 1572 923 Agyllitas
1596 881 1746 922 eorporis
1767 880 1908 923 gloriosi
1931 891 1994 913 non
2020 882 2160 914 inclinat
2174 883 2220 914 ctcl
2236 883 2378 926 aliquem

1517 933 1623 965 locum
1645 933 1918 972 determinatum,
1940 934 1997 966 secl
2012 938 2059 966 est
2080 935 2323 977 promptitudo,
2342 941 2379 969 nc

1516 986 1562 1017 ad
1577 996 1703 1018 onznein
1721 986 1839 1024 locum,
1852 987 1938 1019 sicul
1952 986 2019 1018 vult
2031 988 2159 1025 anima,
2173 993 2354 1021 moveatur.

1518 1092 1716 1124 Responnno:
1740 1092 1932 1131 Dicendum,
1958 1093 2041 1134 quod
2067 1092 2222 1125 habilitas
2254 1094 2293 1126 ad
2318 1103 2476 1130 Illo-Axioma

1430 1149 1496 1176 tum
1521 1145 1665 1186 sequitur
1690 1144 1955 1183 inclinationem,
1981 1149 2010 1177 et
2035 1145 2205 1177 inclinatio
2222 1147 2380 1188 appetitus

1428 1201 1474 1229 est
1507 1201 1651 1239 respectu
1684 1197 1881 1238 perfectionis
1896 1197 1916 1236 Β,
1942 1198 2015 1239 quia
2047 1202 2175 1240 propter
2208 1199 2292 1230 illam
2325 1202 2379 1231 cst.

1428 1250 1581 1291 Quoniam
1608 1249 1703 1291 igitur
1734 1259 1849 1291 eorpus
1882 1250 2052 1291 gloriosum
2087 1254 2181 1283 tetam
2215 1261 2290 1284 suae
2319 1253 2381 1284 exi-

1429 1303 1558 1335 stentiae
1583 1307 1613 1335 et
1638 1302 1807 1335 nobilitatis
1831 1306 1862 1335 et
1893 1303 2069 1336 stabilitatis
2101 1304 2253 1336 rationem
2285 1305 2381 1336 trabit

1428 1356 1468 1387 ab
1492 1356 1614 1393 animat.
1640 1355 1709 1387 ideo
1732 1355 1889 1388 inclinatio
1914 1356 1981 1388 eius
2006 1360 2053 1388 est
2073 1357 2112 1388 ad
2130 1356 2300 1394 (mimam,
2318 1366 2379 1389 uon
2394 1370 2480 1401 inclinati

1429 1408 1467 1440 ad
1493 1407 1622 1450 aliquid
1645 1411 1749 1440 extra.
1776 1408 1810 1440 Et
1839 1409 1985 1450 quoniam
2020 1408 2142 1450 agilitas
2174 1409 2315 1450 sequitur
2340 1409 2382 1441 in·
2408 1402 2483 1436 ΜΨ

1429 1461 1646 1498 οΙίηηῑίοῃθῐῃς
1671 1465 1701 1493 et
1725 1461 1829 1492 anima
1853 1465 1954 1502 potest
1978 1471 2104 1494 movere
2131 1462 2159 1494 in
2184 1471 2309 1494 omnem
2327 1462 2381 1495 dif-

1429 1514 1591 1546 ferentiam
1617 1514 1794 1555 positionis:
1822 1514 1891 1546 ideo
1915 1519 1945 1546 et
1970 1524 2085 1556 corpus
2117 1515 2211 1547 habet
2243 1515 2383 1547 habilita-

1429 1570 1490 1599 tem
1517 1567 1555 1598 ad
1581 1576 1704 1599 omnem
1730 1567 1835 1599 situm.
1861 1567 1947 1600 Unde
1971 1567 2093 1609 agilitas
2117 1577 2177 1599 non
2200 1568 2326 1600 inclinat
2342 1568 2381 1600 ad
2396 1580 2482 1603 Coactus

1429 1620 1565 1661 aliquem
1602 1619 1704 1651 locum
1737 1620 2000 1659 determinatum³
2026 1624 2061 1652 ut
2093 1621 2260 1662 probatum
2293 1621 2381 1660 est⁰‚

1430 1673 1484 1704 sed
1510 1676 1557 1704 est
1580 1672 1815 1714 promptitudo,
1840 1677 1875 1704 ut
1891 1682 2006 1714 eorpus
2029 1677 2193 1705 moveatur
2210 1673 2239 1704 in
2257 1682 2381 1705 omnem

1430 1726 1551 1763 locum,
1576 1726 1615 1757 ad
1640 1734 1732 1767 quem
1760 1725 1828 1757 vult
1854 1734 1979 1758 movere
2003 1726 2116 1758 anima.
2148 1745 2191 1749 —
2220 1727 2255 1758 Et
2279 1735 2383 1759 conee-

1430 1779 1551 1811 dendae
1577 1783 1650 1811 sunt
1675 1779 1810 1811 rationes
1835 1778 1873 1810 ad
1898 1779 1968 1811 boc.

1522 1832 1548 1862 l.
1574 1831 1617 1863 Ad
1643 1831 1719 1863 illud
1745 1831 1829 1873 quod
1855 1831 2019 1870 officitur2
2045 1831 2127 1873 quod
2154 1835 2239 1864 terra
2255 1832 2383 1873 praedo-
2409 1830 2482 1875 solutio

1431 1885 1586 1922 minatum
1611 1885 1798 1923 dicendum,
1823 1885 1906 1926 quod
1933 1885 2006 1927 quia
2030 1885 2187 1926 appetitus
2219 1874 2482 1917 elemento-¹³⁰⁸toru

1431 1946 1501 1969 rum
1528 1937 1664 1969 totaliter
1688 1938 1848 1978 quietatur
1873 1937 1903 1969 in
1922 1937 1975 1969 illo
1992 1946 2140 1979 corpore,
2157 1937 2240 1979 quod
2259 1937 2382 1969 nullum

1431 1990 1621 2021 elementum
1647 1989 1677 2021 in
1709 1998 1745 2021 eo
1777 1990 1895 2031 appetit
1927 1999 2016 2022 suam
2050 1990 2236 2031 spliaeram3
2259 1994 2290 2022 et
2314 1991 2383 2023 ideo

1430 2042 1555 2075 ablatus
1587 2046 1633 2074 est
1666 2047 1768 2074 terrae
1800 2043 1958 2084 appetitus
1990 2043 2043 2075 ille
2075 2047 2105 2075 et
2136 2043 2273 2085 gravitas
2289 2043 2383 2075 ¹⁰.—

1431 2095 1520 2136 Quod
1545 2095 1701 2134 obiicitur,
1726 2095 1809 2137 quod
1835 2099 1949 2128 natura
1972 2099 2127 2134 servatur.
2146 2101 2176 2128 et
2197 2096 2308 2128 vitium
2333 2096 2401 2141 deq

1431 2148 1585 2186 traliitur3
1603 2148 1786 2186 dicendum,
1804 2149 1888 2190 quod
1908 2149 2023 2180 vilium
2041 2149 2156 2181 dicitur
2184 2158 2276 2181 omne
2298 2149 2382 2191 quod

1432 2201 1580 2243 importat
1604 2201 1880 2243 imperfectionem.

1520 2255 1548 2285 ⁹2.
1574 2253 1616 2286 Ad
1649 2253 1727 2286 illud
1760 2254 1844 2296 quod
1877 2254 2033 2293 obiicitur,
2059 2255 2141 2296 quod
2172 2256 2290 2296 appetit
2323 2263 2384 2287 ma-

1431 2307 1477 2348 gis
1509 2306 1718 2345 couveniens3
1750 2306 1937 2345 dicendum,
1962 2307 2046 2349 quod
2084 2307 2141 2339 hoc
2174 2316 2295 2352 verum⁴
2317 2311 2380 2346 est,

1431 2359 1455 2391 si
1488 2359 1542 2391 illo
1574 2359 1717 2400 indiget3
1749 2359 1803 2391 sed
1835 2368 1951 2401 eorpus
1983 2359 2154 2401 gloriosum
2187 2359 2275 2391 nullo
2306 2359 2382 2392 indi-

1431 2416 1481 2454 get
1506 2412 1581 2444 loeo.

1520 2464 1548 2497 3.
1574 2465 1614 2497 Ad
1642 2464 1790 2496 ultimum
1815 2464 2001 2504 dicendum,
2027 2465 2111 2507 quod
2136 2474 2251 2507 corpus
2268 2455 2382 2497 stabili-

1431 2521 1482 2550 tur
1500 2518 1530 2549 in
1547 2517 1630 2549 omui
1658 2517 1723 2550 loco
1741 2526 1796 2559 per
1813 2517 1948 2549 animam
1960 2544 1968 2557 ,
1986 2521 2016 2550 et
2032 2518 2136 2549 anima
2154 2526 2209 2559 per
2226 2517 2325 2549 Deum
2343 2518 2380 2556 ¹¹3

1431 2575 1461 2602 et
1485 2571 1528 2603 sio
1553 2580 1613 2602 non
1639 2570 1755 2611 indiget
1779 2571 1839 2602 alia
1864 2571 2073 2603 inclinatione.

482 2934 489 2950 1
511 2934 660 2959 Secundum
680 2935 790 2966 Ariston,
811 2935 827 2960 l.
850 2935 882 2959 sle
902 2934 978 2960 Caelo
1003 2938 1027 2960 ct
1054 2935 1166 2967 mundo,
1187 2939 1244 2961 text.
1265 2936 1289 2960 7.
1309 2943 1362 2968 seq.

412 2979 443 3003 sc.
465 2979 508 3010 2.).
528 2992 562 2996 -
583 2979 629 3003 Pro
648 2978 857 3011 praedominans
879 2980 934 3004 Vat.
955 2981 1085 3005 naturum
1103 2979 1340 3013 pmiedominanlis.

481 3022 491 3037 '2
511 3022 579 3047 Libr.
600 3022 679 3046 XXll.
701 3022 733 3047 tle
754 3022 808 3047 (liv.
829 3023 886 3054 Dei,
907 3030 928 3047 c.
959 3023 1001 3047 17:
1024 3023 1087 3048 Vitia
1118 3022 1298 3054 detrahentur,
1322 3030 1364 3047 nu-

413 3069 467 3090 tura
487 3065 641 3090 servabitur.

481 3108 491 3124 ³
511 3108 560 3133 Csr.
582 3108 676 3138 noem„
700 3109 733 3133 lll.
755 3109 786 3133 [le
807 3108 907 3134 Consol.
930 3116 1005 3140 prosa
1031 3110 1067 3134 tl.

482 3152 491 3167 4
512 3153 578 3177 Vide
597 3153 707 3184 Ariston,
730 3154 768 3177 tv.
791 3154 865 3184 Phys.
886 3156 942 3178 text.
965 3153 1005 3178 48.
1027 3154 1058 3185 (e.
1079 3153 1123 3185 5.),
1144 3157 1168 3179 et
1188 3154 1227 3179 lV.
1243 3154 1274 3178 de
1288 3153 1363 3179 Caelo

412 3199 436 3220 et
455 3196 566 3227 mundo,
588 3200 644 3221 text.
665 3197 706 3221 ⁴21.
726 3204 799 3229 seqq.
821 3197 853 3228 (r.
875 3197 921 3229 3.).
942 3211 975 3214 ——
996 3198 1043 3222 l’ro
1064 3204 1140 3223 omne
1155 3197 1229 3222 codd.
1252 3197 1303 3222 MO
1323 3204 1365 3223 να-

412 3239 480 3264 none
501 3239 610 3265 uidetur.

481 3283 490 3298 5
510 3282 558 3307 Ct‘r.
579 3290 657 3314 supra
679 3291 737 3315 pag.
764 3285 835 3315 1017,
857 3289 913 3310 notu
935 3286 958 3310 3.
979 3285 1059 3310 verbu
1080 3287 1188 3316 August.

483 3326 493 3342 G
513 3326 694 3356 Respiciuntur
723 3328 804 3353 verba
833 3329 933 3353 Aristot.
964 3336 1042 3360 supra
1072 3336 1130 3360 pag.
1161 3330 1227 3361 990,
1256 3332 1313 3354 uota
1334 3330 1364 3361 3,

413 3373 437 3393 et
458 3376 517 3400 pag.
543 3370 621 3402 1016,
641 3375 698 3396 nota
719 3372 742 3395 3.
763 3371 844 3396 allata.

1498 2935 1508 2951 ⁷
1529 2935 1677 2960 Secundum
1699 2936 1808 2966 Aristot.y
1826 2935 1842 2960 l.
1858 2935 1890 2960 de
1912 2935 1987 2960 Caelo
2007 2938 2031 2960 et
2051 2935 2162 2966 mundo,
2184 2939 2240 2960 text.
2261 2936 2304 2960 76.
2325 2943 2379 2968 seq.

1429 2980 1460 3010 (c.
1481 2980 1524 3009 8.).
1546 2993 1580 2996 —
1600 2979 1748 3003 immediate
1769 2982 1825 3010 post
1845 2985 1892 3010 pro
1912 2985 1975 3012 erqo
1995 2978 2019 3004 sl
2038 2979 2109 3004 multi
2130 2979 2205 3004 codd.
2225 2978 2287 3004 item
2305 2978 2335 3004 si.

1499 3022 1509 3038 S
1528 3022 1609 3048 Codd.
1631 3023 1637 3047 l
1651 3023 1671 3047 ti
1692 3023 1790 3048 addunt
1809 3022 1922 3048 animae.
1938 3023 2042 3047 litterius
2058 3029 2105 3054 pro
2119 3023 2201 3048 totum
2215 3023 2274 3048 edd.
2289 3022 2382 3048 substi-

1429 3070 1503 3091 tuunt
1523 3067 1615 3092 lotum..

1498 3110 1509 3126 0
1529 3111 1553 3135 ln
1580 3111 1695 3135 fundam.
1715 3124 1751 3129 —-
1770 3112 1895 3142 Superius
1921 3118 1968 3141 pro
1996 3110 2074 3136 habel
2100 3110 2277 3142 habilitatem,
2309 3110 2379 3143 quod

1428 3155 1535 3186 praebet
1554 3155 1610 3180 cod.
1631 3162 1675 3186 aa,
1690 3155 1729 3179 :itti
1745 3155 1820 3180 codd.
1841 3159 1865 3180 et
1884 3155 1924 3180 ed.
1951 3156 1955 3180 l
1982 3162 2031 3180 non
2052 3156 2085 3180 ita
2105 3162 2220 3186 congrue
2239 3154 2315 3180 habel
2335 3154 2381 3180 lta-

1430 3197 1492 3230 bile,
1516 3199 1571 3223 Vul.
1593 3198 1686 3224 habile.
2185 3207 2188 3210 ⁴

1501 3242 1521 3258 10
1542 3242 1607 3267 Vide
1626 3250 1704 3273 supra
1725 3249 1785 3274 pag.
1806 3243 1871 3273 976,
1892 3246 1949 3267 nota
1971 3243 1994 3267 8.
2015 3245 2039 3268 et
2064 3243 2088 3268 d,
2110 3242 2150 3268 ts.
2171 3250 2193 3268 a.
2215 3244 2237 3268 2.
2259 3250 2282 3275 q.
2304 3243 2327 3267 3.
2348 3256 2380 3260 —-

1430 3287 1555 3318 Superius
1576 3290 1632 3317 post
1651 3293 1762 3320 corpore
1781 3286 1840 3312 edd.
1862 3286 1961 3312 addunt
1979 3286 2026 3312 ita.

1502 3329 1519 3345 ¹¹
1542 3330 1572 3354 Ut
1591 3329 1665 3355 ‹loeet
1685 3332 1792 3361 August.
1806 3337 1885 3361 supra
1901 3337 1961 3362 pag.
1979 3330 2059 3362 1014,
2075 3333 2133 3355 nota
2148 3331 2170 3355 2.
2185 3344 2220 3348 —
2234 3330 2298 3355 Vide
2311 3330 2381 3355 selio-

1431 3374 1481 3399 liou
1501 3373 1534 3398 ad
1559 3375 1577 3398 t.
1599 3374 1776 3405 praecedentis
1794 3374 1892 3399 articuli
1912 3377 2010 3406 quaest.
