2483 3882
647 255 740 287 DlST.
766 255 861 288 XLIV.
887 256 916 287 P.
942 255 962 287 1.
986 256 1068 288 ART.
1094 256 1138 288 ΙΙΙ.
1163 256 1316 298 QUAEST.
1340 257 1372 289 ll.

29 341 121 384 gibbo
144 344 191 374 est
214 341 333 382 aliquid
357 341 396 373 de
420 343 524 374 carnis
548 342 737 375 substantia:
756 352 830 385 ergo
854 346 901 376 est
924 343 977 376 ali—

28 395 103 436 quid
127 394 166 426 de
191 393 320 426 veritate
345 394 503 427 humanae
528 399 675 428 naturae:
700 405 775 437 ergo
799 400 856 429 etc.

116 446 144 478 3.
169 446 262 485 Item,
286 446 360 487 quia
382 446 487 478 anima
511 448 627 480 meruit
651 448 681 480 in
706 457 851 490 corpore,
883 449 976 481 debet

28 498 223 531 remunerari
247 498 279 530 in
303 507 434 539 corpore
458 502 488 530 et
512 499 541 530 in
567 500 736 539 membris,
761 504 791 533 et
808 501 876 540 hoc,
901 501 975 543 quia

28 559 142 592 corpus
164 553 211 582 est
234 550 292 582 sibi
317 550 532 582 coniunctum:
559 551 584 583 si
608 560 683 592 ergo
699 552 803 584 anima
825 553 883 585 viri
902 553 975 586 iusti

26 603 142 636 meruit
165 603 197 634 in
222 602 474 635 deformitatibus
498 606 529 634 et
559 612 616 644 per
640 604 867 644 deformitates,
896 614 976 647 quas

26 655 188 689 humiliter
210 655 372 692 toleravit;
397 663 472 696 ergo
496 655 589 687 debet
613 656 643 687 in
660 657 705 689 eis
729 659 936 690 remunerari.

112 709 143 741 lt.
168 708 260 746 Item,
285 707 462 746 cicatrices,
485 717 567 749 quae
592 712 665 741 sunt
688 709 835 742 inductae
852 711 882 742 in
900 711 977 743 Mar-

24 761 146 804 tyribus
162 770 180 792 a
201 761 365 799 violentia,
383 764 509 793 manent
533 761 562 792 in
588 761 687 802 gloria
711 762 741 793 in
767 763 890 803 signum
915 772 976 796 me-

23 814 74 846 riti
92 818 123 846 et
139 813 309 854 triumphi:
327 821 403 854 ergo
419 812 487 854 pari
509 813 630 845 ratione
646 813 877 854 deformitates,
894 825 976 857 quae

25 870 97 900 sunt
120 875 138 898 a
161 869 292 905 natura,
318 866 347 897 in
372 866 489 907 quibus
514 866 629 898 meruit
652 866 757 898 anima
780 871 896 899 nostra.

376 979 614 1002 CONCLUSIO.

21 1076 61 1108 Iu
85 1075 279 1117 corporibus
296 1075 470 1107 electorum
486 1075 581 1107 natta
597 1080 749 1118 resuryet
765 1075 972 1118 deformitaS,

56 1131 208 1170 resurget
231 1132 340 1160 tamen
363 1127 510 1160 alicuius
534 1126 758 1170 deformitatis
781 1130 935 1161 materia.

109 1234 303 1266 Responnsso:
328 1233 517 1271 Dicendum,
540 1233 625 1275 quod
650 1233 864 1266 deformitates
881 1244 973 1275 quae-

0 1287 93 1320 .datn
119 1290 192 1319 sunt
215 1286 448 1329 qualitativae,
473 1287 554 1319 sicut
578 1287 650 1319 illae
674 1296 755 1328 quae
779 1287 909 1319 veniunt
931 1297 971 1320 ex

19 1338 101 1371 malo
117 1342 147 1371 et
163 1338 340 1370 inordinato
361 1338 423 1370 situ
448 1339 665 1371 membrorum
682 1339 702 1370 ¹.
720 1340 880 1380 Quaedam
899 1343 972 1372 sunt

19 1390 277 1434 quantitativae,
302 1391 382 1423 sicut
414 1391 541 1433 quando
565 1391 636 1432 quis
667 1391 762 1422 habet
793 1391 886 1423 nimis
909 1400 972 1423 ma-

19 1452 114 1485 gnum
147 1447 259 1485 caput,
284 1444 332 1476 vel
365 1444 458 1476 nimis
483 1453 596 1485 magna
628 1444 788 1482 membra,
822 1445 864 1476 ita
887 1445 971 1486 quod

18 1496 86 1529 aliis
110 1500 184 1528 sunt
215 1496 524 1537 improportionalia,
554 1496 603 1528 vel
636 1496 730 1528 habet
754 1496 971 1537 gibbositates,

18 1548 67 1581 vel
90 1549 181 1587 talia,
206 1549 237 1580 in
268 1548 385 1590 quibus
408 1552 455 1580 est
486 1548 606 1590 aliquid
632 1549 671 1581 de
702 1549 805 1581 carnis
830 1549 972 1582 substan-

19 1601 68 1633 tia.
86 1601 115 1633 Si
141 1601 180 1633 de
200 1601 324 1642 primis
349 1601 527 1642 loquamur,
553 1601 626 1643 quia
650 1611 712 1634 non
737 1605 811 1634 sunt
834 1602 872 1634 de
894 1603 971 1634 veri-

18 1658 79 1686 tate
110 1654 267 1686 humanae
298 1658 448 1693 naturae,
473 1654 569 1686 immo
598 1663 655 1695 per
684 1663 826 1687 errorem
844 1656 971 1687 omnino

0 1739 4 1745 ,
19 1706 215 1748 contingunt3
233 1706 417 1745 dicendum,
438 1707 522 1748 quod
541 1707 572 1739 in
589 1707 695 1739 electis
711 1707 799 1739 nullo
816 1708 909 1739 modo
926 1716 972 1739 re-

18 1763 156 1801 surgent.
180 1760 209 1791 Si
235 1759 275 1791 de
290 1759 444 1791 secundis
467 1759 654 1801 loquamur,
679 1760 753 1802 quia
780 1760 899 1802 aliquid
924 1764 971 1793 est

0 1812 59 1845 -ibi
84 1812 294 1851 substantiae,
311 1812 430 1854 aliquid
456 1813 646 1852 vitiositatis,
663 1813 748 1855 quod
765 1817 812 1846 est
829 1814 970 1846 substan-

17 1865 77 1898 tiae
93 1869 255 1906 resurget,
279 1865 364 1906 quod
382 1869 429 1897 est
445 1865 622 1897 vitiositatis
638 1865 818 1903 auferetur;
844 1866 902 1898 hoc
923 1870 970 1898 est

17 1917 137 1956 dicere,
162 1918 246 1959 quod
264 1917 348 1950 illius
365 1918 499 1950 membri
525 1918 657 1950 materia
676 1927 733 1960 per
749 1918 810 1950 alia
828 1919 970 1951 membra

17 1969 211 2002 diffundetur
235 1970 390 2011 quantum
420 1970 460 2001 ad
484 1969 747 2011 superfluitatem
762 1970 785 2008 ²,
811 1971 853 2003 ita
884 1970 968 2012 quod

17 2030 77 2053 non
100 2021 219 2063 aliquid
244 2022 373 2063 peribit,
397 2026 428 2054 et
451 2025 555 2054 tamen
581 2026 681 2054 totum
707 2031 764 2064 per
788 2023 893 2055 omnia
924 2032 971 2055 re-

18 2074 150 2107 ducetur
173 2075 213 2106 ad
237 2075 483 2116 proportionem.
509 2075 543 2106 Et
561 2075 604 2107 sic
628 2079 729 2117 patet,
755 2075 839 2117 quod
864 2076 894 2107 in
912 2075 969 2108 ele-

1925 260 1988 291 915

1040 344 1097 376 ctis
1121 344 1209 376 nulla
1233 348 1378 386 resurget
1410 345 1610 384 deformitas,
1635 349 1778 387 resurget
1810 349 1914 379 tamen
1938 346 1991 378 ali-

1040 396 1130 429 cuius
1162 397 1369 429 deformitatis
1393 398 1533 430 materia.
1561 417 1604 421 -—
1633 398 1667 430 Et
1694 398 1738 431 sic
1773 399 1990 431 concedendae

1040 452 1113 481 sunt
1137 449 1273 481 rationes
1296 450 1512 489 ostendentes,
1537 451 1621 492 quod
1646 460 1707 482 non
1732 455 1907 493 resurgent.

1131 503 1157 533 t.
1183 503 1213 533 Ω.
1244 501 1467 534 concedendae
1498 502 1702 535 nihilominus
1734 507 1807 535 sunt
1838 503 1920 536 duae
1951 503 1990 536 ad
2018 515 2151 545 Soiuuoop.

1039 555 1218 596 oppositum
1242 554 1401 595 inductae,
1418 555 1503 597 quod
1529 556 1606 588 illud
1623 556 1707 597 quod
1731 559 1778 588 est
1795 556 1834 588 de
1851 556 1992 589 substan·
2006 544 2130 568 'mmmm‘

1041 606 1082 638 tia
1106 606 1326 645 deformitatis,
1343 611 1502 649 resurget,
1526 611 1630 640 tamen
1654 608 1714 640 sub
1735 609 1854 641 ratione
1879 609 1992 650 pulcri-

1040 659 1167 691 tudinis.

1129 711 1157 743 3.
1182 712 1225 744 Ad
1251 712 1328 744 illud
1354 712 1438 754 quod
1469 713 1625 751 obiicitur,
1654 713 1738 755 quod
1763 722 1819 755 per
1847 714 1990 746 deformi-

1040 767 1118 796 tates
1142 767 1306 796 merentur
1330 765 1388 796 viri
1413 765 1505 804 iusti,
1534 765 1721 804 dicendum,
1750 767 1833 807 quod
1859 775 1916 808 per
1939 767 1991 798 ali-

1039 815 1114 856 quid
1140 816 1254 848 mereri
1278 820 1325 848 est
1348 816 1533 858 dupliciter:
1550 821 1605 849 aut
1628 818 1713 859 quod
1730 818 1824 850 habet
1849 818 1990 860 imperfe-
2006 830 2124 857 Dupliciter

1039 868 1172 900 ctionem
1205 869 1379 901 secundum
1411 874 1535 902 statum
1559 871 1688 907 meriti,
1720 880 1780 903 non
1818 875 1922 903 tamen
1947 880 1990 903 se·
2018 859 2119 878 mmm*

1039 921 1178 953 cundum
1214 931 1312 953 suam
1347 920 1495 964 formam
1530 927 1560 954 et
1592 928 1777 961 naturam,-
1816 927 1870 955 aut
1905 924 1989 965 quod

1039 973 1133 1006 babet
1165 974 1430 1016 imperfectionem
1465 976 1639 1008 secundum
1675 985 1773 1008 suam
1805 980 1990 1013 rimaraum

1038 1026 1119 1058 sicut
1143 1031 1244 1068 patet,
1269 1028 1352 1068 quod
1379 1031 1519 1060 meretur
1543 1037 1600 1069 per
1624 1028 1802 1067 caritatem,
1835 1029 1885 1061 cui
1910 1029 1990 1061 inest

1038 1079 1231 1119 imperfectio
1262 1079 1365 1112 solum
1397 1080 1517 1112 ratione
1552 1084 1676 1118 status,
1702 1084 1732 1113 et
1765 1084 1905 1113 meretur
1933 1091 1990 1123 per

1038 1131 1147 1170 fidem,
1165 1132 1214 1164 cui
1236 1132 1316 1164 inest
1332 1133 1525 1174 imperfectio
1543 1133 1662 1165 ratione
1675 1132 1814 1175 formae.
1832 1134 1863 1166 ln
1877 1134 1989 1175 primo
2006 1144 2135 1167 Notandum.

1037 1192 1280 1216 remuneramur
1304 1193 1361 1226 per
1378 1185 1446 1217 eius
1470 1185 1690 1226 perfectionem
1702 1197 1710 1223 ;
1728 1186 1757 1217 in
1782 1186 1924 1218 seeundo
1940 1195 1990 1219 re-

1038 1245 1244 1269 muneramur
1275 1246 1332 1279 per
1360 1238 1429 1270 eius
1460 1238 1714 1277 evacuationem,
1743 1239 1817 1280 quia
1848 1248 1909 1271 non
1942 1243 1990 1272 est

1036 1292 1108 1320 nata
1125 1288 1203 1321 fides
1220 1293 1302 1322 stare
1320 1298 1393 1322 cum
1409 1290 1598 1331 perfectione
1621 1291 1775 1332 completa
1790 1290 1810 1322 ²³.
1830 1291 1886 1323 Per
1902 1291 1988 1323 hunc

1036 1340 1165 1372 modum
1190 1341 1220 1372 in
1246 1342 1463 1383 corporalibus
1487 1346 1610 1384 oportet
1634 1343 1779 1384 intelligi,
1805 1344 1890 1376 unde
1914 1352 1987 1376 cum

1036 1403 1157 1435 corpus
1181 1395 1357 1426 humanum
1390 1395 1483 1427 statui
1516 1395 1715 1437 perfectionis
1739 1405 1801 1428 non
1834 1400 1989 1438 repugnet

1036 1449 1188 1486 quantum
1218 1446 1256 1478 ad
1294 1451 1475 1485 naturam,
1500 1448 1555 1479 sed
1592 1451 1745 1489 quantum
1770 1448 1810 1480 ad
1843 1452 1988 1486 statum,-

1036 1496 1231 1539 deformitas
1254 1507 1330 1530 vero
1358 1504 1512 1540 quantum
1536 1500 1575 1531 ad
1597 1500 1774 1541 propriam
1803 1510 1901 1532 suam
1934 1510 1988 1532 ra-

1036 1550 1153 1582 tionem
1177 1555 1333 1592 repugnat
1356 1552 1555 1593 perfectioni3
1580 1553 1652 1585 binc
1676 1556 1736 1591 est,
1762 1554 1845 1595 quod
1871 1562 1986 1595 corpus

1036 1601 1127 1634 debet
1151 1611 1318 1644 resurgere
1343 1607 1372 1635 et
1389 1604 1523 1642 resumi,
1548 1604 1730 1636 deformitas
1754 1614 1830 1636 vero
1848 1605 1985 1637 minime.

1122 1655 1153 1686 [ι.
1178 1655 1221 1687 Ad
1254 1655 1332 1687 illud
1356 1656 1441 1697 quod
1465 1656 1611 1689 obiicitur
1640 1657 1678 1689 de
1706 1657 1918 1696 cicatricibus,
1944 1657 1987 1689 di-

1035 1707 1188 1746 cendum,
1216 1708 1301 1748 quod
1330 1712 1385 1739 aut
1409 1708 1569 1741 cicatrices
1593 1718 1654 1740 non
1678 1713 1863 1750 resurgent,
1889 1713 1943 1741 aut
1960 1709 1986 1741 si

1035 1763 1219 1800 resurgant,
1251 1760 1294 1792 ita
1317 1760 1430 1792 facient
1458 1761 1498 1792 ad
1530 1761 1676 1793 decorem
1709 1765 1740 1793 et
1768 1762 1900 1803 gloriam
1924 1762 1987 1793 ani-

1035 1821 1120 1850 mae,
1139 1812 1223 1854 quod
1241 1822 1301 1844 non
1320 1813 1461 1845 minuent
1478 1813 1724 1855 pulcritudinem
1743 1815 1893 1856 corporis,
1911 1815 1985 1856 quia

1034 1864 1214 1906 frequenter
1238 1865 1312 1897 talia
1335 1866 1424 1906 signa
1456 1866 1596 1898 reddunt
1619 1875 1735 1908 corpus
1766 1867 1866 1908 magis
1898 1867 1985 1899 deco-

1034 1926 1115 1949 rum.
1148 1918 1301 1958 Quoniam
1326 1918 1421 1959 igitur
1446 1919 1577 1951 cicatrix
1600 1922 1702 1960 potest
1718 1928 1826 1951 carere
1850 1920 1984 1961 turpitu-

1033 1970 1122 2008 dine,
1159 1970 1213 2002 sed
1242 1970 1423 2003 deformitas
1459 1980 1584 2013 semper
1616 1972 1788 2011 deformat,
1820 1972 1891 2004 ideo
1923 1981 1985 2004 non

1034 2023 1077 2055 sic
1100 2023 1247 2064 competit
1271 2023 1452 2056 deformitas
1477 2024 1663 2066 corporibus
1680 2024 1869 2064 electorum,
1894 2029 1929 2057 ut
1945 2026 1984 2057 ci-

1035 2075 1146 2107 catrix.

855 2177 1151 2217 SCHOLION.

84 2278 100 2302 1.
120 2277 156 2302 De
176 2277 330 2309 corporibus
349 2278 497 2310 glorificatis
520 2279 661 2304 electorum
689 2286 833 2311 eorumque
863 2278 967 2304 dotibus

17 2321 93 2346 multa
113 2321 238 2346 docentur
267 2322 329 2346 infra
351 2322 377 2347 d.
400 2321 441 2347 49.
464 2329 489 2353 p.
510 2322 541 2354 ll,
561 2330 628 2355 quae
648 2329 661 2346 a
682 2322 801 2354 pluribus
826 2322 965 2347 Lombardi

17 2365 260 2390 commentatoribus
279 2366 303 2390 in
324 2366 372 2391 hac
393 2366 449 2390 dist.
471 2367 494 2393 (a
514 2366 538 2391 S.
555 2366 646 2391 Tbom.
662 2373 686 2399 q.
702 2365 739 2398 2.)
760 2369 907 2397 tractantur,
922 2365 966 2390 ubi

17 2409 90 2433 etiam
104 2409 166 2434 haee
181 2409 205 2434 t.
221 2410 337 2441 quaestio
351 2411 448 2441 passim
467 2410 595 2441 tangitur,
611 2410 657 2434 sed
672 2417 685 2434 a
706 2411 730 2434 S.
751 2410 851 2434 Thomu
872 2410 967 2441 praeci-

17 2458 67 2482 pue
79 2452 120 2477 hic
132 2459 157 2484 q.
173 2453 196 2477 sl.
210 2460 231 2477 a.
247 2453 272 2478 3.
293 2453 452 2485 quaestiunc.
468 2453 527 2484 1-4,
548 2460 560 2477 3
581 2453 672 2484 Scoto,
693 2453 733 2477 bio
752 2460 775 2485 q.
792 2454 814 2478 l1.
830 2460 853 2477 n.
870 2453 909 2478 15.
926 2453 967 2477 16.

17 2495 162 2527 Speeialiter
174 2496 207 2521 de
220 2496 311 2521 eadem
326 2497 476 2529 quaestione
490 2501 587 2528 agunt:
608 2497 634 2521 B.
654 2497 763 2528 Albert.‚
779 2497 820 2522 nic
833 2504 855 2521 a.
881 2497 917 2521 12.
931 2510 967 2515 -

17 2538 78 2564 Petr.
98 2547 113 2565 a
133 2540 206 2572 Tan,
221 2541 262 2565 hic
275 2548 299 2573 q.
325 2541 344 2565 l.
364 2548 388 2565 a.
410 2540 433 2565 4.
454 2541 614 2573 quaestione.
640 2541 705 2565 1.—
720 2540 838 2565 {uenat-d.
853 2547 867 2565 a
882 2540 964 2572 Med„

18 2583 56 2608 hic
74 2591 96 2609 a.
118 2585 139 2609 i.
160 2592 184 2617 q.
205 2585 231 2609 6.
250 2598 284 2602 ——
303 2584 433 2617 Durand.,
455 2584 487 2609 de
508 2585 555 2609 hac
574 2587 598 2609 et
618 2591 671 2616 seq.
693 2588 790 2616 quaest.
813 2585 852 2608 liic
872 2591 896 2616 q.
918 2584 941 2608 3.

84 2628 109 2652 11.
130 2628 311 2660 Quaestionem
332 2629 355 2653 2.
376 2629 448 2653 aliter
474 2629 551 2654 solvit
575 2635 634 2653 cum
661 2628 687 2652 Β.
713 2627 816 2653 Alberto
845 2628 870 2653 S.
900 2628 965 2652 'l'bo-

17 2677 71 2697 mas
89 2671 140 2704 (hic
160 2679 184 2705 q.
206 2673 229 2698 3.
249 2680 271 2697 a.
294 2673 316 2697 4.
337 2673 496 2705 quaestiunc.
520 2673 550 2704 t;
577 2672 666 2703 Suppl.
687 2680 712 2705 q.
733 2673 773 2697 86.
794 2680 816 2697 a.
838 2672 881 2704 vl.).
902 2672 964 2696 Nam

17 2716 97 2746 prima
116 2717 252 2749 opinione,
271 2723 351 2749 quam
371 2717 487 2749 sequitur
516 2717 540 2741 S.
571 2717 678 2747 Bonav.,
698 2715 858 2747 improbata,
880 2722 965 2746 prose-

1032 2279 1134 2310 quitur:
1159 2287 1169 2300 α
1185 2278 1230 2303 Alii
1259 2278 1435 2304 rationabilius
1461 2279 1562 2311 dicunt,
1583 2279 1654 2312 quod
1674 2283 1778 2312 auctor,
1801 2282 1845 2313 qui
1866 2284 1984 2306 naturam

1031 2322 1159 2354 condidit,
1182 2323 1205 2346 in
1226 2324 1413 2348 resurrectione
1427 2326 1545 2348 naturam
1559 2325 1676 2355 corporis
1695 2325 1795 2356 integre
1815 2325 1947 2356 reparabit
1961 2334 1984 2357 »;

1030 2369 1054 2391 et
1073 2367 1122 2390 hoc
1142 2366 1216 2391 docet
1236 2373 1285 2390 non
1307 2370 1404 2391 tantum
1425 2367 1511 2399 quoad
1531 2367 1731 2400 deformitatem,
1746 2376 1812 2400 quae
1832 2376 1862 2394 ex
1883 2369 1984 2395 defectu

1029 2409 1069 2434 vel
1090 2410 1248 2434 mutilatione
1268 2411 1374 2435 alicuius
1393 2411 1504 2436 membri
1524 2412 1640 2443 resultat,
1661 2412 1707 2437 sed
1726 2413 1802 2437 etiam
1821 2413 1854 2438 de
1873 2420 1901 2437 ea
1917 2420 1984 2445 quae

1029 2454 1110 2478 oritur
1133 2462 1144 2475 <t
1158 2460 1188 2478 ex
1207 2453 1320 2479 indebita
1339 2456 1451 2485 partium
1465 2455 1644 2487 dispositione,
1661 2456 1701 2481 vel
1715 2456 1829 2482 indebita
1843 2459 1983 2489 quantitate

1030 2497 1069 2521 vel
1090 2497 1209 2529 qualitate
1235 2498 1275 2522 vel
1297 2498 1344 2523 situ
1360 2507 1371 2520 n
1395 2501 1442 2524 etc.
1463 2499 1517 2524 l-loe
1536 2502 1621 2524 tamen
1640 2506 1690 2525 non
1720 2501 1836 2532 intelligit
1862 2501 1893 2526 de
1913 2501 1985 2527 defe-

1029 2541 1127 2573 ctibus,
1154 2550 1164 2563 a
1178 2542 1221 2573 qui
1242 2548 1271 2566 cx
1292 2541 1451 2567 naturalibus
1470 2543 1603 2574 principiis
1617 2544 1641 2568 in
1655 2544 1770 2569 humano
1790 2551 1899 2576 corpore
1913 2548 1983 2570 natu-

1028 2584 1114 2609 raliter
1133 2588 1364 2617 consequuntur».
1385 2585 1498 2611 Durand.
1525 2590 1550 2611 et
1573 2587 1655 2612 Estius
1681 2587 1734 2619 (nic
1758 2588 1773 2620 3
1799 2589 1848 2621 ΙΟ.)
1878 2595 1982 2614 consen-

1030 2628 1095 2652 tiunt
1114 2628 1319 2653 Bonaventurae.

1101 2672 1136 2696 De
1157 2673 1180 2697 2.
1202 2673 1351 2704 quaestione
1371 2677 1474 2704 praeter
1487 2674 1527 2699 cit.
1538 2681 1544 2698 ε
1557 2674 1583 2698 Β.
1598 2674 1708 2707 ΑΙΙ)Ρι“ῑ.,
1723 2676 1763 2700 hic
1776 2682 1798 2700 a.
1813 2676 1854 2700 33.
1870 2690 1903 2693 —
1918 2677 1981 2701 Petr.

1029 2723 1043 2740 a
1063 2716 1137 2746 Tan,
1158 2717 1205 2741 loc.
1226 2717 1266 2741 cit.
1287 2718 1446 2748 quaestiunc.
1462 2718 1484 2742 2.
1500 2732 1534 2735 —
1546 2718 1666 2743 Richard.
1682 2726 1694 2743 a
1710 2719 1788 2750 Med,
1805 2719 1852 2744 loe.
1865 2721 1906 2744 cit.
1919 2726 1941 2744 a.
1956 2720 1981 2745 6.

878 2818 1061 2859 QUAESTtO
1085 2818 1116 2849 lt.

436 2903 554 2934 Utrum
578 2901 804 2944 deformitates
827 2906 1007 2943 resumant
1031 2902 1066 2933 irt
1090 2902 1285 2943 corporibus
1309 2903 1557 2934 (tctmnatorum.

102 2999 243 3032 Secundo
257 3001 430 3042 quaeritur,
444 3004 552 3032 utrum
567 3000 781 3032 deformitates
796 3003 962 3040 resurgant

5 3049 47 3092 ⁴in
70 3053 253 3094 corporibus
278 3054 508 3086 damnatorum.
535 3054 569 3085 Et
593 3053 677 3095 quod
702 3053 759 3091 sic,
785 3052 927 3084 videtur:

1119 3001 1145 3031 t.
1172 3000 1227 3031 Per
1253 3001 1459 3041 augustinum
1486 3001 1515 3032 in
1541 3001 1760 3033 Eucliiridio⁴z
1792 3002 1910 3034 «Nulla
1928 3003 2138 3039 (lc-Fundamenta.

1027 3052 1078 3084 bet
1101 3060 1170 3084 esse
1194 3053 1334 3093 quaestio
1359 3053 1397 3085 de
1421 3053 1648 3095 pulcritudine,
1673 3055 1726 3086 ubi
1752 3059 1799 3087 est
1822 3056 1977 3088 certitudo

85 3199 92 3215 ¹
113 3200 174 3227 Cod.
194 3209 224 3227 aa
243 3202 390 3234 subiungit:
410 3202 479 3229 siout
506 3202 615 3228 oculum
644 3201 739 3227 habere
763 3201 790 3227 in
815 3200 917 3234 fronte,
939 3203 964 3227 et

19 3241 174 3271 huiusmodi.

84 3288 95 3304 ²
112 3288 174 3314 Cod.
193 3297 223 3315 aa
244 3292 423 3323 prosequitur:
444 3292 474 3316 ut
492 3297 526 3317 ez
551 3290 599 3316 illa
627 3289 741 3315 materia
769 3288 962 3322 superfluitatis

20 3331 115 3363 cetera,
136 3339 203 3366 quae
222 3333 349 3367 reparari
366 3333 498 3367 indigent,
521 3335 697 3366 reparentur,
714 3333 751 3358 ita
771 3337 818 3359 etc.
835 3333 960 3364 Superius

19 3379 64 3404 pro
82 3378 222 3410 resurgent
240 3379 403 3403 communior
422 3378 495 3403 lectio
515 3377 590 3403 codd.
611 3378 766 3411 resurgunt.

1098 3201 1108 3217 ³
1127 3201 1176 3227 Cfr.
1188 3202 1225 3227 ΙΙΙ.
1238 3203 1305 3227 Sent.
1317 3198 1397 3227 d.'3t.
1412 3209 1434 3227 a.
1450 3203 1473 3227 2.
1488 3210 1512 3234 q.
1532 3203 1550 3227 1.
1562 3206 1586 3228 et
1599 3210 1621 3228 a.
1633 3204 1656 3228 3.
1668 3211 1692 3236 q.
1711 3205 1728 3228 t.
1744 3218 1776 3221 —
1791 3204 1916 3235 Superius
1929 3212 1977 3236 pro

1026 3246 1144 3270 meretur
1164 3245 1219 3270 Vat.
1241 3245 1280 3270 bis
1298 3252 1453 3278 meremur;
1473 3249 1575 3271 econtra
1596 3247 1654 3272 cod.
1679 3247 1696 3271 Z
1716 3247 1756 3273 bis
1784 3249 1978 3274 remuneratur

1027 3296 1074 3320 pro
1093 3296 1310 3315 remuneramur.
1328 3290 1442 3315 Vocibus
1455 3289 1511 3316 eius
1529 3290 1715 3324 perfectionem
1735 3291 1793 3317 cod.
1810 3292 1827 3316 F
1846 3293 1972 3318 interserit

1004 3329 1008 3335 '
1026 3332 1224 3365 completionem
1243 3334 1274 3358 et.
1296 3334 1319 3358 ln
1342 3333 1391 3358 fine
1411 3334 1485 3359 solut.
1506 3341 1552 3365 pro
1572 3334 1674 3360 resumi
1692 3335 1768 3360 codd.
1791 3335 1810 3359 R
1824 3336 1840 3360 S
1859 3335 1972 3362 restitui.

1098 3376 1107 3392 ⁴
1126 3376 1187 3408 Cap.
1208 3378 1249 3402 92.
1271 3384 1293 3401 n.
1315 3377 1356 3402 23.
1380 3377 1463 3402 Verba
1484 3378 1544 3403 v1de
1565 3379 1605 3404 liic
1625 3379 1649 3403 in
1669 3378 1703 3403 lit.
1724 3379 1851 3411 Magistri,
1874 3386 1896 3405 c.
1917 3379 1940 3405 4.
