2483 3882
74 314 150 345 enim
174 312 260 342 turba
292 314 360 350 post
391 311 484 341 filium
508 311 631 346 viduae,
655 310 736 340 flevit
767 311 883 341 Martha
915 314 944 341 et
966 311 1024 341 Ma-

73 363 116 393 ria
147 360 352 399 supplicantes
383 368 439 398 pro
473 359 577 394 fratre,
609 359 700 389 flebat
725 362 754 389 et
782 359 869 389 turba
896 359 1020 389 Mariam

73 413 181 441 secuta.
205 409 235 438 In
258 416 318 446 qno
341 408 502 444 doeemur,
524 407 646 445 publice
662 407 859 445 peccantibus
875 416 932 437 non
955 416 1020 446 pro-

0 472 61 501 finus.
73 459 185 498 prium,
214 456 266 486 sed
298 456 452 486 Ecclesiae
478 455 617 485 sufficere
645 456 831 485 meritum».
859 468 870 481 «
892 455 1021 485 Laboret

72 507 161 546 igitur
181 505 337 543 poenitens
360 504 389 534 in
412 504 545 534 Ecclesia
562 512 628 533 esse
644 504 725 533 etad
749 504 903 534 Ecclesiae
925 504 1022 533 unita—

74 560 130 586 tem
152 553 282 584 tendere.
304 553 366 582 Nisi
383 552 461 582 enim
485 552 584 582 unitas
600 552 753 582 Ecclesiae
775 556 948 588 succurrat,
966 553 1021 582 nisi

73 602 150 643 quod
174 602 258 631 deest
279 601 432 639 peccatori
455 609 509 630 sua
531 600 666 630 oratione
688 600 851 638 compleat;
868 600 905 630 de
927 600 1022 630 mani-

72 653 127 683 bus
142 650 255 681 inimici
278 658 335 679 non
351 649 497 687 eripietur
518 649 616 679 anima
633 649 751 678 mortni
769 648 958 678 Credendum
975 651 1019 677 est

73 700 159 737 enim,
174 698 255 738 quod
270 706 373 727 omnes
389 697 539 727 orati0ncs
551 700 580 727 et
595 697 805 736 eleemosynae
821 697 976 726 Ecclesiae
993 700 1021 726 ct

73 756 162 788 opera
193 747 323 777 iustitiae
356 749 382 776 et
415 745 641 775 misericordiae
671 749 851 775 succurrant
880 753 1022 782 recogno-

74 796 164 828 scenti
187 799 312 825 mortem
334 802 419 824 suam
450 794 487 824 ad
509 794 746 823 conversionem.
776 794 907 832 Ideoque
930 802 1016 823 nemo

73 846 158 884 digne
179 844 333 883 poenitere
354 846 468 882 potest,
491 851 581 881 quem
604 851 662 872 non
678 843 824 889 sustineat
845 843 944 872 unitas
966 843 1022 872 Ec-

72 893 193 927 clesiae;
217 892 346 930 ideoque
368 899 426 920 non
442 894 526 929 petatv
545 890 719 920 sacerdotes
733 898 788 928 per
810 890 943 928 aliquam
960 890 1022 919 cul-

71 950 138 982 pam
160 941 197 971 ab
213 941 327 970 unitate
348 940 502 969 Ecclesiae
518 939 631 969 divisos
644 951 671 969 12.
684 955 723 961 —
735 939 778 969 Ex
795 939 842 968 his
864 939 937 969 satis
952 947 1022 978 ape-

69 991 143 1021 ritur
169 993 198 1019 et
228 988 395 1019 absolvitur
427 988 611 1026 praemissae
644 987 830 1026 quaestionis
862 987 1017 1017 articulus.

8 1052 25 1067 m
38 1045 56 1066 3.
69 1037 261 1075 Quaerendus
276 1040 320 1067 est
343 1037 421 1066 enlm
438 1036 580 1066 sacerdos
601 1037 723 1074 sapiens
739 1039 768 1066 et
788 1036 952 1071 discretus,
967 1036 1019 1074 qui

70 1095 136 1118 eum
158 1089 306 1125 potestate
327 1085 415 1115 simul
436 1085 546 1115 habeat
570 1085 733 1121 iudicium,
756 1085 807 1123 qui
830 1085 855 1114 si
871 1084 946 1114 forte
969 1084 1021 1114 de-

70 1185 181 1215 sionem
203 1183 365 1213 venialium
388 1186 417 1212 et
438 1182 609 1212 mortalium
637 1182 792 1220 distinguit
814 1189 906 1220 super
935 1181 1019 1211 illum

69 1233 182 1264 locum:
199 1230 394 1271 Confitemz'm'
407 1231 590 1261 alterutrum
602 1235 724 1270 peccata
738 1234 845 1260 vestm.
858 1230 909 1260 Ait
925 1230 1020 1260 enim:

75 1280 319 1319 «Coaequalibus
343 1279 518 1318 quotidiana
542 1283 570 1309 et
591 1279 684 1315 levia,
706 1279 845 1316 graviora
874 1287 946 1308 vero
977 1286 1020 1308 sa-

69 1329 180 1360 cerdoti
197 1329 364 1367 pandamus
380 1332 425 1363 et,
440 1332 553 1366 quanto
577 1328 696 1358 iusserit
719 1331 871 1366 tempore,
887 1335 1019 1366 purgare

69 1386 222 1413 curemus,
245 1377 315 1416 quia
345 1377 409 1406 sine
439 1377 626 1406 consessione
648 1376 866 1406 emendationis
888 1379 1017 1414 peccata

18 1429 218 1466 tta-nequeunt
239 1426 346 1455 dimitti
364 1438 390 1456 ».
413 1425 471 1456 Sed
494 1429 523 1455 et
543 1426 683 1464 graviora
705 1425 923 1463 coaequalibus
945 1433 1020 1463 pan-

7 1474 12 1480 '
68 1476 162 1506 denda
184 1478 270 1511 sunt,
291 1483 361 1504 cum
383 1474 467 1504 deest
489 1474 647 1509 sacerdos,
672 1477 700 1504 et
730 1478 816 1511 urget
837 1473 1016 1512 periculum.

68 1524 200 1555 Venialia
222 1532 307 1560 vero,
324 1523 414 1553 etiam
435 1523 602 1553 sacerdotis
624 1523 724 1552 oblata
740 1523 843 1561 copia,
858 1522 929 1552 lieet.
952 1531 1019 1552 con-

68 1573 142 1603 fiteri
171 1571 346 1610 coaequali,
375 1575 403 1601 et
425 1571 552 1607 sufficit⁷
581 1575 613 1601 ut
641 1571 825 1610 quibusdam
848 1571 964 1610 ptaeet,
993 1571 1017 1601 si

69 1625 164 1652 tamen
187 1629 224 1650 ex
246 1623 421 1659 contemptu
443 1629 500 1650 non
517 1621 775 1658 praetermittatur
797 1619 948 1650 sacerdos.
966 1620 1020 1649 Tu-

69 1670 125 1700 tius
154 1673 253 1699 tamen
285 1672 329 1698 est
355 1672 384 1698 et
415 1668 578 1707 perfectius
612 1669 770 1707 utriusque
802 1669 919 1706 generis
952 1677 1020 1707 pec-

69 1722 132 1749 cata
153 1718 362 1748 sacerdotibus
390 1717 523 1756 pandere
553 1720 581 1747 et
603 1717 762 1747 consillum
787 1717 954 1747 medicinae
980 1717 1018 1747 ab

69 1768 110 1798 eis
131 1775 292 1807 quaerere,
324 1766 436 1805 qulbus
458 1774 602 1796 concessa
624 1770 669 1796 est
691 1769 824 1805 potestas
848 1765 962 1804 ligandi
990 1769 1020 1796 et

69 1816 209 1847 solvendi.

479 1913 547 1943 CAP.
570 1914 604 1943 V.

316 2010 368 2041 Ad
389 2010 465 2051 quid
485 2010 585 2040 valeat
611 2010 764 2050 confessio.

145 2109 216 2140 Cum
244 2109 334 2147 igitur
366 2116 404 2138 ex
435 2107 482 2137 his
505 2107 633 2146 aliisque
664 2107 803 2146 pluribus
838 2108 1017 2139 testimoniis

66 2158 259 2196 perspicuum
284 2157 334 2187 fiat
356 2160 385 2187 et
406 2156 646 2186 Indubitabiliter
660 2160 791 2193 constet,
814 2161 940 2195 peccata
956 2158 1018 2195 pri-

68 2214 146 2236 mum
168 2207 245 2242 Deo,
268 2206 377 2236 deinde
399 2205 548 2235 sacerdoti
566 2213 631 2235 esse
653 2205 838 2241 confitenda,
861 2210 889 2235 et
910 2207 935 2235 si
952 2206 1017 2244 ipse

0 2257 56 2276 antur
69 2255 207 2291 defuerit,
231 2255 321 2285 etiam
352 2254 452 2290 socio;
476 2253 549 2284 illud
579 2254 696 2284 Ioannis
732 2254 938 2293 Chrysostomi
971 2263 1018 2285 su-

0 2284 188 2342 ιΜ”ρει-ἰιιεῖ
210 2304 342 2342 positum
375 2311 434 2333 non
463 2306 507 2332 est
530 2303 570 2332 ita
600 2302 844 2340 intelligendum,
866 2307 898 2333 ut
927 2303 1017 2334 liceat

69 2351 170 2388 alicui,
192 2353 217 2382 si
240 2355 357 2391 tempus
379 2351 505 2387 habeat,
528 2351 677 2381 sacerdoti
701 2360 759 2381 non
783 2352 936 2387 comitet-13
964 2352 1016 2382 sed

68 2400 135 2439 quia
156 2400 281 2436 sufficit,
305 2400 356 2431 ubi
380 2400 494 2430 crimen
527 2400 679 2430 occultum
703 2403 763 2436 est,
793 2400 848 2430 soli
871 2401 932 2430 Deo
963 2410 1018 2439 per

68 2448 249 2479 sacerdotem
271 2449 373 2479 dicere
395 2452 424 2478 et
445 2449 555 2485 semel,
577 2457 632 2478 nec
655 2452 773 2487 oportet
795 2449 945 2487 publicari
968 2459 1016 2480 co-

67 2504 129 2526 ram
148 2497 249 2527 multis
275 2498 356 2536 quod
379 2497 532 2527 occultum
563 2501 622 2534 est;
645 2497 726 2536 quod
755 2498 869 2528 notavit
891 2497 1014 2528 dicens:

74 2556 86 2570 α
99 2544 161 2575 Νοι]
178 2545 228 2575 tibi
245 2546 312 2575 dico
324 2569 331 2581 ,
348 2549 381 2576 ut
397 2549 425 2575 te
441 2545 552 2583 prodas
575 2546 603 2574 in
620 2545 777 2583 publicum
794 2558 821 2575 u.
838 2545 922 2575 Sicut
937 2547 1016 2576 enim

68 2593 186 2631 publiea
208 2603 285 2625 noxa
300 2594 423 2633 publi00
439 2597 506 2632 eget
526 2593 679 2629 remedio,
702 2594 741 2623 ita
758 2594 877 2624 occulta
899 2599 1016 2625 secreta

69 2642 249 2673 confessione
271 2647 300 2673 et
322 2642 440 2673 occulta
469 2642 673 2672 satisfactione
706 2647 861 2680 purgatur.
884 2643 946 2673 Nec
970 2652 1017 2674 ne-

0 2695 23 2711 ¹¹²¹
37 2690 56 2712 t.
70 2699 151 2721 cesse
172 2695 231 2727 est,
252 2695 285 2722 ut
306 2692 387 2730 quod
410 2691 560 2721 sacerdoti
584 2691 675 2721 semel
699 2691 825 2721 confessi
845 2700 951 2722 sumus
967 2693 1018 2722 ite-

69 2748 132 2769 rum
154 2741 361 2777 confiteamur,
384 2740 436 2770 sed
453 2740 554 2777 lingua
576 2739 697 2777 cordiS,
720 2748 777 2769 non
795 2740 911 2776 carnis,
933 2741 1015 2779 apud

69 2795 170 2817 verum
186 2788 316 2818 iudicem
332 2788 361 2817 id
384 2787 493 2824 iugiter
508 2788 644 2817 confiteri
660 2787 815 2817 debemus.
834 2788 919 2817 Unde
936 2788 1015 2818 idem

0 2834 211 2866 msto-Ioanne&
234 2837 287 2866 ait:
309 2850 321 2863 «ι
335 2836 422 2867 Nunc
446 2840 563 2873 autem,
579 2837 601 2866 si
627 2836 796 2866 recorderis
819 2840 1013 2875 peccatorum

0 2867 24 2882 ⁰⁵¹
70 2886 185 2914 tuorum
209 2889 237 2915 et
258 2886 430 2924 frequenter
451 2893 485 2914 ea
509 2885 537 2914 in
565 2888 731 2923 conspectu
758 2885 811 2915 Dei
838 2885 1015 2923 pronunties

138 3243 146 3259 ¹
166 3244 192 3269 ln
211 3245 258 3271 lae.
279 3247 302 3278 5,
325 3247 370 3278 16,
391 3249 415 3272 et
434 3247 458 3271 in
479 3247 567 3272 Glossa
586 3246 703 3272 interlin.
724 3247 757 3272 ad
777 3247 854 3272 eund.
874 3247 969 3273 locum.

138 3287 148 3303 2
168 3287 228 3319 Cap.
249 3290 273 3322 2,
294 3290 338 3315 ubi
358 3291 435 3315 etiam
456 3298 528 3323 seqq.
550 3291 605 3315 loci.

137 3330 148 3347 ³
167 3332 258 3358 Homit.
280 3334 321 3358 31.
341 3335 366 3358 in
386 3334 463 3365 Epist.
484 3334 516 3359 ad
537 3334 613 3359 Hebr.
634 3341 659 3359 n.
680 3334 708 3366 4;
729 3333 755 3360 C.
773 3333 836 3365 Quis
849 3334 1014 3369 aliquando,

69 3379 148 3405 supra
168 3376 208 3400 cit.
227 3376 242 3408 ‘5
263 3378 285 3401 1.

209 3428 236 3454 S.
256 3429 355 3456 Bonav.
376 3445 411 3448 —
430 3431 505 3456 Tom.
526 3431 567 3456 IV.

899 223 1109 256 DISTINCTIO
1134 224 1219 257 XVII.

6 1141 57 1163 3eda·
71 1135 171 1170 suerit,
187 1135 321 1164 confiteri
338 1134 427 1163 debet
442 1134 534 1163 socio.
546 1150 586 1155 —
597 1133 677 1163 Beda
689 1133 698 1148 ¹
716 1141 786 1163 vero
810 1133 886 1163 inter
908 1133 1026 1162 confes-'

1976 229 2040 260 417

1088 314 1116 341 et
1138 320 1193 350 pro
1216 311 1259 341 eis
1281 312 1469 350 depreceris,
1492 312 1581 342 citius
1605 313 1653 343 illa
1675 313 1797 344 delebis.
1822 315 1851 345 Si
1876 324 1946 346 vero
1968 317 2040 347 obli-

1087 359 1229 395 viscaris,
1254 363 1323 390 tunc
1346 369 1449 390 eorum
1473 361 1684 392 recordaberis
1708 363 1827 400 nolens,
1849 365 1970 403 quando
1986 374 2041 404 pu-

1087 407 1281 438 blicabuntur
1303 412 1332 438 et
1354 409 1382 438 in
1405 413 1570 448 conspectu
1593 411 1724 441 omnium
1748 413 1915 442 amicorum
1938 418 1967 443 et
1990 415 2043 444 ini-

1087 456 1233 486 mieorum
1254 461 1489 496 sanctorumque
1504 459 1685 496 Angelorum
1707 460 2041 498 proferentur».—Ita

1088 504 1177 533 etiam
1194 504 1266 534 illud
1282 505 1447 535 Ambrosii:
1467 519 1478 532 «
1490 507 1657 546 Lacrymac
1674 507 1774 538 lavant
1788 509 1941 546 delictum,
1957 511 2039 549 quod

1088 560 1161 581 voce
1183 552 1282 590 pudor
1304 557 1348 583 cst
1370 554 1549 592 confiteri»,
1571 556 1608 585 ad
1639 556 1792 594 publicam
1823 559 2037 596 poenitentiam

1086 600 1276 630 referendum
1299 605 1349 631 est.
1376 602 1417 632 Ibi
1441 604 1518 632 enim
1543 605 1682 634 virtutem
1700 605 1904 645 lacrymarum
1928 611 1956 637 et
1971 617 2039 638 con-

1086 648 1223 678 fessionis
1245 650 1422 688 ostendens,
1445 652 1614 689 significare
1644 653 1755 690 voluit,
1781 655 1861 693 quod
1887 656 2039 695 lacrymae

1087 697 1224 727 occultae
1246 701 1274 726 ct
1296 698 1443 729 confessio
1466 704 1596 736 secreta⁷
1618 701 1696 731 sicut
1718 711 1796 741 quae
1818 704 1850 733 fit
1865 704 1919 734 soli
1944 713 2041 735 sacer-

1087 744 1165 781 doti,
1180 745 1282 775 lavant
1296 746 1456 785 delictum,
1472 749 1553 786 quod
1571 749 1664 787 pudet
1684 750 1815 789 aliquem
1833 752 1955 790 publice
1970 762 2040 783 con-

1086 793 1172 823 fiteri.
1195 792 1279 828 Quod
1303 803 1374 824 vero
1397 796 1486 831 dIcit,
1509 805 1540 826 se
1562 797 1714 836 lacrymas
1733 799 1811 829 Petri
1836 800 1958 839 legisse,
1981 811 2039 832 non

1086 842 1303 872 confessionem
1327 843 1372 873 vel
1395 844 1644 882 satisfactionem;
1667 856 1721 885 per
1744 849 1801 878 boc
1822 858 1880 878 non
1904 850 2039 880 excludit

1087 889 1143 918 illa.
1169 890 1258 920 Multa
1282 891 1361 920 enim
1384 892 1561 928 factasunt,
1578 903 1656 932 quae
1678 897 1790 934 scripta
1811 906 1869 927 non
1892 902 1976 934 sunt,
1993 899 2040 929 vel

1086 937 1161 967 forte
1184 938 1316 968 nondum
1345 940 1423 970 facta
1446 945 1510 971 erat
1539 942 1685 973 institutio
1711 946 1907 976 confessionis
1919 947 1939 983 ⁴,
1961 956 2040 986 quae

1066 986 1175 1016 ‘modo
1191 990 1242 1017 cst.
1254 1004 1294 1009 —
1306 987 1449 1019 Similiter
1471 993 1500 1019 et
1523 990 1595 1020 illud
1612 991 1767 1030 Prosperi:
1791 994 1844 1024 «Si
1862 995 1907 1024 sui
1924 995 2040 1026 indices

1086 1036 1172 1071 siant,
1187 1036 1347 1067 mutabunt
1368 1041 1489 1068 aeterna
1505 1039 1657 1077 supplicia
1674 1051 1704 1076 »;
1727 1045 1756 1071 et
1772 1042 1861 1072 illud:
1883 1045 2040 1075 «Facilius

1086 1085 1179 1115 Deum
1213 1085 1377 1124 placabunt
1399 1087 1456 1116 sibi
1479 1088 1530 1126 qui
1562 1092 1613 1118 aut
1640 1090 1771 1128 propriis
1801 1092 2039 1124 confessionibus

1085 1134 1199 1164 crimen
1216 1135 1360 1172 produnt,
1376 1139 1428 1166 aut
1444 1137 1647 1167 nescientibus
1664 1138 1743 1175 aliis,
1760 1140 1788 1169 in
1806 1148 1838 1169 se
1858 1142 2037 1172 sententiam

1085 1184 1408 1214 excommunicationis
1423 1185 1520 1215 ferunt
1536 1197 1566 1223 »3
1591 1186 1627 1216 ad
1646 1187 1798 1225 publicam
1822 1190 2039 1220 confessionem

1086 1235 1114 1261 et
1134 1232 1368 1263 satisfactionem
1392 1234 1495 1263 referri
1520 1238 1646 1273 oportet.
1670 1236 1733 1266 Non
1751 1237 1829 1266 enim
1852 1238 1923 1268 solis
1944 1247 2040 1269 sacer-

1085 1280 1206 1311 dotibus
1222 1281 1268 1311 ius
1290 1282 1402 1319 ligandi
1419 1286 1510 1322 atque
1533 1283 1667 1314 solvendi
1685 1284 1788 1315 datum
1805 1289 1863 1322 est,
1880 1287 1904 1316 si
1927 1287 2038 1326 cuique

1085 1339 1139 1360 suo
1163 1330 1288 1360 arbitrio
1311 1339 1342 1360 sc
1364 1339 1462 1369 poena
1486 1332 1531 1361 vel
1554 1334 1876 1364 exeonnnnnicationis
1891 1336 2038 1367 sententia

1084 1379 1179 1416 ligare
1202 1382 1230 1409 et
1253 1379 1369 1418 absque
1390 1380 1571 1410 sacerdotali
1596 1381 1708 1411 iudicio
1731 1391 1763 1412 se
1785 1383 1884 1421 ipsum
1908 1384 1968 1414 Deo
1992 1385 2039 1414 vel

1085 1427 1172 1457 altari
1196 1428 1394 1458 reconciliare
1410 1428 1491 1466 licet;
1514 1430 1595 1467 quod
1613 1430 1837 1461 ecclesiasticae
1860 1433 2039 1463 institutioni

1085 1481 1113 1506 et
1135 1477 1345 1506 consuetudini
1369 1478 1489 1515 penitus
1513 1482 1667 1516 repugnat.
1696 1480 1797 1509 Potius
1821 1481 1920 1519 igitur,
1941 1482 1965 1511 si
1989 1491 2041 1520 pu-

1084 1525 1163 1555 blice
1185 1525 1333 1563 peccasti,
1356 1526 1477 1564 publice
1506 1527 1650 1557 confitere
1673 1531 1699 1557 te
1722 1537 1809 1558 reum
1842 1533 1870 1559 et
1893 1530 2041 1567 emenda;

1084 1575 1109 1605 si
1132 1583 1202 1604 vero
1232 1575 1351 1605 occulte
1373 1575 1543 1613 deliquisti,
1573 1576 1663 1607 etiam
1686 1577 1730 1606 sic
1754 1586 1811 1607 non
1836 1582 1954 1614 taceas;
1985 1588 2041 1610 nec

1086 1627 1183 1653 tamen
1206 1623 1289 1660 dico,
1321 1627 1354 1653 ut
1383 1623 1528 1662 publices.
1558 1625 1787 1656 «Taciturnitas
1819 1627 1898 1656 enim
1921 1629 2038 1666 peccati

1085 1680 1122 1701 ex
1137 1671 1281 1710 superbla
1303 1672 1438 1701 nascitur
1454 1672 1563 1702 cordis.
1588 1673 1656 1702 Ideo
1673 1674 1751 1703 enim
1774 1678 1933 1712 peccatum
1951 1685 2038 1707 snum

1085 1719 1152 1758 quis
1175 1720 1267 1756 celat,
1291 1728 1326 1749 ne
1355 1723 1513 1758 reputetur
1535 1721 1623 1756 foris,
1650 1722 1769 1760 qualem
1792 1731 1824 1752 se
1854 1723 1912 1753 iam
1936 1724 2038 1755 divino

1084 1769 1259 1806 conspectui
1284 1768 1435 1803 exhibuit;
1457 1769 1538 1807 quod
1555 1777 1592 1799 ex
1616 1770 1694 1799 fonte
1710 1771 1871 1809 superbiae
1894 1774 2037 1803 nascitur.

1085 1816 1207 1855 Species
1229 1817 1308 1846 enim
1331 1817 1493 1855 superbiae
1516 1822 1560 1848 est
1582 1827 1613 1848 se
1629 1819 1705 1849 velle
1729 1820 1839 1850 iustum
1861 1821 1970 1858 videri,
1987 1823 2039 1862 qui

1083 1869 1227 1903 peccator
1243 1869 1304 1901 est,
1326 1869 1417 1904 atque
1433 1866 1593 1905 hypocrita
1610 1868 1801 1898 convincitur
1824 1870 1875 1908 qui
1892 1870 1930 1900 ad
1946 1871 2039 1901 instar

1083 1914 1251 1952 primorum
1276 1918 1434 1952 parentum
1459 1915 1504 1945 vel
1521 1916 1768 1953 tergiversatione
1792 1918 1953 1948 verborum
1970 1928 2038 1958 pec-

1084 1966 1150 1993 cata
1173 1971 1227 1993 sna
1251 1963 1383 2001 levigare
1412 1964 1578 2001 contendit,
1603 1964 1648 1994 vel
1677 1965 1756 1995 sient
1778 1965 1848 1995 Cain
1879 1972 2038 2005 peccatum

1083 2019 1170 2041 suum
1194 2011 1348 2041 reticendo
1370 2013 1561 2050 supprimere
1578 2013 1705 2051 quaerit.
1728 2014 1784 2044 Ubi
1802 2023 1872 2044 vero
1895 2016 2038 2054 snperbia

1083 2063 1188 2099 regnat
1211 2060 1257 2090 vel
1272 2061 1458 2099 hypocrisis,
1481 2061 1636 2091 humilitas
1651 2061 1750 2092 locum
1775 2071 1832 2093 non
1854 2064 1957 2100 habet;
1974 2065 2038 2095 sine

1083 2108 1252 2138 hnmilitate
1276 2117 1347 2138 vero
1374 2109 1464 2139 alicui
1495 2110 1612 2140 veniam
1635 2118 1758 2148 sperare
1783 2120 1841 2140 non
1872 2112 1951 2143 licet.
1982 2113 2038 2143 Ubi

1083 2165 1154 2194 ergo
1177 2161 1221 2187 est
1244 2158 1433 2188 taciturnitas
1449 2159 1657 2194 confessionis,
1683 2167 1740 2189 non
1757 2164 1801 2189 est
1824 2161 1973 2198 speranda
1990 2170 2039 2192 ve-

1082 2206 1132 2236 nia
1166 2206 1324 2236 criminis⁵
1341 2220 1367 2236 ».
1389 2224 1429 2229 —
1450 2207 1511 2237 Iam
1543 2208 1710 2238 certissime
1742 2209 1853 2247 liquet,
1876 2218 1966 2248 quam
1999 2211 2036 2240 sit

1082 2254 1259 2285 detestabile
1281 2256 1398 2294 peccati
1421 2256 1587 2292 silentium,
1611 2260 1639 2286 et
1662 2265 1677 2286 e
1704 2265 1866 2293 converso,
1888 2267 1979 2297 quam
2002 2260 2040 2289 sit

1082 2304 1253 2334 necessaria
1285 2305 1442 2334 confessio.
1464 2305 1516 2334 Est
1538 2306 1617 2335 enim
1650 2306 1798 2336 consessio
1834 2308 2036 2338 testImonium

1083 2353 1286 2383 conscientiae
1309 2354 1402 2383 Deum
1432 2354 1570 2383 timentis.
1595 2354 1648 2389 Qui
1679 2355 1758 2384 enim
1783 2355 1866 2385 timet
1891 2356 2035 2387 iudicium

1081 2402 1147 2437 Del,
1171 2405 1331 2440 peccatum
1354 2410 1412 2432 non
1436 2402 1587 2432 erubescit
1609 2403 1756 2433 confiteri.
1774 2404 1927 2434 Perfectus
1951 2405 2039 2435 timor

1082 2450 1171 2480 solvit
1203 2458 1320 2480 omnem
1354 2451 1520 2489 pudorem,
1554 2451 1704 2481 confessio
1737 2452 1854 2490 peccati
1887 2453 2037 2491 pudorem

1082 2499 1186 2536 habet,
1209 2502 1237 2529 et
1259 2499 1324 2537 ipsa
1348 2499 1558 2529 erubescentia
1581 2503 1625 2529 est
1646 2501 1746 2538 gravis
1769 2509 1874 2538 poena.
1905 2501 2037 2540 Ideoque

1082 2547 1222 2576 iubemur
1244 2547 1379 2576 confiteri
1403 2551 1542 2585 peccata,
1565 2551 1597 2577 ut
1619 2548 1859 2578 erubescentiam
1884 2550 2036 2587 patiamur

1081 2603 1136 2633 pro
1160 2603 1276 2633 poena;
1298 2603 1367 2624 nam
1390 2595 1447 2624 hoc
1472 2596 1570 2633 ipsum
1594 2604 1663 2633 pars
1686 2600 1730 2625 est
1753 2596 1845 2626 divini
1870 2597 2038 2627 iudicii.—

1082 2643 1111 2673 Si
1145 2652 1215 2681 ergo
1247 2643 1417 2682 quaeritur,
1447 2643 1485 2673 ad
1512 2644 1584 2682 quid
1612 2645 1760 2675 confessio
1783 2645 1821 2674 sit
1852 2647 2037 2683 necessaria,

1082 2700 1151 2721 eum
1174 2691 1204 2720 in
1233 2692 1412 2721 contritione
1444 2692 1503 2721 iam
1537 2692 1668 2722 deletum
1692 2694 1730 2722 sit
1763 2698 1943 2731 peccatum3
1966 2695 2037 2725 dici-

1082 2748 1165 2775 mus,
1188 2740 1259 2779 quia
1282 2740 1431 2778 quaedam
1454 2741 1571 2779 punitio
1594 2742 1710 2779 peccati
1734 2746 1794 2779 est,
1818 2743 1896 2772 sicut
1924 2744 2037 2774 satisfa-

1082 2789 1141 2818 ctio
1165 2788 1273 2826 opcris,
1296 2789 1350 2818 Per
1365 2789 1584 2819 confessionem
1606 2790 1696 2819 etiam
1713 2791 1851 2828 intelligit
1873 2792 2035 2830 sacerdos,

1081 2837 1210 2876 qualiter
1233 2837 1341 2867 debeat
1363 2837 1499 2868 iudicare
1521 2838 1559 2868 de
1581 2839 1726 2877 crimine;
1750 2848 1804 2878 per
1826 2848 1891 2870 eam
1915 2849 2037 2880 quoque

1082 2890 1224 2924 peccator
1247 2886 1279 2915 fit
1301 2886 1444 2915 Immilior
1466 2890 1494 2916 et
1516 2887 1642 2916 cautior.

1154 3247 1164 3264 ⁴
1184 3249 1216 3273 lta
1236 3249 1311 3280 Ilugo
1331 3256 1344 3273 a
1366 3249 1390 3273 S.
1412 3249 1484 3279 Viet.,
1505 3249 1576 3273 Sum.
1597 3249 1665 3274 Sent.
1688 3253 1718 3275 tr.
1739 3250 1761 3274 6.
1783 3257 1804 3275 c.
1830 3251 1867 3276 lO.

1154 3292 1164 3309 ⁵
1184 3293 1304 3323 Gratiam,
1326 3299 1406 3323 super
1425 3292 1451 3317 C.
1468 3292 1533 3323 Quis
1553 3292 1712 3326 aliquando,
1735 3302 1813 3326 supra
1834 3296 1873 3321 eit.
1892 3295 1907 3328 Ξ
1927 3296 1969 3326 15,
1989 3296 2034 3321 ubi

1083 3337 1218 3367 respicitur
1238 3337 1299 3360 Gen.
1315 3336 1338 3367 3,
1358 3337 1400 3368 1ος
1417 3336 1439 3368 st,
1455 3338 1477 3361 9.
1490 3351 1523 3354 —
1534 3337 1568 3362 De
1582 3338 1703 3368 opinione
1722 3339 1834 3370 Magistri
1849 3339 1978 3372 obsoleta,
1994 3341 2035 3366 hie

1082 3381 1106 3404 in
1122 3380 1171 3404 fine
1185 3383 1209 3404 et
1222 3387 1243 3404 c.
1263 3380 1280 3404 l.
1296 3381 1319 3404 in
1334 3380 1384 3405 line
1399 3384 1472 3412 tacta,
1486 3382 1530 3406 cfr.
1543 3382 1637 3407 Bonav.
1649 3383 1713 3407 infra
1728 3383 1752 3408 d.
1772 3384 1808 3408 18.
1824 3391 1848 3415 p.
1864 3384 1879 3409 l.
1895 3392 1917 3409 a.
1933 3386 1955 3409 2.
1971 3392 1995 3417 q.
2014 3386 2034 3410 1.

1859 3436 1891 3461 53

2055 1629 2178 1651 Gratianus.

2052 2212 2160 2239 Epilogus.
