2483 3882
736 214 829 246 DlST.
854 214 915 247 XV.
940 214 969 246 P.
995 215 1026 246 11.
1051 215 1133 246 ART.
1158 215 1176 246 Ι.
1202 210 1355 256 QUAEST.
1380 215 1399 247 Ι.
1984 218 2041 250 361

428 407 921 463 COMMENTARIUS
959 409 1029 463 IN
1066 409 1560 464 DISTINOTIONEM
1597 411 1699 465 XV.

987 526 1077 557 PARS.
1103 526 1135 557 11.

241 622 482 672 Respondetur
510 622 699 660 rationibus
728 635 788 673 pro
818 623 989 673 praedicto
1019 636 1132 661 errore
1161 636 1201 661 ex
1230 624 1489 663 auctoritatibus
1520 626 1723 664 Sanctorum
1755 628 1888 665 sumtis.

690 729 785 761 Alias
810 739 934 772 quoquc
958 730 1172 762 ctzcccorz‘laces
1197 730 1359 762 inducunt
1382 735 1439 763 etc.

612 849 773 872 Tcx'rru
805 849 1000 872 MAGISTRI
1032 850 1125 871 mnu
1157 850 1287 872 SUPRA
1320 850 1409 873 PAG.
1443 842 1516 874 346.

907 951 1044 984 DIVISIO
1069 951 1223 984 TEXTUS.

169 1050 270 1091 Supra
305 1049 467 1090 respondit
503 1049 648 1091 Magister
681 1050 792 1082 rationi
830 1053 951 1082 sumtae
987 1059 1028 1082 ex
1096 1051 1211 1082 tionem
1224 1051 1353 1083 adducit
1370 1052 1572 1084 auctoritates
1586 1052 1764 1094 probantes,
1779 1054 1861 1095 quod
1876 1064 1936 1087 non
1952 1056 2049 1097 possit

83 1112 169 1136 sacra
192 1102 363 1144 Scriptura.
388 1102 418 1134 [n
457 1103 514 1135 bac
550 1107 639 1144 parte
664 1102 832 1144 respondet
858 1102 1031 1135 rationibus
1096 1103 1163 1136 sieri
1188 1104 1377 1145 poenitentia
1402 1105 1440 1137 de
1464 1114 1528 1136 uno
1552 1109 1696 1147 peccato,
1719 1106 1742 1138 si
1768 1107 1839 1148 quis
1863 1112 2046 1148 permaneat

81 1155 191 1189 sumtis
215 1164 255 1188 ex
283 1155 524 1188 auctoritatibus
552 1156 738 1188 Sanctorum
756 1159 785 1188 et
802 1156 1030 1188 consuetudine
1096 1156 1125 1187 in
1150 1156 1229 1196 alio,
1254 1157 1311 1189 ibi:
1337 1157 1428 1189 Satis
1452 1157 1517 1189 illis
1540 1157 1690 1190 arbitror
1714 1168 1781 1190 esse
1804 1168 2009 1200 responsum.

84 1208 242 1241 Ecclesiae.
266 1208 363 1240 Habet
386 1212 491 1240 autem
518 1209 594 1241 haec
614 1217 685 1250 pars
703 1213 849 1250 quatuor.
872 1208 903 1240 ln
928 1208 1031 1250 prima
1184 1210 1347 1250 Quaelibet
1382 1214 1487 1242 autem
1517 1211 1656 1252 partium
1692 1216 1797 1253 posset
1828 1213 1986 1245 subdividi
2019 1213 2048 1245 in

80 1261 165 1303 ponit
189 1261 342 1299 rationes,
366 1270 447 1303 quae
482 1261 630 1293 videntur
661 1261 763 1293 facere
799 1261 839 1293 ad
864 1261 959 1294 huius
984 1270 1031 1293 er·
1095 1262 1174 1294 duas
1199 1266 1313 1304 partes.
1339 1263 1415 1295 Nam
1442 1264 1472 1295 in
1496 1264 1599 1305 prima
1623 1265 1710 1306 ponit
1738 1265 1818 1297 duas
1842 1266 1988 1298 rationes.
2014 1267 2046 1298 ln

80 1314 159 1346 roris
183 1313 405 1346 defensionem.
438 1314 469 1345 ln
495 1314 634 1346 secunda
658 1322 734 1346 vero
758 1314 845 1355 ponit
870 1323 961 1346 veras
986 1323 1031 1346 re·
1095 1315 1233 1347 secunda
1257 1316 1344 1357 ponit
1378 1316 1458 1349 duas
1494 1318 1713 1359 responsiones
1737 1318 1776 1350 ad
1802 1319 1979 1360 praedictas
2003 1329 2050 1351 ra-

81 1367 274 1408 sponsiones‚
298 1366 356 1398 ibi:
382 1366 443 1398 His
467 1366 661 1408 responderi·
680 1370 784 1408 potest
807 1370 864 1399 etc.
883 1367 913 1398 ln
939 1367 1031 1399 tertia
1095 1368 1202 1400 tiones.
1230 1369 1260 1400 111
1286 1369 1377 1401 tertia
1403 1370 1505 1411 primo
1530 1371 1617 1412 ponit
1641 1371 1775 1403 aliorum
1802 1371 2048 1414 responsionem,

79 1420 234 1462 improbat
255 1420 379 1458 falsam,
397 1423 427 1452 et
452 1419 597 1461 quamvis
622 1419 835 1461 probabilem¹
858 1420 1031 1461 responsio·
1094 1420 1207 1453 deinde
1232 1422 1397 1463 improbat.
1424 1423 1454 1454 111
1480 1427 1593 1465 quarta
1617 1424 1720 1465 primo
1745 1425 1910 1456 confirmat
1939 1425 2050 1457 verita-

80 1472 228 1510 nem‚ibi:
245 1472 450 1513 Quibusdcmz
466 1477 573 1504 tamen
586 1472 717 1504 videtur
729 1471 917 1514 satisfactio
930 1474 1028 1506 etc.ln
1095 1477 1156 1505 tem
1182 1483 1238 1515 per
1266 1475 1485 1513 auctoritates,
1521 1476 1659 1508 secundo
1696 1477 1840 1519 epilogat.
1866 1478 1973 1510 Partes
1997 1487 2050 1510 au-

80 1529 189 1567 quarta
207 1526 246 1557 ad
266 1525 406 1558 veritatis
427 1525 696 1558 confirmationem
714 1530 744 1558 et
761 1526 878 1557 erroris
895 1526 1031 1558 confuta·
1095 1530 1155 1559 tem
1182 1527 1311 1559 cuilibet
1335 1527 1510 1569 inspicienti
1536 1533 1652 1570 patent.

809 1651 1018 1683 TRACTATiO
1048 1652 1320 1693 QUAESthNL'M.

163 1763 207 1795 Ad
243 1762 480 1804 intelligentiam
518 1763 614 1795 buius
650 1763 767 1805 partis,
803 1763 877 1804 quia
911 1763 1031 1805 supra²

78 1816 253 1858 quaesitum
278 1820 324 1849 est
348 1816 387 1849 de
405 1816 542 1858 potentia
559 1816 779 1855 satisfaciendi,
796 1817 962 1858 quaeritur
980 1817 1030 1849 bic
1184 1817 1286 1849 Primo
1310 1818 1491 1859 quaeritur,
1516 1819 1593 1860 quid
1619 1821 1657 1851 sit
1681 1820 1859 1853 satisfactio.

79 1870 116 1902 de
142 1869 242 1902 modo.
269 1869 303 1901 Et
327 1869 410 1902 circa
427 1869 486 1902 hoc
503 1869 567 1901 duo
584 1868 800 1911 principaliter
821 1872 1029 1911 quaeruntur.
1183 1871 1343 1907 Secundo.
1368 1872 1417 1904 cui
1443 1872 1482 1903 sit
1506 1872 1773 1906 satisfaciendum.

165 1923 267 1955 Primo
292 1923 456 1965 quaeritur
481 1923 520 1955 de
546 1922 638 1955 modo
662 1922 693 1954 in
718 1923 866 1964 generali.
1060 1908 1064 2013 Ι
1182 1923 1305 1962 Tertio,
1331 1933 1385 1965 per
1410 1925 1516 1966 qualia
1540 1934 1649 1967 opera.

164 1976 305 2008 Secundo
330 1976 495 2018 quaeritur
521 1975 560 2008 de
586 1975 678 2007 modo
702 1975 733 2007 in
758 1975 895 2017 speciali.
1183 1977 1316 2017 Quarto,
1342 1986 1397 2018 per
1421 1986 1512 2019 quae.

1183 1765 1271 1796 Circa
1296 1765 1435 1806 primum
1460 1770 1659 1807 quaeruntur
1685 1771 1832 1808 quatuor.

905 2100 1170 2139 ARTICULUS
1200 2102 1224 2138 Ι.

731 2208 777 2239 De
801 2208 896 2239 1110110
920 2206 1154 2250 satisfaciendi
1179 2208 1210 2240 ιή
1234 2209 1392 2251 9611611111.

936 2334 1131 2374 *QUAES'rto
1157 2334 1175 2365 1.

877 2431 964 2471 Quid
986 2431 1030 2463 sic
1052 2431 1251 2474 satisfactio.

164 2528 252 2561 Circa
276 2529 415 2571 primum
442 2529 485 2561 sie
510 2529 702 2570 proceditur.
1094 2530 1234 2562 cundum
1272 2530 1329 2563 hoc
1365 2540 1494 2563 cessare
1530 2541 1551 2562 11
1581 2536 1713 2572 peceato
1738 2532 1833 2564 habet
1859 2532 2046 2573 completam

165 2582 357 2623 Augustinus
380 2581 503 2620 definit,
529 2585 558 2614 et
577 2582 711 2614 babetur
728 2582 757 2613 in
778 2581 917 2613 littera³z
949 2583 1030 2613 «83-
1095 2583 1246 2615 rationem
1284 2583 1516 2616 satisfactionis:
1553 2593 1628 2625 ergo
1660 2594 1721 2616 non
1753 2588 1876 2626 oportet
1908 2585 2044 2626 amplius

0 2638 66 2687 ufiffio
81 2634 219 2667 tisfacere
243 2639 290 2667 est
319 2638 519 2677 peccatorum
556 2643 667 2666 causas
691 2634 840 2666 excidere
864 2638 894 2666 et
918 2643 1029 2667 earum
1095 2635 1229 2667 facere⁴.
1906 2637 1915 2646 s

60 2682 331 2728 'suggestionibus
355 2688 474 2719 aditum
502 2697 561 2719 non
590 2687 796 2728 indulgere».
1184 2687 1212 2719 3.
1238 2688 1328 2726 Item,
1347 2688 1471 2720 videtur
1486 2687 1594 2730 falsa,
1612 2698 1682 2721 cum
1702 2689 1791 2721 dicit:
1817 2702 1831 2718 «
1845 2694 2046 2731 peccatorum

169 2741 195 2771 1.
220 2740 351 2773 Videtur
376 2740 478 2782 primo
513 2741 572 2773 ista
607 2740 746 2772 definitio
771 2740 837 2772 sive
860 2740 1029 2772 notificatio
1094 2750 1205 2773 causas
1229 2741 1420 2780 excidere»,
1438 2742 1586 2784 quiahoc
1608 2747 1654 2775 est
1671 2743 1768 2775 solius
1785 2743 1857 2781 Dei3
1877 2744 1941 2785 ipse
1964 2743 2045 2775 enim

0 2797 67 2843 »ιςέιοεῑ-
80 2792 264 2834 superflua,
292 2794 365 2835 quia
391 2793 471 2826 idem
497 2798 544 2826 est
577 2802 708 2835 prorsus
734 2797 933 2834 peccatorum
959 2802 1031 2825 cau-
1060 2795 1063 2859 1
1094 2797 1140 2825 est
1165 2794 1223 2836 qui
1246 2793 1324 2825 delet
1346 2795 1513 2842 peccalcffl.

27 2838 31 2843 ⁵
82 2854 130 2878 sas
153 2847 299 2879 excidere
323 2851 352 2879 et
377 2857 437 2879 non
462 2847 637 2879 consentire
663 2846 925 2888 suggestionibus.
1061 2862 1063 2916 4
1183 2847 1212 2878 li.
1238 2847 1331 2885 Item,
1357 2847 1481 2879 videtur
1511 2847 1578 2879 salsi
1613 2848 1836 2889 iniplt'culi'oct,
1873 2858 1944 2880 cuin
1971 2849 2046 2881 dicit

168 2900 196 2930 ἓ.
222 2900 313 2938 item,
350 2900 475 2932 videtur
511 2900 694 2936 (lirizinum,
730 2899 803 2940 quia
840 2900 897 2931 boc
931 2903 1029 2931 totum
1061 2919 1063 2989 γ
1093 2904 1303 2940 peccatorum
1328 2909 1471 2936 causas:
1501 2904 1695 2941 «peccatum
1720 2901 1801 2933 enim
1829 2901 1906 2932 nihil
1931 2901 2045 2933 est⁰»:

82 2959 154 2983 vere
177 2952 291 2985 dicitur
315 2953 354 2985 de
378 2962 414 2985 eo
449 2953 502 2995 qui
538 2963 556 2985 a
588 2957 714 2995 peccato
738 2956 854 2985 cessat:
880 2962 954 2994 ergo
987 2962 1031 2985 se·
1095 2962 1169 2993 ergo
1194 2962 1253 2984 non
1280 2953 1373 2985 babet
1398 2962 1524 2988 causas,
1550 2953 1623 2994 quia
1646 2966 1660 2982 «
1677 2962 1772 2985 causa
1796 2958 1841 2985 est
1866 2954 1957 2986 cuius
1982 2963 2048 2985 esse

153 3093 159 3108 ¹
180 3094 242 3119 Edd.
263 3101 321 3119 cum
343 3095 461 3126 pluribus
481 3095 557 3120 codd.
577 3094 677 3127 falsam
700 3096 724 3120 ct
742 3102 852 3127 ararem
873 3095 945 3128 [edd.
970 3103 1031 3128 91-(1-
1166 3095 1174 3111 ⁴
1196 3096 1258 3121 Edd.
1279 3095 1444 3127 satisfucvre.

85 3142 140 3162 vem
159 3136 198 3170 et]
216 3137 387 3170 probabilem.
1165 3139 1176 3155 ⁵
1195 3140 1248 3164 lsai.
1264 3139 1311 3170 453,
1335 3139 1379 3163 255:
1403 3140 1455 3170 Ego
1475 3146 1545 3170 suin,
1567 3146 1616 3170 ogo
1636 3146 1693 3163 suni
1715 3140 1784 3170 ipsc,
1807 3140 1850 3171 qui
1866 3139 1938 3164 deleo
1958 3140 2048 3171 iniqui-

151 3181 161 3196 ‘-'
181 3182 259 3207 Partis
279 3183 295 3207 l.
318 3190 342 3215 q.
368 3184 387 3207 1.
408 3190 480 3215 seqq.
1095 3187 1158 3208 tutos
1178 3188 1233 3208 tuus
1253 3187 1359 3214 proptor
1380 3190 1419 3207 me
1439 3187 1463 3208 ct
1483 3187 1648 3213 peccatorum
1669 3187 1773 3208 tuorum
1794 3190 1843 3208 non
1860 3184 2027 3209 recordabor.

151 3223 161 3240 3
181 3225 225 3249 llic
246 3233 266 3250 (¹.
288 3226 310 3250 3.
332 3227 397 3251 circa
418 3226 506 3251 finem.
524 3226 627 3250 Plurimi
648 3226 732 3257 codd.y
752 3227 942 3252 contradicente
963 3232 1030 3253 textu
1164 3227 1174 3243 6
1194 3227 1342 3251 Secundum
1369 3229 1485 3258 August„
1512 3228 1535 3251 111
1557 3228 1623 3252 loun.
1649 3228 1746 3259 Evang.
1773 3232 1802 3252 tr.
1829 3229 1846 3253 l.
1875 3235 1898 3252 n.
1931 3229 1967 3253 13.
1994 3228 2046 3253 Csr.

85 3268 213 3299 originali,
233 3275 327 3299 mrtem
346 3277 393 3301 pro
412 3276 515 3295 earam.
538 3270 607 3294 iden]
634 3271 741 3295 recurrit
765 3271 828 3295 infra
855 3272 879 3296 in
904 3273 1031 3303 principio
1063 3269 1065 3277 '
1096 3272 1192 3296 11111111.
1211 3278 1269 3302 pag.
1287 3270 1346 3301 (340,
1364 3275 1420 3295 nota
1442 3272 1466 3295 8,
1481 3285 1513 3288 —
1525 3271 1559 3296 Do
1578 3278 1632 3304 seq.
1647 3271 1793 3296 delinitione
1807 3278 1900 3297 causae
1921 3272 1978 3297 ride
1994 3273 2045 3297 Ari-

84 3317 155 3342 corp.
176 3316 273 3344 quaest.
289 3327 321 3330 —-
336 3314 370 3338 Dc
390 3313 590 3345 proprietatibus
609 3313 764 3338 definitionis
784 3314 828 3339 cfr.
850 3316 959 3346 Aristot„
988 3316 1029 3340 Vl.
1097 3315 1199 3343 ι<1()1.,11.
1215 3316 1309 3339 Foster.
1324 3321 1344 3339 c.
1365 3315 1401 3338 17.
1417 3314 1448 3339 (c.
1468 3315 1473 3338 1
1487 3314 1530 3345 1.);
1546 3315 1641 3346 Hoetu,
1657 3316 1691 3340 111.
1706 3315 1739 3341 dc
1753 3316 1906 3342 Disserentiis
1921 3317 2007 3348 topic.7
2023 3321 2047 3341 ot

85 3354 172 3385 Topic.
193 3364 213 3380 c.
239 3357 257 3381 1.
278 3364 350 3389 seqq.
1064 3359 1066 3387 1
1098 3360 1241 3388 Axio-nnn,
1256 3359 1365 3389 Metaph.
1381 3362 1410 3382 tr.
1426 3358 1448 3382 t.
1463 3366 1483 3382 (3.
1504 3359 1522 3382 1.
1537 3358 1588 3384 Ct'r.
1600 3360 1675 3384 eninm
1691 3364 1751 3384 111111.
1767 3360 1782 3385 Ι.
1799 3367 1858 3392 pag.
1879 3361 1933 3392 120,
1950 3364 2006 3385 nota
2022 3361 2046 3386 7.

223 3408 249 3435 S.
270 3410 369 3435 Bonae.
390 3425 423 3427 —
444 3411 519 3435 Tom.
542 3410 583 3435 Ν.
1873 3413 1904 3438 4ss
