2483 3882
902 248 1016 282 INDEX
1040 249 1311 291 QUAESTIONUM.

344 333 481 359 Anricums
499 334 515 358 1.
534 334 571 360 De
591 333 665 360 bonis
683 334 857 361 matrimonii.

128 385 236 416 QUAEST.
275 385 291 409 l.
310 384 400 410 Utrum
420 386 613 411 matrimonium
633 387 664 411 sit
688 387 712 411 in
738 394 833 418 genere
852 388 932 419 utilis,

922 445 984 472 paq.
1022 439 1073 464 717

1022 491 1072 516 719

338 443 369 461 an
390 438 487 462 honesti
508 456 514 462 .
569 456 887 464 ........

259 489 285 514 II.
305 489 395 514 Utrum
416 490 461 514 tria
481 490 531 515 sint
549 491 705 515 matrimonii
731 490 797 516 bona
836 509 842 516 .
882 511 887 516 .
926 510 932 516 .
968 500 981 514 ιι

249 541 282 566 lli.
302 541 392 566 Utrum
412 543 476 567 haec
494 543 540 567 tria
559 541 627 567 bona
655 544 704 567 sint
733 543 764 568 de
784 544 931 568 necessitate

337 595 492 619 matrimonii
537 613 931 621 ..........
969 605 979 618 ιι
1021 595 1071 621 720

300 646 437 670 Ammaous
456 646 483 671 ll.
507 645 627 676 Qualiter
646 646 713 672 bona
731 646 897 673 matrimonii

474 699 601 724 excusant
619 698 725 725 coitum.

125 750 232 782 Qunasr.
271 751 287 775 l.
307 750 398 775 Utrum
418 751 499 775 coitus
524 754 631 782 propter
650 751 750 782 prolem
775 753 855 784 possit
873 759 929 777 csse

337 803 391 827 sine
410 803 479 827 omni
500 803 574 834 culpa
612 822 928 829 ........
966 814 977 827 ιι
1018 804 1064 830 721

257 853 283 878 II.
303 854 393 879 Utrum
413 854 494 879 coitus
519 855 661 886 coniugalis
686 861 762 880 causa
789 856 930 881 fornicatio-

335 906 374 930 nis
392 905 512 930 vitandae
531 907 612 937 possit
630 912 686 931 esse
704 907 758 931 sine
778 907 846 931 omni
867 914 926 938 pec-

335 961 391 982 cato
409 957 503 982 veniali
527 976 928 983 ..........
966 969 977 982 ιι
1018 959 1069 985 724

248 1008 283 1034 lll.
304 1009 393 1033 Utrum
422 1010 490 1034 coire
519 1016 578 1034 cum
607 1017 684 1035 uxore
713 1011 810 1035 ratione
838 1017 929 1036 concu-

333 1062 471 1093 piscentiae
497 1062 627 1087 satiandae
655 1062 687 1087 sit
711 1069 814 1094 semper
841 1069 928 1094 pccca-

333 1116 387 1138 tum
412 1114 518 1139 mortale
522 1133 927 1140 ..........
967 1124 978 1138 ιι
1016 1114 1067 1141 725

122 1165 205 1191 Dubia
225 1166 283 1191 I-VI.
304 1167 369 1191 circa
390 1165 497 1191 litteram
517 1166 629 1197 Magistri
658 1185 927 1192 .......
966 1177 977 1190 ιι
1017 1167 1067 1192 726

442 1269 622 1295 DtSTtNCTlO
642 1270 745 1296 XXXII.

122 1375 217 1400 Textus
241 1375 353 1406 Magistri
391 1394 926 1401 .............
964 1384 976 1398 ιι
1017 1376 1067 1400 728

121 1428 219 1454 Divisio
238 1430 320 1454 textus
341 1447 925 1453 ..............
962 1438 974 1451 ιι
1015 1428 1066 1453 730

155 1482 292 1506 Auricutus
310 1481 327 1506 1.
347 1481 384 1506 De
402 1480 559 1514 obliyatione
578 1480 721 1514 coniugam
738 1487 787 1513 per
807 1480 1032 1513 comparationem

423 1532 458 1558 act
476 1534 566 1559 votum
583 1532 763 1559 continentiae.

121 1585 227 1617 QUAEST.
266 1585 281 1610 Ι.
302 1585 391 1610 Utrum
411 1587 469 1616 post
493 1585 621 1610 carnalem
641 1585 762 1616 copulam
787 1586 868 1616 possit
887 1586 926 1610 vir

331 1637 473 1668 continere,
494 1643 573 1662 uxore
592 1636 691 1662 nolente
696 1656 924 1662 ......
963 1647 975 1660 ιι
1015 1637 1061 1662 731

255 1690 281 1714 ll.
301 1690 391 1715 Utrum
411 1690 451 1715 vir
479 1692 537 1715 ante
562 1690 690 1715 carnalem
718 1691 926 1716 commixtionem

919 1761 925 1767 .
962 1752 974 1765 ιι
1015 1743 1065 1768 732

154 1794 291 1819 Armenius
310 1794 336 1818 ll.
356 1794 393 1819 De
412 1792 571 1827 obtiqatione
584 1793 726 1827 coninqnm
745 1801 793 1827 per
806 1794 1031 1827 comparationem

330 1742 410 1773 possit
429 1742 575 1774 continere,
595 1748 674 1767 uxore
694 1742 794 1767 nolente
831 1761 837 1767 .
875 1761 881 1767 .

400 1846 436 1873 ad
454 1846 575 1873 accidens
590 1846 784 1880 superveniens.

119 1899 227 1930 QUAEST.
266 1899 282 1923 I.
303 1899 392 1924 Utrum
411 1902 527 1930 oporteat
546 1900 649 1930 coniugi
668 1899 784 1925 debitum
804 1899 924 1932 reddere,

329 1952 349 1976 si
370 1951 432 1976 alter
452 1951 494 1976 fiat
512 1951 630 1982 leprosus
655 1970 924 1976 .......
962 1961 974 1974 ιι
1015 1952 1065 1976 733

253 2002 279 2027 ll.
299 2002 389 2027 Utrum
408 2003 466 2034 quis
485 2005 599 2028 teneatur
618 2002 727 2028 reddere
750 2003 882 2035 debitum,
904 2004 924 2028 si

330 2054 391 2079 alter
410 2054 452 2079 fiat
471 2054 622 2079 fornicarius
650 2073 924 2079 .......
961 2063 972 2077 ιι
1014 2054 1064 2079 734

145 2107 281 2132 Anricuws
300 2106 334 2130 ltl.
354 2106 391 2131 De
410 2105 567 2139 obtiqatione
586 2105 731 2140 coniugum
748 2114 796 2139 per
815 2107 1056 2143 comparationem,

505 2158 541 2184 ad
566 2161 675 2191 tempus.

119 2210 226 2241 Quasi.
265 2210 281 2234 l.
301 2210 391 2235 Utrum
411 2212 528 2241 tempore
544 2214 737 2236 menstruorum
750 2212 831 2242 possit
849 2211 923 2236 reddi

328 2265 353 2287 et
370 2263 421 2293 peti
442 2262 556 2288 debitum
566 2282 923 2288 .........
960 2273 971 2286 ιι
1013 2263 1064 2289 735

252 2315 278 2340 11.
298 2315 387 2340 Utrum
409 2319 523 2347 tempore
544 2315 644 2340 dierum
663 2316 817 2340 solemnium
843 2317 924 2347 possit

328 2367 394 2392 licite
412 2368 463 2398 peti
484 2370 508 2392 et
527 2368 591 2392 solvi
611 2367 727 2393 debitum
740 2386 922 2392 .....
960 2377 971 2391 ιι
1012 2368 1062 2393 738

213 2420 351 2446 Animatus
370 2420 411 2445 lV.
433 2420 470 2445 De
490 2421 613 2452 tempore,
634 2419 661 2445 in
681 2426 732 2452 qno
752 2418 843 2445 debent
859 2419 966 2453 nuptiae

522 2470 658 2497 celebrari.

120 2525 225 2556 QUAEST.
263 2524 280 2549 1.
301 2524 391 2549 Utrum
411 2525 435 2548 in
455 2523 614 2548 celebrandis
633 2524 728 2555 nuptiis
747 2524 839 2549 debeat
862 2528 923 2550 tem-

328 2583 378 2608 pus
397 2575 529 2601 observari
560 2595 921 2602 .........
958 2587 970 2600 ιι
1011 2578 1062 2603 739

252 2628 279 2653 II.
299 2628 392 2653 Utrum
417 2629 610 2653 matrimonium
636 2632 793 2654 contractum
818 2629 843 2653 in
862 2631 923 2654 tem-

1012 2681 1058 2706 741

1012 2733 1063 2758 742

329 2687 393 2712 pore
412 2679 525 2705 indebito
545 2680 637 2705 debeat
657 2681 790 2712 separari.
827 2700 834 2706 .
872 2700 878 2706 .
916 2700 922 2706 .
960 2691 971 2705 ιι

118 2732 200 2758 Dubia
220 2732 270 2758 l-V.
291 2733 357 2757 circa
377 2732 485 2757 litteram
505 2732 617 2764 Magistri

435 2836 614 2863 DISTINCTIO
631 2838 745 2863 XXXIII.

117 2941 211 2967 Textus
235 2942 347 2974 Magistri
961 2953 972 2966 ι»
1012 2942 1063 2967 744

116 2993 214 3020 Divisio
233 2996 315 3020 textus
961 3004 972 3017 ιι
1012 2994 1062 3019 746

215 3047 352 3073 Alimentus
370 3048 387 3072 I.
406 3047 443 3073 De
462 3046 622 3074 continentia
641 3047 776 3081 coniayati
794 3047 821 3073 in
840 3047 964 3081 antiquis.

115 3099 221 3131 QUAEST.
260 3100 276 3125 I.
300 3100 389 3126 Utrum
417 3103 503 3125 contra
529 3101 613 3132 legem
641 3103 747 3125 naturae
772 3101 803 3125 sit
827 3099 922 3125 habere

343 3013 922 3020 ..............

329 3152 499 3178 concubinam
520 3171 920 3178 ..........
959 3162 970 3175 ιι
1011 3152 1061 3177 747

250 3206 277 3230 II.
300 3206 389 3231 Utrum
409 3205 504 3230 habere
524 3206 611 3237 plures
631 3212 722 3231 uxores
741 3205 771 3231 sit
784 3208 870 3230 contra
890 3206 922 3230 le-

328 3264 387 3289 gem
408 3260 512 3282 naturae
515 3276 921 3282 ..........
959 3266 971 3279 ιι
1011 3256 1061 3281 749

241 3309 277 3334 lll.
297 3309 388 3335 Utrum
411 3310 479 3334 Deus
498 3309 615 3335 debuerit
640 3309 789 3341 dispensare
813 3309 844 3334 de
865 3316 921 3334 con-

328 3361 421 3386 cubina
441 3361 557 3386 habenda
561 3379 920 3386 .........
959 3370 971 3384 ιι
1011 3361 1056 3385 751

1325 339 1460 364 ARTICULUS
1479 339 1504 363 lt.
1524 339 1561 364 De
1580 339 1738 366 continentia
1757 340 1891 374 viryinali.

1138 388 1243 419 Quaasr.
1281 389 1298 414 l.
1320 389 1410 414 Utrum
1429 390 1562 421 virginitas
1586 391 1618 416 sit
1641 392 1722 416 virtus
1759 411 1765 416 .
1803 411 1809 416 .
1846 412 1852 418 .
1891 412 1896 417 .

1930 400 1991 426 Ραθ-

1273 441 1298 465 lt.
1318 441 1408 466 Utrum
1432 442 1565 473 virginitas
1589 444 1747 474 praeferatur
1771 445 1939 470 continentiae

1349 494 1476 524 coniugali
1491 513 1937 522 ...........
1975 507 1986 520 ιι

1260 545 1297 569 111.
1317 545 1405 570 Utrum
1426 546 1577 577 virginitatis
1597 548 1740 577 praemium
1760 549 1790 572 sit
1809 549 1912 574 aureola
1933 568 1938 574 .
1976 559 1987 571 »

1417 598 1553 623 An‘ricuLus
1573 599 1608 623 111.
1624 598 1661 624 De
1679 599 1797 632 repudio.

1137 647 1242 678 Quaasr.
1280 649 1296 673 l.
1316 648 1404 673 Utrum
1425 649 1501 674 fucrit
1520 649 1614 674 licitum
1636 657 1741 675 uxorem
1761 652 1897 683 repudiare
1931 672 1937 677 .
1976 662 1987 675 ιι
2028 652 2077 676 758

1270 700 1296 725 ll.
1316 701 1406 726 Utrum
1426 701 1562 732 repudiare
1581 709 1687 727 uxorem
1701 702 1818 728 debuerit
1836 705 1955 735 permitti.
1976 714 1987 727 ιι
2028 704 2078 729 760

1258 753 1294 777 III.
1314 753 1404 778 Utrum
1424 760 1487 778 uxor
1501 757 1559 784 post
1576 754 1714 785 repudium
1729 755 1820 780 debeat
1833 756 1889 781 viro
1902 763 1938 781 re-

1345 806 1472 830 conciliari
1492 825 1938 833 ...........
1975 818 1986 830 ιι
2027 808 2072 832 761

1135 854 1216 880 Dubia
1236 856 1318 881 I-Vllt.
1339 857 1404 881 circa
1424 857 1532 882 litteram
1552 858 1662 889 Magistri
1665 877 1937 884 .......
1975 869 1986 882 ιι
2027 860 2078 885 762

1450 987 1626 1012 DtSTtNCTlO
1645 988 1761 1013 XXXtV.

1134 1117 1229 1142 Textus
1253 1117 1364 1148 Magistri
1402 1137 1934 1145 .............
1972 1130 1983 1143 ιι
2024 1119 2075 1145 ’64

1132 1168 1229 1193 Divisio
1249 1171 1330 1194 textus
1360 1188 1936 1196 ..............
1975 1180 1987 1194 ιι
2025 1171 2074 1196 766

1296 1222 1432 1246 AuricuLus
1450 1222 1466 1246 1.
1485 1222 1522 1247 De
1541 1221 1730 1255 impedimentis
1750 1222 1915 1249 matrimonii

1518 1273 1545 1299 in
1562 1274 1687 1307 qenerati
1866 1264 1874 1267 ”

1132 1324 1239 1356 ΩυΑΕετ,
1277 1325 1293 1349 1.
1314 1325 1403 1350 Utrum
1429 1327 1621 1351 matrimonium
1648 1327 1739 1352 habeat
1767 1327 1938 1358 impedimen-

1344 1381 1397 1402 tum
1402 1397 1935 1405 .............
1973 1390 1984 1403 ιι
2025 1381 2074 1405 767

1267 1430 1292 1454 11.
1312 1431 1348 1455 De
1377 1437 1485 1456 numero
1510 1435 1534 1456 et
1562 1432 1710 1456 sufficientia
1739 1432 1936 1463 impedimento-

1343 1490 1400 1508 rum
1405 1502 1935 1510 .............
1972 1495 1984 1508 ιι
2025 1486 2074 1511 768

1220 1535 1356 1559 AnricuLus
1375 1535 1401 1559 lt.
1423 1534 1459 1560 De
1478 1534 1659 1567 impedimento
1679 1535 1844 1568 impotentiae
1868 1537 1986 1563 coeundi.

1132 1586 1236 1617 Quaasr.
1274 1587 1290 1611 l.
1310 1587 1399 1612 Utrum
1416 1588 1564 1618 impotentia
1585 1588 1705 1612 naturalis
1724 1588 1832 1613 coeundi
1851 1589 1882 1614 sit
1895 1590 1940 1614 im-

1342 1639 1518 1670 pedimentum
1539 1641 1692 1665 matrimonii
1709 1659 1936 1667 ......
1974 1652 1985 1665 ιι
2025 1642 2076 1667 770

1266 1692 1293 1716 ll.
1313 1692 1403 1717 Utrum
1433 1693 1581 1723 impotentia
1613 1693 1721 1717 coeundi
1753 1693 1914 1719 accidentalis
1926 1715 1932 1725 ‚

1343 1751 1409 1775 quae
1428 1747 1466 1769 est
1489 1751 1535 1775 per
1553 1744 1721 1776 maleficium,
1741 1745 1865 1776 impediat
1883 1752 1935 1770 ma-

1341 1796 1489 1820 trimonium
1492 1814 1935 1822 ...........
1972 1807 1984 1820 »
2025 1797 2070 1822 7711

1235 1847 1372 1872 Animatus
1392 1847 1427 1872 111.
1447 1847 1484 1872 De
1503 1846 1603 1880 defectu
1622 1854 1656 1873 ex
1667 1849 1746 1881 parte
1766 1846 1842 1874 tiberi
1858 1847 1970 1875 arbitrii.

1131 1900 1235 1931 QLAEST.
1274 1899 1290 1924 1.
1310 1900 1400 1925 Utrum
1420 1899 1484 1924 furia
1504 1899 1628 1930 impediat
1646 1901 1846 1925 matrimonium.
1886 1920 1892 1926 .
1930 1920 1936 1926 .
1975 1910 1986 1925 ιι
2024 1901 2075 1926 774

1264 1951 1292 1975 lI.
1312 1950 1401 1975 Utrum
1422 1951 1518 1975 crimen
1538 1951 1648 1976 incestus
1668 1951 1791 1983 impediat
1807 1953 1935 1977 matrimo-

1342 2003 1413 2027 nium
1433 2005 1457 2027 et
1477 2003 1550 2028 faciat
1569 2010 1705 2034 personam
1725 2004 1891 2036 illegitimam.
1929 2023 1935 2029 .
1972 2014 1983 2027 ιι
2024 2005 2076 2030 ’775

1130 2054 1212 2080 Dubia
1232 2054 1296 2079 I-IX.
1318 2056 1384 2079 circa
1403 2055 1514 2080 litteram
1532 2055 1643 2086 Magistri
1658 2074 1934 2081 .......
1973 2067 1984 2080 ιι
2024 2058 2073 2083 776

1444 2184 1621 2210 DISTtNCTlO
1646 2185 1755 2210 XXXV.

1129 2315 1223 2339 Textus
1242 2315 1354 2346 Magistri
1358 2333 1932 2342 ..............
1970 2328 1981 2341 ιι
2022 2319 2072 2344 778

1128 2368 1223 2393 Divisio
1242 2371 1324 2393 textus
1355 2387 1930 2395 ..............
1970 2381 1980 2393 ιι
2021 2372 2072 2397 780

1377 2421 1514 2445 Alimentus
1530 2428 1621 2446 timeus.
1649 2421 1684 2447 De·
1703 2420 1823 2447 divortio.

1128 2472 1234 2504 Quaas‘r.
1274 2473 1289 2498 l.
1310 2473 1400 2498 Utrum
1426 2473 1498 2498 liceat
1517 2480 1621 2498 uxorem
1647 2474 1773 2499 dimittxre
1798 2482 1828 2499 ex
1854 2482 1931 2500 causa

1339 2524 1510 2549 fornicationis
1529 2543 1929 2551 ..........
1967 2536 1977 2549 ιι
2037 2527 2071 2552 il).

1264 2576 1291 2600 ll.
1311 2576 1401 2601 Utrum
1430 2576 1556 2601 dimittere
1582 2583 1686 2601 uxorem
1713 2578 1873 2602 fornicariam
1901 2579 1932 2603 sit

1339 2629 1363 2652 in
1383 2632 1521 2660 praecepto
1525 2646 1931 2655 ..........
1968 2640 1980 2653 ιι
2020 2630 2070 2655 ‘782

1252 2681 1288 2706 111.
1310 2680 1399 2705 Utrum
1420 2682 1499 2712 possit
1523 2681 1614 2712 aliquis
1639 2687 1743 2706 uxorem
1764 2681 1930 2707 fornicantem

1339 2733 1466 2759 dimittere
1485 2735 1589 2765 propria
1609 2735 1756 2760 auctoritate
1794 2755 1798 2759 .
1837 2754 1842 2759 .
1880 2754 1886 2759 .
1924 2754 1930 2759 .
1967 2745 1978 2758 ιι
2020 2735 2069 2760 783

1249 2786 1289 2811 lV.
1309 2786 1411 2817 Utrum,
1426 2786 1537 2812 divortio
1550 2786 1691 2818 celebrato,
1711 2787 1751 2811 vir
1764 2787 1843 2818 possit
1855 2787 1930 2812 aliam

1338 2844 1443 2863 uxorem
1463 2837 1570 2869 ducere,
1592 2838 1632 2863 vel
1653 2845 1715 2863 uxor
1735 2839 1811 2863 alium
1832 2839 1927 2864 virum.
1966 2849 1977 2861 ιι
2018 2839 2069 2864 785

1263 2890 1293 2914 V.
1313 2890 1403 2915 Utrum
1422 2892 1480 2920 post
1498 2889 1637 2915 divortium
1657 2891 1754 2921 possint
1772 2892 1811 2915 vir
1834 2894 1859 2916 et
1876 2898 1930 2916 mu-

1339 2942 1384 2966 lier
1404 2942 1513 2966 invicem
1530 2943 1685 2967 reconciliari
1706 2962 1929 2968 ......
1967 2953 1978 2966 ιι
2019 2944 2068 2968 786

1252 2994 1292 3019 Vl.
1313 2994 1402 3020 Utrum
1422 2996 1502 3025 possit
1515 2994 1569 3019 fieri
1589 2995 1742 3027 divortium,
1757 2996 1776 3020 si
1797 3002 1845 3021 non
1861 3003 1931 3027 prae-

1338 3047 1410 3072 cedat
1429 3047 1512 3079 aliqua
1532 3047 1606 3079 culpa
1619 3066 1930 3073 ........
1969 3058 1980 3071 ιι
2019 3049 2068 3073 787

1128 3099 1210 3125 Dubia
1231 3099 1278 3124 l-V.
1299 3100 1364 3124 circa
1384 3099 1491 3124 litteram
1512 3100 1622 3131 Magistri
1661 3120 1665 3124 .
1704 3120 1709 3124 .
1748 3120 1753 3125 .
1834 3120 1839 3126 .
1881 3120 1886 3125 .
1922 3121 1928 3125 .
1967 3110 1978 3123 »
2018 3101 2068 3125 788

1445 3203 1621 3228 DlsTiNCTlo
1635 3204 1753 3230 XXXVI.

1128 3309 1223 3333 Textus
1247 3308 1358 3339 Magistri
1393 3326 1927 3334 .............
1966 3318 1977 3331 ιι
2018 3309 2068 3334 790

1127 3360 1222 3385 Divisio
1242 3362 1323 3385 textus
1355 3379 1928 3386 ..............
1966 3371 1977 3383 ιι
2018 3361 2063 3386 791
