2483 3882
0 633 30 654 τε.

0 894 30 916 rg-

0 1807 25 1830 io.

0 2392 28 2409 ΘΥ.

856 267 949 299 DIST.
974 267 1057 300 XLV.
1082 267 1202 300 DUBlA.

45 352 195 386 miracula
212 352 315 384 facere
331 352 383 384 in¹
401 353 587 395 corporibus
611 358 642 386 et
666 354 797 387 salutem
824 355 853 386 in
878 355 992 387 anima-

45 407 117 445 bus,
141 409 176 438 ut
200 405 284 447 ipsos
300 405 486 444 laudemus3
510 409 540 438 et
565 407 623 439 hoc
640 416 699 439 non
725 411 846 439 tantum
871 416 927 449 per
944 417 992 440 su-

45 466 169 501 premos
193 458 336 496 Sanctos‚
362 458 415 490 sed
441 458 532 490 etiam
560 459 700 498 infimos;
725 460 809 492 unde
834 460 914 492 sicut
940 460 992 492 ali-

46 511 115 553 quis
139 514 268 543 sanatur
291 510 496 551 corporaliter
527 511 699 544 invocando
723 513 833 545 Linum
867 515 897 544 et
931 522 991 544 non

45 563 217 596 invocando
234 563 377 601 Petrum,
402 563 484 595 alius
500 572 517 595 e
542 572 709 596 converso:
736 565 779 597 sic
795 568 825 597 et
849 565 993 607 spiritua-

45 616 124 648 liter.
141 633 182 639 —
201 616 235 647 Et
259 615 302 648 sic
325 618 411 657 patet
434 616 624 655 secundum,
641 617 714 658 quia
730 618 814 650 Deus
835 618 916 657 vult,
941 618 993 650 ho-

44 677 150 701 norem
176 668 281 700 duliae
304 667 451 700 omnibus
475 668 594 701 Sanctis
618 669 696 701 dari.

139 719 249 752 Tertia
273 729 368 752 causa
392 723 439 752 est
462 719 524 752 Dei
545 721 749 760 reverentia,
774 726 806 754 ut
838 726 991 763 peccator,

25 772 97 815 .qui
120 772 220 805 Deum
245 772 391 811 offendit,
415 773 504 814 quasi
528 782 589 804 non
613 774 728 806 audeat
752 774 850 807 Deum
870 777 900 806 in
925 784 993 816 pro-

43 825 111 866 pria
134 833 268 866 persona
291 825 395 863 adire,
421 825 475 857 sed
500 825 674 857 amicorum
707 827 913 867 patrocinium
939 828 993 858 im-

44 878 177 920 plorare.
200 896 244 900 —
262 878 295 909 Et
318 877 362 909 sic
385 880 471 918 patet
496 878 621 910 tertium
646 878 820 918 obiectum,
845 880 919 920 quia
942 880 993 912 bo-

43 939 118 963 num
142 933 189 962 est
212 930 381 971 aliquando
405 939 423 961 a
439 930 502 962 Deo
527 930 649 962 resilire
673 931 712 962 ob
737 933 954 964 reverentiam.

1944 270 2003 301 951

1056 358 1176 395 sentes;
1201 355 1368 388 dicendum
1402 357 1575 388 secundum
1609 357 1789 398 Magistrum
1805 356 1826 396 ²,
1850 357 1933 399 quod
1958 365 2052 390 re-Ad
2067 368 2147 395 marg.

1057 408 1202 440 velantur
1218 418 1236 440 a
1254 409 1356 441 Verbo
1373 411 1519 448 eatenus,
1536 418 1598 451 qua
1614 409 1742 451 expedit
1759 409 1850 442 saluti
1868 413 2004 442 nostrae.

1057 480 1100 484 —
1118 462 1151 494 Et
1168 462 1250 503 quod
1269 462 1384 494 dicitur
1401 463 1439 495 de
1457 462 1591 504 Angelis,
1608 463 1693 504 quod
1709 463 1845 495 offerunt
1871 463 1932 495 Deo
1956 471 2006 504 pe-

1057 513 1179 546 titiones
1208 518 1347 553 nostras3
1373 515 1431 547 hoc
1455 515 1584 552 dicitur,
1608 515 1682 556 quia
1711 515 1814 556 ipsum
1839 515 2007 547 consulunt

1057 575 1152 608 super
1176 567 1376 608 petitionibus
1407 568 1539 606 nostris,
1563 571 1598 599 ut
1630 567 1745 604 sciant,
1773 568 1907 610 qualiter
1932 576 2006 609 erga

1057 627 1112 650 nos
1144 619 1278 651 debeant
1308 619 1496 652 ministrare.
1524 639 1568 643 —
1600 620 1638 652 Si
1667 624 1777 652 autem
1808 624 2004 663 quaeratur,
2033 631 2166 679 quaesum-

1056 671 1190 712 qualiter
1214 672 1284 713 quis
1307 672 1429 704 invocet
1452 672 1579 704 beatum
1605 673 1749 711 Petrum,
1774 682 1846 705 cum
1871 673 1910 705 sit
1928 663 2039 705 mor-⁰¹
2058 658 2164 679 '⁵⁰¹'¹²'“'

1055 727 1147 762 tuus;
1172 724 1355 763 dicendum,
1384 725 1467 766 quod
1501 725 1666 757 invocatur
1689 725 1829 766 spiritus
1854 725 1952 763 Petri;
1976 728 2006 757 et

1056 776 1202 818 quoniam
1221 777 1350 818 spiritus
1371 777 1465 809 habet
1482 787 1549 809 esse
1565 777 1736 818 gloriosum
1762 781 1792 810 et
1816 777 2003 819 perfectum:

1056 829 1140 868 ideo,
1157 838 1195 861 ne
1213 830 1377 862 videamur
1400 830 1468 862 eius
1492 830 1624 871 gloriam
1642 830 1831 869 diminuere,
1855 831 2006 873 synecdo-

1055 880 1149 913 cliica
1178 881 1332 914 locutione
1364 882 1447 923 quod
1480 886 1526 914 est
1552 883 1646 914 totius
1671 883 1873 915 attribuimus
1906 883 2003 924 parti,

1058 933 1105 965 vel
1135 933 1337 972 locutionem,
1367 943 1460 976 quam
1486 934 1652 976 dirigimus
1676 935 1716 967 ad
1744 935 1896 975 animam,
1922 935 2005 967 attri-

128 982 158 1014 ίι.
175 982 220 1014 Ad
244 982 323 1014 illud
340 985 445 1014 autem
470 982 554 1024 quod
572 982 727 1021 obiicitur,
744 983 829 1024 quod
853 989 926 1016 sunt
942 985 992 1016 ab·
1053 985 1180 1017 buimus
1204 986 1267 1018 toti.
1295 986 1329 1018 Et
1353 987 1396 1018 sic
1420 990 1504 1028 patet
1527 987 1638 1019 illud²³.

695 1107 804 1140 DUBlA
829 1108 934 1140 CIRCA
959 1109 1145 1141 LlTTERAM
1170 1110 1351 1142 MAGISTRI.

457 1218 534 1249 Duss.
559 1218 577 1249 l.

128 1323 159 1354 In
184 1326 273 1364 parte
297 1323 355 1354 ista
386 1326 459 1355 sunt
488 1323 699 1356 dubitationes
730 1324 812 1356 circa
837 1324 989 1363 litteram,

42 1378 71 1408 et
93 1375 195 1417 primo
219 1375 382 1407 dubitatur
406 1376 445 1407 de
468 1375 528 1407 hoc
552 1376 637 1417 quod
654 1376 745 1413 dicit,
771 1376 853 1417 quod
879 1377 990 1408 maius

41 1427 103 1460 erit
122 1427 288 1470 yaudium
310 1427 507 1459 Sanctorum
534 1427 569 1459 in
593 1428 841 1460 resurrectione.
859 1429 990 1461 Videtur

41 1481 121 1513 enim
147 1481 228 1513 male
259 1481 381 1519 dicere,
411 1480 484 1522 quia
508 1480 660 1522 gaudium
690 1481 856 1513 Beatorum
889 1485 990 1514 totum

41 1534 178 1566 consistit
201 1533 231 1565 in
257 1533 375 1565 visione
399 1533 472 1572 Dei;
501 1533 556 1565 sed
582 1534 659 1565 visio
684 1534 738 1566 Dei
772 1538 834 1566 tota
858 1539 904 1566 est
929 1535 991 1566 ani-

39 1595 121 1625 mae,
149 1595 210 1618 non
239 1595 422 1627 corporum:
447 1595 522 1627 ergo
547 1586 571 1618 si
604 1586 727 1619 animae
748 1590 821 1619 sunt
852 1587 881 1619 in
907 1590 989 1619 statu

40 1638 325 1680 comprehensionis
351 1642 382 1670 et
399 1639 571 1680 completae
587 1639 729 1677 visionis,
758 1648 831 1680 ergo
849 1639 988 1680 ipsarum

40 1691 187 1733 gaudium
213 1700 376 1733 nunquam
401 1692 578 1732 augebitur.

126 1744 321 1776 Respommo:
347 1744 539 1782 Dicendum,
568 1744 652 1786 quod
674 1744 840 1786 yaudiuin
871 1745 991 1787 augyeri

41 1799 87 1829 est
102 1796 284 1838 dupliciter:
310 1796 360 1828 vel
377 1796 628 1834 numerositate,
654 1797 702 1829 vel
723 1797 900 1829 intensione
924 1797 989 1830 sive

41 1848 231 1891 qualitative.
248 1849 457 1890 Augmentum
475 1848 581 1890 gaudii
606 1852 759 1891 qnantum
777 1850 815 1882 ad
841 1859 990 1882 numero-

40 1902 166 1934 sitatem
183 1911 243 1933 non
270 1893 357 1943 ponit
371 1905 575 1943 augmentum
598 1902 629 1934 in
648 1903 788 1944 praemio
808 1903 988 1942 essentiali,

41 1955 112 1997 quia
135 1954 214 1987 illud
239 1958 286 1987 est
310 1954 340 1986 in
364 1964 428 1987 uno
445 1955 526 1994 solo,
551 1955 605 1987 sed
632 1955 660 1987 in
680 1956 819 1997 praemio
843 1955 989 1987 acciden-

41 2006 117 2045 tali,
149 2007 232 2049 quod
265 2007 406 2039 consistit
436 2007 466 2039 in
497 2007 613 2048 gaudio
645 2008 683 2040 de
708 2008 789 2039 bono
813 2012 933 2046 creato,
959 2011 989 2040 et

40 2059 117 2092 illud
141 2063 242 2101 potest
265 2060 388 2102 augeri,
413 2061 552 2092 maxime
569 2064 722 2102 quantum
750 2061 790 2093 ad
820 2060 988 2099 obiectum,

42 2115 76 2145 ut
98 2113 136 2145 de
161 2112 309 2154 pluribus
333 2113 468 2154 gaudeat
493 2116 567 2145 tunc
591 2122 686 2155 quam
711 2113 809 2155 prius.
827 2132 870 2136 —
894 2113 924 2145 Si
948 2113 990 2145 lo-

42 2174 177 2206 quamur
194 2165 364 2203 intensive,
383 2165 426 2198 sic
443 2175 504 2197 non
521 2169 655 2207 augetur
673 2166 732 2198 nisi
745 2175 806 2207 per
823 2166 987 2204 accidens,

42 2217 113 2260 quia
136 2218 295 2252 inclinatio
311 2218 434 2251 animae
457 2219 497 2251 ad
515 2228 645 2261 corpus,
670 2228 751 2261 quae
768 2219 867 2261 ipsam
893 2222 989 2251 retar-

42 2270 109 2309 dat,
139 2282 154 2300 «
171 2280 210 2303 ne
241 2274 305 2303 tota
328 2271 497 2304 intentione
529 2271 650 2304 seratur
676 2272 705 2303 in
738 2281 899 2304 summum
924 2281 988 2304 cae-

40 2322 130 2355 lum*
147 2335 177 2362 »,
202 2323 273 2362 illa,
298 2323 444 2366 inquam,
469 2324 640 2357 auferetur.
667 2325 701 2357 Et
725 2324 768 2357 sic
793 2327 889 2366 patet,
915 2334 988 2366 quo-

34 2371 133 2409 ¹modo
151 2377 233 2409 istud
250 2380 351 2418 potest
368 2377 497 2419 intelligi
515 2377 692 2419 dupliciter.
708 2397 749 2400 —
765 2377 865 2419 Aliqui
883 2381 987 2410 tamen

41 2438 101 2461 non
117 2429 233 2462 habent
257 2439 313 2471 pro
331 2430 576 2469 inconvenienti,
602 2431 687 2471 quod
703 2430 896 2472 simpliciter
914 2434 988 2462 tunc

35 2476 191 2523 ‘augeatur
215 2485 245 2514 et
261 2482 430 2524 gaudium,
455 2483 527 2524 quia
544 2483 644 2524 magis
668 2483 828 2524 aperietur
845 2483 899 2515 Dei
916 2483 988 2515 Ver-

40 2533 113 2566 bum
138 2534 178 2567 ad
202 2534 464 2574 illuminandum,
489 2539 520 2568 et
543 2545 600 2577 per
625 2545 819 2577 consequens
843 2536 880 2567 ad
907 2535 987 2568 dele-

35 2581 184 2619 ctandum
199 2587 221 2619 ⁵.

445 2694 521 2726 Duss.
539 2694 571 2725 11.

127 2798 201 2831 Item
226 2799 390 2840 quaeritur
407 2799 445 2832 de
463 2799 521 2832 boc
538 2799 622 2841 quod
640 2799 731 2838 dicit,
752 2799 834 2840 quod
853 2799 986 2830 animas

41 2849 160 2883 abditis
182 2851 396 2893 receptaculis
421 2855 502 2884 tenet
508 2863 520 2890 ;
537 2851 712 2894 quaeritur,
730 2861 786 2893 pro
810 2855 927 2893 quanto
944 2851 986 2883 di-

42 2907 149 2936 cantur
172 2904 286 2937 abdita
309 2905 525 2947 receptacula.

1126 1221 1177 1263 *Et
1205 1221 1392 1260 dicendum,
1424 1221 1508 1263 quod
1540 1222 1738 1263 receptacula
1769 1222 1822 1253 illa
1854 1222 2003 1255 dicuntur
2018 1234 2082 1261 Resp.

1055 1272 1180 1311 abolita,
1205 1282 1264 1305 non
1301 1274 1374 1315 quia
1411 1274 1472 1306 sint
1505 1274 1566 1306 alia
1598 1275 1795 1316 receptacula
1826 1275 2004 1307 animarum

1055 1334 1138 1358 nunc
1169 1330 1199 1357 et
1222 1330 1291 1366 post
1314 1326 1481 1366 iudicium,
1505 1327 1559 1359 sed
1585 1327 1658 1368 quia
1689 1327 1798 1359 eadem
1824 1337 1907 1360 nunc
1931 1331 2004 1360 sunt

1055 1377 1144 1409 nobis
1161 1378 1332 1419 incognita,
1357 1379 1411 1411 sed
1429 1383 1499 1420 post
1523 1379 1674 1411 iudicium
1692 1383 1722 1411 et
1740 1381 2003 1413 resurrectionem

1055 1434 1147 1462 erunt
1171 1431 1260 1462 nobis
1283 1434 1364 1463 nota.
1391 1450 1430 1453 ——
1458 1431 1487 1463 Si
1512 1435 1616 1464 antem
1642 1436 1814 1473 quaeratur
1844 1433 1937 1471 ratio;
1961 1433 2005 1465 di·
2018 1443 2088 1465 flauo.

1055 1483 1207 1521 cendum,
1232 1484 1316 1524 quod
1344 1484 1424 1515 ratio
1448 1484 1544 1516 huius
1568 1488 1632 1522 est,
1661 1488 1697 1516 ut
1719 1484 1799 1524 fides
1824 1483 1942 1517 habeat
1964 1485 2004 1517 lo-

1055 1545 1149 1574 cuni,
1175 1545 1254 1578 quae
1278 1542 1324 1569 est
1349 1536 1387 1569 de
1412 1546 1472 1568 non
1498 1536 1590 1576 visis3
1615 1537 1699 1569 unde
1733 1547 1892 1569 meremur
1916 1542 1946 1570 et
1973 1539 2004 1570 in

1055 1589 1211 1621 credendo
1228 1589 1409 1630 paradisum
1439 1593 1469 1621 et
1493 1590 1523 1621 in
1551 1590 1707 1622 credendo
1732 1590 1907 1629 infernum,
1931 1600 2003 1623 cum

1055 1642 1115 1673 iam
1141 1651 1200 1673 non
1227 1641 1399 1674 videamus.
1432 1642 1528 1674 Beati
1561 1642 1646 1674 enini
1671 1643 1729 1685 qui
1755 1652 1819 1674 non
1850 1643 2004 1675 viderunt

1054 1698 1081 1725 et
1106 1693 1350 1725 cmcliderunffl.
1369 1713 1411 1717 —-
1427 1694 1491 1726 Non
1516 1698 1638 1726 tantum
1667 1699 1714 1727 est
1737 1699 1843 1727 autem
1868 1696 1907 1727 ad
1931 1695 2004 1727 fidei

1054 1747 1221 1784 meritum,
1246 1746 1300 1778 sed
1325 1746 1417 1778 etiam
1442 1747 1480 1779 ad
1504 1746 1714 1788 probandum
1743 1746 1926 1779 humanum
1956 1746 2005 1789 af-

1053 1797 1192 1840 fectum;
1213 1798 1297 1830 unde
1321 1799 1420 1830 voluit
1441 1799 1609 1838 Dominus,
1634 1800 1718 1841 quod
1737 1809 1821 1832 mors
1845 1804 1951 1832 nostra
1969 1801 2005 1833 si-

1054 1850 1137 1882 milis
1160 1855 1241 1882 esset
1267 1851 1357 1882 morti
1377 1851 1566 1890 bestiarum,
1590 1854 1625 1883 ut
1645 1852 1794 1893 probaret
1818 1853 1913 1885 corda
1930 1853 2004 1884 filio-

1053 1912 1125 1935 rum
1150 1904 1312 1936 hominum
1331 1904 1352 1935 ⁷.

1453 2009 1529 2042 Duo.
1554 2009 1600 2041 Ill.

1142 2114 1215 2146 item
1241 2114 1404 2155 quaeritur
1428 2115 1467 2147 de
1492 2115 1549 2148 boc
1574 2116 1657 2158 quod
1679 2116 1766 2156 dicit,
1792 2118 1874 2159 quod
1899 2118 2002 2150 sacri-

1051 2165 1126 2207 ficio
1150 2166 1299 2198 salutari
1321 2176 1384 2198 non
1417 2171 1462 2199 est
1487 2167 1624 2200 dubium
1652 2172 1800 2200 mortuos
1830 2170 1999 2202 adiuvari.

1052 2218 1183 2251 Videtur
1207 2220 1289 2252 enim
1314 2220 1427 2252 falsum
1445 2220 1565 2259 dicere,
1590 2221 1664 2262 quia
1681 2221 1869 2254 sacrificium
1893 2222 2001 2255 altaris

1052 2275 1098 2304 est
1116 2272 1351 2304 Sacramentum
1370 2273 1540 2312 Ecclesiae,
1558 2274 1612 2306 sed
1631 2274 1830 2307 Sacramenta
1849 2275 2000 2309 Ecclesiae

1052 2334 1112 2356 non
1131 2328 1263 2366 prosunt
1287 2325 1344 2357 nisi
1364 2325 1393 2357 in
1419 2329 1499 2357 statu
1518 2325 1658 2358 viatoris:
1685 2336 1759 2368 ergo
1776 2331 1832 2359 etc.
1850 2347 1893 2350 —
1909 2328 1998 2368 Item,
2013 2335 2111 2383 Qgffisgo
2127 2336 2158 2356 in-

1052 2377 1215 2418 quaeritur
1242 2377 1330 2408 iuxta
1352 2377 1422 2409 hoc:
1447 2387 1519 2409 cum
1544 2378 1605 2409 alia
1626 2378 1825 2411 Sacramenta
1849 2389 1908 2411 non
1933 2389 2002 2421 pro·
2104 2378 2108 2382 ’

1052 2430 1112 2462 sint
1136 2433 1205 2471 post
1223 2434 1373 2469 mortem,
1397 2431 1481 2462 unde
1498 2435 1558 2469 est,
1580 2431 1664 2473 quod
1681 2431 1740 2464 hoc
1765 2433 2001 2465 Sacramentum

1051 2482 1159 2514 altaris
1183 2483 1333 2523 prodest?

1140 2535 1339 2567 Responnno:
1367 2536 1557 2575 Dicendum,
1582 2537 1665 2578 qnod
1690 2537 1780 2569 aliter
1805 2538 1931 2579 prodest
1953 2539 2002 2570 Sa·
2017 2545 2115 2576 Notauqa
2130 2546 2161 2566 di·

1051 2591 1244 2619 cramentum
1268 2587 1375 2620 altar1s
1400 2588 1495 2627 vivis,
1520 2589 1609 2621 aliter
1633 2590 1783 2622 mortuis.
1808 2591 1894 2623 Vivis
1918 2591 2000 2623 euim
2029 2574 2121 2593 mem

1051 2641 1178 2681 prodest
1202 2641 1261 2672 sub
1282 2642 1401 2673 ratione
1419 2641 1629 2674 Sacranzenti
1643 2646 1674 2674 et
1697 2643 1775 2682 cibi,
1800 2644 1933 2676 mortuis
1950 2653 2001 2676 au-

1051 2697 1111 2725 tem
1131 2693 1258 2734 prodest
1275 2693 1334 2725 sub
1359 2694 1478 2726 ratione
1494 2694 1665 2736 sacrificii.
1690 2696 1721 2726 ln
1739 2699 1891 2737 quantum
1917 2697 2000 2729 enim

1051 2745 1304 2778 Sacramentum
1329 2750 1391 2785 est,
1416 2747 1498 2779 cibat
1515 2751 1544 2779 et
1561 2748 1615 2779 dat
1639 2748 1769 2789 gratiam
1788 2752 1817 2781 et
1840 2749 2001 2790 perfectio-

1051 2806 1121 2830 nem
1155 2798 1365 2830 manducanti.
1391 2799 1421 2831 ln
1455 2803 1607 2841 quantum
1636 2804 1741 2832 autem
1774 2801 1999 2843 sacrificium,

1050 2851 1149 2882 Deum
1168 2850 1283 2891 placat;
1300 2851 1419 2883 hostiae
1433 2852 1515 2883 enim
1529 2852 1652 2893 placant
1667 2853 1693 2890 Β;
1710 2857 1740 2885 et
1756 2854 1904 2895 quoniam
1918 2854 2000 2887 Deus

1051 2904 1149 2935 iratus
1181 2908 1244 2939 est,
1274 2913 1334 2935 non
1366 2903 1544 2946 affectione,
1569 2906 1623 2937 sed
1647 2915 1768 2947 poenae
1800 2906 1997 2948 inflictione:

109 3079 117 3095 ¹
137 3079 199 3106 Cod.
219 3081 240 3106 X
264 3081 360 3114 facere,
379 3081 521 3108 sanitatem
540 3081 575 3107 in.

108 3123 119 3140 ²
137 3124 183 3150 Hic
201 3125 226 3150 in
247 3125 281 3151 lit.
301 3132 322 3151 c.
343 3126 372 3158 6,
393 3125 437 3151 ubi
459 3127 535 3151 etiam
556 3126 589 3151 de
608 3133 661 3158 seq.
682 3126 756 3151 solut.

110 3166 120 3183 ³
139 3169 202 3194 Vide
228 3170 341 3194 scholIon
362 3170 395 3195 ad
417 3170 439 3194 4,
459 3171 536 3195 liuius
556 3172 600 3194 art.
622 3172 720 3202 quaest.
741 3183 774 3186 —
794 3169 918 3200 Superius
930 3171 988 3199 post

40 3209 80 3235 vel
92 3211 147 3236 cod.
162 3212 182 3236 G
196 3212 267 3238 addit
277 3213 374 3246 potius,
389 3213 460 3246 quod
473 3213 532 3239 edd.
547 3212 629 3238 verbo
648 3211 819 3238 attribuimus
833 3211 987 3243 praefigunt.

108 3253 119 3270 ⁴
137 3255 168 3280 Ut
187 3255 248 3281 dicit
266 3258 386 3288 August„
409 3257 460 3281 Xll.
481 3257 513 3282 de
533 3257 595 3281 Gen.
615 3256 647 3281 ad
667 3256 701 3280 lit.
721 3262 742 3280 0.
764 3256 806 3280 35.
828 3263 852 3280 n.
872 3256 915 3280 68.
937 3255 986 3280 Csr.

42 3303 117 3329 supra
136 3306 196 3331 pag.
216 3301 280 3332 892,
300 3303 358 3326 nota
379 3302 402 3326 6.
423 3315 455 3318 —
476 3301 524 3325 Pro
544 3301 597 3326 tota
626 3299 768 3325 intentione
797 3299 885 3330 plures
910 3299 986 3324 codd.

42 3341 82 3366 vel
101 3343 154 3368 tota
172 3343 331 3375 intensione,
353 3345 395 3370 vel
423 3343 565 3370 intentione
585 3343 764 3375 (intensione),
780 3343 821 3368 vel
841 3342 984 3375 intensive,

42 3384 97 3410 Vat.
115 3385 252 3414 intensius.
274 3388 337 3414 Edd.
357 3391 551 3421 prosequuntur
570 3394 652 3421 quam
671 3387 699 3413 in
718 3386 809 3419 illam,
829 3387 964 3420 aufertur.

1121 3080 1132 3096 5
1151 3080 1280 3105 Csr.1'ns1·a
1296 3080 1320 3105 d.
1337 3080 1377 3105 49.
1392 3088 1417 3112 p.
1433 3081 1457 3105 ll.
1472 3082 1550 3106 sectio
1571 3082 1594 3106 rl.
1614 3089 1636 3106 a.
1659 3083 1681 3106 ι1.
1702 3089 1725 3114 q.
1748 3083 1770 3113 l,
1790 3082 1822 3107 ad
1843 3089 1921 3114 quam
1941 3083 1998 3109 dist.

1051 3127 1102 3149 tam
1117 3124 1140 3148 S.
1157 3124 1248 3148 Thom.
1263 3131 1341 3156 quam
1356 3124 1474 3149 Ricliard.
1495 3132 1509 3149 a
1529 3125 1602 3156 Med„
1623 3129 1746 3156 ponentes
1772 3126 1841 3150 idem
1865 3126 1927 3151 dub.
1942 3126 1999 3158 (hic

1052 3168 1117 3193 circa
1138 3168 1191 3199 lit),
1213 3168 1333 3193 lectorem
1353 3171 1483 3193 revocant.
1779 3170 1789 3186 ⁶
1808 3170 1874 3194 ioan.
1895 3171 1936 3201 20,
1957 3172 1997 3196 29.

1121 3211 1131 3227 ⁷
1151 3212 1294 3242 Respicitur
1313 3212 1392 3237 Eccle.
1414 3212 1443 3242 3,
1468 3213 1504 3236 18.
1531 3219 1593 3244 seq.⁷
1618 3220 1697 3244 supra
1727 3220 1787 3244 pag.
1808 3214 1873 3245 887,
1896 3217 1953 3239 nota
1974 3216 1998 3240 2.

1050 3255 1198 3287 allegatum.
1217 3269 1252 3274 —
1271 3255 1340 3280 ldem
1361 3256 1422 3281 dub.
1443 3256 1517 3281 solvit
1541 3256 1661 3281 Ricliard.
1685 3264 1697 3281 a
1719 3257 1793 3289 Med,
1816 3258 1856 3282 liic
1875 3258 1940 3283 eirca
1962 3258 1996 3284 lit.

1121 3299 1132 3315 8
1152 3299 1229 3324 Exod.
1246 3300 1286 3331 ⁴29,
1302 3294 1347 3324 33:
1363 3299 1392 3324 Ut
1406 3300 1438 3325 sit
1450 3299 1574 3331 placabile
1588 3300 1742 3325 sacrificium
1761 3303 1823 3331 etc.;
1838 3301 1911 3326 Num.
1926 3301 1951 3333 5,
1967 3302 1998 3327 8:

1052 3343 1082 3368 Ut
1101 3344 1132 3368 sit
1157 3343 1288 3374 placabilis
1308 3344 1397 3368 hostia.
1418 3357 1451 3361 —
1471 3343 1585 3369 Subinde
1609 3351 1657 3375 pro
1676 3343 1721 3369 sed
1736 3350 1837 3377 poenae
1855 3344 1999 3378 inflictione

1051 3386 1110 3412 edd.
1130 3386 1293 3419 inflectionis.
