2483 3882
700 251 793 283 DIST.
819 250 971 284 XXXV111.
994 250 1077 283 ART.
1101 250 1133 282 11.
1158 250 1311 292 QUAEST.
1335 250 1355 282 i.

47 343 112 373 tum
128 339 168 371 ad
185 342 308 378 votum,
325 340 472 382 quoniam
489 343 598 372 votum
616 339 742 381 respicit
757 339 885 381 aliquod
902 348 991 381 opus,

45 395 190 433 respectu
221 391 312 424 cuius
346 392 528 434 frequenter
560 392 694 424 liberum
727 391 894 423 arbitrium
930 400 991 423 non

45 444 139 478 hahet
157 453 272 485 posse,
296 444 345 476 vel
370 444 409 476 de
431 443 541 486 facto,
566 444 616 476 vel
639 444 732 476 etiam
757 444 796 476 de
820 444 903 475 iure.

133 496 163 528 3.
185 496 229 528 Ad
253 496 332 528 illud
357 497 441 538 quod
465 496 626 535 obiicitur,
643 496 728 537 quod
745 496 892 528 omnibus
908 498 993 537 patet

44 549 95 582 via
118 548 245 585 salutis;
269 547 453 586 dicendum,
471 548 556 590 quod
581 557 693 580 verum
710 551 757 580 est
780 551 933 589 quantum
951 548 992 580 ad

44 610 81 634 ea
103 609 184 643 quae
207 603 280 633 sunt
302 601 486 642 praecepti,
511 609 573 632 non
605 603 759 642 quantum
783 600 823 632 ad
848 608 884 632 ea
912 609 993 642 quae

44 657 117 687 sunt
139 653 460 696 supererogationis,
477 661 559 695 quae
582 653 755 694 respiciunt
772 655 872 685 status
893 652 994 685 diver-

44 716 108 746 sos,
132 706 248 748 quibus
271 706 368 748 aliqui
393 710 466 738 sunt
489 706 567 747 apti,
591 705 686 747 aliqui
712 714 788 738 vero
812 706 950 737 minime.

131 760 161 792 li.
185 759 229 792 Ad
253 759 332 791 illud
364 759 448 800 quod
480 758 643 797 obiicitur,
672 759 757 800 quod
789 767 897 790 omnes
929 766 996 799 pos-

1942 251 2004 282 819

1056 343 1130 371 sunt
1153 338 1316 380 concipere
1339 341 1369 370 et
1393 338 1617 371 deliberatione
1649 338 1776 370 firmare
1785 350 1794 376 ;
1818 337 2005 376 dicendum,

1056 392 1159 433 quod,
1183 391 1263 424 sicut
1290 391 1458 433 superius¹
1483 390 1601 423 dictum
1627 394 1690 430 est,
1715 390 1851 422 firmatio
1881 390 1936 422 illa
1959 392 2006 423 est
2021 397 2148 419 Notandum.

1056 453 1113 486 per
1142 443 1398 485 promissionem3
1423 452 1484 475 non
1508 447 1613 475 autem
1638 443 1739 475 omnis
1764 442 1929 484 promissio
1957 442 2008 474 fir-

1057 499 1122 528 mat
1137 496 1196 529 nisi
1213 496 1379 537 promissio
1395 496 1593 537 obligatoria3
1610 496 1698 528 nulla
1713 500 1819 528 autem
1841 495 2008 537 promissio

1057 553 1104 581 est
1134 549 1335 589 obligatoria,
1361 549 1417 581 nisi
1450 557 1531 590 quae
1563 549 1597 580 fit
1627 548 1667 580 ab
1698 557 1734 581 eo
1766 548 1820 590 qni
1851 551 1952 590 potest
1976 557 2008 581 se

1057 601 1213 642 obligare,
1231 604 1261 633 et
1278 601 1347 633 talis
1364 605 1409 633 est
1426 601 1545 642 proprii
1563 602 1642 634 iuris
1658 605 1802 642 respectu
1821 601 1904 634 illius
1923 601 2008 643 quod

1058 663 1173 686 vovere
1197 654 1307 692 debet;
1331 658 1361 686 et
1392 655 1466 696 quia
1497 663 1557 686 non
1589 663 1698 686 omnes
1722 658 1795 686 sunt
1819 654 1912 693 tales,
1938 654 2007 686 ideo

1058 715 1120 737 non
1145 705 1285 738 omnium
1310 709 1357 738 est
1380 715 1512 745 vovere,
1537 707 1592 739 sed
1617 706 1744 738 illorum
1773 706 2008 745 tantummodo,

1060 758 1113 799 qui
1140 758 1197 790 hoc
1222 757 1373 790 habent².

861 894 1126 933 ARTICULUS
1154 895 1197 932 11.

848 983 894 1015 De
916 983 984 1015 voti
1006 982 1211 1025 obliyatione.

132 1095 365 1137 Consequenter
388 1098 542 1137 quantum
566 1095 605 1127 ad
623 1094 798 1127 secundum
823 1094 993 1126 articulum

43 1148 207 1190 quaeritur
231 1148 269 1180 de
295 1148 356 1180 voti
381 1148 586 1189 obligatione,
604 1151 634 1180 et
651 1147 734 1179 eirca
753 1147 811 1179 boo
828 1146 887 1179 tria
904 1155 996 1188 quae-

44 1204 168 1234 runtur.

132 1253 235 1285 Primo
260 1253 423 1295 quaeritur
448 1253 486 1285 de
518 1252 707 1294 obligatione
739 1253 802 1284 voti
835 1261 890 1294 per
915 1261 995 1284 eom-

1060 1094 1255 1135 parationem
1279 1094 1319 1126 ad
1345 1094 1534 1126 matrimonii
1559 1095 1811 1127 contractionem.

1150 1147 1293 1179 Secundo
1302 1173 1309 1186 ,
1322 1156 1379 1189 per
1392 1147 1655 1189 comparationem
1669 1148 1708 1180 ad
1722 1149 2007 1180 commutationem.

1150 1199 1270 1239 Tertio,
1295 1209 1351 1242 per
1374 1201 1638 1242 comparationem
1663 1201 1703 1233 ad
1735 1201 2011 1242 dispensationem.

917 1376 1100 1418 QUAESTIO
1125 1377 1145 1408 1.

426 1475 544 1507 Utrum
567 1479 677 1507 votum
703 1474 919 1507 continentiae
943 1474 1120 1516 impediat,
1144 1474 1193 1506 vel
1216 1475 1357 1508 dirimat
1378 1476 1639 1508 matrimonium.

133 1587 291 1627 Quantum
320 1595 395 1628 ergo
427 1586 466 1618 ad
498 1585 636 1627 primum
670 1586 713 1618 sic
742 1586 942 1627 proceditur;
967 1589 996 1618 et

45 1638 206 1680 supposito
218 1664 225 1677 ,
241 1638 326 1680 quod
343 1642 450 1670 votum
468 1638 676 1670 continentiae
699 1638 921 1670 universaliter
942 1638 996 1670 im-

44 1691 150 1733 pediat
173 1691 427 1730 matrimonium,
445 1694 475 1723 et
498 1692 581 1733 quod
607 1695 714 1724 votum
738 1691 878 1723 solemne
902 1692 996 1733 impe-

43 1743 107 1776 diat
120 1744 370 1776 contrabendum
388 1748 418 1776 et
435 1744 562 1776 dirimat
579 1744 640 1776 iam
658 1744 872 1777 contractum³
883 1757 890 1782 ;
903 1753 996 1786 quae-

1 1795 123 1828 m-ritur
155 1796 194 1828 de
226 1799 298 1828 voto
328 1795 491 1837 simplici,
523 1799 633 1828 utrum
664 1796 704 1828 sit
734 1796 994 1837 impedimentum

43 1849 243 1887 rescindens,
268 1849 333 1881 sive
366 1849 543 1890 impediens
571 1848 817 1881 matrimonium.
843 1849 878 1881 Et
909 1850 993 1891 quod

43 1912 107 1935 non
132 1903 291 1935 dirimat:

134 1957 161 1987 1.
186 1955 265 1987 Dicit
281 1954 473 1987 Caelestinus
490 1954 585 1996 Papa,
611 1955 721 1993 Extra,
737 1954 777 1986 de
800 1955 994 1988 voventibus

0 2010 76 2040 :taet
99 2007 268 2047 ordinatis,
285 2007 368 2049 quod
393 2016 454 2039 non
479 2010 610 2049 possunt
626 2008 812 2040 contrahere
837 2008 995 2040 matrimo-

43 2060 131 2092 nium
143 2059 163 2099 ⁴¹,
180 2061 312 2092 Rursus
337 2059 473 2102 quidum
495 2062 563 2099 ete,
580 2060 666 2102 quod
693 2064 833 2092 «votum
857 2061 993 2102 simplex

43 2112 174 2155 impedit
205 2112 471 2153 contrahendum„
501 2113 557 2145 sed
588 2122 650 2145 non
680 2112 799 2145 dirimit
830 2113 893 2145 iam
926 2122 995 2146 con-

40 2169 176 2198 tractum
193 2177 224 2197 ».

129 2219 159 2250 2.
177 2218 267 2257 Item,
284 2227 345 2250 non
363 2218 463 2259 magis
479 2217 596 2260 obligat
613 2221 720 2250 votum
744 2218 880 2260 simplex
897 2228 993 2261 quam

40 2270 253 2303 iuramentum
264 2283 272 2309 ;
297 2271 352 2303 sed
369 2271 583 2303 iuramentum
601 2280 662 2303 non
681 2271 811 2313 impedit
836 2273 995 2305 matrimo-

40 2324 143 2363 nium,
166 2324 207 2356 ita
233 2327 269 2356 ut
293 2324 421 2356 dirimat
446 2324 506 2356 iam
531 2328 743 2357 contractum:
769 2334 845 2367 ergo
868 2330 926 2358 etc.

130 2376 159 2409 3.
183 2377 277 2416 Item,
302 2377 328 2409 si
352 2379 461 2409 votum
490 2377 628 2418 simplex
656 2378 890 2409 matrimonium
922 2378 994 2410 diri-

41 2432 158 2467 meret;
190 2437 261 2460 cum
291 2432 400 2461 votum
426 2429 502 2461 illud
533 2429 572 2461 sit
596 2429 771 2467 oecultum,
799 2433 830 2461 et
860 2429 993 2471 quilibet

40 2481 138 2522 possit
160 2481 326 2521 simulare,
343 2490 375 2514 se
392 2482 533 2520 vovisse,
550 2482 815 2524 quandocumque
837 2482 991 2514 malitiose

41 2534 119 2567 alter
141 2535 310 2576 coniugum
329 2534 437 2573 vellet,
454 2537 559 2576 posset
580 2534 815 2567 matrimonium
834 2535 994 2576 separari⁵

42 2587 135 2620 etiam
160 2587 346 2629 legitimum.

127 2640 158 2672 lt.
182 2640 273 2679 Item,
303 2639 444 2679 videtur,
469 2639 556 2681 quod
579 2639 670 2672 nullo
694 2640 790 2672 modo
815 2640 992 2682 impediat,

42 2691 100 2724 sic:
126 2692 206 2724 sieut
230 2701 262 2724 se
286 2692 382 2724 habet
405 2692 643 2725 matrimonium
674 2696 927 2725 consummatum
952 2693 990 2724 ad

41 2747 149 2776 votum
174 2744 427 2784 solemnizatum,
452 2745 495 2777 ita
512 2746 748 2777 matrimonium
773 2754 835 2777 non
852 2754 994 2777 consum-

42 2799 161 2829 matum
185 2797 224 2829 ad
249 2800 358 2830 votum
382 2806 444 2829 non
469 2797 725 2836 solemnizatnm3
757 2798 811 2830 sed
836 2798 993 2830 matrimo-

42 2848 128 2881 nium
153 2858 213 2881 non
239 2853 491 2882 consummatum
522 2859 584 2882 non
607 2850 739 2893 impedit
768 2854 894 2890 votum,
918 2859 994 2892 ergo

113 3030 122 3046 ¹
142 3030 245 3062 Quaest.
261 3032 283 3056 sl.
298 3032 324 3056 in
338 3038 408 3064 corp.
423 3033 447 3057 et
460 3032 493 3058 ad
508 3032 531 3057 ·Ι.
546 3045 582 3051 -
594 3033 702 3058 Inferius
715 3040 763 3064 pro
776 3032 824 3059 illa
837 3035 874 3059 est
888 3033 945 3059 cod,
958 3033 994 3059 bb

42 3071 91 3099 illst
109 3073 147 3107 fit.

112 3117 123 3134 ²
142 3118 207 3143 Vide
226 3119 341 3145 scholion
361 3120 394 3144 ad
415 3120 439 3144 sl.
460 3121 537 3145 huius
556 3120 655 3145 articuli
675 3124 773 3152 quaest.

113 3161 125 3178 ³
143 3161 193 3188 Cfr.
212 3163 254 3188 hie
279 3164 313 3189 lit.
339 3164 466 3195 Magistri,
492 3170 514 3189 c.
541 3165 565 3189 2.
586 3178 620 3182 —
638 3164 745 3189 inferius
770 3171 818 3196 pro
843 3164 995 3191 rescindens

44 3204 119 3230 codd.
138 3206 214 3233 ELN
225 3207 288 3233 Yaa
307 3207 435 3239 irritans,
458 3207 535 3233 codd.
557 3208 612 3233 KV
632 3207 768 3233 dirimens.

113 3248 124 3266 ⁴
142 3250 210 3276 Libr.
231 3251 271 3277 lV.
292 3252 328 3277 tit.
349 3252 380 3284 6,
402 3253 446 3284 qui
466 3259 535 3277 nune
553 3251 718 3277 inscribitur:
742 3261 754 3275 α
768 3252 818 3284 Qui
843 3253 927 3278 clerici
953 3253 994 3278 vel

43 3296 168 3319 voventes
194 3296 390 3321 matrimonium
418 3296 569 3321 contrahere
597 3299 748 3327 possunt»,
776 3303 797 3321 e.
823 3296 853 3328 6,
883 3296 954 3329 quod
980 3304 994 3322 a

44 3336 120 3362 codd.
139 3340 165 3363 et
179 3338 223 3363 ed.
244 3339 254 3363 i
279 3338 400 3364 tribuitur
418 3338 546 3365 Clementi
556 3339 642 3372 (idem
656 3340 766 3364 recurrit
779 3339 843 3364 intra
861 3340 885 3365 in
901 3341 924 3365 2.
939 3347 994 3371 arg.

44 3380 77 3405 ad
96 3382 207 3414 oppos).
226 3381 276 3408 Cir.
296 3382 359 3407 ibid.
380 3381 406 3407 C.
428 3381 568 3408 Consuluit
586 3381 645 3415 (4.).

1060 1595 1117 1619 nec
1140 1586 1275 1618 dirimit:
1301 1595 1376 1628 ergo
1400 1590 1509 1619 votum
1527 1596 1587 1619 non
1612 1588 1851 1621 solemnizatum
1876 1599 1938 1622 non
1957 1590 2011 1622 im-

1061 1639 1147 1679 pedit
1169 1647 1226 1671 nec
1251 1639 1370 1670 dirimit
1395 1639 1641 1671 matrimonium.

1148 1692 1207 1722 Seu
1231 1700 1370 1724 CONTRA:
1399 1693 1425 1723 l.
1444 1692 1544 1731 Ratio,
1568 1701 1667 1734 quare
1685 1696 1791 1725 votum
1817 1694 1966 1727 rescindit
1982 1699 2012 1728 et
2026 1706 2059 1727 Ad
2074 1708 2160 1734 opposi-

1060 1743 1179 1776 dirimit
1203 1744 1454 1783 matrimonium,
1483 1747 1518 1777 ut
1542 1745 1617 1777 dicit
1640 1745 1784 1787 Magister
1817 1747 1848 1778 in
1876 1747 1980 1780 littera
1992 1748 2012 1787 ⁶,
2068 1735 2119 1754 ‘⁰¹¹¹'

1059 1801 1123 1835 est,
1147 1797 1221 1838 quia
1251 1797 1469 1830 «voventibus
1485 1807 1546 1829 non
1571 1798 1675 1830 solum
1692 1798 1822 1838 nubere,
1846 1800 1901 1832 sed
1918 1800 2011 1833 etiam

1059 1849 1139 1881 velle
1164 1849 1284 1882 nubere
1307 1853 1354 1881 est
1379 1850 1557 1882 damnabile
1573 1862 1609 1889 »3
1633 1853 1664 1882 et
1687 1851 1761 1892 quia
1784 1852 1913 1893 nuptiae
1941 1857 2013 1885 sunt

1058 1902 1103 1934 eis
1127 1902 1339 1942 damnabiles,
1365 1902 1435 1934 ideo
1458 1902 1643 1943 irritantur;
1668 1903 1723 1936 sed
1747 1903 1806 1936 hoe
1823 1913 1885 1936 non
1910 1905 2012 1937 solum

1058 1955 1089 1986 in
1114 1958 1186 1987 voto
1211 1955 1341 1988 solemni
1359 1959 1421 1993 est,
1446 1956 1501 1988 sed
1518 1956 1612 1988 etiam
1638 1956 1667 1988 in
1686 1956 1837 1998 simplici:
1863 1966 1938 1999 ergo
1954 1961 2011 1991 etc.

1147 2010 1177 2040 2.
1201 2008 1292 2046 Item,
1309 2008 1502 2041 Caelestinus
1527 2009 1602 2041 dicit
1618 2012 1649 2041 et
1671 2009 1842 2042 auctoritas
1859 2009 1890 2041 in
1907 2010 2011 2043 decre-

1058 2060 1111 2092 tali
1129 2061 1303 2102 praemissa
1315 2062 1336 2100 ⁷,
1362 2061 1446 2103 quod
1470 2061 1585 2103 «apud
1610 2061 1710 2093 Deum
1727 2070 1789 2093 non
1816 2062 1918 2094 minus
1938 2062 2012 2094 obli-

1059 2116 1110 2154 gat
1134 2117 1241 2146 votum
1268 2113 1403 2155 simplex
1425 2123 1521 2155 quam
1546 2118 1654 2154 votum
1679 2114 1818 2146 solemne
1830 2126 1864 2146 »:
1888 2115 1912 2147 si
1938 2124 2012 2157 ergo

1058 2175 1120 2197 non
1144 2166 1249 2198 minus
1273 2166 1407 2208 obligat;
1432 2175 1504 2199 eum
1534 2166 1681 2208 obligatio
1706 2167 1768 2199 voti
1801 2167 1949 2200 solemnis
1973 2168 2011 2200 ir-

1058 2219 1131 2252 ritet
1154 2219 1408 2258 matrimonium,
1433 2219 1574 2259 videtur,
1598 2220 1682 2262 quod
1716 2223 1747 2252 et
1770 2220 1917 2262 obligatio
1949 2221 2012 2253 voti

1058 2272 1219 2313 simplicis.

1147 2324 1177 2356 3.
1202 2325 1292 2364 Item,
1316 2325 1370 2367 qui
1398 2328 1471 2358 voto
1503 2326 1635 2367 simplici
1665 2329 1758 2359 vovet
1789 2326 2011 2359 continentiam

1057 2380 1181 2409 tenetur
1209 2386 1372 2419 nunquam
1405 2378 1508 2410 coire:
1533 2387 1608 2420 ergo
1641 2379 1901 2421 quotiescumque
1933 2379 2011 2419 coit,

1057 2433 1165 2471 peccat
1189 2430 1380 2469 mortaliter,
1397 2431 1451 2463 sed
1477 2431 1585 2463 nullus
1601 2434 1702 2473 potest
1726 2431 1857 2473 obligari
1875 2432 1914 2464 ad
1934 2441 2012 2464 mor-

1058 2482 1119 2514 tale
1143 2486 1322 2524 peceatum:
1356 2491 1431 2524 ergo
1460 2492 1532 2515 eum
1564 2483 1800 2515 matrimonium
1832 2483 1948 2526 obliget
1971 2483 2011 2516 ad

1058 2535 1190 2573 coitum,
1214 2535 1272 2567 iste
1295 2544 1357 2566 non
1381 2539 1483 2577 potest
1506 2535 1638 2577 obligari
1662 2536 1871 2568 matrimonio.

1147 2588 1221 2619 ltem
1247 2596 1383 2628 quaere,
1408 2597 1507 2629 quare
1530 2588 1628 2629 magis
1653 2592 1761 2620 votum
1786 2589 1925 2622 solemne
1947 2598 2009 2622 ma·
2024 2605 2172 2632 Quaesitum-

1057 2639 1240 2672 trimonium
1273 2639 1401 2671 dirimat
1429 2649 1523 2681 quam
1552 2640 1697 2682 simplex.
1728 2640 1766 2672 Si
1798 2641 1908 2680 dieas,
1936 2643 2010 2684 quia
2038 2632 2120 2654 emens.

1057 2691 1234 2733 privatum,
1259 2696 1289 2724 et
1320 2692 1390 2724 ideo
1414 2701 1475 2724 non
1500 2693 1690 2725 scandalizat
1719 2703 1776 2726 nec
1808 2698 1910 2736 potest
1941 2704 2013 2737 pro-

1057 2744 1166 2783 bari³;
1191 2750 1308 2776 eontra
1335 2745 1395 2777 hoc
1426 2748 1490 2784 est,
1515 2746 1589 2787 quia
1624 2746 1860 2779 matrimonium
1892 2752 2012 2780 eontra-

1058 2801 1142 2829 ctum
1161 2797 1191 2828 in
1216 2798 1359 2830 clanculo
1376 2798 1420 2830 sic
1444 2798 1546 2830 irritat
1563 2799 1799 2831 matrimonium
1820 2809 1954 2842 sequens
1972 2801 2011 2833 de

1057 2851 1152 2889 facto,
1176 2850 1257 2883 sicut
1281 2854 1474 2883 contractum
1505 2851 1536 2883 in
1570 2851 1742 2884 manifesto.
1769 2853 1802 2884 Et
1822 2857 2010 2894 praeterea,

1128 3033 1139 3050 5
1158 3033 1220 3059 Cod.
1241 3034 1259 3058 E
1278 3040 1413 3066 separare.

1130 3078 1141 3094 ⁶
1159 3079 1205 3103 Hic
1224 3085 1246 3103 c.
1269 3079 1293 3103 2.
1313 3092 1347 3096 -—
1366 3079 1424 3103 Post
1442 3079 1494 3109 est,
1515 3078 1585 3110 quod
1605 3079 1629 3103 in
1649 3079 1769 3110 plurimis
1788 3079 1864 3104 codd.
1885 3081 1910 3104 et
1928 3080 1970 3106 ed.
1992 3081 2001 3105 l

1059 3121 1232 3152 desideratur,
1254 3122 1310 3147 Vnt.
1331 3121 1402 3147 addit
1420 3123 1445 3147 et
1462 3121 1575 3147 habetur
1593 3120 1644 3149 27.
1658 3121 1717 3148 dist.
1734 3121 1760 3148 G.
1778 3122 1935 3149 Voventibus
1949 3123 2007 3157 (4.),

1059 3165 1109 3191 Cfr.
1134 3172 1213 3196 supra
1239 3172 1300 3196 pag.
1327 3165 1391 3196 695,
1418 3168 1476 3190 nota
1503 3166 1526 3190 2.
1552 3166 1676 3197 Superius
1702 3173 1750 3198 pro
1775 3165 1902 3193 rescindit
1920 3168 2008 3199 plures

1059 3209 1134 3234 codd.
1154 3208 1259 3240 irritat,
1282 3209 1338 3234 cod.
1359 3210 1366 3233 l
1386 3209 1500 3242 impedit.

1128 3252 1139 3269 ⁷
1158 3253 1215 3277 Scil.
1235 3252 1341 3278 Rursus
1360 3252 1469 3286 quidam
1488 3254 1513 3278 in
1534 3253 1648 3279 fundam.
1670 3254 1693 3279 sl.
1713 3254 1830 3286 allegata.

1127 3295 1138 3312 ²³
1158 3296 1224 3321 Vide
1243 3297 1283 3321 hic
1303 3296 1337 3322 lit.
1353 3297 1478 3329 Magistri,
1495 3304 1517 3322 e.
1531 3298 1554 3322 2.
1569 3311 1603 3315 —
1616 3297 1671 3322 Mox
1686 3305 1734 3330 pro
1754 3297 1878 3324 clanculo
1899 3298 1957 3324 cod.
1977 3305 2008 3324 aa

1059 3339 1230 3367 clandestino.
