2483 3882
312 504 448 531 Augustinus.

349 1080 448 1101 lulianus.

317 1901 455 1927 Augustinus.

469 267 531 298 906

462 356 559 381 torum
583 359 725 389 corpora,
749 351 920 386 hominum,
944 349 989 379 vel
1022 349 1215 384 daemonum,
1238 347 1291 377 sed
1313 346 1409 376 solida

462 400 633 434 hominum,
655 401 743 429 aerea
765 398 954 427 daemonum.
977 396 1060 425 Unus
1082 396 1160 425 enim
1177 395 1312 433 utrisque
1335 394 1410 432 ignis

464 448 535 481 erit,
558 450 588 476 ut
609 447 727 476 Veritas
749 446 828 474 ait».
852 445 894 474 De
916 452 976 482 quo
999 444 1066 481 igue
1087 444 1111 473 si
1132 443 1296 482 quaeritur,
1313 442 1411 480 qualis

465 494 510 523 vel
533 494 582 523 ubi
606 494 659 529 sit;
682 493 866 529 Augustinus
887 492 931 521 sic
953 491 1130 529 respondet:
1153 490 1254 527 «Ignis
1271 493 1411 520 aeternus

464 541 633 571 cuiusmodi
656 541 694 569 sit
709 544 737 570 et
753 541 781 569 in
804 548 864 579 qua
881 539 983 569 mundi
1007 539 1053 569 vel
1068 547 1170 568 rerum
1185 541 1272 577 parte
1294 538 1412 567 futurus

462 590 514 625 sit,
537 590 687 618 hominem
721 589 800 618 scire
831 588 961 618 arbitror
994 587 1159 623 nemiuem,
1182 586 1238 616 nisi
1266 586 1340 616 forte
1362 586 1410 616 cui

463 637 591 675 Spiritus
613 636 732 666 divinus
755 636 922 666 ostendit».

861 719 928 749 CAr.
952 719 1011 748 Vll.

568 798 601 829 Sz'
621 798 742 828 animae
763 797 828 828 sine
850 797 1027 837 corporibus
1049 797 1181 828 sentiant
1202 797 1302 837 iynem

837 845 1035 876 materialem.

540 926 613 955 Cum
635 929 735 955 autem
757 928 885 960 constet,
908 925 1023 955 animas
1046 926 1113 963 igne
1136 925 1282 955 materiali
1307 925 1336 954 in
1352 933 1415 954 cor-

463 975 588 1013 poribus
609 974 805 1009 cruciandas;
828 974 932 1012 quaeri
965 973 1056 1009 solet,
1079 982 1116 1003 an
1139 973 1257 1003 interim
1279 976 1348 1003 ante
1369 981 1416 1002 re-

464 1023 680 1052 surrectionem
704 1030 865 1060 corporum
899 1022 1016 1051 animae
1038 1021 1248 1051 defunctorum
1271 1021 1415 1059 reprobo-

465 1080 530 1101 rum
558 1070 703 1100 materiali
734 1071 801 1109 igne
831 1073 1010 1099 crementur.
1032 1086 1072 1091 -
1094 1070 1135 1099 De
1165 1069 1223 1098 hoc
1251 1069 1382 1099 lulianus
1395 1068 1415 1106 ¹,

466 1120 625 1150 Toletanae
648 1119 802 1149 Ecclesiae
825 1118 1002 1156 episcopus,
1025 1117 1158 1156 Gregorii
1182 1117 1262 1147 dicta
1284 1120 1416 1152 secutus,

464 1169 505 1199 ita
528 1168 665 1207 scripsit:
693 1167 746 1197 «Si
770 1167 898 1196 viventis
921 1166 1051 1195 hominis
1072 1166 1270 1204 incorporeus
1291 1166 1417 1204 spiritus

466 1221 585 1247 tenetur
607 1217 635 1245 in
658 1224 803 1254 corpore,
825 1224 880 1244 cur
902 1223 960 1244 non
989 1218 1056 1252 post
1084 1218 1211 1244 mortem
1241 1215 1330 1244 etiam
1354 1223 1418 1244 cor-

466 1274 558 1304 poreo
583 1265 649 1303 igue
671 1264 827 1294 teneatur?
842 1263 947 1293 Teneri
971 1266 1071 1293 autem
1087 1263 1255 1301 perignem
1277 1263 1417 1301 spiritum

467 1313 610 1348 dicimus,
633 1315 666 1341 ut
690 1312 719 1341 in
749 1314 895 1341 tormento
928 1311 1004 1348 ignis
1025 1311 1063 1340 sit
1084 1309 1214 1340 videndo
1237 1314 1327 1349 atque
1355 1319 1418 1340 sen-

465 1360 574 1390 tiendo.
597 1360 681 1395 Quod
704 1363 804 1389 autem
827 1367 885 1389 non
907 1359 1004 1388 solum
1028 1359 1173 1394 videndo,
1189 1359 1242 1389 sed
1264 1359 1354 1389 etiam
1371 1367 1418 1388 cx-

465 1409 610 1447 periendo
633 1409 732 1438 anima
756 1408 831 1446 ignis
854 1412 1033 1437 tormentum
1055 1408 1204 1446 patiatur3
1228 1416 1264 1437 ex
1287 1408 1419 1444 Evange-

465 1457 505 1486 lio
528 1456 695 1494 colligitur,
719 1456 770 1485 ubi
792 1455 935 1485 Veritatis
959 1464 1032 1485 voce
1048 1455 1133 1485 dives
1156 1459 1292 1485 mortuus
1307 1455 1418 1485 dicitur

467 1504 499 1533 [n
522 1504 643 1544 inferno
665 1504 823 1543 sepnltus‚·
845 1504 933 1533 cuius
955 1504 1070 1539 anima,
1087 1503 1167 1542 quod
1190 1504 1219 1532 in
1236 1504 1303 1541 igne
1319 1507 1419 1533 tenea-

465 1557 527 1588 tur,
552 1553 698 1589 insinuat,
721 1560 789 1581 cum
813 1551 965 1581 Abraham
989 1551 1171 1590 deprecatur
1192 1551 1311 1581 dicens:
1334 1551 1419 1583 Mitte

467 1602 638 1635 Lazarum,
661 1606 693 1630 nt
716 1600 848 1640 intinyot
869 1605 1037 1630 extremum
1059 1599 1150 1638 dissiti
1169 1599 1219 1630 sni
1239 1599 1273 1630 z'n
1294 1609 1418 1639 (equam,

466 1654 498 1679 nt
528 1648 687 1689 «rest-iyeret
721 1649 860 1687 linquam
890 1657 1008 1683 meam,
1041 1648 1114 1688 qula
1145 1648 1266 1678 crucior
1298 1648 1332 1678 in
1365 1648 1421 1678 stoc

465 1698 599 1736 stamma.
624 1698 699 1727 Dum
722 1705 792 1734 ergo
826 1701 1019 1735 peccatorem
1046 1697 1170 1726 divitem
1193 1697 1367 1726 damnatum
1390 1697 1419 1726 in

468 1746 587 1784 ignibus
609 1746 727 1776 Veritas
750 1746 904 1784 perbibet,
921 1746 989 1784 quis
1010 1746 1131 1784 sapiens
1146 1745 1346 1784 reproborum
1361 1745 1421 1775 ani-

468 1802 532 1823 mas
555 1794 647 1823 teneri
674 1794 793 1831 ignibus
816 1797 903 1831 neget
913 1794 944 1822 n?
966 1794 1132 1831 praecipue
1165 1801 1233 1823 cum
1257 1794 1419 1823 humanam

469 1843 600 1872 animam
633 1842 770 1880 corporis
803 1842 1030 1871 similitudinem
1060 1842 1173 1872 habere
1196 1842 1303 1872 doceat
1324 1842 1421 1880 Augu-

469 1890 597 1927 stinu52,
620 1892 660 1920 ita
684 1891 837 1928 inquiens:
867 1902 878 1915 α
892 1890 1041 1925 Profiteri‚
1057 1891 1188 1920 animam
1203 1890 1316 1920 habere
1332 1898 1421 1928 posse

471 1939 698 1968 similitudinem
731 1939 868 1977 corporis
900 1943 929 1968 et
960 1939 1166 1977 corporalium
1189 1939 1310 1968 omuino
1332 1947 1422 1968 mem-

469 1987 610 2022 brorum,
630 1987 767 2025 quisquis
789 1987 903 2022 renuit,
925 1990 1024 2025 potest
1046 1995 1170 2024 negare,
1192 1987 1324 2016 animam
1348 1995 1423 2023 esse,

470 2044 547 2074 quae
570 2036 599 2064 in
621 2035 734 2064 somnis
755 2034 852 2070 videt,
875 2035 921 2064 vel
944 2043 976 2064 se
998 2035 1154 2064 ambulare
1177 2035 1223 2064 vel
1245 2035 1351 2065 sedere
1375 2035 1420 2064 vel

469 2084 529 2114 huc
552 2088 642 2123 atque
664 2084 736 2113 illuc
756 2092 861 2121 gressu
884 2083 930 2113 vel
953 2084 1042 2113 etiam
1067 2083 1166 2113 volatu
1181 2083 1268 2118 ferri;
1284 2083 1342 2113 hoc
1357 2084 1422 2113 sine

468 2132 598 2170 quadam
621 2132 816 2161 similitudine
839 2132 976 2170 corporis
999 2140 1056 2161 non
1080 2132 1124 2161 tit:
1147 2132 1288 2170 proinde,
1303 2132 1327 2161 si
1344 2132 1422 2161 hanc

470 2181 697 2210 similitudinem
720 2181 809 2210 etiam
839 2180 920 2218 apud
952 2180 1061 2210 inferos
1084 2181 1175 2217 gerit,
1200 2189 1257 2210 non
1280 2188 1422 2218 corpora-

471 2230 546 2264 lem,
567 2229 619 2259 sed
643 2229 762 2267 corpori
785 2229 928 2265 similem;
952 2229 993 2258 ita
1024 2229 1113 2258 etiam
1147 2229 1174 2258 in
1196 2229 1271 2258 locis
1304 2229 1423 2258 videtur

471 2286 536 2307 esse
557 2286 615 2307 non
639 2277 866 2316 corporalibus,
889 2277 941 2306 sed
957 2277 1162 2315 corporalium
1178 2277 1344 2313 similibus,
1360 2277 1423 2307 sive

1225 261 1507 294 SENTENTIARUM
1533 261 1600 292 LlB.
1626 261 1672 293 lV.

1474 347 1503 376 in
1525 347 1646 384 requie,
1662 347 1726 376 sive
1742 347 1770 376 in
1787 346 1980 376 doloribus».
2003 347 2034 376 ln
2057 347 2190 377 Cassiani
2203 347 2213 362 ⁸
2235 348 2324 377 etiam
2341 348 2424 378 volu-
2437 357 2483 380 cass

1475 394 1606 424 minibus
1621 394 1739 431 legitur,
1755 394 1835 433 quod
1855 403 1937 424 «non
1953 395 2012 424 sint
2027 395 2140 424 otiosae
2162 398 2253 433 atque
2267 396 2342 425 nihil
2368 405 2425 426 non

1475 443 1619 478 sentiant,
1642 451 1711 472 cum
1734 443 1819 472 dives
1841 443 1891 472 ille
1912 443 1942 472 in
1965 442 2079 472 inferno
2100 451 2132 473 se
2154 442 2274 473 flamma
2297 445 2426 475 cruciari

1476 490 1586 520 clamat
1597 502 1623 519 n.
1646 490 1755 520 «Unde
1777 490 1937 529 probatur,
1954 490 2069 520 animas
2084 490 2294 521 defunctorum
2310 500 2368 521 uon
2383 500 2427 522 so-

1476 538 1537 568 lum
1553 539 1616 569 suis
1631 539 1769 569 sensibus
1784 548 1842 568 non
1865 539 1995 577 privari,
2018 539 2070 568 sed
2092 547 2148 569 nec
2170 539 2235 569 istis
2256 540 2427 577 affectibus,

1476 587 1592 616 scilicet
1614 596 1683 626 spe,
1707 588 1841 623 tristitia,
1867 587 1978 626 gaudio
2006 595 2041 617 ac
2073 591 2172 625 metu,
2202 596 2306 618 carere
2334 592 2363 618 et
2391 597 2427 620 ex

1477 635 1523 664 his
1556 643 1635 673 quae
1663 635 1721 665 sibi
1755 635 1783 665 in
1820 635 1870 665 illo
1899 635 2030 673 generali
2059 635 2198 665 examine
2226 639 2427 674 reservantur,

1477 683 1622 721 quiddam
1645 692 1696 713 eas
1722 684 1780 713 iam
1798 684 1932 722 incipere
1953 687 2190 722 praegustare».

1874 766 1941 796 CAP.
1964 766 2036 797 Vlll.

1671 846 1714 875 De
1734 844 1881 875 abortivis
1902 844 2009 883 fetibus
2032 849 2058 874 et
2077 845 2231 876 monstris.

1558 925 1633 955 Illud
1656 925 1744 954 etiam
1774 925 1947 963 investigari
1982 928 2115 963 oportet,
2142 925 2167 954 si
2200 925 2329 955 abortivi
2356 925 2430 956 setus
2445 933 2483 956 unt

1480 977 1508 1003 et
1525 977 1656 1003 monstra
1671 976 1844 1010 resurgent,
1861 976 1889 1002 et
1904 973 2014 1011 qualia.
2029 990 2069 995 —
2083 973 2125 1002 De
2141 981 2201 1011 quo
2223 973 2407 1010 Augustinus
2418 974 2428 989 ⁴
2441 982 2481 1009 Aug

1480 1022 1521 1052 ita
1543 1022 1599 1052 ait:
1631 1021 1794 1051 «Occurrit
1816 1022 1853 1051 de
1884 1021 2030 1051 abortivis
2061 1021 2170 1051 fetibus
2197 1022 2350 1060 quaestio,
2380 1023 2430 1061 qui

1481 1071 1540 1100 iam
1563 1070 1623 1100 nati
1646 1073 1715 1100 sunt
1737 1070 1765 1098 in
1794 1070 1887 1099 uteris
1918 1073 2062 1106 matrum,
2084 1069 2137 1099 sed
2161 1078 2218 1099 non
2241 1070 2298 1106 ita,
2321 1074 2353 1100 ut
2374 1070 2432 1101 iam

1481 1118 1596 1156 possint
1618 1117 1745 1147 renasci.
1769 1116 1798 1147 Si
1813 1111 1901 1147 'enim
1924 1120 2148 1147 resurrecturos
2177 1126 2229 1147 eos
2250 1118 2431 1154 dixerimus;

1481 1167 1519 1197 de
1541 1167 1588 1196 his
1609 1167 1662 1205 qui
1685 1166 1743 1196 iam
1766 1165 1893 1206 formati
1913 1169 1997 1202 sunt,
2012 1166 2133 1196 tolerari
2156 1170 2254 1205 potest
2270 1170 2432 1205 utcumque

1482 1215 1563 1253 quod
1586 1214 1707 1244 dicitur.
1729 1214 1879 1253 Informes
1902 1223 1974 1244 vero
1997 1215 2065 1253 quis
2081 1223 2138 1245 non
2154 1215 2320 1253 proclivius
2336 1215 2432 1253 perire

1483 1262 1656 1297 arbitretur,
1678 1262 1757 1291 sicut
1777 1262 1908 1298 semina,
1925 1270 2004 1301 quae
2026 1266 2171 1301 concepta
2189 1271 2247 1292 non
2267 1263 2387 1292 suerunt
2398 1264 2432 1293 »ἲ

1488 1310 1696 1349 «Scrupulose
1718 1310 1840 1349 quidem
1866 1311 1943 1340 inter
1972 1311 2113 1341 doctores
2134 1311 2239 1349 quaeri
2269 1319 2305 1340 ac
2336 1311 2433 1349 dispu-

1484 1358 1537 1387 tari
1561 1362 1674 1397 potest,
1699 1358 1821 1396 quando
1844 1358 1949 1396 incipit
1971 1358 2061 1388 homo
2094 1359 2123 1387 in
2147 1362 2231 1388 utero
2256 1359 2373 1394 vivere;
2397 1366 2432 1389 an

1482 1407 1520 1436 sit
1552 1407 1703 1445 quaedam
1735 1407 1795 1436 vita
1822 1406 1957 1443 occulta,
1980 1415 2058 1445 quae
2087 1407 2219 1437 nondum
2244 1407 2374 1437 motibus
2396 1408 2434 1437 vi-

1483 1455 1579 1484 ventis
1601 1457 1753 1493 appareat.
1771 1454 1887 1492 Negare
1910 1456 2005 1490 enim,
2028 1455 2140 1484 vixisse
2160 1456 2336 1493 puerperia,
2358 1463 2433 1494 quae

1484 1504 1551 1533 ideo
1582 1504 1772 1533 membratim
1803 1507 1999 1539 exsecantur,
2023 1507 2054 1533 nt
2082 1503 2241 1533 eiiciantur
2273 1512 2310 1533 ex
2343 1504 2433 1534 uteris

1483 1551 1729 1589 praegnantium,
1753 1559 1789 1581 ne
1811 1555 1922 1581 matres
1955 1551 2061 1586 etiam,
2084 1551 2109 1580 si
2137 1554 2255 1580 mortua
2287 1551 2327 1580 ibi
2351 1550 2434 1580 relin-

1484 1604 1631 1638 quantur,
1653 1600 1806 1635 occidant,
1828 1600 2015 1638 impudentia
2044 1600 2136 1629 nimia
2158 1599 2285 1629 videtur.
2310 1600 2354 1629 Ex
2376 1608 2433 1638 quo

1484 1652 1583 1678 autem
1607 1649 1713 1687 incipit
1735 1649 1824 1678 homo
1848 1648 1965 1683 vivere,
1990 1656 2026 1677 ex
2060 1648 2109 1677 illo
2143 1648 2247 1686 utique
2280 1648 2337 1677 iam
2361 1648 2433 1678 mori

1485 1700 1598 1735 potest3
1621 1700 1758 1726 mortuns
1781 1705 1868 1733 vero,
1891 1696 2075 1735 ubicumque
2091 1695 2133 1725 illi
2157 1704 2240 1725 mors
2260 1696 2358 1734 potuit
2373 1704 2435 1726 eve<

1486 1744 1721 1782 nire,quomodo
1734 1744 1771 1774 ad
1787 1745 2039 1774 resurrectionem
2056 1753 2114 1774 non
2130 1744 2287 1783 pertineat,
2304 1744 2434 1782 reperire

1485 1801 1641 1831 nequeo».
1672 1792 1800 1830 «Neque
1821 1792 1899 1821 enim
1923 1796 1951 1822 et
1967 1795 2115 1827 monstra,
2130 1799 2208 1830 quae
2230 1795 2394 1821 nascuntur
2408 1794 2435 1821 et

1486 1842 1606 1876 vivunt,
1629 1841 1850 1880 quantumlibet
1871 1841 1930 1870 cito
1954 1841 2135 1876 moriantur,
2158 1844 2209 1870 aut
2230 1844 2435 1871 resurrectura

1487 1890 1692 1928 negabuntur,
1714 1893 1766 1919 aut
1798 1890 1838 1919 ita
1868 1892 2076 1919 resurrectura
2105 1888 2257 1919 credenda
2278 1893 2363 1923 sunt;
2384 1889 2435 1919 sed

1486 1939 1587 1976 potius
1609 1941 1746 1967 correcta
1778 1937 2000 1975 emendataque
2031 1940 2147 1967 natura.
2180 1937 2266 1966 Absit
2288 1937 2382 1972 enim,
2404 1940 2481 1967 utun}

1486 1987 1569 2016 illum
1593 1986 1807 2023 bimembrem,
1830 1994 1921 2024 quem
1944 1994 2040 2023 nuper
2062 1989 2163 2015 natum
2197 1986 2226 2015 in
2249 1986 2363 2015 oriente
2383 1985 2436 2015 fra-

1488 2038 1547 2064 tres
1570 2034 1753 2069 fidelissimi,
1775 2034 1827 2072 qui
1850 2042 1918 2063 eum
1942 2034 2097 2068 viderunt,
2120 2033 2302 2069 retulerunt,
2326 2037 2354 2063 et
2374 2041 2435 2063 san-

1486 2086 1552 2112 ctus
1574 2083 1774 2120 Hieronymus
1796 2082 1943 2120 scriptum
1965 2081 2101 2120 reliquit,
2125 2085 2157 2111 ut
2172 2089 2264 2111 unum
2287 2081 2434 2110 hominem

1486 2131 1655 2169 duplicem,
1679 2139 1714 2160 ac
1736 2139 1794 2160 non
1817 2131 1918 2169 potius
1939 2130 2032 2166 duos,
2055 2130 2135 2168 quod
2158 2130 2291 2160 futurum
2315 2133 2391 2166 erat,
2411 2130 2434 2159 si

1488 2180 1599 2217 gemini
1623 2182 1835 2215 nascerentur,
1858 2182 2083 2208 resurrecturos
2109 2178 2324 2208 existimemus.
2347 2178 2388 2208 Ita
2409 2180 2436 2207 et

1487 2232 1603 2265 cetera⁷
1626 2236 1704 2266 quae
1735 2227 1825 2257 nimia
1855 2227 2043 2256 deformitate
2066 2230 2198 2256 monstra
2221 2226 2377 2263 dicuntur,
2398 2226 2434 2257 ad

1489 2277 1638 2306 humanae
1655 2279 1779 2306 naturae
1799 2275 1924 2312 figuram
1941 2275 2163 2305 resurrectione
2179 2275 2432 2305 revocabuntur».

785 2435 1278 2489 COMMENTARIUS
1318 2436 1387 2489 IN
1423 2434 1918 2489 DISTINOTIONEM
1956 2434 2124 2488 XLIV.

1398 2539 1478 2570 PARS
1503 2538 1522 2570 1.

609 2623 659 2660 De
688 2622 935 2660 resurrectione
965 2630 1132 2673 quantum
1162 2623 1206 2660 ad
1235 2622 1395 2669 moduni,
1429 2622 1554 2659 scilicet
1582 2622 1696 2672 qualia
1725 2629 1756 2658 ct
1785 2628 1913 2672 quauta
1942 2634 2085 2671 corpora
2114 2627 2303 2671 resurgant.

983 2714 1091 2747 Solent
1113 2719 1224 2747 anteon
1248 2714 1400 2746 nonnulli
1420 2714 1615 2756 percontari
1637 2718 1665 2746 et
1689 2724 1846 2757 quaerere
1870 2719 1927 2746 etc.

1298 2812 1436 2845 DIVISIO
1461 2812 1616 2844 TEXTUS.

563 2902 665 2942 Supra
689 2901 750 2942 egit
775 2901 918 2943 Magister
936 2901 974 2933 de
991 2901 1238 2940 resurrectione,
1257 2901 1280 2933 si
1299 2904 1355 2933 est.
1374 2901 1426 2933 Hic

477 2955 682 2993 determinat,
699 2954 856 2996 quomodo
873 2958 936 2993 est,
954 2953 1162 2992 ostendendo,
1180 2954 1255 2995 quid
1281 2958 1311 2986 et
1332 2963 1427 2995 quan-

477 3007 567 3039 tum1
594 3011 625 3038 et
648 3007 740 3047 quale
772 3011 918 3048 resurgat
927 3019 935 3045 3
957 3011 986 3039 et
1009 3007 1104 3039 habet
1134 3007 1210 3039 haec
1239 3015 1312 3047 pars
1337 3006 1424 3038 duas.

477 3060 509 3091 In
534 3060 636 3101 prima
660 3059 811 3097 ostendit,
836 3059 941 3101 qualia
965 3062 995 3091 et
1019 3063 1135 3101 quanta
1164 3068 1296 3100 corpora
1326 3067 1428 3090 resur-

1490 2905 1571 2942 gant.
1601 2901 1633 2932 ln
1662 2900 1801 2932 secunda
1832 2900 2020 2932 determinat
2051 2900 2090 2932 de
2125 2899 2275 2931 abortivis
2306 2898 2430 2934 fetibus,
2477 2905 2479 2928 1

1491 2954 1675 2992 ostendens,
1696 2953 1780 2994 quod
1806 2953 1836 2984 in
1860 2952 1947 2984 nulla
1971 2953 2143 2994 quantitate
2168 2955 2347 2993 resurgent,
2364 2949 2432 2991 quia
2477 2959 2478 2963 ¹

1493 3015 1554 3037 non
1586 3006 1757 3043 vixerunt,
1786 3005 1847 3036 ibi:
1876 3005 1961 3036 Illncl
1991 3005 2089 3037 etiam
2122 3003 2318 3045 investium&
2347 3010 2431 3043 opor·
2476 3000 2478 3041 ᾖ

1494 3062 1533 3089 tet
1558 3061 1614 3090 etc.

548 3214 554 3229 ¹
577 3213 644 3238 Libr.
666 3214 692 3238 ll.
716 3214 913 3245 Prognosdcon,
934 3220 956 3238 c.
980 3214 1025 3245 1173
1046 3214 1089 3238 cfr.
1111 3214 1227 3245 Gregor.‚
1257 3214 1296 3238 lv.
1328 3213 1425 3244 Dialog.

479 3264 501 3281 c.
524 3257 564 3281 28.
591 3264 645 3289 seq.
673 3257 707 3281 lbi
734 3258 825 3282 citatur
851 3257 910 3282 Luc.
936 3258 974 3288 16,
1001 3257 1088 3282 2234..
1105 3258 1276 3288 —Superius
1302 3264 1350 3288 pro
1375 3263 1426 3282 cre-

480 3301 587 3325 menno·
606 3301 681 3325 codd.
696 3302 715 3325 Α
727 3302 745 3325 Β
756 3301 775 3325 D
787 3302 803 3325 E
823 3302 1043 3333 ooncrementur;
1062 3301 1124 3326 infra
1146 3304 1204 3333 post
1221 3300 1355 3327 sentiendo
1371 3301 1426 3325 Vat.

480 3346 505 3366 et
524 3343 582 3367 edd.
604 3344 627 3374 6,
650 3345 664 3367 8
684 3344 823 3377 puniatur,
846 3345 992 3370 omittentes
1010 3344 1052 3370 sil.

551 3386 561 3402 ¹2
580 3387 646 3411 Libr.
656 3388 706 3412 ΧΗ.
716 3388 857 3413 deGen.ad
870 3390 904 3413 lit.
914 3396 935 3414 c.
948 3390 989 3414 33.
1004 3390 1139 3420 n.6‘2;ctr.
1153 3389 1425 3420 1ulian,1oc.cit.c.=16.

1560 3213 1570 3229 ³
1591 3212 1695 3239 Collatio
1716 3214 1731 3238 l.
1751 3221 1772 3237 e.
1797 3213 1833 3243 14,
1855 3215 1879 3237 et
1897 3212 1967 3243 apud
1987 3212 2084 3243 lulian.,
2099 3212 2145 3236 loc.
2166 3212 2206 3235 eit.
2227 3218 2247 3236 c,
2270 3211 2309 3235 15.
2329 3210 2385 3240 seq.
2401 3207 2430 3232 lo-

1491 3264 1537 3282 cus
1556 3256 1627 3288 ibid„
1650 3264 1741 3288 parum
1762 3257 1875 3282 interius.

1563 3299 1573 3315 ⁴
1590 3300 1719 3325 Encnirid.
1733 3307 1753 3325 c.
1766 3301 1812 3331 853
1824 3307 1879 3332 seq.
1889 3300 1960 3324 locus
1972 3302 2011 3324 est
2022 3299 2163 3329 ibid.c.86,
2175 3299 2263 3323 tertius
2273 3304 2294 3322 c.
2306 3296 2345 3321 87.
2358 3302 2380 3319 n.
2393 3293 2429 3318 23.
2474 3307 2475 3311 =

1732 3342 1838 3368 NOTAE
1857 3342 1898 3368 AD
1918 3341 2195 3368 OOMMENTARIUM.

1563 3388 1569 3403 ¹
1590 3387 1671 3413 Codd.
1691 3388 1727 3412 Fl
1746 3389 1771 3413 et
1789 3386 1911 3420 qualiter,
1934 3386 1993 3411 edd.
2013 3387 2038 3412 et
2055 3385 2194 3419 quomodo.
