2483 3882
430 255 512 287 <1000

1160 424 1368 457 TRACTATIO
1393 422 1665 465 QUAESTIONUM.

517 555 560 587 Ad
586 552 821 595 intelligentiam
838 551 935 584 buius
951 549 1050 592 partis
1074 549 1237 591 quaeritur
1255 548 1293 581 de
1309 548 1379 580 bea-

427 608 571 641 titudine.
598 607 632 638 Et
656 606 694 638 de
718 605 777 637 boc
801 613 858 637 sex
883 606 1091 645 quaeruntur.

518 659 620 691 Primo
645 657 824 699 quaeritur,
849 656 926 698 quid
950 655 989 688 sit
1013 654 1183 687 beatitudo.

519 711 678 749 Secundo,
703 709 837 752 qualiter
861 705 905 740 sit'
924 706 1110 750 appetibilis.

1187 244 1471 278 SENTENTIARUM
1494 243 1562 276 LIB.
1586 243 1634 276 lv.

1531 546 1649 585 Tertio,
1674 545 1704 577 in
1728 555 1790 587 quo
1814 545 1862 578 sit.

1532 599 1666 640 Quarto,
1692 598 1866 631 secundum
1890 598 1966 640 quid
1990 598 2072 631 insit.

1533 651 1665 693 Quinto,
1689 651 1728 683 de
1751 650 1819 683 eius
1843 653 1915 683 actu
1939 651 2005 683 sive
2028 651 2216 692 operatione.

1533 705 1645 742 Sexto,
1669 703 1708 736 de
1733 702 1887 735 differenti
1912 703 2158 745 participatione.

1178 841 1442 880 ARTICULUS
1470 840 1652 879 UNICUS.

1276 944 1321 975 De
1346 943 1552 975 beatitudine.

1303 1054 1486 1095 Qutxrs‘rio
1511 1054 1530 1084 1.

1244 1152 1330 1193 Quid
1352 1152 1394 1183 sit
1420 1151 1592 1183 bectiz'utdo.

523 1270 681 1310 Quantum
713 1276 786 1309 ergo
818 1267 858 1299 ad
891 1266 1029 1308 primum
1055 1264 1236 1307 proceditur
1262 1263 1323 1302 sic,
1355 1266 1386 1295 et

435 1322 627 1359 ostenditur,
652 1320 734 1362 quod
760 1319 921 1352 beatitudo
944 1318 988 1350 sit
1012 1317 1131 1349 bovium
1156 1321 1325 1348 crea-tum:

527 1374 553 1405 1.
572 1373 650 1414 Quia
666 1371 828 1404 beatitudo
845 1375 891 1403 est
908 1369 1057 1412 perfectio
1072 1369 1155 1401 Beati
1169 1369 1194 1407 ¹3
1212 1368 1265 1401 sed
1284 1368 1386 1399 omnis

278 1426 583 1468 Fundamenmperfectio
607 1428 770 1458 creaturae
792 1428 840 1463 est
864 1427 986 1462 creata,
1011 1422 1085 1464 quia
1102 1422 1186 1454 Deus
1203 1421 1322 1453 nullius
1339 1424 1385 1453 est

435 1479 535 1511 forma
559 1477 747 1520 perfectiva:
766 1486 840 1516 ergo
857 1467 1017 1509 beatitudo
1034 1478 1080 1507 est
1097 1475 1215 1507 bonum
1233 1477 1385 1506 creatum.

524 1533 552 1564 2.
578 1531 670 1569 Item³
702 1539 794 1562 omne
826 1533 983 1568 creatum,
1017 1528 1101 1570 quod
1133 1537 1193 1560 non
1227 1532 1272 1560 est
1298 1532 1386 1559 trem-

434 1585 607 1622 semideus,
632 1588 667 1616 ut
691 1592 746 1616 ens
770 1587 800 1615 et
824 1591 942 1621 unum,
967 1586 1014 1614 est
1037 1581 1171 1614 alicuius
1195 1581 1318 1623 generis
1337 1581 1386 1612 de-

435 1637 613 1675 terminati3
645 1636 699 1669 sed
731 1635 893 1668 beatitudo
925 1639 972 1667 est
1003 1634 1121 1666 bonum
1154 1637 1322 1670 creatum,
1351 1636 1386 1664 ut

434 1690 602 1732 probatum
627 1690 713 1726 est²‚
746 1692 776 1721 et
807 1697 868 1720 non
893 1691 940 1720 est
965 1686 1216 1723 transcendens,
1241 1694 1277 1718 eo
1301 1685 1385 1727 quod

437 1744 467 1775 in
492 1742 689 1785 paucissimis
714 1742 892 1783 reperitur:
918 1749 992 1781 ergo
1017 1744 1075 1772 eto.

526 1795 554 1827 3.
579 1796 671 1832 ltem7
696 1794 781 1836 quod
804 1798 851 1826 est
871 1793 1002 1835 petieris
1019 1791 1229 1824 determinati
1245 1793 1276 1823 et
1292 1793 1339 1822 est
1355 1791 1386 1822 in

436 1848 557 1890 aliquo,
582 1848 624 1879 ita
648 1847 732 1888 quod
758 1846 823 1879 sine
847 1855 883 1878 eo
907 1854 958 1877 res
983 1848 1081 1886 potest
1103 1852 1189 1882 esse,
1213 1846 1261 1876 est
1284 1843 1314 1875 in
1339 1851 1387 1884 ge-

436 1910 512 1934 nere
536 1900 713 1933 accidentis
725 1900 758 1937 3;
775 1899 830 1931 sed
846 1897 1008 1930 beatitudo
1026 1901 1072 1929 est
1088 1896 1289 1929 huiusmodi:
1311 1905 1385 1936 ergo

437 1958 484 1987 est
507 1954 537 1985 in
562 1961 674 1995 genere
699 1951 886 1984 accidentis.

525 2006 555 2037 Δ.
580 2006 673 2043 Item,
698 2013 789 2036 omne
813 2004 928 2036 bonum
954 2002 1078 2044 generis
1101 2001 1318 2039 determinati,
1344 2009 1387 2033 se-

438 2058 576 2091 cundum
610 2058 693 2099 quod
727 2057 821 2088 homo
850 2055 1070 2088 denominatur
1096 2053 1224 2096 qualis,
1249 2057 1279 2085 et
1302 2053 1385 2094 quod

437 2113 484 2143 est
505 2110 653 2152 perfectio
678 2109 776 2151 ipsius
792 2108 914 2140 animae
925 2133 932 2146 ,
950 2111 996 2140 θεῖ
1014 2107 1043 2138 in
1057 2106 1173 2147 privita
1189 2105 1292 2147 specie
1308 2114 1386 2147 qiid-

438 2162 558 2200 litatis,
584 2170 664 2204 quae
681 2166 728 2194 est
745 2160 877 2193 habitus
894 2163 924 2192 et
941 2159 1110 2201 dispositio
1124 2170 1134 2195 ;
1150 2158 1206 2190 sed
1222 2157 1384 2190 beatitudo

437 2220 483 2247 est
507 2215 622 2247 bonum
649 2217 789 2246 creatum
814 2217 845 2246 et
868 2212 991 2254 generis
1015 2211 1231 2249 determinati,
1255 2214 1290 2242 ut
1319 2219 1386 2252 pro-

436 2268 544 2299 batum
562 2271 608 2299 est
620 2267 639 2305 ⁴.
657 2270 687 2298 et
705 2266 825 2307 perficit
842 2269 1005 2303 naturam3
1020 2265 1077 2296 lioc
1091 2267 1225 2296 constat:
1241 2272 1316 2305 ergo
1329 2266 1386 2295 etc.

525 2319 667 2351 CONTua:
696 2320 722 2350 l.
747 2318 835 2360 Quod
859 2327 925 2349 uon
948 2317 991 2349 sit
1015 2317 1134 2349 bomem
1159 2320 1327 2353 creatum,
1346 2316 1387 2347 vi-

290 2385 324 2406 Ᾱᾱ
340 2385 422 2412 opposi-
437 2372 529 2404 detur
543 2384 548 2403 :
575 2372 648 2413 quia
672 2371 833 2404 beatitudo
850 2371 940 2403 satiat
958 2374 1100 2403 nostrum
1117 2370 1309 2411 appetitum;
1332 2369 1387 2401 sed

333 2414 383 2432 lum.

436 2426 513 2458 nibil
538 2426 629 2458 satiat
652 2425 775 2457 animae
800 2425 956 2456 humanae
973 2423 1146 2465 appetitum
1164 2423 1222 2455 nisi
1241 2422 1307 2454 sola
1323 2422 1388 2454 Tri-

436 2478 533 2517 nitas,
558 2478 647 2520 quia,
673 2486 744 2510 cum
771 2477 810 2509 sit
833 2480 904 2508 nata
930 2484 1041 2518 capere
1065 2475 1206 2514 Deum⁵,
1231 2474 1308 2506 nihil
1333 2474 1388 2506 mi-

436 2539 496 2563 nus
520 2531 583 2564 Deo
606 2531 706 2572 ipsam
733 2529 860 2571 implet:
886 2538 960 2570 ergo
984 2532 1040 2561 etc.

525 2584 555 2615 Ξ).
580 2584 669 2621 ltem,
693 2582 854 2615 beatitudo
878 2586 924 2614 est
941 2581 1011 2614 finis
1028 2581 1174 2619 ultimus,
1192 2580 1276 2613 ultra
1292 2588 1386 2622 quem

438 2645 497 2667 non
521 2640 568 2667 est.
591 2635 662 2667 finis
686 2635 810 2673 alius⁰;
835 2634 888 2666 sed
915 2634 985 2666 finis
1011 2633 1197 2666 universalis
1221 2636 1268 2665 est
1285 2632 1386 2665 solum

438 2689 554 2721 bonum
570 2688 754 2726 increatum,
769 2688 850 2720 sicut
866 2687 1056 2729 principium
1070 2686 1226 2728 primum:
1242 2694 1317 2726 ergo
1330 2689 1386 2717 etc.

1539 1262 1567 1293 3.
1592 1262 1685 1300 Item,
1710 1262 1793 1302 quod
1817 1271 1883 1293 ‘non
1906 1261 1949 1293 sit
1969 1262 2099 1304 generis
2116 1262 2338 1300 determinati,
2358 1262 2400 1294 vi-

1450 1315 1563 1347 detur:
1589 1315 1680 1356 quia,
1704 1318 1740 1346 ut
1764 1314 1839 1346 dicit
1855 1314 2043 1353 Boethius⁷‚
2070 1315 2261 1347 «beatitudo
2279 1319 2325 1347 est
2342 1318 2398 1347 sta-

1451 1371 1501 1399 tus
1518 1368 1657 1399 omnium
1676 1367 1829 1399 bonorum
1849 1367 2086 1408 congregatione
2105 1367 2261 1408 perfectus
2276 1379 2306 1399 »:
2324 1376 2398 1409 ergo

1450 1420 1668 1462 complectitur
1692 1428 1783 1451 omne
1807 1420 1947 1457 bouum;
1972 1419 2026 1451 sed
2044 1419 2268 1452 omnebonum
2286 1420 2317 1452 in
2334 1420 2399 1461 plu-

1451 1473 1539 1505 ribus
1564 1472 1731 1514 generibus
1756 1472 1994 1510 determinatur,
2019 1481 2079 1504 nou
2106 1472 2135 1503 iu
2152 1481 2231 1504 uno:
2250 1481 2324 1514 ergo
2342 1476 2398 1505 etc.

1538 1526 1568 1557 lt.
1594 1526 1686 1563 item,
1711 1525 1794 1566 quod
1819 1534 1879 1556 uon
1906 1525 1945 1556 sit
1969 1524 2003 1556 iti
2017 1534 2133 1566 petiere
2149 1525 2339 1563 accidentis,
2358 1526 2398 1557 vi-

1451 1579 1563 1611 detur:
1589 1579 1663 1620 quia
1694 1578 1854 1610 beatitudo
1879 1581 1925 1609 est
1950 1577 2143 1610 nobilissima
2167 1578 2307 1609 omnium
2333 1586 2400 1619 per-

1450 1632 1640 1669 fectionum3
1672 1631 1727 1663 sed
1758 1630 1957 1663 accidentalis
1981 1630 2082 1662 forma
2108 1630 2211 1662 minus
2236 1630 2329 1662 habet
2361 1631 2399 1663 de

1451 1684 1610 1716 nobilitate
1634 1692 1728 1724 quam
1762 1682 1995 1714 substantialis:
2021 1691 2095 1723 ergo
2120 1682 2312 1723 impossibile
2336 1686 2400 1721 est,

1451 1737 1533 1779 quod
1560 1736 1720 1768 beatitudo
1744 1735 1783 1767 sit
1807 1736 1838 1767 in
1863 1744 1976 1777 genere
2000 1734 2201 1767 accidentisss.

1541 1791 1570 1821 5.
1594 1790 1686 1827 item,
1719 1788 1803 1830 quod
1835 1797 1895 1820 nou
1929 1788 1968 1820 sit
1993 1788 2028 1820 in
2051 1787 2227 1830 qualitate,
2253 1787 2397 1819 videtur:

1451 1842 1525 1884 quia
1556 1841 1786 1882 Philosophus⁹
1810 1840 1918 1873 definit
1947 1840 2123 1872 felicitatem
2157 1840 2279 1878 dicens,
2316 1839 2400 1880 quod

1451 1898 1497 1927 est
1527 1907 1542 1924 ‹<
1558 1898 1646 1927 actus
1671 1894 1844 1926 secundum
1869 1893 2017 1925 virtutem
2043 1893 2199 1935 perfectus
2216 1905 2246 1930 »;
2270 1896 2301 1924 et
2317 1892 2401 1933 quod

1452 1949 1493 1980 ita
1518 1948 1573 1986 sit,
1598 1951 1702 1989 patet:
1725 1947 1799 1988 quia
1824 1946 1950 1978 habitus
1967 1946 2130 1987 perficitur
2154 1955 2210 1988 per
2234 1949 2355 1978 actum:
2377 1946 2401 1977 si

1451 2009 1526 2041 ergo
1550 2000 1709 2032 beatitudo
1740 2003 1787 2032 est
1811 1999 1922 2031 ultima
1946 1999 2112 2040 perfectio,
2137 2003 2183 2031 est
2207 2003 2313 2037 actus3
2346 1998 2402 2030 sed

1451 2056 1540 2085 actus
1564 2056 1610 2084 est
1634 2052 1663 2084 in
1689 2060 1802 2093 genere
1826 2051 1989 2083 actionis:
2014 2060 2088 2092 ergo
2112 2055 2168 2083 etc.

1806 2165 2047 2189 CONCLUSIO.

1453 2263 1626 2295 Beatitztdo
1650 2267 1762 2294 sumta
1784 2272 1846 2303 pro
1864 2262 1982 2294 obiecto
2001 2261 2203 2302 beatificante
2220 2266 2264 2293 est
2283 2261 2401 2293 bonum

1541 2315 1737 2353 increatum,
1754 2319 1866 2346 sutum
1885 2323 1960 2346 vero
1980 2323 2041 2355 pro
2058 2312 2171 2355 forma
2188 2314 2338 2345 animam
2355 2314 2404 2345 in-

1540 2367 1707 2410 formante
1730 2372 1776 2399 est
1800 2367 1919 2399 bomini
1944 2371 2102 2398 creatum.

1541 2474 1742 2505 Rnsrounuo:
1768 2472 1959 2511 Dicendum,
1984 2473 2068 2513 quod
2095 2472 2254 2504 beatitudo
2271 2475 2317 2504 est
2332 2471 2403 2504 finis

1453 2527 1568 2559 satians
1600 2529 1741 2558 nostrum
1774 2525 1957 2567 appetitum.
1985 2525 2105 2557 Satiaus
2129 2529 2233 2556 autem
2258 2528 2400 2557 nostrum
2419 2535 2483 2558 Distin

1452 2579 1626 2621 appetitum
1650 2582 1697 2611 est
1720 2577 1907 2619 dupliciter:
1934 2577 1982 2609 vel
2008 2578 2088 2609 sicut
2106 2577 2282 2615 obiectum,
2301 2577 2348 2609 vel
2367 2577 2404 2609 si-

1452 2636 1505 2664 cut
1522 2630 1721 2673 informatis.
1740 2630 1861 2662 Satians
1878 2633 2019 2662 nostrum
2039 2630 2210 2671 appetitum
2230 2629 2310 2662 sicut
2326 2629 2404 2661 obie-

1453 2688 1540 2716 etum
1565 2683 1650 2716 solus
1674 2683 1758 2715 Deus
1782 2687 1844 2722 est,
1870 2683 1910 2715 ad
1935 2691 2027 2724 quem
2054 2682 2238 2723 capiendum
2265 2682 2402 2714 humana

1025 2884 1040 2893 r-

507 2886 514 2902 1
538 2886 685 2911 Secundum
707 2887 818 2917 Ariston,
839 2886 855 2910 l.
878 2886 955 2912 Etliic.
983 2892 1004 2909 c.
1030 2892 1049 2909 A.
1069 2888 1093 2910 et
1112 2885 1145 2910 X.
1167 2891 1188 2909 c.
1209 2884 1234 2916 7,
1255 2884 1388 2909 beatitudo

439 2934 476 2955 est
495 2930 611 2963 operatio
631 2931 655 2955 et
673 2929 740 2956 actio
762 2930 873 2954 bominis
898 2928 1043 2954 secundum
1069 2929 1194 2953 rationem
1221 2929 1276 2953 sive
1301 2931 1387 2959 poten-

438 2974 498 2998 tiam
518 2975 658 3005 perfectam
677 2978 701 2998 et
720 2974 845 3004 optimam
864 2974 985 2998 virtutem
1007 2974 1030 2997 in
1051 2973 1104 2997 vita
1124 2972 1247 3004 perfecta.

506 3017 517 3033 2
536 3019 597 3049 Arg.
619 3017 738 3048 praeced.
760 3031 793 3034 —
814 3018 915 3042 Aristot.
938 3017 969 3041 X.
991 3017 1070 3041 Etliic.
1098 3023 1119 3043 c.
1146 3016 1169 3040 8.
1190 3015 1295 3047 probat,
1316 3016 1388 3047 quod

438 3060 570 3086 beatitudo
584 3065 681 3086 tantum
697 3060 748 3085 Deo
764 3064 788 3085 et
802 3059 950 3085 hominibus
965 3060 1095 3089 convenit:
1116 3049 1162 3086 alat
1176 3061 1320 3084 Ceterorum
1335 3059 1388 3095 arii-

438 3105 544 3129 malium
565 3105 662 3129 nullum
683 3107 720 3129 est
741 3104 797 3129 felix
811 3112 832 3128 ι),
853 3104 902 3128 Cfr.
923 3103 984 3128 ibid.
1007 3104 1023 3128 l.
1044 3110 1065 3128 c.
1087 3104 1110 3128 9.

505 3147 516 3164 3
538 3148 601 3173 Vide
621 3149 731 3179 Arislot„
755 3148 770 3172 l.
792 3148 881 3178 Topic.
902 3156 923 3171 c.
945 3147 968 3178 li,
991 3150 1015 3172 et
1035 3147 1167 3179 f‘orpliyr.³
1189 3146 1220 3171 do
1241 3146 1387 3171 praedicat).

438 3198 458 3216 c.
480 3191 509 3217 (le
529 3191 674 3218 Accidenle.

509 3234 519 3250 ⁴¹
539 3235 562 3259 lu
584 3234 703 3266 praeced.
723 3241 798 3266 argg.
814 3248 849 3252 —
862 3234 898 3259 De
916 3233 1006 3267 prima
1026 3234 1112 3265 specie
1134 3234 1262 3266 qualitatis
1284 3233 1328 3258 cfr.
1349 3240 1389 3258 su-

442 3284 487 3307 pra
507 3284 565 3308 pag.
591 3278 651 3309 136,
674 3281 730 3303 notu
751 3278 776 3302 3.
792 3292 825 3295 —
840 3278 895 3302 Mox
915 3284 963 3309 pro
987 3278 1117 3303 naturam
1135 3277 1192 3302 Vat.
1213 3283 1272 3302 cum
1293 3276 1350 3301 cod.
1372 3277 1389 3300 E

442 3326 455 3343 a
476 3320 588 3344 secunda
608 3327 685 3345 manu
705 3320 833 3346 (mimam.

511 3363 521 3379 5
541 3366 657 3395 August„
678 3364 743 3395 XlV,
765 3364 796 3389 do
811 3365 880 3389 Triu.
895 3372 916 3389 c.
932 3365 955 3389 S.
970 3372 993 3389 u.
1013 3365 1036 3389 111
1051 3370 1056 3389 2
1071 3365 1105 3389 Eo
1120 3365 1218 3396 quippe
1232 3365 1288 3395 ipso
1302 3365 1389 3395 imago

1453 2884 1508 2909 eius
1528 2882 1599 2916 [Dei]
1620 2886 1669 2914 cst,
1690 2889 1742 2914 quo
1762 2883 1817 2907 eius
1836 2888 1917 2912 capax
1936 2885 1975 2906 est
1994 2882 2102 2913 eiusque
2132 2882 2260 2912 particeps
2280 2887 2336 2905 esse
2357 2886 2403 2911 po-

1453 2930 1509 2953 test.
1533 2941 1565 2944 ——
1585 2927 1648 2951 Voci
1667 2927 1732 2951 tiata
1751 2926 1807 2950 cod.
1828 2926 1849 2950 G
1868 2925 1997 2957 praefigit·
2014 2924 2113 2950 (mima.
2136 2925 2159 2949 ln
2189 2924 2238 2949 tino
2266 2931 2321 2955 arg.
2344 2927 2401 2955 post

1452 2970 1543 3003 implet
1560 2969 1617 2995 cod.
1637 2977 1667 2995 aa
1688 2969 1759 2994 addit
1776 2968 1944 3002 Augustinus
1963 2970 1987 2994 et
2005 2968 2091 3000 Beda,
2109 2969 2152 3001 qui
2166 2969 2243 2993 etiam
2263 2975 2277 2992 a
2292 2968 2399 2999 Bonav„

1453 3014 1516 3039 infra
1536 3015 1560 3038 in
1580 3013 1655 3038 solut.
1675 3013 1707 3038 ad
1730 3014 1757 3044 t,
1777 3016 1801 3037 et
1821 3012 1846 3037 ll.
1867 3013 1934 3037 Sent.
1955 3012 1979 3037 d.
2001 3013 2024 3036 8.
2046 3019 2072 3043 p.
2095 3012 2119 3036 ll.
2140 3018 2164 3043 q.
2191 3012 2214 3036 2.
2237 3010 2351 3036 fundam.
2372 3011 2401 3041 2,

1453 3064 1501 3089 pro
1515 3056 1605 3081 cadem
1626 3057 1749 3081 sententia
1769 3056 1869 3087 allegati
1890 3059 1949 3080 suut
1969 3056 2024 3086 (cfr.
2044 3055 2108 3080 ibid.
2130 3058 2188 3080 uota
2209 3053 2317 3086 addita).

1523 3101 1533 3117 ⁶
1553 3100 1602 3126 Cir.
1623 3101 1733 3132 Aristot.⁷
1754 3100 1769 3124 l.
1789 3100 1867 3124 Etliie.
1889 3107 1910 3124 c.
1932 3101 1954 3124 2.
1975 3113 2010 3117 —
2028 3098 2145 3124 Subinde
2172 3105 2218 3129 pro
2237 3096 2398 3123 universalis

1454 3145 1529 3170 codd.
1550 3145 1598 3169 Eu
1612 3144 1660 3168 MS
1680 3151 1709 3168 aa
1729 3143 1749 3175 (1
1762 3144 1778 3167 Ρ
1798 3150 1811 3168 a
1831 3142 1945 3168 secunda
1966 3144 2054 3174 manu)
2074 3141 2200 3173 villitrias,
2223 3141 2281 3166 cod.
2303 3142 2322 3165 G
2341 3139 2398 3166 ulti-

1453 3194 1514 3213 mus
1533 3189 1557 3213 et
1575 3186 1745 3213 universalis.

1523 3231 1533 3248 ⁷
1553 3231 1621 3256 Libr.
1644 3232 1680 3256 111.
1701 3231 1733 3256 de
1753 3229 1852 3256 Consol.
1875 3237 1952 3261 prosa
1973 3231 1996 3254 2.

1524 3276 1535 3291 3
1553 3275 1602 3301 Ctr.
1623 3275 1655 3300 de
1675 3276 1724 3300 hoc
1742 3281 1797 3306 arg.
1818 3277 1879 3300 tom.
1900 3274 1934 3298 ΙΙΙ.
1957 3281 2016 3305 pag.
2038 3273 2096 3305 297,
2118 3275 2174 3298 uota
2198 3273 2219 3296 rt.

1526 3318 1536 3334 ⁹
1556 3318 1621 3343 Vide
1649 3324 1729 3349 supra
1756 3321 1815 3342 uota
1845 3317 1868 3342 11.
1893 3330 1929 3335 -—
1947 3317 2054 3341 inferius
2082 3322 2130 3347 pro
2156 3314 2251 3340 ultima
2277 3312 2400 3347 perfectio

1454 3363 1542 3394 plures
1561 3362 1638 3387 codd.
1660 3360 1786 3387 ultimam
1802 3359 1938 3394 perfectio.
