2483 3882
177 314 222 346 Ex
246 313 296 345 his
320 313 394 345 satis
418 316 525 355 patent
549 313 669 345 obiecta
694 316 724 345 et
748 313 862 345 melius
885 313 1038 355 patebunt

87 367 168 400 infra
191 366 390 398 distinctione
415 366 566 407 vigesima
589 367 692 407 prima
706 366 723 397 ¹.
763 366 904 398 Rationes
936 366 1038 404 enim,

88 428 168 462 quae
203 419 389 457 ostendunt,
414 418 639 450 consessionem
666 427 726 450 non
752 427 820 450 esse
846 418 1038 456 iterandam,

86 472 261 515 procedunt
284 472 322 504 de
346 471 400 502 illa
424 462 633 509 confessiobe,
658 480 721 512 qua
745 471 815 512 quis
837 474 883 503 est
901 471 1037 511 legitime

86 525 245 558 confessus
270 528 300 556 et
322 524 504 562 absolutus,
533 524 613 556 sicut
638 527 739 565 patet,
763 523 837 565 quia
860 523 951 555 aliter
976 532 1036 554 non

86 577 286 611 concludunt.
324 576 466 608 Rationes
495 585 570 607 vero
594 576 634 608 ad
659 576 837 617 oppositum
864 576 1038 617 procedunt

86 631 124 662 de
149 630 358 668 confessione,
383 629 465 661 circa
482 638 576 670 quam
594 628 653 661 suit
677 628 791 670 aliquis
816 628 970 667 desectus,
988 628 1037 660 vel

912 225 1005 256 DIST.
1031 225 1129 257 XVIII.
1154 225 1184 256 Ι).
1208 225 1228 256 Ι.

1991 227 2054 258 lt65

1103 322 1121 344 a
1145 316 1233 354 parte
1268 312 1482 351 absolventis,
1512 313 1561 345 vel
1586 322 1604 344 a
1628 315 1717 354 parte
1740 312 1884 344 absoluti
1892 339 1901 351 ,
1927 313 1979 355 qui
2004 323 2056 355 po-

1103 369 1162 397 test
1185 375 1253 398 esse
1277 366 1462 398 conditionis
1487 365 1702 403 necessariae3
1726 368 1756 397 et
1774 369 1847 398 tunc
1864 369 1987 407 oportet
2003 366 2056 399 ite-

1104 428 1175 451 rum
1201 418 1351 457 confiteri,
1369 419 1418 451 vel
1440 421 1550 457 totum,
1568 418 1616 450 vel
1634 422 1767 460 partem,
1785 419 1960 451 secundum
1982 429 2056 461 qua-

1102 471 1220 503 litatem
1246 471 1396 503 defectus.
1422 471 1450 502 Si
1476 480 1551 503 vero
1576 471 1615 503 sit
1639 471 1779 503 defectus
1801 472 1986 504 conditionis
2003 482 2055 505 ex-

1102 524 1256 564 pedientis
1279 528 1310 556 et
1334 533 1513 565 congruae3
1538 527 1612 556 tunc
1636 524 1759 556 iteratio
1783 527 1830 557 est
1854 524 1893 557 de
1910 526 2054 567 congrui-

1102 579 1183 613 tate,
1209 585 1269 607 non
1295 576 1333 608 de
1358 577 1559 615 necessitate,
1581 580 1616 608 ut
1640 577 1767 619 quando
1792 577 1959 609 intervenit
1980 578 2055 610 obli-

1102 628 1173 666 vio,
1198 629 1247 661 vel
1272 629 1365 661 etiam
1391 629 1594 661 recidimatio.
1622 631 1656 662 Et
1681 630 1724 662 sic
1746 633 1830 672 patet
1847 630 1926 663 illud
1943 634 2052 663 totum.

810 830 1135 871 DISTINOTIO
1166 830 1332 870 XVIII.

1006 1006 1086 1038 PAns
1109 1006 1131 1037 I.

503 1113 572 1144 CAP.
594 1114 612 1143 Ι.

211 1211 253 1240 De
274 1209 469 1244 remissione,
492 1218 584 1250 quam
605 1213 739 1249 praestat
760 1208 906 1239 sacerdos.

161 1307 216 1336 Hic
238 1307 342 1345 quaeri
376 1307 465 1341 solet,
488 1307 512 1336 si
535 1309 694 1345 peccatum
725 1306 846 1336 omnino
876 1306 1034 1335 dimissum

0 1361 68 1392 „nitur
82 1359 126 1386 est
147 1365 163 1386 a
186 1357 247 1386 Deo
270 1365 325 1394 per
346 1356 446 1385 cordis
468 1355 692 1391 contritionem,
727 1363 763 1384 ex
796 1363 855 1393 quo
878 1355 1035 1393 poenitens

0 1390 66 1410 ’Μ’
81 1408 184 1435 votum
206 1405 313 1435 habuit
334 1404 511 1441 confitendi,
544 1404 616 1442 qnid
650 1407 752 1442 postca
777 1403 946 1433 dimittatur
968 1404 993 1433 ei
1018 1412 1033 1433 a

80 1453 246 1483 sacerdote.
270 1452 365 1482 Video
388 1453 481 1489 enim,
504 1461 564 1491 quo
589 1451 708 1481 vinculo
732 1459 799 1481 eum
817 1451 903 1489 ligat,
918 1451 1036 1481 scilicet

80 1501 255 1539 temporalis
276 1509 406 1540 poenae,
439 1500 492 1530 sed
525 1509 593 1537 non,
615 1509 632 1530 a
659 1509 719 1539 quo
742 1508 809 1530 eum
834 1500 984 1535 absolvat;
1007 1503 1036 1529 et

0 1552 30 1572 ³¹1¹
47 1550 65 1571 ¹·
80 1550 148 1580 ideo
170 1558 293 1589 quaero.
317 1553 392 1579 Ante
414 1549 640 1588 poenitudinem
673 1550 787 1588 quippe
813 1549 914 1578 cordis
936 1549 1035 1578 anima

4 1596 5 1599 ’
79 1599 122 1628 rei
145 1599 294 1628 maculam
318 1598 409 1628 habet
432 1602 460 1628 ct
483 1598 626 1628 foetorem
650 1598 766 1636 peccati
788 1602 879 1636 atque
895 1602 1035 1627 aeternae

79 1647 200 1677 ultionis
222 1647 342 1677 vinculo
364 1647 454 1686 ligata
471 1647 580 1676 existit.
598 1646 626 1676 Si
644 1655 715 1676 vero
732 1650 800 1676 ante
816 1646 1033 1676 consessionem

79 1704 134 1735 per
155 1696 256 1726 cordis
278 1696 488 1726 contritionem
513 1696 592 1725 Deus
614 1704 668 1734 per
690 1704 721 1725 se
745 1696 844 1733 ipsum
868 1695 932 1725 sine
947 1695 1034 1724 mini-

79 1745 170 1774 steno
192 1744 358 1775 sacerdotis
380 1748 409 1774 et
431 1744 566 1774 debitum
590 1744 711 1773 omnino
728 1743 843 1774 relaxat
858 1747 887 1773 ct
902 1744 1032 1773 animam

80 1793 204 1823 interius
226 1797 335 1832 purgat
358 1802 374 1823 a
396 1793 574 1831 contagione
596 1796 624 1822 et
651 1793 763 1822 foetore
795 1792 927 1830 peccati;
960 1791 1034 1830 qnid

79 1850 149 1879 ergo
172 1841 313 1877 mundat,
335 1841 408 1880 quid
431 1841 555 1870 dimittit
576 1841 741 1871 sacerdos?
763 1840 819 1870 Ubi
843 1844 912 1870 sunt
932 1840 1033 1870 claves

79 1891 161 1926 illae,
184 1898 260 1929 quas
293 1890 437 1920 Dominus
469 1890 593 1919 tradidit
624 1890 711 1919 Petro
745 1893 773 1919 et
804 1889 1034 1919 successoribus

79 1940 144 1969 eius
175 1939 315 1968 (ltcens¹:
352 1937 420 1968 Tibi
445 1937 521 1968 dabo
555 1938 651 1968 claves
683 1937 772 1978 requi
802 1937 976 1973 caelorzmm·
1008 1942 1035 1967 ec

78 1987 287 2028 quodcumque
311 1986 453 2027 licaveris
468 1996 559 2026 super
575 1991 706 2021 terram,
722 1985 780 2016 erit
803 1985 929 2025 ligyalzcm
952 1990 977 2015 ec
1000 1985 1034 2015 in

79 2036 179 2071 cccelo,·
201 2040 227 2065 ec
248 2036 457 2075 quodcumque
477 2035 604 2065 solveris
635 2044 727 2074 super
760 2039 890 2069 terram,
913 2033 971 2063 eric
991 2044 1034 2064 so-

80 2083 178 2114 lutum
200 2088 226 2113 ec
247 2083 281 2113 in
302 2083 417 2113 caelis?
439 2084 477 2113 Ut
500 2087 599 2113 autem
623 2083 790 2122 praemissa
814 2083 951 2121 quaestio
974 2082 1035 2121 ple<

79 2132 146 2162 nius
168 2132 314 2170 explicari
338 2132 452 2167 valeat,
474 2132 561 2170 quasi
583 2131 676 2161 [iltius
709 2131 796 2161 ducto
818 2135 897 2165 rete,
927 2130 965 2160 dc
987 2131 1034 2160 his

80 2180 217 2210 clavibus
239 2184 267 2210 et
289 2190 344 2210 usu
368 2189 471 2211 earum
494 2181 689 2211 disseramus.

494 2278 562 2308 CAP.
586 2278 617 2307 ΙΙ.

449 2376 492 2404 De
514 2374 658 2405 clavibus.

158 2472 263 2503 Claves
285 2472 360 2502 istae
381 2475 449 2502 sunt
472 2481 530 2501 non
554 2472 744 2510 corporaleS,
767 2472 821 2502 sed
842 2472 1033 2511 spirituales,

4 2520 194 2551 ‹lossa·sci1tcet
222 2520 436 2550 «discernendi
465 2520 589 2550 scientia
620 2524 648 2549 et
681 2521 812 2558 potentia
837 2520 1032 2556 iudicandi»⁷

81 2569 110 2599 id
138 2573 180 2600 est
209 2570 320 2607 ligandi
351 2573 380 2599 et
406 2569 556 2605 solvendi,
580 2578 638 2608 qua
671 2569 802 2607 «dignos
835 2569 971 2607 recipere
1005 2573 1034 2598 et

80 2618 216 2656 indignos
231 2618 318 2648 debet
336 2618 498 2648 excludere
515 2626 531 2647 a
547 2626 638 2656 regno
651 2631 662 2643 »
686 2617 910 2647 ecclesiasticus
926 2617 1032 2654 iudex,

81 2667 130 2705 qui
153 2667 231 2696 sicut
252 2667 343 2697 habet
365 2667 411 2697 ius
434 2667 563 2704 ligandi,
586 2667 625 2696 ita
647 2670 676 2696 et
699 2666 844 2696 solvendi.
867 2666 952 2696 Unde
968 2667 1034 2695 Am-

3 2715 237 2745 ‘osius-hrosius2:
267 2716 435 2746 «Dominus
459 2716 581 2754 parius
613 2719 642 2745 et
674 2715 809 2745 solvendi
842 2723 907 2744 csse
940 2714 1033 2744 voluit

82 2767 110 2793 et
131 2764 255 2802 ligandi,
270 2765 320 2803 qui
339 2768 501 2802 utrumque
516 2765 581 2802 pari
598 2764 770 2794 conditione
791 2764 938 2802 promisit.
954 2764 1033 2800 Ergo

82 2813 132 2851 qui
154 2813 287 2843 solvendi
312 2814 357 2843 ius
381 2822 438 2843 nou
467 2813 573 2849 habet,
607 2821 660 2842 nec
693 2812 803 2851 ligandi
838 2812 966 2842 habet».
999 2812 1034 2841 Et

1103 1112 1218 1142 insraff:
1247 1112 1391 1142 «Certum
1414 1116 1474 1150 est,
1497 1113 1577 1151 quod
1607 1113 1762 1143 Ecclesiae
1784 1117 1946 1153 utrumque
1968 1115 2201 1152 licet,Ambr⁰sius-

1104 1161 1237 1190 haeresis
1272 1164 1436 1200 utrumque
1469 1169 1526 1191 non
1560 1161 1669 1197 habet3
1701 1162 1747 1191 ius
1782 1163 1861 1192 enim
1895 1164 1954 1193 hoc
1985 1164 2057 1194 solis

1102 1210 1282 1248 permissum
1307 1213 1351 1240 est
1368 1210 1587 1240 sacerdotibus.
1611 1211 1702 1241 Recte
1726 1211 1816 1249 igitur
1841 1212 1975 1243 Ecclesia
2000 1213 2057 1243 hoc

1100 1258 1157 1287 sibi
1191 1258 1343 1293 vindicat,
1376 1267 1454 1297 quae
1487 1268 1575 1289 veros
1607 1259 1698 1290 habet
1730 1260 1921 1298 sacerdotes3
1953 1262 2059 1292 haere-

1101 1306 1142 1336 sis
1171 1306 1326 1336 vindicare
1356 1316 1414 1337 non
1443 1310 1558 1346 potest,
1581 1316 1659 1346 quae
1683 1316 1770 1338 veros
1799 1309 1972 1340 sacerdotes
1999 1319 2057 1340 non

1101 1355 1234 1385 habet».

1508 1453 1577 1483 CAP.
1600 1454 1645 1484 III.

1433 1552 1475 1580 D&
1497 1560 1556 1580 usu
1578 1551 1711 1581 clavium
1716 1575 1722 1581 .

1180 1646 1258 1676 Usus
1280 1655 1351 1677 vero
1379 1647 1487 1677 harum
1517 1647 1647 1677 clavium
1677 1648 1837 1686 multiplex
1866 1652 1927 1685 est,
1949 1649 2056 1680 discer-

1099 1703 1171 1724 nere
1193 1695 1308 1725 scilicet
1329 1695 1467 1733 ligandos
1494 1695 1541 1725 vel
1567 1695 1743 1732 solvendos,
1768 1705 1803 1726 ac
1828 1697 1937 1727 deinde
1962 1697 2056 1737 lzyyare

1101 1743 1147 1773 vel
1169 1743 1292 1773 solvere.
1322 1756 1334 1769 «
1349 1743 1403 1779 Qui
1426 1744 1506 1773 enim
1533 1744 1672 1783 indignos
1703 1744 1775 1782 ligat
1801 1745 1847 1775 vel
1879 1746 1968 1775 solvit
1990 1755 2057 1785 pro-
2070 1748 2196 1775 Gregorius.

1099 1792 1166 1830 pria
1187 1795 1336 1830 potestate
1358 1800 1390 1822 se
1412 1792 1574 1831 privam»,
1599 1793 1628 1822 id
1651 1796 1711 1829 est,
1733 1793 1857 1831 dignum
1885 1795 2056 1833 privatione

1099 1848 1132 1870 se
1153 1840 1232 1870 facit.

1509 1938 1577 1968 CAP.
1600 1939 1647 1970 IV.

1130 2034 1165 2065 Si
1183 2035 1322 2065 sacerdos
1342 2040 1438 2075 potest
1459 2035 1622 2071 dimittere,
1644 2037 1693 2067 vel
1712 2037 1842 2068 retinere
1862 2043 2025 2078 peccatum.

1181 2132 1237 2162 Sed
1261 2133 1426 2171 quaeritur,
1449 2137 1549 2163 utrum
1572 2142 1588 2163 a
1611 2138 1738 2173 peccato
1761 2135 1878 2166 solvere
1895 2136 1992 2166 valeat
2013 2145 2057 2167 sa-

1100 2180 1223 2216 cerdos,
1247 2180 1277 2210 id
1300 2184 1343 2210 est
1365 2189 1381 2211 a
1404 2181 1511 2220 calpa,
1535 2185 1567 2211 ut
1589 2182 1698 2220 cnlpae
1713 2183 1863 2213 maculam
1886 2184 2054 2223 abstergat,

1100 2229 1146 2258 vel
1169 2229 1304 2259 debitum
1328 2233 1469 2260 aeternae
1490 2230 1594 2260 mortis
1610 2231 1728 2261 solvere
1751 2232 1857 2262 valeat.
1873 2249 1913 2254 —-—
1928 2233 2055 2268 Quidam
2071 2238 2148 2265 Opinio
2164 2238 2183 2259 1-

1100 2277 1237 2307 arbitrati
1262 2281 1345 2315 sunt,
1369 2286 1437 2307 cum
1467 2283 1611 2317 peccator
1637 2279 1800 2318 dupliciter
1824 2280 1934 2319 ligatus
1957 2285 2055 2312 tenea-

1100 2329 1157 2361 tur,
1180 2329 1212 2356 ιιι
1235 2327 1425 2365 praedictum
1455 2331 1514 2363 est,
1536 2328 1652 2358 scilicet
1674 2329 1782 2358 mentis
1812 2330 1990 2367 contagione
2020 2339 2055 2360 ac

1100 2375 1245 2405 caecitate
1267 2378 1296 2404 et
1318 2375 1419 2405 debito
1443 2376 1561 2406 futurae
1587 2385 1716 2415 poenae,
1732 2377 1860 2407 alterum
1883 2379 1982 2407 curari
2001 2387 2055 2416 per

1100 2424 1209 2459 Deum,
1232 2424 1359 2454 alterum
1382 2424 1456 2454 solvi
1474 2433 1528 2463 per
1550 2426 1749 2456 sacerdotem.
1769 2426 1884 2456 Patitur
1906 2427 1985 2456 enim
2001 2436 2054 2465 per

1099 2474 1258 2510 peccatum
1287 2472 1435 2511 quasdam
1459 2473 1597 2503 tenebras
1630 2474 1788 2503 interiores
1811 2478 1840 2503 et
1866 2475 2015 2510 maculas,
2039 2483 2056 2505 a

1100 2520 1210 2558 quihus
1226 2520 1282 2549 niSi
1299 2520 1453 2556 liberetur,
1470 2522 1647 2559 proiicietur
1662 2521 1695 2551 in
1715 2521 1850 2552 tenebras
1872 2523 2054 2561 exteriores,-

1099 2576 1168 2598 cum
1193 2572 1292 2597 autem
1316 2568 1462 2598 liberatur
1484 2569 1521 2598 ab
1544 2570 1606 2603 liis,
1635 2571 1799 2600 suscitatur
1826 2579 1842 2600 a
1865 2575 1960 2601 morte
1984 2581 2055 2610 pec-

1099 2617 1167 2647 cati.
1184 2617 1269 2647 Unde
1284 2617 1445 2655 Apostolus
1458 2617 1484 2646 ⁵:
1508 2617 1602 2656 Suroe
1618 2617 1673 2657 qui
1693 2617 1826 2653 dormis,
1846 2624 1871 2648 ec
1893 2619 2055 2651 illic-mimz-

1100 2664 1142 2694 bit
1170 2669 1195 2694 te
1226 2664 1372 2695 Christus.
1402 2665 1489 2695 Solus
1519 2667 1597 2695 enim
1627 2666 1778 2703 Christus,
1808 2675 1866 2696 non
1897 2669 2054 2706 sacerdos,

1099 2714 1229 2744 animam
1259 2715 1434 2749 resuscitat,
1464 2723 1499 2744 ac
1522 2715 1617 2753 pulsis
1648 2715 1779 2745 tenebris
1809 2716 2003 2747 interioribus
2025 2721 2054 2747 et

1099 2762 1239 2799 maculis,
1262 2771 1326 2792 eam
1351 2763 1498 2793 illuminat
1520 2767 1549 2792 ct
1572 2764 1709 2799 mundat,
1732 2765 1782 2803 qui
1806 2765 1924 2795 animae
1946 2766 2053 2796 faciem

1099 2811 1194 2847 lavat3
1218 2811 1352 2841 debitum
1378 2819 1448 2841 vero
1472 2816 1612 2841 aeternae
1635 2820 1751 2850 poenae
1767 2813 1883 2843 solvere
1904 2814 2053 2843 concessit

0 2951 1 3019 ἒ
84 2977 152 3008 quod
172 2977 267 3003 liabent
286 2978 360 3003 codd.
383 2979 402 3002 H
415 2979 435 3003 t<
457 2978 474 3010 (1
495 2986 508 3003 a
529 2979 643 3003 secunda
663 2979 768 3011 manu),
784 2978 859 3003 codd.
880 2979 928 3003 FG
948 2985 1033 3004 neces-

83 3021 185 3047 sarium
204 3021 301 3048 ilerum
321 3021 453 3056 confiteri,
477 3022 533 3047 cod.
555 3022 574 3047 O
594 3022 693 3047 iterum
722 3022 914 3056 confltemlmn,
937 3022 994 3047 cod.
1017 3022 1035 3046 U

83 3063 246 3097 iterandum,
270 3066 310 3090 alii
340 3066 417 3091 codd.
448 3067 591 3098 incongrue
620 3070 718 3091 tantum
747 3066 858 3097 ilertmt,
882 3066 951 3098 quod
974 3066 1033 3091 edd.

83 3112 213 3134 mutarunt
232 3110 256 3134 in
277 3117 378 3135 verum.

154 3152 161 3168 ¹
184 3153 261 3178 l‘artis
281 3154 306 3178 ll.
327 3161 349 3178 a.
375 3155 393 3178 1.
414 3161 438 3186 q.
461 3155 483 3178 4,
514 3168 547 3171 ——
573 3153 635 3178 lbid.
662 3155 738 3178 etiam
764 3155 788 3177 in
809 3154 905 3178 scholio
930 3154 970 3178 alii
990 3161 1035 3178 au-

84 3199 179 3228 ctores,
201 3199 244 3229 qui
265 3198 298 3223 de
318 3199 365 3223 liae
384 3205 412 3223 re
432 3202 523 3229 agunt,
544 3198 694 3228 allegantur.

276 3268 383 3294 NOTAE
403 3268 444 3293 AD
463 3267 550 3293 LIBR.
572 3267 841 3293 SENTENTIARUM.

154 3329 161 3344 ¹
183 3330 267 3354 Mattn.
293 3331 335 3360 16,
358 3331 397 3354 ii).
419 3330 525 3355 interius
545 3331 681 3361 respicitur
701 3330 761 3354 Luc.
783 3330 812 3360 5,
835 3329 857 3354 4.

154 3372 165 3388 ²
183 3373 259 3397 Libro
279 3374 294 3397 l.
315 3373 347 3398 dc
368 3374 535 3402 Poenitentia,
557 3380 578 3398 c.
594 3374 617 3398 -2,
633 3381 656 3397 ιι.
677 3373 700 3398 7.
716 3374 841 3404 Superius
860 3374 932 3404 plura
953 3374 1033 3398 verba

232 3425 259 3451 S.
279 3426 379 3451 Bonae.
400 3441 433 3443 —
453 3426 528 3450 Tom.
551 3426 590 3450 lV.

1100 2981 1184 3002 sumta
1204 2980 1263 3002 sunt
1282 2984 1312 3002 cx
1333 2977 1420 3001 Glossa
1437 2977 1520 3002 nedae
1540 2977 1611 3008 apud
1628 2977 1757 3008 Lyranum
1777 2978 1808 3002 ad
1830 2978 1915 3003 locum
1936 2978 2051 3003 Matthaei

1101 3028 1177 3052 suprn
1199 3022 1239 3045 cit.

1171 3064 1182 3080 3
1201 3065 1277 3089 Libro
1297 3066 1346 3096 cit„
1367 3065 1428 3089 ibid.
1450 3065 1568 3095 int‘eritis3
1590 3064 1649 3089 vide
1669 3065 1694 3089 ll.
1716 3065 1747 3089 (le
1767 3064 1827 3089 (lain
1847 3069 1871 3090 et
1891 3065 1966 3096 Abel,
1987 3072 2008 3090 c.
2031 3065 2053 3090 4.

1100 3116 1124 3133 n.
1147 3109 1192 3141 115;
1213 3109 1239 3134 C.
1264 3109 1378 3135 Verbum,
1398 3108 1445 3133 Dei
1465 3108 1536 3139 (st),
1558 3109 1589 3133 de
1610 3109 1779 3140 poenitentia,
1799 3109 1826 3134 d.
1853 3110 1873 3134 l.

1173 3153 1181 3169 4
1201 3155 1317 3185 Gregor.⁷
1339 3154 1362 3177 ll.
1384 3153 1475 3177 Ilomil.
1496 3154 1520 3176 in
1540 3153 1637 3184 Evang.
1658 3153 1745 3177 homil.
1764 3154 1804 3177 26.
1826 3161 1851 3178 n.
1873 3154 1896 3178 5.
1911 3167 1946 3172 —
1959 3154 2051 3185 Opinio

1101 3198 1192 3229 prima,
1213 3205 1280 3229 quae
1300 3198 1323 3221 in
1345 3204 1416 3228 seqq.
1437 3197 1560 3227 retertur,
1580 3200 1618 3221 cst
1637 3197 1753 3227 Ilugonis
1781 3197 1813 3221 de
1834 3198 1858 3222 S.
1881 3198 1953 3229 Vict.‚
1974 3198 2000 3222 ll.
2020 3198 2053 3223 de

1101 3243 1214 3267 Sacram.
1236 3249 1262 3272 p.
1293 3241 1359 3265 XIV.
1389 3248 1411 3265 c.
1434 3241 1456 3264 8.
1483 3241 1548 3265 circa
1578 3241 1642 3271 init,
1664 3240 1707 3265 ubi
1734 3241 1810 3265 etiam
1831 3242 1942 3266 refutare
1963 3243 2050 3267 nititur

1101 3294 1154 3318 seq.
1175 3287 1333 3317 opinionem.

1172 3330 1183 3346 5
1202 3330 1264 3360 lipli.
1286 3328 1315 3359 5,
1338 3328 1377 3353 14.
1406 3329 1530 3360 Superius
1555 3330 1690 3360 respicitur
1714 3329 1797 3354 Mattn.
1819 3330 1865 3360 22,
1892 3330 1934 3361 133
1956 3330 1988 3355 do
2008 3330 2054 3355 La-

1102 3381 1161 3398 zaro
1181 3373 1240 3397 vidc
1261 3373 1327 3397 ioan.
1350 3373 1358 3396 l
1371 3374 1395 3403 l,
1422 3373 1459 3397 tit.
1481 3387 1516 3391 —
1536 3373 1632 3398 Deinde
1651 3374 1743 3398 citatur
1763 3373 1830 3398 toan.
1853 3375 1898 3405 20,
1920 3374 1960 3398 23.

1878 3427 1910 3451 ’39
