2483 3882
881 245 974 276 DlS'r.
1000 244 1081 276 XLll.
1106 244 1188 275 ART.
1214 244 1233 275 Ι.

0 343 67 365 ninus.
80 336 204 372 quartae
226 341 283 362 non
306 336 375 362 sunt
395 332 593 362 damnandae.
609 332 693 362 Unde
708 332 891 371 Augustinus
905 332 929 361 ²:
952 344 963 357 «
976 332 1024 361 Se-

0 968 63 992 ymas.

75 382 188 412 cundas
217 381 337 419 nuptias
368 381 489 410 omnino
523 381 619 410 licitas
650 380 812 419 Apostolus
844 380 1022 410 concedit».

76 429 141 458 «De
165 428 259 458 tertiis
281 432 380 458 autem
403 432 431 458 et
454 428 570 466 quartis
593 431 621 457 et
643 428 679 457 de
701 428 778 457 ultra
811 427 949 465 pluribus
972 436 1023 457 nu-

72 477 140 516 ptiis
160 476 256 506 solent
279 476 415 505 homines
437 484 559 505 movere
582 476 798 514 quaestionem.
816 476 873 505 Sed
889 476 957 514 quis
972 484 1022 505 au-

71 526 139 556 deat
161 524 285 554 delinire
301 524 381 563 quod
406 532 461 553 nec
483 524 658 561 Apostolum
687 524 773 553 video
796 524 957 554 definisse?
974 524 1023 554 Ait

71 573 165 603 enim:
188 572 222 603 Si
241 571 401 601 dormierit
422 571 472 601 vir
493 571 576 606 eius,
599 571 649 601 em·
669 572 734 601 vall
760 571 863 602 nubat.
886 572 951 602 Nou
982 573 1023 602 di-

70 621 126 651 cit:
148 621 281 659 primus,
305 620 350 650 vel
373 619 540 655 secundus,
557 619 603 649 vel
620 620 741 656 tertius,
758 619 804 649 vel
820 620 1022 658 quotuslibet3

71 678 126 699 nec
147 669 234 699 nobis
256 668 458 698 definiendum
483 671 527 697 est
548 667 629 706 qnod
650 676 708 697 nou
732 667 835 697 definit
850 668 1021 706 Apostolus.

69 716 154 747 Unde
176 720 208 746 ut
230 716 362 745 breviter
385 715 601 753 respondeam,
617 723 672 744 nec
696 714 761 744 illas
783 715 903 753 nuptias
925 715 1022 744 debeo

71 765 229 801 damnare,
253 771 307 793 nec
330 764 373 793 eis
396 763 611 793 verecundiam
635 762 858 792 numerositatis
887 763 1023 799 auferre,

71 821 125 843 uec
147 816 250 842 contra
272 812 422 842 humanae
438 811 640 842 verecundiae
655 819 776 841 sensum
792 810 890 841 audeo
906 810 1023 847 dicere,

70 865 117 897 ut,
133 862 251 900 quoties
272 861 436 897 voluerint,
453 860 582 897 nubant,
599 867 654 889 nec
676 868 714 889 ex
736 867 803 889 meo
826 859 917 889 corde
940 867 1024 897 prae-

73 913 116 939 ter
156 909 330 948 Scripturae
365 909 574 938 auctoritatem
611 907 794 946 quotaslibet
826 907 947 946 nuptias
975 907 1024 937 da-

74 965 177 987 mnare
189 970 214 986 ».
231 957 302 987 Item
323 960 447 987 testatur
462 956 664 995 Hieronymus
675 955 701 985 ²:
730 968 742 981 «
754 956 816 992 Ego
833 963 912 985 nunc
927 954 1023 985 libera

71 1014 147 1036 voce
178 1005 332 1043 exclamo,
358 1013 413 1035 nec
445 1004 582 1034 damnari
615 1004 643 1034 iu
676 1003 812 1034 Ecclesia
846 1003 1023 1041 bigamiam,

75 1062 155 1084 mmo
181 1062 237 1084 nec
268 1053 457 1091 trigamiam;
480 1056 509 1083 et
538 1052 578 1082 ita
607 1052 700 1082 licere
729 1052 834 1090 quinto
863 1055 892 1081 et
921 1055 1024 1088 sexto,

1973 245 2036 276 867

1088 330 1342 369 quemadmodum
1369 330 1502 360 secundo
1526 331 1633 360 marito
1657 330 1808 360 nubere».
1823 331 2038 369 —Apostolus
2054 338 2084 360 oe
2099 338 2200 369 irregula-

1089 382 1186 408 tamen
1209 379 1344 416 bigamos
1361 388 1376 409 a
1392 379 1572 409 sacerdotali
1596 379 1710 408 honore
1734 379 1877 409 excludit.
1899 379 1957 409 Sed
1981 379 2039 409 hoc
2090 367 2160 386 mate.

1089 435 1145 456 non
1176 427 1245 457 facit
1274 436 1328 465 pro
1360 427 1431 457 vitio
1462 427 1626 465 bigamiae,
1650 428 1740 457 immo
1768 436 1823 466 pro
1853 428 2039 458 sacramenti

1088 476 1213 512 virtute,
1230 480 1261 506 ut
1279 477 1318 506 sit
1341 485 1398 506 una
1422 476 1526 513 unius,
1543 477 1621 506 sieut
1638 477 1725 507 unica
1750 477 1839 506 unici.
1852 476 1977 506 —lllud
2001 479 2039 506 ta-

1088 532 1154 553 men
1177 523 1380 554 Caesariensis
1403 524 1549 554 Concilii³
1573 524 1691 554 videtur
1714 525 1854 561 innuere,
1879 525 2039 562 bigamiam

1088 580 1153 602 esse
1177 576 1351 611 peccatum:
1388 573 1640 612 «Presbyterum,
1663 573 1775 612 inquit,
1798 573 1826 602 111
1856 573 1969 612 nuptiis
1998 573 2039 603 bi-
2054 584 2132 605 Canon.

1087 621 1166 658 gami
1196 621 1345 658 prandere
1374 629 1431 650 non
1462 622 1617 657 convenit,
1640 622 1727 660 quia,
1756 629 1824 651 cum
1854 621 2039 660 poenitentia

1089 668 1226 705 bigamus
1248 669 1394 706 indigeat,
1417 669 1485 708 quis
1507 670 1563 699 erit
1585 670 1761 708 presbyter,
1782 670 1833 708 qui
1857 670 1966 699 talibus
1989 679 2039 699 uu-

1088 717 1159 754 ptiis
1182 717 1276 754 possit
1299 717 1444 755 praebere
1466 727 1644 748 consensum
1659 720 1696 748 n?
1717 719 1775 748 Sed
1798 719 1856 748 lioc
1879 719 1916 748 de
1933 719 1981 748 illo
1999 719 2038 748 in<

1089 763 1180 800 telligi
1204 767 1316 801 potest,
1340 765 1390 803 qui
1415 766 1529 803 primae
1552 766 1638 795 uxori
1663 766 1821 795 insidiatus
1846 769 1969 804 putatur
1991 765 2040 795 de-

1088 810 1199 840 siderio
1221 812 1388 847 secundae;
1412 813 1457 842 vel
1480 822 1535 852 pro
1564 814 1718 852 signaculo
1748 814 1933 844 Sacramenti
1964 814 2038 844 illud

1088 858 1216 894 dicitur,
1238 860 1319 897 quod
1352 860 1380 889 in
1414 860 1534 897 bigamo
1568 870 1624 891 non
1658 866 1803 893 servatur.
1838 862 2186 892 Ambrosiusumhrosius.

1089 907 1178 936 etiam
1202 907 1290 944 dicit,
1312 908 1393 946 quod
1421 910 1563 947 «primae
1586 911 1708 952 nuptiae
1731 914 1846 940 tantum
1874 920 1890 941 a
1912 912 2038 941 Domino

1088 959 1158 984 sunt
1179 955 1347 992 institutae,
1369 957 1520 986 secundae
1543 966 1613 987 vero
1635 963 1704 988 sunt
1726 960 1905 997 permissam
1929 963 1956 990 et
1978 960 2039 998 pri-

1088 1011 1155 1033 mae
1178 1004 1300 1042 nuptiae
1322 1004 1378 1034 sub
1406 1004 1614 1035 benedictione
1645 1007 1695 1036 Dei
1725 1007 1917 1038 celebrantur
1946 1008 2039 1038 subli-

1090 1052 1193 1089 miter,
1208 1052 1360 1088 secundae
1376 1061 1447 1083 vero
1463 1053 1552 1084 etiam
1570 1054 1598 1083 in
1616 1056 1764 1092 praesenti
1781 1060 1885 1085 carent
1904 1056 2039 1094 gloria».

393 1247 888 1302 COMMENTARIUS
926 1248 996 1301 IN
1034 1247 1529 1302 DISTINOTIONEM
1567 1249 1718 1303 XLII.

350 1406 400 1443 De
433 1405 676 1456 impedimento
711 1405 936 1452 matrimonii,
972 1405 1066 1456 quod
1098 1405 1188 1442 veuit
1221 1417 1264 1443 ex
1297 1405 1549 1456 propinquitate
1583 1407 1759 1457 spirituali.

584 1553 630 1584 De
650 1552 879 1594 paretitaliam
901 1552 1074 1594 graduum
1098 1551 1233 1594 famosa
1257 1553 1445 1595 quaestione
1468 1556 1525 1585 etc.

900 1689 1039 1723 DIVISIO
1064 1690 1219 1722 TEXTUS.

159 1844 261 1885 Supra
285 1844 348 1884 egit
378 1842 523 1884 Magister
555 1842 594 1874 de
625 1841 807 1883 cognatione
838 1841 967 1874 carnali.
991 1841 1024 1873 In

70 1897 129 1928 hac
152 1899 242 1938 parte
265 1896 328 1937 agit
352 1895 390 1927 de
415 1895 588 1937 spirituali,
614 1898 644 1926 et
672 1894 808 1927 continet
839 1895 917 1926 haec
948 1904 1023 1936 pars

71 1953 267 1991 praesentem
293 1948 542 1987 distinctionem,
559 1956 640 1990 quae
660 1951 762 1989 potest
778 1947 874 1980 dividi
894 1948 925 1979 in
942 1948 1023 1980 duas

70 2006 185 2045 partes.
210 2002 241 2033 111
267 2002 369 2043 prima
393 2001 456 2043 agit
480 2001 519 2033 de
542 2000 724 2042 cognatione
746 2000 910 2042 spirituali.
931 2000 961 2032 ln
980 2010 1025 2033 se-

71 2054 174 2088 cunda
198 2063 273 2087 vero
296 2055 360 2095 agit
384 2054 422 2086 de
446 2054 593 2087 secundis
616 2053 753 2095 nuptiis,
779 2054 965 2093 ostendens,
992 2054 1025 2085 il-

70 2108 117 2141 las
140 2117 208 2140 esse
232 2107 349 2145 licitas;
375 2116 455 2149 quae
480 2116 553 2149 pars
577 2115 673 2148 supra
688 2106 697 2121 ¹
731 2106 833 2139 divisa
864 2106 923 2139 fuit
954 2116 1023 2139 con-

70 2164 119 2193 tra
143 2164 238 2193 totam
262 2161 520 2202 praecedentem,
544 2164 574 2192 et
606 2159 665 2192 hoc
697 2159 769 2192 fac-it
800 2159 913 2191 ultimo
943 2160 1024 2201 capi-

70 2214 153 2247 tulo:
181 2214 357 2246 Sciendum
387 2218 433 2245 est
463 2213 581 2250 etia-m,
607 2212 695 2255 qaod
724 2222 789 2244 11οη
820 2212 927 2244 sotum
956 2212 1024 2253 pri-

71 2276 145 2298 mae
175 2266 224 2298 vel
245 2266 408 2298 secundae
431 2265 567 2307 nuptiae
591 2270 647 2298 etc.

159 2319 263 2351 Prima
287 2328 360 2360 pars
385 2319 478 2350 habet
502 2319 591 2351 duas.
612 2319 643 2350 In
662 2318 764 2360 prima
781 2318 933 2357 ostendit,
950 2328 1025 2360 qua-

1089 1841 1160 1873 liter
1184 1841 1316 1883 impedit
1341 1842 1595 1881 matrimonium,
1620 1842 1679 1874 ibi:
1706 1843 1800 1883 Quod
1823 1847 1932 1875 autem
1961 1853 2042 1875 eom-

1084 1898 1183 1935 pater
1207 1898 1235 1926 et
1258 1899 1437 1926 commater
1460 1898 1518 1927 etc.
1538 1894 1572 1926 Et
1587 1894 1640 1926 illa
1664 1895 1817 1927 dividitur
1843 1895 1873 1926 in
1895 1895 1985 1928 duas.
2009 1896 2042 1927 lu

1089 1947 1192 1989 prima
1208 1947 1271 1989 agit
1289 1947 1328 1979 de
1349 1948 1531 1989 cognatione
1548 1948 1677 1980 directa.
1699 1948 1730 1979 111
1749 1948 1887 1980 secunda
1904 1957 1979 1981 vero
2003 1949 2042 1981 de

1089 2000 1251 2040 indirecta,
1268 2000 1323 2032 ibi:
1342 2000 1426 2032 Solet
1442 2000 1539 2032 etiam
1558 2001 1685 2044 qua-eri,
1704 2001 1736 2033 si
1750 2005 1963 2033 commatrem
1984 2005 2041 2034 etc.

1178 2053 1281 2085 Prima
1304 2063 1379 2095 pars
1403 2054 1516 2086 iterum
1543 2053 1696 2086 dividitur
1722 2054 1750 2086 in
1776 2054 1865 2086 duas.
1891 2055 1921 2086 ln
1940 2055 2042 2096 prima

1088 2107 1169 2148 agit,
1193 2106 1352 2148 quomodo
1376 2107 1517 2148 cognatio
1541 2106 1714 2148 spiritualis
1739 2107 1869 2149 impedit
1894 2107 1924 2139 in
1950 2116 1991 2140 se.
2010 2108 2041 2139 ln

1088 2159 1227 2192 secunda
1251 2168 1341 2197 vero,
1358 2159 1389 2191 in
1406 2159 1637 2201 comparatione
1662 2160 1701 2192 ad
1726 2160 1939 2201 cognationem
1962 2160 2042 2201 lega-

1090 2213 1168 2251 lem,
1186 2212 1244 2244 ibi:
1273 2212 1367 2252 Quod
1381 2217 1491 2244 autem
1507 2212 1719 2254 spirituales,
1736 2212 1785 2244 vel
1799 2213 1949 2254 adoptivi
1967 2212 2039 2254 filii.

1090 2283 1138 2288 —--
1157 2265 1191 2297 Et
1215 2265 1256 2297 ita
1281 2265 1340 2297 tria
1365 2265 1577 2298 determinat2
1603 2265 1633 2297 in
1658 2265 1715 2297 hae
1740 2265 1946 2297 distinctione.
1980 2266 2040 2297 Pri-

1089 2328 1177 2350 mum
1202 2322 1248 2350 est
1273 2318 1312 2350 de
1336 2318 1517 2360 cognatione
1541 2318 1714 2360 spirituali;
1739 2318 1913 2350 secundum
1931 2322 1977 2350 est
2001 2318 2040 2350 de

71 2373 141 2405 liter
159 2372 331 2414 spiritualis
348 2372 489 2413 cognatio
506 2372 720 2404 contrahatur.
738 2372 769 2403 ln
784 2372 1024 2413 secunda,qua-
1089 2371 1197 2413 legali,
1222 2375 1252 2403 et
1276 2371 1402 2404 tertium
1428 2375 1474 2403 est
1498 2371 1536 2403 de
1561 2371 1707 2403 secundis
1731 2371 1856 2412 nuptiis.

804 2537 1013 2568 TRACTATIO
1038 2536 1311 2578 QUAESTlONUM.

159 2702 202 2734 Ad
227 2702 462 2744 intelligentiam
487 2702 584 2734 huius
607 2702 706 2744 partis
731 2702 813 2734 circa
839 2702 898 2734 tria
915 2702 1023 2734 incidit

71 2754 121 2787 hic
145 2755 359 2796 principaliter
385 2754 544 2797 quaestio,
570 2755 649 2787 sicut
674 2755 734 2787 tria
758 2759 849 2794 sunt,
866 2764 947 2797 quae
964 2755 1023 2786 Ma-

73 2807 167 2849 gister
192 2807 389 2840 determinat.

1178 2702 1280 2733 Primo
1304 2702 1468 2743 quaeritur
1492 2701 1531 2732 de
1556 2701 1736 2741 cognatione
1761 2699 1926 2741 spirituali.

1177 2754 1330 2793 Secunde,
1354 2754 1393 2785 de
1418 2753 1598 2794 cognatione
1623 2753 1723 2794 legali.

1177 2807 1291 2845 Tertio,
1315 2807 1354 2838 de
1378 2806 1516 2838 secundo
1540 2805 1665 2837 foedere
1689 2805 1833 2846 nuptiali.

143 3029 151 3045 ¹
170 3030 206 3054 De
232 3030 302 3055 Bono
327 3030 465 3062 viduitatis,
486 3037 507 3056 c.
529 3030 551 3055 4.
572 3038 596 3055 n.
617 3031 649 3062 63
671 3030 712 3056 lib.
733 3031 760 3056 ll.
780 3033 867 3055 contra
885 3030 1023 3055 adversar.

70 3073 145 3105 Legis
164 3077 189 3099 et
207 3074 326 3105 Prophet.
347 3081 368 3099 c.
390 3075 399 3098 ·1
411 3074 430 3099 1.
451 3081 475 3099 n.
496 3074 542 3106 37;
557 3073 583 3099 C.
598 3075 669 3100 Deus
682 3073 834 3100 masculum
849 3074 923 3105 (ta),
940 3073 966 3098 C.
981 3074 1022 3098 3¹.

72 3125 96 3150 q.
118 3118 140 3143 11.
159 3118 218 3150 Seq.
238 3119 310 3143 locus
329 3121 367 3143 est
385 3118 418 3143 de
437 3118 507 3143 Bono
527 3118 668 3150 viduitatis,
684 3126 706 3144 c.
725 3119 762 3143 12.
784 3126 807 3144 n.
830 3119 878 3149 15,
900 3118 944 3143 ubi
964 3119 1023 3142 eita-

71 3162 112 3185 tur
131 3161 147 3186 I.
167 3160 224 3186 Cor.
244 3161 274 3192 7,
294 3161 340 3193 393
360 3161 386 3186 C.
408 3160 485 3193 Quod
502 3161 526 3187 si
542 3160 684 3187 dormierit
701 3161 775 3193 (ta),
791 3161 898 3186 ibid.-
910 3161 957 3185 Ριό
976 3168 1024 3185 aa·

70 3203 141 3237 ferre
161 3205 237 3230 codd.
257 3204 275 3231 C
287 3205 307 3229 D
326 3205 439 3239 afferre,
461 3206 518 3231 Vat.
531 3205 646 3238 inferre,
663 3206 808 3236 refragante
821 3206 900 3230 ctiam
916 3212 1023 3229 canone.

71 3261 107 3266 —
124 3248 178 3273 Hoc
197 3256 252 3280 cap.
273 3252 388 3274 sumtum
408 3252 446 3274 est
465 3256 495 3274 ex
516 3250 590 3281 Ηυξς.1
611 3250 683 3274 Sum.
704 3250 773 3274 Sent.
794 3252 823 3273 tr.
844 3248 868 3272 7.
888 3255 910 3272 c.
931 3248 972 3272 21.

142 3292 153 3308 2
172 3293 248 3324 Epist.
269 3292 310 3317 ts.
331 3292 405 3323 (allas
425 3293 477 3325 50.)
506 3293 540 3318 ad
568 3293 778 3324 pammachium,
801 3299 823 3316 11.
850 3292 893 3322 18;
913 3291 939 3316 C.
960 3292 1023 3323 Ape-

72 3334 145 3361 riam
164 3342 261 3369 quaeso
281 3336 353 3369 (lh),
374 3336 436 3361 ibid.
455 3337 471 3368 g
491 3338 514 3361 ⁴2.
534 3350 570 3355 —
588 3337 636 3362 Pro
660 3335 804 3369 bigamiam
824 3339 848 3360 et
868 3334 1023 3368 trigamiam

74 3379 199 3410 plurimae
226 3380 285 3405 edd.
313 3379 448 3413 bigamam
476 3384 500 3406 et
520 3380 683 3413 triyainam,·
703 3379 778 3404 codd.
808 3379 857 3403 AB
877 3378 1023 3411 diyamicmz

1089 3029 1170 3061 (quod
1190 3030 1265 3053 etiam
1286 3028 1348 3052 intra
1369 3027 1401 3052 ab
1421 3028 1476 3051 aliis
1504 3026 1579 3051 codd.
1600 3027 1742 3058 repetitur).
1762 3040 1797 3045 —
1816 3026 1913 3051 Deinde
1933 3028 2039 3058 respici-

1088 3076 1129 3099 tur
1149 3073 1165 3098 l.
1188 3073 1253 3097 Tim.
1275 3073 1302 3103 3,
1324 3073 1346 3096 2.

1159 3116 1169 3132 3
1187 3116 1248 3141 Can.
1270 3116 1304 3141 De
1323 3115 1364 3141 Itis
1384 3116 1442 3146 (8.),
1462 3115 1525 3139 ibid.

1159 3160 1168 3176 ⁴
1188 3159 1330 3185 Commcnt.
1350 3160 1374 3183 in
1396 3159 1411 3183 l.
1431 3158 1488 3183 Cor.
1508 3158 1537 3190 7,
1559 3158 1590 3183 40
1610 3158 1686 3190 (inter
1705 3159 1760 3183 cius
1781 3159 1881 3191 opera).

1329 3245 1434 3271 NOTAE}
1453 3244 1494 3271 AD
1515 3244 1792 3271 COMMENTARIUM.

1161 3335 1167 3350 ¹
1188 3335 1247 3359 Dist.
1269 3334 1308 3359 34.
1330 3335 1353 3359 in
1374 3334 1503 3359 Divisioue
1523 3337 1614 3360 textus.

1158 3378 1168 3393 2
1187 3377 1268 3403 Codd.
1288 3377 1308 3402 Ο
1320 3378 1338 3402 R
1351 3378 1367 3402 S
1386 3377 1606 3403 determinantur.
