2483 3882
330 562 364 583 Ad
381 561 463 588 opposi-

373 590 423 608 tum.

313 2140 412 2166 Quaestio
427 2140 458 2160 iu-

327 2166 408 2187 cidens.

340 2665 455 2690 Spirituale

352 2693 436 2718 duplex.

478 254 540 286 646

477 341 618 373 ordinem
644 339 849 380 suscipiendi:
875 347 949 379 ergo
974 342 1227 379 quantacumque
1251 338 1290 369 sit
1317 338 1348 369 in
1372 337 1425 369 ali-

476 402 538 434 quo
562 392 750 423 simoniaca¹
768 391 920 431 pravitas,
945 399 1005 422 non
1031 390 1155 422 videtur
1186 389 1343 422 dationem
1374 389 1424 421 vel

477 444 704 486 susceptionem
729 443 848 474 ordinis
873 442 1034 483 impedire.

564 496 705 527 CONTRA:
739 496 765 526 l.
794 494 962 535 Gregorius
987 493 1077 532 dicit,
1102 498 1131 525 et
1163 494 1298 526 habetur
1323 494 1423 526 Causa

477 549 589 590 prima,
603 547 783 589 quaestione
800 546 937 587 prima²t
961 546 1186 587 «Quicumque
1203 546 1308 578 studet
1332 547 1424 587 pretii

476 601 598 633 datione
623 608 748 631 sacrum
769 599 912 630 ordinem
929 598 1085 640 accipere,
1109 608 1170 631 non
1195 604 1242 631 est
1258 599 1423 638 sacerdos3

475 654 530 685 sed
562 652 695 684 inaniter
725 651 943 683 tantummodo
975 651 1035 683 dici
1068 652 1258 692 concupiscit
1282 663 1316 683 »ε
1349 661 1424 693 ergo

474 715 530 747 per
554 705 717 737 simoniam
736 705 813 736 ordo
838 713 898 736 ΠοΠ
924 708 1024 745 potest
1049 705 1182 746 suscipi,
1208 714 1281 746 ergo
1307 714 1363 737 nec
1388 705 1421 737 si-

475 758 635 790 moniacus
660 757 744 789 dare.

562 812 590 843 ⁹2.
617 811 710 848 item,
735 810 794 842 Leo
826 810 907 851 Papa
939 809 982 842 sic
1017 810 1138 852 arguit,
1171 811 1271 843 Causa
1303 811 1423 852 prima,

474 864 655 905 quaestione
670 863 773 904 prima
788 863 814 894 3;
846 875 860 892 <‹
878 863 996 901 Gratia,
1015 863 1039 895 si
1065 872 1125 895 non
1143 864 1239 905 gratis
1262 864 1356 896 datur
1375 864 1423 896 vel

473 917 641 957 accipitur,
666 916 766 956 gratia
790 924 849 947 non
874 918 935 953 est;
960 916 1119 948 simoniaci
1144 919 1249 948 autem
1272 926 1331 948 non
1357 926 1425 957 gra-

473 970 512 1001 tis
535 970 708 1010 accipiunt:
733 969 829 1010 igitur
845 969 996 1010 gratiam,
1021 978 1101 1010 quae
1119 970 1257 1001 maxime
1274 970 1305 1001 in
1330 970 1425 1002 eccle—

473 1021 605 1054 siasticis
628 1021 793 1053 ordinibus
816 1025 975 1063 operatur,
994 1031 1053 1053 ΠοΠ
1071 1022 1237 1063 accipiunt.
1263 1022 1291 1053 Si
1317 1026 1422 1054 autem

472 1084 532 1106 non
557 1075 730 1116 accipiunt,
761 1084 821 1106 non
850 1074 983 1112 habent;
1009 1075 1032 1106 si
1063 1078 1169 1107 autem
1198 1084 1258 1106 non
1289 1075 1423 1114 habent,

472 1136 529 1159 nec
552 1127 649 1168 gratis
673 1136 730 1159 nec
759 1136 819 1159 non
843 1127 940 1168 gratis
970 1127 1117 1167 cuiquam
1142 1127 1218 1159 dare
1243 1130 1422 1168 possunt».

561 1180 589 1212 3.
615 1180 708 1218 item,
733 1180 814 1211 dona
838 1180 972 1220 Spiritus
996 1179 1092 1211 sancti
1119 1183 1193 1211 sunt
1216 1180 1247 1211 in
1271 1183 1423 1221 potestate

472 1233 543 1271 Dei,
569 1241 630 1263 non
663 1232 798 1263 hominis
821 1250 865 1254 —-
889 1231 958 1263 ideo
983 1231 1064 1263 enim
1091 1231 1188 1263 sancti
1221 1232 1356 1273 Spiritus
1380 1233 1423 1264 di-

472 1288 586 1317 cuntur
611 1288 640 1316 et
665 1288 754 1323 sunt,
780 1285 853 1326 quia
885 1284 951 1325 ipse
976 1293 1012 1316 ea
1040 1284 1135 1316 donat
1162 1303 1206 1307 ——
1233 1293 1307 1325 ergo
1332 1293 1424 1317 nemo

472 1340 573 1378 potest
597 1346 632 1368 ea
657 1336 773 1368 habere
798 1337 855 1368 nisi
880 1346 898 1367 a
923 1336 1039 1377 Spiritu
1061 1340 1181 1375 sanct03
1207 1337 1261 1369 sed
1288 1337 1422 1378 Spiritus

472 1393 615 1428 sanctus,
633 1398 704 1421 cum
723 1390 761 1421 sit
783 1389 1040 1428 liberalissimus,
1058 1389 1136 1421 nihil
1160 1392 1262 1431 potest
1286 1390 1422 1422 vendere

471 1452 573 1484 neque
597 1443 719 1475 vendit:
744 1451 818 1484 ergo
843 1443 910 1475 eius
935 1443 1016 1474 dona
1047 1451 1103 1475 nec
1133 1443 1266 1484 pecunia
1290 1447 1422 1484 possunt

472 1496 564 1528 vendi
595 1504 651 1528 nec
683 1496 783 1537 pretio
816 1496 1001 1537 comparari.
1031 1496 1058 1527 Si
1089 1505 1163 1537 ergo
1195 1496 1272 1528 ordo
1305 1496 1422 1528 donum

472 1548 606 1590 Spiritus
638 1548 735 1580 sancti
766 1551 829 1587 est,
862 1548 1055 1589 impossibile
1091 1551 1150 1587 est,
1182 1548 1287 1589 ipsum
1322 1548 1423 1589 pretio

472 1601 564 1633 vendi
589 1600 638 1632 vel
663 1601 740 1632 emi:
766 1609 840 1641 ergo
859 1610 914 1633 nec
939 1600 978 1632 ab
1002 1600 1108 1642 aliquo
1129 1601 1299 1641 simoniaco
1317 1601 1384 1632 dari
1400 1601 1421 1631 ⁴.

558 1654 588 1685 li.
613 1654 702 1692 item,
728 1654 758 1685 in
783 1653 880 1685 sacris
905 1653 1087 1692 ordinibus,
1112 1654 1229 1686 scilicet
1254 1654 1422 1686 diaconatu

471 1710 501 1739 et
533 1707 723 1745 sacerdotiO,
757 1706 891 1748 Spiritus
923 1711 1049 1739 sanctus
1082 1707 1190 1745 datur,
1222 1707 1307 1748 quod
1338 1711 1423 1749 patet

471 1768 528 1800 per
552 1759 610 1790 hoc
635 1759 718 1800 quod
743 1759 858 1791 dicitur
883 1759 963 1791 ibi⁵z
990 1759 1136 1801 Accipite
1161 1759 1325 1801 Spiritum
1346 1769 1422 1792 saii-

472 1817 580 1849 etum,·
604 1812 658 1844 sed
683 1811 816 1853 Spiritus
841 1816 967 1844 sanctus
991 1821 1051 1843 non
1081 1816 1183 1853 potest
1207 1812 1316 1844 vendi:
1347 1821 1422 1854 ergo

472 1875 528 1898 nec
551 1866 677 1897 ordines
701 1865 798 1904 sacri,
823 1865 874 1906 qui
901 1865 993 1896 etiam
1019 1866 1086 1897 eius
1111 1866 1235 1897 datione
1260 1865 1422 1898 conserun-

473 1924 533 1951 tur.
558 1918 716 1950 Prohatio
740 1918 899 1950 minoris:
930 1919 1014 1959 quod
1046 1922 1148 1960 potest
1173 1918 1233 1950 emi
1267 1922 1297 1950 et
1329 1919 1420 1950 vendi

472 1975 573 2013 potest.
590 1971 620 2002 in
638 1970 821 2002 servitutem
846 1970 961 2011 redigi3
978 1970 1032 2002 sed
1058 1970 1192 2012 Spiritus
1217 1975 1343 2002 sanctus
1360 1980 1420 2002 non

472 2027 572 2065 potest
596 2023 694 2064 redigi
719 2023 750 2054 in
775 2023 975 2055 servitutem:
1002 2031 1076 2063 ergo
1100 2026 1157 2054 etc.

560 2076 729 2117 Quaeritur
755 2075 858 2116 igitur,
884 2084 955 2107 cum
982 2075 1113 2107 simonia
1145 2075 1184 2107 sit
1209 2075 1348 2107 studiosa
1373 2085 1422 2107 vo—

472 2128 576 2160 luntas
607 2127 729 2159 emendi
763 2127 812 2159 vel
845 2128 1001 2159 vendendi
1032 2127 1195 2169 spirituale
1212 2127 1231 2166 ⁶,
1264 2127 1422 2168 quomodo

472 2181 569 2222 possit
592 2180 729 2212 incidere
754 2180 784 2211 in
810 2189 971 2212 sacrorum
997 2180 1144 2211 ordinum
1170 2179 1347 2218 collatione,
1372 2179 1421 2211 vel

471 2233 605 2265 aliorum
637 2233 867 2274 spiritualium,
900 2242 971 2264 cum
1003 2232 1075 2271 illa,
1106 2236 1141 2264 ut
1166 2233 1301 2271 videtur,
1327 2232 1420 2264 vendi

472 2296 532 2318 Ποῖ]
557 2286 686 2328 possint.

825 2382 1065 2405 CONCLUSIO.

560 2462 741 2504 Episcopus
764 2462 969 2494 simoniacus
992 2461 1172 2493 simoniace
1201 2461 1332 2493 ordines

839 2515 921 2546 ctare
940 2518 1053 2556 potest.

560 2604 761 2635 iisssroNnEo:
785 2603 828 2635 Ad
854 2603 1087 2644 praedictorum
1113 2602 1349 2644 intelligentiam
1375 2606 1422 2635 est

470 2655 660 2694 notandum,
685 2655 769 2697 quod
793 2655 969 2696 spirituale
991 2655 1106 2687 dicitur
1130 2655 1335 2696 dupliciter⁷z
1359 2664 1421 2687 uno

472 2708 578 2746 modo,
603 2707 760 2753 quodXest
781 2707 958 2748 spirituale
972 2717 1072 2749 pure,
1097 2711 1132 2739 ut
1155 2708 1255 2749 gratia
1272 2710 1302 2739 et
1326 2707 1422 2739 virtu-

1235 251 1517 283 SENTENTiARUM
1542 251 1608 282 LIB.
1633 251 1681 283 IV.

1489 341 1535 369 tes
1558 341 1589 369 et
1613 337 1708 376 dona;
1732 341 1762 370 et
1785 338 1844 370 hoc
1867 347 1924 370 nec
1948 339 1987 371 de
2003 338 2093 380 facto
2117 348 2173 372 nec
2191 340 2230 372 de
2253 340 2326 372 iure
2342 343 2434 375 vendi

1488 393 1606 431 potest,
1630 390 1726 421 immo
1751 390 1774 422 si
1800 391 1871 431 quis
1895 390 2013 423 habens
2039 391 2132 423 vellet
2156 400 2277 431 emere,
2301 403 2362 426 non
2391 404 2434 427 so-

1488 442 1555 474 lum
1579 451 1640 474 non
1665 442 1843 484 acquireret
1867 443 2020 485 amplius,
2047 444 2102 476 sed
2126 445 2218 476 etiam
2244 446 2328 487 quod
2345 447 2434 480 habe-

1488 498 1536 526 ret
1553 496 1718 527 amitteret.
1730 496 1845 527 -Alio
1862 496 1955 528 modo
1968 496 2143 537 spirituale
2160 498 2303 539 estquod
2320 499 2434 532 adiuu-

1486 547 1591 589 yitur,
1617 548 1733 580 scilicet
1756 548 1807 580 rei
1822 548 2007 589 corporali;
2032 557 2112 590 quae
2137 554 2239 581 tamen
2261 551 2380 583 ratione
2403 553 2435 584 il·
2470 566 2482 587 s

1489 600 1549 632 lius
1574 601 1748 642 spiritualis
1772 606 1973 633 consecratur
1997 605 2027 633 et
2050 602 2162 642 accipit
2185 603 2347 635 rationem
2375 591 2483 646 spi-iiiii

1487 653 1645 691 rimatis,-
1661 657 1691 685 et
1710 654 1781 692 boc,
1799 654 1872 695 quia
1893 654 2076 695 spirituale,
2094 655 2133 686 de
2156 655 2230 686 iure
2254 665 2313 687 non
2338 661 2436 698 potest

1489 707 1599 744 vendi,
1624 715 1681 748 pro
1705 715 1741 738 eo
1766 707 1850 748 quod
1875 716 1935 738 non
1960 711 2060 749 potest
2081 708 2153 749 poni
2178 708 2237 740 sub
2260 709 2435 753 preti0,¹de

1487 757 1577 800 facto
1602 762 1705 791 tamen
1731 760 1851 791 ratione
1876 760 1921 792 rei
1945 761 2117 800 corporalis
2141 761 2234 793 vendi
2259 765 2377 802 potest3
2408 767 2436 795 et

1489 811 1561 843 talia
1597 815 1670 843 sunt
1705 812 1906 844 Sacramenta
1941 813 2159 845 ecclesiastica.
2192 813 2355 854 Quoddam
2391 819 2435 848 est
2448 826 2483 849 Mel

1487 864 1681 906 spirituale,
1710 864 1795 906 quod
1828 865 2027 906 adiungyitur
2060 865 2111 896 rei
2141 866 2328 907 corporali,
2357 876 2434 908 quae

1489 921 1591 949 tamen
1611 917 1705 949 babet
1728 917 1891 948 rationem
1915 917 1966 948 rei
1990 917 2194 959 temporalis,
2213 922 2247 949 ut
2264 918 2346 950 calix
2371 928 2436 952 con-

1489 973 1643 1008 secratus,
1670 969 1719 1001 vel
1743 970 1834 1001 etiam
1861 970 1910 1001 ius
1940 973 2140 1011 patronatum
2165 970 2238 1012 quia
2270 971 2310 1002 ibi
2337 980 2437 1004 conse-

1489 1022 1585 1054 cratio
1611 1022 1714 1054 iuncta
1739 1026 1785 1054 est
1809 1026 1951 1064 argento,
1982 1026 2011 1054 et
2036 1023 2084 1055 ius
2116 1026 2300 1064 patronatus
2324 1023 2435 1062 fundo;

1489 1079 1519 1106 et
1536 1073 1614 1105 illud
1633 1074 1747 1106 dicitur
1763 1074 1954 1115 spirituale,
1972 1075 2045 1115 quia
2061 1074 2235 1115 spirituali
2250 1084 2415 1107 (itinerum
2425 1088 2436 1115 ‚-

1489 1130 1519 1158 et
1545 1127 1603 1158 hoc
1628 1126 1667 1158 de
1690 1125 1780 1168 facto
1810 1126 1902 1159 vendi
1932 1131 2046 1168 polest,
2077 1127 2116 1159 de
2149 1127 2222 1159 iure
2253 1137 2314 1159 non
2339 1132 2437 1169 potest

1488 1178 1602 1215 vetuli,
1629 1182 1732 1210 tamen
1757 1182 1858 1220 potest
1882 1188 1953 1211 cum
1976 1188 2011 1211 eo
2037 1180 2085 1211 cui
2110 1180 2294 1212 adiunctum
2320 1183 2379 1219 est,
2404 1181 2437 1212 iu

1488 1231 1670 1263 venditione
1700 1232 1854 1263 transire.
1885 1232 1971 1263 Calix
2001 1232 2083 1264 enim
2113 1237 2313 1265 consecratus
2345 1233 2436 1265 vendi

1489 1287 1607 1324 potest,
1632 1284 1674 1315 ita
1698 1288 1819 1321 tamen,
1845 1284 1929 1325 quod
1954 1285 2155 1316 consecratio
2181 1294 2240 1316 non
2266 1285 2436 1324 vendatur,

1489 1336 1543 1369 sed
1568 1337 1700 1378 argyeuti
1721 1337 1837 1374 valor;
1861 1341 1892 1369 et
1916 1337 2033 1369 fundus
2058 1337 2151 1370 vendi
2176 1341 2289 1379 potest,
2314 1338 2364 1370 cui
2389 1347 2437 1370 an-

1488 1398 1606 1421 nexum
1632 1394 1679 1422 est
1704 1390 1751 1422 ius
1777 1393 1977 1431 patronatus,
2002 1391 2056 1423 sed
2083 1400 2142 1422 non
2168 1391 2269 1432 ipsum
2300 1391 2353 1423 ius
2381 1401 2439 1433 pa-

1490 1446 1641 1475 tronatus
1667 1443 1705 1475 de
1730 1443 1822 1481 iure,
1847 1443 1921 1485 quin
1948 1444 2162 1476 coi‘nmittatur
2187 1444 2350 1476 simonias.

1576 1496 1626 1528 His
1651 1497 1856 1537 praenotatis,
1880 1497 1918 1528 ad
1944 1497 2070 1529 ordines
2096 1497 2285 1529 veniendum
2318 1501 2381 1536 est,
2405 1497 2475 1529 inne

1489 1549 1605 1591 quibus
1629 1554 1675 1581 est
1699 1549 1816 1590 aliquid
1844 1549 1882 1581 de
1903 1550 2014 1591 primo
2039 1558 2169 1591 genere,
2199 1549 2315 1582 scilicet
2340 1550 2435 1591 gratia

1488 1601 1699 1640 sanctificans,
1717 1602 1835 1643 aliquid
1861 1602 1899 1634 de
1915 1603 2073 1640 seeumlo,
2092 1602 2209 1634 scilicet
2233 1606 2368 1644 potestas
2387 1603 2436 1634 mi-

1488 1655 1664 1692 nisterialis,
1692 1663 1748 1695 per
1773 1654 1898 1696 aliquod
1927 1655 2050 1696 signum
2076 1655 2218 1687 exterius
2242 1655 2432 1696 dispensata,

1488 1708 1538 1739 cui
1568 1707 1819 1749 inseparabiliter
1852 1712 1899 1740 est
1930 1708 2077 1739 adiuncta
2089 1708 2108 1738 ⁹.
2135 1708 2269 1739 Primam
2302 1708 2481 1749 iiiipossi—a,

1488 1760 1549 1792 bile
1574 1763 1620 1791 est
1653 1760 1752 1801 pretio
1785 1769 1968 1801 comparare
2001 1769 2056 1792 nec
2088 1760 2244 1799 vendere,
2269 1761 2435 1792 secundam

1487 1821 1562 1845 vero
1587 1813 1734 1853 possibile
1758 1816 1805 1845 est
1833 1822 1890 1854 pro
1914 1813 2015 1854 pretio
2039 1813 2124 1852 dari,
2149 1813 2222 1854 quia
2252 1813 2437 1854 inseparabi-

1488 1865 1557 1897 liter
1575 1869 1620 1897 est
1637 1866 1785 1897 adiuncta
1809 1865 1958 1898 exteriori
1977 1866 2192 1902 Sacramento;
2217 1868 2247 1897 et
2264 1874 2335 1898 cum
2360 1865 2436 1897 illud

1487 1918 1584 1960 possit
1608 1927 1665 1959 pro
1689 1918 1822 1959 pecunia
1839 1918 1924 1957 dari,
1942 1922 2043 1960 potest
2059 1922 2088 1950 et
2106 1918 2158 1949 illa
2182 1922 2319 1960 potestas
2335 1918 2436 1950 vendi.

1486 1989 1531 1993 -—
1549 1971 1582 2002 Et
1606 1970 1649 2002 sic
1674 1973 1771 2011 patet,
1796 1971 1880 2011 quod
1906 1970 2095 2002 simoniacus
2120 1971 2289 2003 simoniace
2313 1970 2449 2009 ordines,

1488 2024 1563 2055 dare
1589 2027 1698 2064 potest.
2481 2052 2483 2066 2,

1579 2078 1605 2108 l.
1631 2077 1659 2108 Ξ).
1685 2076 1728 2108 Ad
1755 2076 1831 2108 illud
1850 2086 1924 2118 ergo
1949 2076 2032 2118 quod
2058 2076 2203 2109 obiicitur
2229 2077 2267 2109 de
2291 2076 2436 2118 Gregorio
2461 2087 2476 2108 s

1487 2133 1517 2161 et
1541 2129 1579 2161 de
1605 2130 1703 2161 Leone
1727 2130 1823 2171 Papa,
1848 2132 1932 2170 patet
1957 2129 2131 2171 responsio,
2157 2129 2241 2171 quod
2267 2119 2483 2171 loquuntur⁹⁰f

1487 2182 1525 2213 de
1547 2182 1664 2223 pratia
1694 2186 1831 2223 pratum
1864 2181 2023 2223 faciente,
2049 2191 2130 2223 quae
2155 2191 2215 2213 non
2249 2185 2350 2222 potest
2380 2181 2436 2213 nisi
2480 2177 2481 2203 ἶ

1487 2234 1583 2275 gratis
1608 2234 1694 2272 dari,
1719 2237 1749 2266 et
1773 2234 1850 2266 baec
1874 2237 1921 2266 est
1951 2243 2032 2275 quae
2063 2243 2200 2266 sacrum
2225 2233 2318 2271 facit,
2342 2242 2402 2265 non
2419 2233 2437 2249 ¹⁰
2479 2242 2480 2270 1

1487 2290 1640 2328 quantum
1665 2287 1704 2319 ad
1735 2290 1944 2328 potestatem,
1974 2296 2054 2328 quae
2080 2288 2184 2319 iuncta
2208 2290 2255 2319 est
2286 2287 2329 2318 rei
2355 2290 2435 2318 exte·
2479 2280 2480 2284 ¹

1487 2339 1561 2370 riori
1587 2339 1705 2380 positae
1730 2339 1759 2370 in
1785 2339 1922 2371 hominis
1947 2339 2188 2381 dispensatione.
2478 2373 2479 2384 2

1576 2391 1605 2423 3.
1631 2392 1673 2423 Ad
1698 2391 1775 2423 illud
1795 2392 1879 2433 qnod
1896 2392 2043 2424 obiicitur
2061 2392 2099 2424 de
2116 2391 2205 2424 donis
2223 2392 2356 2432 Spiritus
2373 2399 2436 2423 san·
2477 2392 2478 2402 ³

1486 2445 1525 2477 cti
1551 2449 1625 2483 etc.‚
1651 2445 1835 2484 dicendum,
1860 2445 1944 2487 quod
1962 2445 2130 2487 dupliciter
2154 2449 2201 2477 est
2218 2445 2302 2487 loqui
2327 2444 2365 2476 de
2381 2438 2434 2476 hu-

1486 2497 1621 2530 iusmodi
1652 2497 1742 2529 donis
1773 2497 1869 2539 gratis
1895 2498 1975 2529 datis
1990 2498 2026 2528 ¹¹:
2052 2501 2106 2529 aut
2139 2497 2258 2529 ratione
2290 2497 2359 2535 sui,
2383 2499 2434 2528 aut
2475 2496 2477 2537 j

1486 2550 1605 2581 ratione
1629 2550 1772 2588 aimari,-
1796 2554 1826 2582 et
1850 2550 2025 2582 secundum
2052 2551 2110 2582 boc
2140 2549 2299 2591 duplicem
2324 2549 2436 2581 babent
2475 2566 2476 2573 κ

1486 2602 1752 2643 dispensatorem:
1778 2606 1930 2644 quantum
1956 2603 2002 2634 acl
2035 2612 2068 2634 se
2099 2602 2215 2634 habent
2248 2601 2432 2643 dispensato·

1487 2663 1552 2686 rem
1579 2654 1728 2695 Spiritum
1755 2657 1919 2693 sanctum,
1945 2654 1998 2695 qui
2023 2655 2237 2686 characterem
2271 2653 2433 2695 imprimit,

1488 2707 1537 2739 vel
1562 2710 1657 2738 totam
1683 2707 1884 2745 Trinitatem3
1917 2710 2070 2749 quantum
2096 2715 2172 2739 vero
2203 2706 2250 2738 aul
2272 2714 2434 2738 annexum

542 2888 549 2904 ¹
571 2888 653 2913 Codd.
676 2889 693 2912 Α
706 2889 739 2914 W
759 2888 913 2914 simomaco.

542 2932 552 2948 2
571 2932 630 2957 Can.
652 2933 680 2956 2:
707 2932 898 2964 Quicumque...
920 2932 1036 2957 ordinem
1057 2933 1178 2964 mercari,
1200 2932 1262 2957 duni
1290 2939 1339 2957 ΠοΠ
1370 2933 1422 2957 osii-

470 2976 551 3006 ‹:ium,
574 2975 619 3000 sed
641 2982 732 3000 nomen
753 2975 872 3006 attendit,
893 2975 1014 3000 sacerdos
1028 2982 1077 3000 non
1092 2982 1162 3007 csse,
1179 2975 1224 3000 sed
1246 2975 1293 3000 dici
1315 2978 1422 3000 tantum-

470 3019 549 3044 modo
563 3020 671 3044 inaniter
684 3020 842 3050 concupiscit
857 3019 981 3051 (sumtum
996 3026 1025 3044 ex
1044 3019 1086 3043 IX.
1102 3019 1196 3050 Regist.
1211 3020 1284 3050 epist.
1299 3019 1385 3044 indict.
1398 3020 1421 3044 2.

469 3064 542 3093 epist.
564 3064 572 3087 .1
582 3064 622 3087 06.
642 3063 674 3087 ad
694 3064 832 3094 Syagrium
853 3064 919 3094 etex).

541 3106 551 3122 3
570 3106 631 3131 Can.
658 3108 676 3131 1.
698 3108 843 3138 Respicitur
863 3107 947 3132 Matili.
975 3108 1016 3138 io,
1039 3108 1068 3132 8:
1083 3108 1165 3132 Gratis
1185 3108 1327 3138 accepistis,
1342 3108 1421 3138 gratis

471 3150 535 3174 date.
557 3150 629 3174 Rom.
656 3151 697 3182 ll,
720 3151 749 3175 6:
771 3151 795 3174 Si
815 3153 901 3175 nutem
921 3151 1016 3182 gratia,
1031 3151 1082 3175 iam
1097 3157 1146 3175 non
1161 3157 1191 3175 ex
1205 3150 1342 3181 operibus3
1364 3150 1421 3175 alio-

471 3194 531 3224 quin
552 3195 631 3224 gratia
652 3195 702 3218 iam
723 3201 773 3219 non
794 3197 832 3219 est
850 3195 938 3225 gratio.

541 3236 550 3252 ⁴
571 3238 684 3268 Supple:
706 3240 795 3269 potest.
817 3238 866 3263 Csr.
886 3239 939 3264 Act.
961 3240 989 3269 8,
1013 3239 1051 3263 118.
1074 3246 1146 3270 seqq.

541 3279 551 3295 5
571 3280 637 3304 loun.
658 3282 704 3311 20,
726 3282 765 3305 22.
787 3281 872 3306 Verba
894 3283 956 3306 haec
977 3282 1037 3307 dicit
1055 3283 1195 3313 episcopus
1215 3283 1239 3306 in
1260 3281 1420 3307 ordinatione

474 3322 572 3346 diaconi
593 3327 616 3347 et
637 3324 788 3354 presbyteri.
803 3339 836 3342 —
849 3324 939 3351 Minor
958 3328 995 3350 est
1016 3333 1046 3350 ex
1066 3326 1183 3356 Hieroo.‚
1201 3326 1216 3350 1.
1232 3327 1255 3350 in
1271 3326 1343 3350 Micb.
1359 3325 1381 3357 li,
1397 3326 1420 3350 8.

471 3372 527 3396 seq.
550 3379 583 3382 —
603 3366 707 3390 interius
727 3374 774 3397 pro
794 3367 840 3399 qui
858 3368 936 3393 etium
957 3369 1031 3393 codd.
1052 3369 1157 3393 AEGL
1177 3377 1205 3394 aa
1227 3368 1274 3402 qui
1292 3369 1330 3395 iu.

1557 2888 1568 2904 θ
1588 2889 1655 2913 [laec
1675 2888 1787 2913 delinitio
1815 2889 1939 2913 simoniae
1969 2888 2112 2913 secundum
2142 2888 2210 2912 Alex.
2236 2887 2299 2919 Hal„
2322 2888 2345 2912 S.
2366 2893 2389 2917 p.
2410 2885 2433 2909 ll.

1487 2939 1511 2964 q.
1538 2933 1591 2956 169.
1613 2939 1645 2956 m.
1668 2933 1690 2963 2,
1711 2932 1765 2956 clici
1787 2936 1870 2962 potest
1889 2939 1918 2957 ex
1939 2931 1964 2957 C.
1988 2931 2040 2963 Qut
2058 2931 2144 2957 studet
2158 2931 2178 2963 (l
2192 2931 2230 2963 1.),
2252 2930 2277 2956 C.
2303 2931 2322 2955 1.
2342 2937 2365 2962 q.
2387 2930 2407 2954 l.

1555 2975 1566 2991 ⁷
1587 2975 1660 3000 Solae
1686 2975 1744 2999 edd.
1766 2974 1922 3007 trIpliciter;
1941 2976 1986 3000 sed
2013 2975 2085 3000 lectio
2112 2975 2186 2999 codd.
2213 2978 2279 3000 recta
2306 2977 2356 3005 est,
2377 2972 2432 3004 quia
2468 2971 2470 3016 j

1486 3019 1631 3044 secundum
1652 3019 1799 3044 membrum
1821 3019 1955 3044 divisionis
1979 3019 2203 3050 subdistinguitur.
2219 3033 2253 3036 —
2266 3018 2370 3043 Inferius
2389 3022 2432 3048 pro

1486 3062 1561 3088 vellet
1580 3070 1665 3089 emere
1685 3063 1745 3088 edd.
1769 3070 1906 3094 perperam
1927 3063 2002 3089 vellet
2020 3062 2139 3089 vendere.

1556 3106 1566 3123 8
1586 3107 1635 3132 Cir.
1657 3107 1682 3132 C.
1702 3109 1809 3133 ⁴»lurum
1829 3108 1903 3139 (Te),
1925 3107 1950 3132 C.
1977 3108 2014 3132 12.
2037 3114 2060 3138 q.
2082 3108 2110 3138 2;
2131 3106 2156 3132 C.
2177 3106 2221 3132 Ezc
2242 3105 2333 3131 litteris
2353 3104 2397 3137 (7.)
2410 3106 2433 3128 et
2466 3122 2468 3138 ἱ

1486 3150 1512 3176 C.
1534 3151 1569 3176 De
1589 3151 1647 3176 lure
1666 3158 1728 3177 vero
1741 3153 1900 3184 patronatus
1914 3152 1988 3183 (16.),
2004 3152 2036 3176 X.
2052 3151 2083 3176 de
2098 3152 2152 3176 lure
2167 3153 2316 3183 patronatus
2330 3148 2382 3181 (lib.
2395 3147 2431 3172 lll-

1487 3195 1520 3220 tit.
1542 3195 1603 3226 38.).
1624 3195 1689 3220 Vide
1709 3196 1772 3220 infra
1793 3195 1854 3220 dub.
1876 3196 1900 3220 5.

1556 3238 1566 3254 ὓ
1586 3238 1648 3263 Cod.
1669 3246 1697 3263 aa
1717 3239 1851 3270 subiungit
1868 3238 1966 3265 scilicet
1985 3237 2148 3264 cltaraeterz's
2166 3236 2312 3270 impressio.

1556 3282 1577 3298 1⁰
1597 3282 1837 3308 Cod.luonaute1n
1849 3282 2004 3315 loquimlur,
2018 3282 2075 3307 cod.
2087 3283 2102 3306 S
2113 3288 2166 3307 uon
2178 3281 2324 3314 loquuntur
2339 3280 2429 3305 tamen.

1558 3325 1576 3341 ¹¹
1597 3325 1678 3351 Codd.
1694 3327 1738 3350 ΕΖ
1753 3325 1828 3351 alonis
1846 3325 1951 3359 qraliue
1970 3325 2055 3359 aratis
2074 3325 2158 3351 (latae.
2176 3326 2198 3350 ΙΠ
2214 3325 2264 3349 fine
2284 3324 2357 3349 solut.
2377 3323 2431 3353 post
2463 3337 2465 3344 ,η

1485 3370 1508 3394 el
1526 3370 1609 3402 potest
1629 3369 1685 3395 cod.
1707 3377 1737 3394 aa
1757 3370 1828 3395 addit
1846 3369 1892 3395 sed
1910 3369 2052 3395 simoniace
2072 3370 2184 3394 tantum.
2463 3369 2464 3372 ’
