2483 3882
657 250 751 282 DlST.
776 250 876 283 XXIV.
902 250 931 282 P.
956 250 989 281 ll.
1013 250 1094 282 ART.
1119 250 1139 281 1.
1165 250 1316 291 QUAEST.
1342 250 1362 281 1.
1927 252 1987 284 (321

32 344 107 377 dum
123 340 199 378 tria,
224 339 263 371 de
287 338 403 380 quibus
418 338 491 379 agit.
508 338 669 379 Quaedam
693 337 775 370 enim
800 341 906 370 tenent
926 347 978 370 no-

33 395 115 428 mina
138 391 321 436 officiorum
345 391 513 432 praecipue
530 391 629 431 magis
645 399 739 432 quam
759 390 976 432 di9·›i2'tatii›n,

33 450 67 480 ut
96 447 202 478 cantor
226 447 256 476 et
279 446 464 481 succentor3
488 442 643 483 quaedam
677 442 803 474 nomina
834 442 977 484 diguita-

33 504 119 537 tum,
142 500 177 529 ut
204 495 477 537 archiepiscopus,
501 494 702 536 patriarcha3
726 495 882 536 quaedam
915 503 977 527 me-

33 552 99 590 dia,
121 553 157 582 ut
179 549 363 590 episcopus,
388 547 471 589 quod
489 550 536 579 est
552 555 665 579 nomen
691 547 865 589 diyuitatis
882 547 977 579 simul

1041 341 1071 371 et
1094 337 1211 381 officii,
1235 341 1271 370 ut
1295 337 1370 370 dicit
1393 337 1423 369 iu
1448 337 1551 369 littera
1564 337 1582 368 ¹.
1616 337 1718 369 Primo
1746 337 1842 379 igitur
1865 338 1929 379 agit
1952 338 1992 371 de

1040 390 1090 422 his
1114 398 1195 431 quae
1219 389 1327 421 dicunt
1351 389 1489 422 officium
1513 393 1544 421 et
1568 389 1760 431 dignitatem.
1785 390 1928 422 Secundo
1953 390 1992 422 de

1041 443 1089 474 his
1114 451 1194 484 quae
1219 442 1418 483 dignitatem,
1443 442 1501 474 ibi:
1530 442 1618 474 Ordo
1635 446 1745 474 autem
1762 442 1992 484 episcoporum

1040 495 1310 537 quadripartitus
1327 500 1372 527 est
1388 499 1445 527 etc.
1464 495 1567 527 Tertio
1584 504 1659 528 vero
1676 496 1715 528 de
1729 496 1777 528 his
1789 504 1870 537 quae
1883 496 1992 529 dicunt

1040 546 1176 579 officium
1189 573 1196 586 ,
1221 547 1261 579 ibi
1277 559 1283 579 :
1311 547 1433 579 Cantor
1456 548 1504 580 sic
1528 552 1686 586 vocatur,
1703 549 1791 591 quod
1806 558 1914 580 vocem
1931 552 1990 581 etc.

759 683 967 715 TRACTATlO
992 683 1264 724 QUAEST10NUM.

115 809 158 841 Ad
182 807 417 849 intelligentiam
443 807 538 839 huius
562 807 661 849 partis
686 807 849 849 quaeritur
875 807 913 839 de
930 816 976 839 or-

31 861 153 896 dinibus
176 861 207 892 in
232 860 376 902 speciali,
412 860 495 892 circa
529 869 608 901 quos
637 859 805 901 dupliciter
830 859 976 891 dubitare

30 913 175 955 contingit
198 912 237 945 ad
262 912 478 944 enodationem
496 921 605 944 eorum
624 920 705 953 quae
722 912 866 953 Magister
883 911 913 943 in
931 911 978 943 lit-

30 966 116 1000 tera²
138 965 244 1007 tangit.

117 1018 235 1057 Primo,
259 1021 412 1060 quantum
437 1018 477 1050 ad
502 1018 692 1050 characteris
717 1017 965 1059 impressionem.

116 1072 268 1110 Secundo,
282 1075 433 1113 quantum
448 1071 485 1103 ad
501 1080 670 1103 numerum
688 1074 719 1103 et
735 1070 976 1103 distinctionem.

115 1124 272 1165 Quantum
296 1124 336 1156 ad
361 1124 499 1165 primum
525 1125 724 1164 quaeruntur
748 1126 894 1164 quatuor.

1130 807 1232 838 Primo
1256 807 1438 848 quaeritur.
1462 811 1570 840 utrum
1596 809 1626 840 in
1656 809 1803 841 omnibus
1826 809 1993 842 ordinibus

1041 859 1242 900 imprimatur
1266 859 1439 891 character.

1130 911 1290 949 Secundo,
1314 914 1422 943 utrum
1448 920 1532 944 unus
1556 912 1605 944 vel
1628 912 1747 954 plures.

1130 963 1251 1003 Tertio,
1275 967 1382 995 utrum
1408 964 1544 996 habeant
1567 965 1709 997 ordinem
1734 966 1774 998 ad
1803 966 1948 998 invicem.

1130 1017 1248 1057 Quarto
1272 1017 1436 1058 quaeritur
1460 1020 1613 1059 quantum
1631 1018 1671 1050 ad
1689 1018 1812 1059 signum
1834 1018 1992 1057 exterius,

1041 1069 1125 1111 quod
1150 1068 1176 1101 ei
1202 1069 1380 1111 respondet.

852 1250 1117 1288 ARTICULUS
1143 1251 1168 1287 Ι.

569 1353 612 1384 De
636 1352 810 1384 ordinibus
834 1352 945 1395 quoad
968 1350 1174 1384 characteris
1199 1352 1456 1394 impressionem.

895 1462 1079 1503 QUAEsrio
1103 1463 1123 1494 ι,

510 1574 626 1606 Utrum
652 1573 687 1606 iu
711 1573 862 1606 omuibus
886 1573 1059 1605 ordinibus
1083 1568 1314 1615 imprimatur'
1326 1572 1509 1606 character.

113 1698 202 1732 Circa
214 1699 352 1741 primum
368 1699 412 1732 sic
426 1699 609 1740 proceditur
626 1702 657 1731 et
673 1699 849 1731 ostenditur
865 1699 977 1740 primo,

32 1753 111 1795 quod
135 1752 165 1784 in
189 1752 336 1784 omnibus
360 1752 561 1794 imprimatur
587 1752 770 1784 character:

118 1807 143 1838 1.
169 1806 225 1838 Per
261 1805 474 1838 definitionem
510 1804 675 1837 ordinis³z
707 1805 832 1836 «Ordo
865 1808 911 1836 est
943 1804 980 1836 si-

2 1859 211 1901 tagnaculum,
237 1859 266 1890 in
291 1868 354 1900 quo
379 1858 552 1900 spiritualis
577 1861 713 1899 potestas
737 1857 874 1890 traditur
898 1857 980 1889 ordi-

30 1915 98 1944 nato
114 1923 147 1943 »z
173 1912 198 1944 si
223 1920 297 1953 ergo
324 1911 400 1943 haec
425 1914 472 1943 est
489 1914 574 1943 recta
598 1910 695 1949 ratio,
721 1910 868 1952 competit
884 1910 981 1942 omni-

31 1964 88 1997 bus
111 1964 189 1996 ratio
224 1964 375 2005 signaculi
386 1976 394 2002 ;
423 1964 478 1996 sed
513 1972 573 1995 non
610 1967 657 1995 est
689 1963 885 2004 signaculum
918 1972 981 1994 ma-

34 2017 151 2056 teriale,
182 2017 236 2050 sed
272 2016 453 2058 spirituale,
485 2016 544 2048 hoc
575 2019 681 2048 autem
713 2019 759 2048 est
795 2016 978 2048 character:

33 2078 103 2111 ergo
126 2072 182 2102 etc.

116 2123 144 2154 Ξ.
166 2122 256 2160 Item,
273 2130 365 2153 omne
383 2122 618 2153 Sacramentum
637 2121 744 2153 iterari
762 2124 878 2163 potest,
895 2121 980 2162 quod

34 2183 91 2206 non
115 2174 267 2216 imprimit
295 2175 528 2213 characterem3
558 2174 613 2207 sed
638 2174 746 2206 nullus
770 2174 847 2206 ordo
879 2177 981 2216 potest

33 2227 148 2266 iterari,
173 2228 254 2260 sicut
278 2227 352 2260 dicit
376 2227 584 2269 Augustinus,
608 2231 639 2259 et
663 2227 798 2259 habetur
819 2227 851 2259 in
875 2227 981 2259 distin-

33 2280 128 2313 ctione
152 2280 331 2323 sequenti⁴=
357 2289 432 2322 ergo
462 2281 493 2312 in
522 2280 653 2321 singulis
686 2280 880 2322 imprimitur
910 2281 981 2312 cha-

32 2336 139 2366 racter.

117 2386 146 2418 3.
170 2386 262 2425 Item,
287 2386 450 2418 character
475 2389 522 2418 est
546 2386 744 2427 signaculum
771 2387 980 2428 impressum,

34 2438 227 2480 configurans
251 2448 308 2471 nos
333 2439 464 2471 Domino
488 2439 557 2471 Iesu
581 2438 719 2478 Christ03
749 2439 805 2471 sed
828 2439 981 2471 Dominus

33 2499 136 2523 omnes
167 2492 293 2535 ordines
325 2492 488 2530 exhibuit,
521 2492 602 2524 sicut
626 2492 771 2533 Magister
802 2492 980 2524 inducendo

34 2544 141 2584 probat
164 2544 194 2576 in
221 2545 365 2576 littera⁵:
393 2544 416 2577 si
442 2553 517 2586 ergo
548 2544 579 2576 in
610 2544 757 2576 omnibus
782 2544 884 2576 eidem
914 2554 982 2577 con-

33 2594 213 2637 figuramur,
239 2597 374 2635 videtur,
399 2597 484 2638 quod
509 2596 540 2628 in
565 2596 712 2628 omnibus
740 2596 903 2628 character
928 2597 982 2628 im-

33 2648 194 2689 primatur.

118 2702 147 2733 li.
172 2702 261 2741 ltem,
279 2702 444 2744 impressio
460 2702 651 2734 characteris
673 2701 738 2734 sive
763 2701 917 2743 signaculi
934 2704 982 2734 est

35 2752 72 2785 ad
95 2753 319 2787 distinctionem
349 2755 524 2787 secundum
549 2755 686 2796 aliquem
710 2758 844 2792 statum3
870 2755 924 2786 sed
948 2754 980 2785 in

35 2806 114 2838 omni
138 2808 247 2840 ordine
278 2808 405 2849 ponitur
430 2808 500 2849 quis
533 2809 563 2839 in
588 2811 671 2839 statu
700 2807 897 2839 ministrandi
932 2807 982 2839 de-

35 2859 211 2892 terminato:
229 2869 303 2901 ergo
320 2861 350 2892 in
369 2861 452 2892 omni
470 2860 579 2892 ordine
597 2860 790 2901 imprimitur
808 2860 981 2892 character.

120 2912 262 2945 CONTRA:
288 2915 314 2945 1.
332 2913 500 2945 Character
525 2917 571 2945 est
589 2913 785 2954 signaculum
804 2912 980 2954 spirituale:

0 2970 24 2995 *si-
37 2972 109 3006 ergo
133 2965 163 2997 in
187 2965 248 2998 illis
264 2966 338 2998 solis
356 2966 559 3008 imprimitur,
576 2966 606 2997 in
625 2966 741 3008 quibus
765 2966 860 2997 datur
877 2965 982 3007 aliqua

36 3020 168 3057 potestas
191 3028 271 3050 nova
306 3023 336 3051 et
360 3019 554 3060 spiritualis,
586 3019 640 3050 sed
674 3022 809 3060 potestas
841 3018 981 3050 omnium

1043 1699 1191 1731 ordinum
1209 1698 1393 1731 inferiorum
1411 1701 1458 1730 est
1482 1699 1669 1740 corporalis,
1687 1701 1723 1731 ut
1739 1699 1863 1740 aperire
1880 1700 1997 1732 ostium

1044 1751 1109 1783 sive
1133 1751 1308 1789 custodire,
1333 1751 1514 1792 prophetias
1539 1751 1661 1790 dicere,
1686 1751 1876 1784 candelabra
1900 1752 1998 1785 defer-

1043 1813 1094 1836 re:
1119 1812 1194 1845 ergo
1220 1805 1250 1836 in
1275 1804 1325 1836 his
1349 1803 1436 1836 nullo
1460 1804 1553 1836 modo
1578 1804 1772 1846 imprimitur
1797 1805 1970 1837 character.

1133 1858 1163 1888 2.
1188 1857 1281 1895 Item,
1298 1857 1463 1889 character
1485 1860 1532 1889 est
1557 1857 1770 1898 signaculum,
1795 1858 1878 1899 quod
1904 1858 2001 1900 respi-

1045 1910 1085 1942 cit
1110 1910 1175 1942 sive
1199 1910 1294 1942 hahet
1310 1910 1449 1952 imprimi
1467 1909 1498 1942 in
1524 1910 1657 1952 imagine
1674 1910 1715 1942 ad
1739 1910 1999 1952 configurandam

1045 1963 1145 2004 ipsam
1169 1963 1250 2001 Deo,
1283 1962 1338 1995 sed
1362 1966 1451 1995 actus
1482 1963 1683 2004 quorundam
1716 1963 1865 1996 ordinum
1897 1964 1999 1996 solum

1045 2019 1119 2048 sunt
1143 2016 1226 2048 circa
1262 2016 1436 2048 ministeria
1471 2016 1635 2047 inferiora:
1674 2024 1748 2057 ergo
1773 2016 1799 2048 si
1830 2016 1903 2048 talia
1938 2026 2000 2049 non

1046 2072 1187 2110 spectant
1203 2068 1243 2100 ad
1268 2068 1436 2109 imaginem
1454 2068 1714 2110 configurandam
1739 2069 1816 2107 Deo,
1842 2072 1925 2111 patet
1942 2072 1999 2101 etc.

1136 2120 1164 2153 3.
1190 2121 1286 2160 ltem,
1311 2122 1474 2154 character
1503 2125 1550 2153 est
1579 2122 1777 2163 signaculum
1810 2121 1997 2154 indelebile:

1045 2182 1120 2215 ergo
1145 2173 1170 2206 si
1195 2173 1326 2206 collocat
1351 2174 1510 2205 hominem
1543 2174 1573 2205 in
1606 2174 1712 2215 aliquo
1737 2177 1835 2213 statu,
1860 2174 2001 2216 impossi-

1045 2226 1108 2258 bile
1132 2229 1178 2259 est
1202 2226 1242 2258 ab
1266 2226 1319 2258 illo
1344 2229 1428 2258 statu
1452 2226 1614 2264 recedere,
1639 2226 1715 2267 quin
1732 2226 1786 2258 fiat
1811 2227 2000 2259 contumelia

1046 2279 1286 2317 Sacrameuto⁶3
1311 2279 1365 2311 sed
1395 2279 1447 2320 qui
1473 2282 1546 2310 sunt
1570 2279 1601 2310 in
1626 2279 1802 2311 minoribus
1835 2279 2000 2312 ordinibus

1046 2332 1205 2365 constituti
1230 2335 1362 2373 possunt
1387 2332 1469 2364 licite
1492 2331 1598 2364 redire
1622 2331 1661 2363 ad
1679 2331 1843 2364 laicatum:
1869 2341 1944 2373 ergo
1968 2332 1999 2364 in

1045 2385 1090 2417 eis
1115 2385 1278 2417 character
1303 2393 1365 2416 non
1386 2384 1589 2426 imprimitur.

1134 2438 1165 2469 [ι.
1191 2437 1282 2476 Item,
1308 2437 1471 2469 character
1495 2441 1542 2469 est
1566 2437 1764 2478 signaculum
1789 2441 1998 2478 perpetuum,

1046 2490 1130 2531 quod
1155 2494 1260 2522 manet
1284 2490 1314 2522 in
1339 2490 1444 2522 anima
1468 2494 1624 2531 separata:
1650 2499 1725 2531 ergo
1749 2500 1809 2522 non
1835 2491 1928 2522 debet
1945 2491 1998 2522 im-

1046 2543 1140 2584 primi
1164 2543 1223 2575 nisi
1247 2543 1286 2575 ad
1311 2546 1416 2575 actum
1441 2547 1646 2584 perpetuumg
1672 2544 1726 2575 sed
1751 2547 1839 2576 actus
1864 2544 2000 2576 ministe-

1046 2595 1133 2627 rialis
1150 2595 1281 2627 istorum
1299 2596 1446 2628 ordinum
1465 2596 1650 2628 inferiorum
1668 2605 1729 2627 non
1747 2600 1793 2628 est
1810 2600 1998 2638 perpetuus:

1046 2657 1121 2690 ergo
1145 2652 1202 2681 etc.

1402 2745 1419 2768 c
1428 2745 1446 2768 o
1455 2745 1477 2767 N
1487 2745 1503 2767 c
1513 2745 1530 2767 L
1540 2745 1561 2768 U
1570 2745 1585 2767 s
1594 2746 1604 2767 1
1614 2745 1641 2768 o.

1092 2824 1131 2856 In
1156 2823 1307 2856 omuibus
1332 2823 1505 2856 ordinibus
1530 2822 1705 2856 character
1730 2824 1947 2866 imprimitur.

1136 2913 1334 2944 Rusrounuo:
1368 2911 1559 2951 Dicendum,
1584 2912 1668 2953 quod
1700 2912 1796 2954 aliqui
1828 2913 1997 2945 voluerunt
2011 2925 2087 2953 Opinio
2102 2926 2124 2947 1.

1048 2965 1170 3003 dicere,
1195 2965 1280 3006 quod
1312 2965 1475 2997 character
1499 2965 1529 2996 in
1561 2964 1629 2996 solo
1653 2965 1768 2997 ordine
1798 2966 1999 2998 sacerdotali

1048 3017 1258 3058 imprimitur,
1294 3017 1349 3049 sed
1386 3017 1416 3048 in
1451 3017 1615 3049 ordinibus
1654 3018 1855 3050 inferioribus
1895 3019 1998 3051 solum

105 3191 111 3208 ¹
133 3193 178 3219 Hic
196 3201 218 3219 c.
242 3194 278 3220 14.
304 3209 336 3213 -
354 3196 460 3220 Interius
480 3202 528 3226 pro
547 3194 619 3228 quod
637 3201 727 3221 vocem
747 3194 823 3219 codd.
844 3195 902 3219 Baa
924 3201 982 3219 cum

39 3234 155 3266 Magistro
174 3237 220 3271 qui
237 3245 334 3265 vocem.

106 3279 117 3297 ²
135 3281 179 3306 Hic
198 3289 219 3307 c.
239 3283 263 3307 5.
283 3290 354 3315 seqq.

107 3323 118 3341 ³
136 3325 180 3351 HIc
199 3327 223 3351 in
243 3327 276 3351 lit.
296 3327 421 3359 Magistri,
442 3334 462 3352 c.
485 3327 525 3352 43.

108 3367 118 3384 ⁴
136 3368 197 3400 Cap.
221 3371 247 3402 t,
267 3370 310 3395 ubi
332 3371 497 3396 adducuntur
516 3370 596 3395 verba
616 3371 739 3402 August.‚
761 3370 787 3395 ll.
802 3372 890 3395 contra
905 3371 983 3402 Epist.

1048 3195 1220 3224 Parmeniani,
1235 3201 1256 3219 c.
1273 3194 1313 3219 43.
1327 3200 1352 3218 η.
1369 3194 1409 3218 28.
1423 3207 1458 3211 -
1471 3193 1506 3218 De
1527 3192 1681 3219 charactere
1700 3195 1744 3219 etr.
1765 3202 1844 3226 supra
1859 3195 1883 3220 d.
1899 3195 1922 3220 6.
1938 3202 1963 3227 p.
1980 3195 1997 3221 l.

1049 3245 1095 3269 per
1115 3240 1202 3262 totam.

1121 3281 1132 3297 ⁵
1149 3282 1194 3306 Hic
1213 3288 1234 3306 c.
1255 3282 1279 3306 5.
1299 3288 1371 3313 seqq.
1390 3295 1426 3299 —
1445 3281 1532 3306 Verbo
1552 3280 1671 3307 ezrhibuit
1690 3282 1745 3307 Vat.
1766 3283 1905 3314 praemittit
1922 3282 1950 3309 in
1962 3290 1999 3309 se-

1048 3325 1173 3359 metipso,
1196 3325 1252 3350 cod.
1272 3325 1290 3349 E
1310 3333 1324 3350 a
1344 3325 1457 3350 secunda
1477 3332 1555 3350 manu
1575 3325 1603 3351 iu
1622 3332 1656 3352 se.

1118 3369 1129 3385 ‘³
1148 3368 1198 3394 Cfr.
1218 3376 1298 3400 supra
1317 3376 1378 3400 pag.
1400 3370 1466 3401 600,
1488 3372 1547 3395 nota
1566 3369 1591 3394 7.
