2483 3882
228 546 357 568 Notandum.

232 1893 266 1916 Ad
281 1892 364 1920 opposi-

274 1922 326 1941 tum.

221 2626 372 2649 Fundamenta.

376 242 459 272 1050

373 327 511 359 siderant
533 325 696 367 requieta,-
711 323 784 364 quia
808 325 1015 362 cognoscunt,
1040 320 1122 361 quod
1146 319 1283 361 gaudent
1298 319 1317 357 ¹,

371 379 425 411 sed
452 379 508 419 ipsi
534 377 676 409 laborant
700 379 730 407 et
754 375 880 411 dolent;
904 377 935 404 et
955 376 1162 413 cognoscunt,
1179 372 1261 403 sicut
1276 371 1319 402 In-

372 431 483 462 firmus
507 428 663 470 cognoscit
679 427 843 458 sanitatem
859 425 1006 463 alterius,
1023 433 1117 465 quam
1136 433 1198 455 non
1215 423 1317 456 habet.

461 481 488 513 3.
513 481 554 512 Ad
582 479 660 511 illud
692 478 776 520 quod
808 477 971 515 obiicitur,
999 476 1084 518 quod
1117 480 1245 517 generat
1269 476 1320 508 do-

373 535 470 566 lorem
495 536 551 565 etc.
565 545 573 570 3
598 535 682 573 patet
706 530 889 572 responsio:
914 529 988 570 quia
1004 528 1212 561 consideratio
1229 528 1320 559 bono-

372 595 450 619 rum
474 594 534 617 non
558 587 606 616 est
630 584 659 615 in
685 592 801 624 poena,
825 582 899 623 quia
923 581 1103 623 asfllz'ctivct,
1133 581 1187 613 sed
1219 581 1320 613 fertur

374 637 524 675 ulterius,
549 636 623 677 quia
649 635 738 667 iusta
764 639 791 666 et
815 634 932 676 optime
956 637 984 665 ct
1008 634 1105 675 dique
1128 632 1275 673 inflicta,-
1291 635 1321 665 et

375 690 443 722 talis
467 689 674 721 consideratio
706 686 847 719 amanti²
873 690 1002 728 generat
1025 686 1186 727 gaudium.
1212 685 1322 717 Simili—

374 746 420 774 ter
444 750 500 774 nec
524 740 731 773 consideratio
754 739 923 772 malorum
947 738 1027 770 sistit
1044 738 1073 770 in
1092 738 1172 770 bono
1189 738 1321 779 gloriae,

374 794 447 835 quia
472 793 609 830 bonum,
642 792 696 824 sed
721 791 793 834 quia
816 790 1006 833 perditum,-
1030 794 1060 822 et
1085 790 1161 822 baec
1185 790 1322 823 conside-

1129 232 1413 265 SENTENTIARUM
1438 232 1505 263 Ltss.
1531 232 1576 264 IV.

1384 318 1463 350 ratio
1487 321 1615 359 generat
1638 318 1788 350 dolorem.
1813 337 1856 341 —
1880 319 1923 351 Ad
1954 319 2032 351 illud
2060 320 2144 361 quod
2177 320 2332 358 obiicitur,

1384 370 1468 412 quod
1493 373 1561 411 post
1586 370 1738 402 iudicium
1763 370 1871 402 videre
1903 370 2018 402 debent
2048 374 2127 408 etc.;
2151 371 2334 410 dicendum,

1384 422 1469 464 quod
1493 426 1567 454 tunc
1594 422 1703 453 maiori
1727 431 1827 463 poena
1851 425 1944 454 erunt
1959 422 2116 463 absorpti,
2133 426 2169 455 ut
2191 423 2252 455 iam
2275 432 2336 455 non

1385 474 1475 507 liceat
1492 474 1536 506 eis
1553 475 1690 516 cogitare
1714 474 1831 516 gloriae
1856 474 2060 516 dignitatem;
2085 483 2208 516 semper
2232 478 2336 508 tamen

1385 527 1416 558 in
1445 530 1547 559 mente
1571 526 1733 559 habebunt
1756 527 1824 559 eius
1856 527 2055 559 amissionem
2087 531 2117 559 et
2148 527 2335 566 carentiam,

1385 583 1421 611 ut
1444 579 1618 611 tristentur.

1474 631 1504 663 [ι.
1529 631 1574 663 Ad
1599 631 1677 663 illud
1706 632 1790 673 quod
1822 631 1985 671 obiicitur,
2009 632 2093 674 quod
2125 632 2259 673 compati
2291 635 2338 664 est

1387 686 1426 718 de
1449 686 1586 718 bonitate
1611 689 1764 725 naturae;
1794 686 1980 726 dicendum,
2004 687 2089 729 quod
2117 687 2175 719 hoc
2198 696 2259 719 non
2291 689 2338 719 est

1387 747 1498 770 verum
1531 738 1729 780 generaliter,
1753 738 1810 771 nisi
1844 738 2036 781 intelligatur
2060 739 2099 772 de
2127 743 2239 781 natura
2270 747 2338 781 pas-

1386 790 1467 823 sibili
1483 790 1503 822 ³.

1189 954 1452 992 ARTICULUS
1482 955 1523 991 Il.

1061 1060 1105 1091 Dc
1129 1069 1248 1098 verme,
1274 1059 1332 1102 qut*
1354 1064 1399 1092 est
1424 1060 1459 1091 in
1482 1060 1661 1092 damnatis.

463 1187 696 1227 Consequenter
721 1188 873 1227 quantum
898 1184 937 1217 ad
963 1184 1137 1216 secuudum
1155 1183 1324 1216 articulum

377 1239 540 1280 quaeritur
565 1238 603 1270 de
627 1247 752 1276 verme,
776 1237 829 1279 qui
855 1238 914 1269 erit
939 1237 968 1268 in
993 1236 1157 1269 damnatis.
1184 1237 1218 1268 Et
1242 1236 1325 1269 circa

376 1292 434 1324 boc
458 1292 518 1323 tria
541 1295 749 1333 quaeruntur.
1001 1325 1004 1329 ,

464 1344 567 1376 Primo
591 1344 770 1386 quaeritur,
795 1347 902 1375 utrum
933 1343 1072 1375 damnati
1097 1342 1234 1375 habeant
1259 1351 1325 1375 ver-

1390 1192 1473 1216 mem
1498 1184 1691 1216 materialem
1717 1184 1782 1216 sive
1806 1184 2012 1226 corporalem.

1478 1236 1638 1275 Secundo,
1662 1240 1771 1269 utrum
1796 1237 1835 1269 sit
1858 1237 1889 1269 in
1914 1236 1959 1269 eis
1983 1236 2100 1269 vermis
2124 1236 2305 1278 spiritualis.

1479 1289 1582 1322 Tertio
1613 1289 1787 1331 quaeritur,
1816 1293 1925 1322 utrum
1957 1289 2074 1322 vermis
2104 1289 2156 1321 ille
2188 1289 2227 1321 sit
2258 1289 2341 1322 inva-

1391 1342 1519 1375 riabilis.

1245 1493 1428 1534 QUAEsrio
1451 1493 1472 1525 1.

927 1595 1045 1626 Utrum
1070 1594 1224 1626 demutati
1248 1593 1389 1626 habeant
1411 1604 1552 1627 vermem
1578 1594 1793 1627 materialem.

464 1721 622 1761 Quantum
652 1729 728 1762 ergo
763 1719 802 1751 ad
836 1719 975 1760 primum
1008 1719 1189 1760 proceditur
1214 1718 1272 1757 sic,
1298 1722 1328 1750 et

377 1773 570 1810 ostenditur,
594 1772 679 1813 quod
704 1771 821 1804 vermis
846 1771 898 1803 ille
922 1771 960 1803 sit
986 1771 1164 1803 materialis.

469 1827 495 1856 1.
523 1825 724 1857 Ecclesiastici
751 1824 929 1866 septimo&
963 1824 1112 1855 Vindicta
1136 1823 1251 1856 caruis
1272 1823 1329 1855 im-

377 1877 429 1919 pit*
451 1877 538 1920 tynis
561 1881 590 1909 et
612 1877 757 1915 vermis;
774 1880 805 1909 et
821 1877 924 1909 Iudith
949 1876 1080 1908 ultimo:
1105 1876 1206 1908 Dabit
1222 1876 1330 1918 iyitem

382 1934 411 1961 cc
432 1939 557 1961 vermes
581 1929 617 1961 in
641 1939 758 1961 carues
787 1939 923 1960 corum.-
949 1938 1023 1970 ergo
1047 1928 1071 1961 si
1096 1929 1128 1960 in
1152 1938 1245 1961 carne
1268 1938 1329 1960 non

379 1987 426 2014 est
449 1983 508 2015 uisi
533 1982 650 2014 vermis
675 1981 860 2019 materialis,
885 1985 969 2022 patet
993 1985 1050 2013 etc.

466 2037 495 2067 2.
520 2035 614 2073 Item,
636 2034 775 2067 damnati
800 2037 967 2075 resurgent
991 2043 1063 2066 cum
1089 2033 1330 2075 poenalitatibus

379 2091 409 2120 et
432 2087 684 2120 deformitatibus
699 2087 726 2118 ⁵:
752 2096 826 2128 ergo
857 2086 1017 2118 habebunt
1041 2095 1173 2127 corpora
1197 2086 1331 2128 putrefa-

379 2139 513 2178 ctibilia,
537 2140 617 2172 sicut
643 2148 724 2171 nunc
757 2139 893 2176 habent3
926 2139 980 2170 sed
1005 2148 1045 2171 ex
1070 2147 1202 2180 corpore
1227 2142 1330 2180 putre-

378 2193 506 2225 t'actibili
531 2196 723 2234 generantur
748 2201 891 2224 vermes:
918 2200 992 2233 ergo
1016 2195 1073 2223 etc.

467 2246 496 2278 3.
521 2246 612 2284 Item,
636 2254 736 2287 poena
760 2245 877 2277 vermis
909 2254 1034 2286 semper
1061 2245 1238 2277 annectitur
1262 2253 1332 2286 poe-

378 2307 436 2330 nae
461 2292 557 2339 ignis,
589 2297 729 2330 velutin
759 2297 905 2338 pluribus
937 2297 1012 2329 locis
1044 2296 1248 2338 Scripturae⁶
1280 2306 1331 2338 pa-

381 2354 441 2389 tet,
467 2350 522 2382 sed
548 2350 627 2392 ignis
652 2359 711 2382 non
738 2353 857 2382 tantum
885 2354 931 2382 est
948 2350 1139 2392 spiritualis,
1165 2350 1220 2382 sed
1237 2350 1328 2382 etiam

379 2402 550 2434 materialis
564 2414 570 2433 :
595 2411 670 2444 ergo
688 2402 814 2434 videtur
831 2402 991 2441 similiter,
1008 2402 1094 2444 quod
1109 2402 1235 2434 vermis.
1259 2402 1330 2443 Igne

378 2455 461 2487 enim
494 2455 625 2496 punitur
657 2464 772 2496 corpus
803 2458 833 2487 et
865 2455 986 2494 anima,
1018 2464 1093 2496 ergo
1126 2454 1269 2486 similiter
1300 2457 1330 2486 et

379 2516 505 2539 verme:
531 2516 606 2548 ergo
631 2507 773 2545 videtur,
798 2507 883 2548 quod
908 2508 948 2539 sit
972 2507 1152 2539 materialis.

469 2560 612 2592 CONTRA:
635 2561 660 2591 1.
679 2560 774 2592 Isaiae
791 2560 912 2592 decimo
929 2564 1042 2602 quarto
1057 2561 1066 2575 ⁷
1084 2560 1200 2593 dic-itur
1213 2560 1252 2592 de
1268 2560 1329 2592 dia-

380 2613 469 2645 bolo:
499 2613 743 2654 Opcrt'mentum
772 2617 865 2645 tuum
889 2617 987 2645 crimt
1010 2623 1134 2645 vermes
1147 2625 1158 2650 ;
1182 2613 1237 2646 sed
1261 2622 1330 2646 con-

1393 1722 1470 1757 stat,
1495 1718 1579 1760 quod
1612 1718 1756 1751 diabolus
1773 1728 1834 1751 non
1851 1718 1946 1751 habet
1963 1728 2103 1751 vermem
2128 1719 2343 1752 materialem:

1392 1780 1467 1813 ergo
1491 1775 1548 1803 etc.

1485 1825 1514 1855 2.
1538 1823 1624 1862 Item,
1642 1823 1749 1856 nullus
1766 1823 1883 1856 vermis
1900 1823 2070 1856 materialis
2088 1827 2134 1856 est
2149 1823 2344 1862 immortalis,

1395 1885 1466 1908 cum
1492 1875 1607 1908 babeat
1631 1876 1765 1908 sormam
1790 1876 2046 1918 corruptibilem;
2071 1876 2125 1909 sed
2150 1876 2272 1908 vermis
2294 1876 2346 1908 ille

1394 1939 1460 1960 11011
1483 1929 1640 1967 moritur,
1657 1929 1738 1961 sicut
1759 1929 1874 1962 dicitur
1898 1929 2032 1962 ultimo8
2055 1929 2167 1961 Isaiae:
2190 1937 2264 1970 ergo
2289 1933 2345 1961 etc.

1485 1981 1514 2013 3.
1532 1981 1622 2019 Item,
1640 1981 1757 2013 vermis
1774 1981 1945 2014 materIalis
1961 1985 1991 2014 et
2008 1982 2038 2014 in
2067 1990 2124 2014 sua
2145 1981 2324 2014 corrosione
2336 1980 2346 1997 ⁹

1395 2038 1425 2066 et
1450 2034 1479 2065 in
1505 2042 1562 2066 sua
1586 2034 1705 2075 origine
1736 2034 1854 2076 aliquid
1880 2034 1993 2066 minuit
2017 2035 2056 2067 de
2086 2034 2259 2067 substantia
2283 2043 2346 2066 cor-

1395 2086 1500 2128 poris:
1525 2095 1599 2128 ergo
1623 2087 1648 2118 si
1674 2095 1789 2128 corpus
1821 2086 1899 2119 illud
1923 2096 1985 2119 non
2009 2091 2056 2120 est
2080 2087 2259 2125 minuibile,
2285 2096 2345 2118 non

1395 2143 1442 2171 est
1465 2139 1548 2171 circa
1573 2139 1651 2171 illud
1676 2139 1746 2171 talis
1770 2139 1896 2172 vermis.

1483 2192 1513 2223 [ι.
1540 2192 1632 2230 Item,
1659 2191 1700 2223 ibi
1725 2192 1784 2224 erit
1815 2192 1915 2224 multo
1947 2192 2097 2224 intensior
2130 2192 2226 2233 ignis,
2251 2201 2345 2234 quam

1395 2244 1434 2276 sit
1459 2244 1530 2281 hic;
1555 2244 1609 2276 sed
1635 2252 1759 2276 vermes
1784 2244 1815 2275 in
1832 2244 1891 2276 isto
1908 2244 1978 2286 igne
1994 2253 2055 2276 non
2074 2248 2206 2286 possunt
2222 2244 2343 2276 vivere:

1395 2306 1470 2338 ergo
1493 2305 1549 2329 nec
1574 2297 1604 2328 in
1629 2297 1682 2328 illo
1706 2300 1862 2338 poterunt.
1880 2315 1923 2319 ——
1940 2297 1978 2330 Sz·
1995 2302 2029 2329 tu
2045 2297 2155 2335 dicas,
2179 2298 2261 2339 quod
2289 2297 2345 2330 boc

1395 2353 1442 2381 est
1465 2358 1522 2390 per
1546 2349 1758 2388 miraculum:
1790 2358 1864 2390 ergo
1888 2353 1980 2388 tunc,
2005 2359 2076 2381 cum
2101 2359 2162 2381 non
2186 2350 2345 2391 patiantur

1395 2402 1434 2434 ab
1460 2403 1546 2443 igne,
1573 2402 1722 2434 videntur
1746 2402 1863 2434 habere
1887 2411 2021 2444 corpora
2037 2403 2172 2444 gloriosa
2195 2406 2225 2435 et
2248 2402 2345 2435 incor-

1395 2455 1566 2497 ruptibilia.
1591 2473 1636 2477 ——
1659 2454 1697 2486 Sz·
1719 2454 1832 2492 dicas,
1857 2455 1941 2496 quod
1958 2458 2185 2493 renascuntur;
2210 2464 2343 2497 quaero:

1394 2508 1574 2549 quomodo?
1600 2516 1671 2539 cum
1697 2516 1759 2539 non
1784 2507 1823 2540 sit
1850 2507 1891 2539 ibi
1925 2507 1999 2540 solis
2032 2508 2122 2546 latio,
2146 2511 2176 2539 et
2207 2507 2345 2540 maxime

1395 2560 1637 2601 putrefactibilia
1666 2568 1721 2601 per
1748 2560 1894 2592 virtutem
1921 2560 2185 2602 supracoelestem
2210 2560 2345 2592 babeant

1394 2613 1537 2654 generari
1551 2613 1580 2643 ¹⁰.

453 2868 459 2884 ¹
482 2869 620 2900 Sequimur
640 2868 715 2894 codd.
736 2869 755 2892 G
769 2869 788 2893 T
803 2869 834 2900 U,
854 2869 914 2893 odd.
935 2868 999 2901 quia.
1019 2868 1060 2894 illi
1078 2868 1218 2902 quiescunt
1233 2870 1270 2900 et,
1290 2869 1331 2893 alii

383 2911 458 2936 codd.
478 2911 542 2944 [sitia.
562 2910 652 2944 [codd.
675 2912 715 2937 11<
737 2912 801 2945 qua]
823 2913 986 2945 coquoscltllb
1005 2913 1028 2937 rt
1046 2911 1171 2945 (laudent.

451 2955 461 2970 ²
482 2956 507 2979 ln
528 2955 584 2980 cod.
605 2955 640 2980 bb
661 2955 773 2981 secunda
796 2962 887 2980 manus
911 2956 1043 2987 supplevit
1067 2955 1204 2981 iusticiam.
1225 2956 1331 2980 Inferius

383 3002 441 3030 post
457 2998 539 3030 sistit,
560 3006 608 3030 pro
628 3006 680 3031 quo
700 2999 776 3024 codd.
799 3000 818 3024 R
832 3000 849 3023 U
864 3000 884 3023 V
897 3000 919 3024 X
940 2998 1071 3031 consistit,
1088 2999 1144 3024 Vat.
1165 2999 1237 3024 addit
1255 2998 1282 3024 id
1295 3000 1333 3024 est

381 3043 525 3074 permanet.

453 3085 464 3101 3
483 3086 547 3111 Vide
568 3087 608 3111 liic
627 3087 661 3111 lit.
682 3087 808 3118 Magistri,
829 3095 849 3111 c.
877 3088 900 3111 ti.
921 3086 971 3111 t'It'r.
992 3087 1067 3111 otiam
1099 3087 1123 3111 11.
1153 3087 1221 3111 Sont.
1242 3086 1266 3111 d.
1289 3087 1330 3111 II.

383 3136 405 3153 a.
426 3130 449 3153 2.
470 3137 494 3161 q.
516 3130 538 3154 3.
558 3131 583 3154 in
604 3137 674 3161 corp.
697 3130 795 3162 (opinio
820 3131 838 3154 1.
860 3131 969 3162 eiusque
993 3130 1176 3163 improbatio),
1199 3130 1242 3156 ubi
1265 3132 1332 3155 iuxta

383 3173 482 3205 aliquos
502 3173 534 3198 (le
554 3174 657 3205 Angelis
677 3174 782 3205 dicitur,
804 3174 873 3206 quod
897 3175 1041 3206 «quamvis
1060 3175 1137 3199 siut...
1152 3174 1332 3206 impassibiles,

384 3223 433 3241 11011
454 3220 513 3241 sunt
533 3220 616 3242 tamen
636 3217 894 3250 incoiizpassz'btssles».
915 3217 977 3243 Cod.
998 3218 1034 3243 bb
1054 3219 1094 3243 bic
1114 3218 1244 3243 substituit
1263 3224 1334 3244 com-

383 3258 502 3291 passibili'
515 3267 561 3291 pro
574 3260 816 3293 passibili.—Vide
826 3262 940 3286 scholion
952 3261 984 3286 ad
997 3262 1019 3286 1.
1031 3262 1107 3286 buius
1122 3262 1220 3287 articuli
1235 3264 1332 3294 quaest.

455 3302 464 3318 ⁴
485 3303 556 3327 Vcrs.
579 3304 618 3328 Ἰ19.
639 3318 672 3321 -
694 3304 775 3329 Iudith
797 3305 843 3336 ³16,
866 3306 913 3329 21:
935 3304 1009 3330 Dabit
1028 3306 1097 3330 enim
1117 3306 1203 3337 ignem
1223 3308 1270 3330 etc.

454 3344 464 3360 ⁵
484 3346 520 3370 Dc
540 3353 591 3378 quo
610 3354 688 3378 supra
711 3348 734 3372 d.
757 3347 796 3372 ,44‘
819 3355 844 3379 p.
866 3348 880 3372 Ι.
900 3356 922 3373 a.
944 3349 967 3372 3.
987 3356 1012 3381 (1.
1033 3349 1056 3373 Ξ.

1465 2869 1476 2883 ‘³
1497 2869 1598 2894 Praeter
1627 2869 1695 2893 locos
1724 2869 1747 2893 in
1780 2869 1799 2893 1.
1828 2875 1883 2900 arg.
1904 2869 2026 2900 allegatos
2052 2868 2113 2893 mle
2138 2869 2191 2893 lsai.
2221 2868 2266 2900 06,
2297 2868 2343 2899 <245

1397 2913 1471 2937 Marc.
1493 2914 1521 2943 9,
1543 2911 1584 2936 43.
1605 2911 1646 2936 45.
1667 2911 1708 2937 l1-7.
1727 2925 1762 2930 —-
1780 2911 1870 2937 Minor
1889 2915 1991 2937 ostensa
2009 2914 2048 2937 est
2066 2919 2144 2943 supra
2165 2911 2189 2936 d.
2212 2911 2251 2936 44.
2273 2919 2297 2943 p.
2318 2911 2344 2936 II.

1396 2963 1417 2981 a.
1439 2957 1462 2980 2.
1483 2963 1507 2988 q.
1529 2956 1551 2980 «l.

1465 2998 1476 3014 ⁷
1498 2999 1569 3024 Vers.
1592 3000 1600 3023 i
1611 3000 1631 3023 I.

1466 3042 1477 3058 ⁸
1496 3043 1568 3067 Vers.
1597 3042 1643 3067 24:
1671 3042 1773 3068 Vcrmis
1801 3049 1892 3067 eorum
1918 3049 1968 3067 non
1996 3042 2112 3067 moritur.
2142 3041 2190 3067 Ctr.
2218 3042 2292 3066 Marc.
2313 3042 2344 3072 9,

1398 3087 1438 3111 43.
1459 3085 1499 3110 45.
1520 3086 1561 3111 47.

1467 3129 1477 3144 ⁹
1498 3130 1529 3154 Itu
1549 3129 1624 3154 codd.
1647 3130 1664 3153 B
1676 3129 1722 3154 CF
1741 3129 1776 3154 bb
1792 3130 1837 3161 (EI
1852 3136 1865 3154 a
1880 3129 1993 3154 secunda
2008 3133 2112 3161 manu),
2127 3128 2183 3154 cod.
2198 3129 2216 3153 R
2232 3128 2341 3160 (lotione,

1397 3173 1455 3198 cod.
1475 3181 1505 3198 aa
1524 3173 1707 3207 yeoieratz‘oue,
1729 3174 1770 3198 alii
1795 3173 1871 3199 codd.
1898 3177 1922 3199 ct
1950 3173 1991 3198 ed.
2013 3174 2021 3197 11
2047 3172 2207 3206 cognitione,
2231 3173 2286 3198 Vat.
2306 3179 2344 3197 re-

1397 3217 1539 3243 mersione.
1560 3217 1665 3243 Interius
1684 3224 1732 3249 pro
1751 3216 1887 3243 minuibile
1906 3217 1994 3248 plures
2014 3217 2145 3242 codd.ch
2164 3215 2290 3242 mutabile.
2303 3217 2344 3241 vel

1397 3259 1575 3293 immutabile,
1597 3260 1638 3286 ed.
1660 3261 1668 3285 t
1693 3259 1885 3286 commutabile.

1469 3305 1490 3321 10
1509 3305 1559 3330 Csr.
1579 3305 1690 3336 Aristot„
1713 3305 1739 3330 11.
1760 3305 1792 3330 de
1812 3305 1929 3330 Generat.
1950 3308 1974 3330 et
1999 3307 2113 3336 corrupt.
2133 3307 2192 3330 text.
2211 3303 2252 3329 57.
2272 3311 2344 3336 seqq.

1398 3348 1430 3381 (c.
1452 3349 1514 3381 110.).
