2483 3882
738 272 831 304 DlST.
857 273 940 306 XLV.
965 273 1047 305 ART.
1073 273 1091 304 1.
1117 273 1268 314 QUAEST.
1294 273 1314 305 Ι.

45 358 186 397 infirmo,
210 357 260 390 cui
285 366 346 389 non
371 362 504 399 possunt
528 359 696 392 subvenire
721 360 871 402 suffragia
896 360 994 393 Eccle-

45 411 125 450 siae,
149 409 284 451 qualiter
300 409 414 442 habeat
431 410 576 450 liberari,
602 411 657 443 ibi:
676 411 740 444 Sed
762 412 881 444 iterum
898 422 994 455 quae-

45 463 133 497 ritur
156 463 194 495 de
217 462 328 505 atiquo
352 462 560 495 mediocriter
585 463 686 496 ὒοηο1
712 468 768 497 etc.

130 516 259 548 Summa
284 515 378 556 igitur
402 515 492 548 istius
516 516 722 549 distinctionis
743 517 773 549 in
799 517 900 550 tribus
924 527 994 550 con-

1943 277 2005 309 939

1058 360 1154 393 sistit:
1180 361 1281 403 primo
1306 362 1336 393 in
1361 361 1538 394 animarum
1565 363 1769 404 receptaculis
1779 376 1787 402 3
1815 364 1954 397 secundo
1976 366 2005 397 in

1057 414 1232 456 suffragiis,
1264 423 1345 456 quae
1378 414 1438 447 vivi
1471 415 1696 457 impartiuntur
1729 417 1882 456 mortuis3
1915 418 2006 450 tertio

1057 475 1132 498 vero
1157 467 1186 498 in
1212 467 1386 508 suffragiis,
1414 476 1495 509 quae
1520 468 1634 500 mortui
1665 468 1890 510 impartiuntur
1917 470 2005 502 vivis.

1058 519 1092 550 Et
1116 519 1146 550 in
1171 519 1221 551 his
1245 522 1343 551 totuin
1368 520 1535 552 clauditur.

773 655 981 687 TRACTATIO
1005 656 1278 697 QUAESTlONUM.

128 777 171 809 Ad
196 776 433 818 intelligentiam
465 776 561 809 huius
586 777 684 818 partis
712 779 885 811 secundum
912 780 990 819 tria,

41 838 120 873 quae
136 829 324 862 determinat
341 829 485 870 Magister
503 829 534 860 in
551 829 672 868 littera,
697 830 912 872 principaliter
930 832 990 864 tria

41 885 246 926 quaeruntur.

128 936 229 968 Primo
253 935 418 977 quaeritur
435 935 474 967 de
490 935 697 976 receptaculis
718 936 895 969 animarum
913 946 989 970 exu·

40 993 154 1022 tarum.

126 1041 286 1079 Secundo,
310 1041 348 1073 de
373 1040 548 1082 suffragiu,
572 1049 653 1082 quae
677 1041 833 1082 recipiunt
857 1051 874 1074 a
899 1043 987 1075 vivis.

126 1094 247 1133 Tertio,
271 1094 309 1126 de
334 1093 509 1135 suffragiis,
534 1102 614 1135 quae
638 1094 826 1135 impendunt
850 1095 960 1127 vivis2.

1143 781 1231 813 Circa
1256 781 1393 823 primum
1418 786 1616 824 quaeruntur
1641 784 1708 816 tria.

1142 834 1245 866 Primo
1269 835 1433 876 quaeritur
1457 836 1495 868 de
1513 837 1719 878 receptaculis
1732 838 1907 871 animarum
1933 842 2004 871 ante

1053 886 1225 918 adventum
1251 887 1374 919 Christi.

1142 939 1284 971 Secundo
1308 940 1482 981 quaeritur,
1498 945 1606 974 utrum
1630 946 1699 984 post
1723 943 1893 976 adventum
1919 944 2003 976 Chri-

1052 991 1091 1022 sti
1115 991 1284 1023 habuerint
1308 992 1375 1024 loca
1399 993 1615 1026 determinata.

1141 1044 1261 1083 Tertio,
1287 1048 1393 1077 utrum
1419 1046 1621 1087 egrediantur
1644 1047 1683 1079 ad
1708 1049 1876 1081 exteriora.

864 1232 1128 1271 ARTICULUS
1153 1235 1165 1271 l
1172 1265 1177 1271 .

663 1333 707 1364 De
729 1333 943 1374 receptaculis
967 1334 1162 1366 animarum
1187 1340 1395 1372 erutarum.=

908 1444 1090 1485 QUAESTIO
1114 1445 1134 1476 Ι.

537 1541 583 1572 De
606 1541 823 1582 receptaculis
846 1541 1042 1573 animarum
1065 1546 1140 1574 [tute
1164 1543 1340 1575 adventum
1367 1542 1498 1575 Christi.

123 1653 211 1685 Circa
233 1652 369 1694 primum
388 1652 571 1694 proceditur
588 1651 649 1690 sic,
666 1655 696 1683 et
713 1652 797 1693 quod
814 1656 885 1684 ante
901 1652 986 1684 Chri-

37 1706 74 1739 sti
97 1706 267 1739 adventum
293 1705 522 1738 descenderant
537 1704 577 1737 ad
594 1704 770 1743 infernum,
788 1705 983 1737 ostenditur:

127 1761 152 1791 l.
179 1759 281 1791 Primo
305 1768 360 1800 per
385 1762 476 1791 vetus
501 1761 734 1791 testamentum.
759 1758 802 1790 lta
831 1758 912 1790 dixit
936 1768 986 1800 pa-

16 1814 171 1846 .triarcba
195 1813 284 1845 Iacob
308 1812 435 1844 Genesis
459 1811 702 1853 quadragesimo
727 1811 907 1843 secundo³:
930 1812 986 1843 De-

36 1866 157 1898 duoetis
181 1875 282 1897 canos
305 1874 392 1896 meos
417 1874 493 1896 eum
518 1864 627 1896 dolore
651 1863 697 1895 act
720 1862 869 1905 iuferos;
886 1867 916 1896 et
932 1864 986 1896 Ge-

34 1919 115 1952 nesis
128 1919 288 1960 trigesimo
306 1918 454 1959 septimo:
473 1917 674 1949 Descendunt
691 1917 738 1949 act
751 1916 984 1958 fittum'meum

34 1971 145 2015 lugens
169 1972 204 2003 in
228 1970 421 2013 infernum:
447 1979 522 2011 ergo
546 1973 602 2002 ete.

121 2026 150 2057 2.
163 2025 236 2057 ltem
248 2050 256 2063 ,
272 2024 324 2056 101)
341 2024 463 2056 decimo
481 2023 613 2064 septimo
627 2022 649 2054 ⁴:
668 2023 707 2054 In
725 2022 863 2054 tenebris
877 2023 986 2054 stravi

34 2077 183 2110 lectulum
206 2086 335 2114 meum,
360 2075 516 2118 infernus
540 2076 658 2107 domus
681 2085 754 2107 mett
778 2080 844 2113 est;
868 2079 898 2107 et
915 2085 984 2108 con-

32 2133 107 2169 stat,
132 2130 216 2171 quod
240 2129 343 2161 iustus
366 2132 453 2161 erat:
479 2137 554 2169 ergo
578 2132 635 2160 etc.

120 2182 148 2215 3.
172 2183 265 2220 Item,
283 2182 341 2214 hoe
366 2182 470 2223 ipsum
487 2180 664 2213 ostenditur
680 2181 779 2213 etiam·
791 2189 848 2222 per
865 2190 980 2213 novum

32 2238 272 2267 testamentum:
299 2234 373 2276 quia
398 2233 513 2265 dicitur
542 2233 571 2265 in
605 2233 793 2275 Symbolo⁵z
822 2245 836 2263 «
853 2233 983 2266 Descen-

32 2287 76 2320 dit
98 2288 137 2321 ad
162 2288 277 2320 inferos
294 2300 324 2325 »ς
350 2291 486 2325 constat,
511 2287 595 2328 quod
620 2296 681 2318 non
706 2287 764 2319 nisi
789 2287 828 2319 ad
852 2287 982 2328 ereptio-

31 2349 101 2373 nem
125 2340 301 2373 iustorum:
327 2340 400 2372 iusti
426 2349 501 2382 ergo
525 2340 767 2372 descendebant.

117 2394 147 2426 lt.
171 2394 265 2432 Item,
289 2393 421 2425 Actuum
447 2392 627 2425 secunc100:
656 2392 755 2432 Quem
779 2392 865 2423 Deus
881 2392 982 2423 susei-

32 2446 129 2484 tavt't,
159 2446 275 2478 solutis
306 2445 474 2478 doloribus
507 2444 654 2487 inferni.-
687 2454 761 2486 ergo
793 2454 902 2477 omnes
926 2444 977 2476 alii

31 2499 248 2531 detinebantur
273 2499 303 2531 in
329 2499 458 2531 inferno.

118 2552 146 2583 5.
171 2551 263 2590 Item,
282 2551 423 2583 debitum
442 2550 603 2592 originalis
620 2551 737 2592 peccati
756 2551 894 2582 nondum
913 2554 980 2582 erat

31 2603 184 2642 solutum,
216 2613 290 2645 ergo
324 2613 380 2636 nec
413 2604 507 2636 homo
531 2604 569 2636 de
593 2607 745 2645 potestate
769 2603 883 2635 diaboli
917 2612 980 2634 ere-

30 2659 119 2697 ptus:
152 2665 226 2698 ergo
261 2660 554 2698 quantumcumque
589 2659 671 2688 esset
707 2656 825 2694 iustus,
857 2658 980 2697 poterat

31 2707 132 2749 ipsum
158 2709 303 2741 diabolus
323 2709 450 2742 trahere
474 2709 633 2741 deorsum.

117 2762 175 2794 SED
199 2771 338 2795 CONTRA:
368 2764 395 2794 1.
418 2762 562 2795 infernus
586 2765 632 2794 est
657 2762 744 2794 locus
769 2761 893 2794 debitus
918 2770 979 2792 ma-

0 2813 69 2846 =·lis
92 2819 121 2847 et
145 2815 288 2854 iniustis;
312 2815 366 2848 sed
383 2819 455 2848 ante
471 2816 642 2848 adventum
660 2815 772 2847 Christi
792 2814 881 2846 multi
901 2823 979 2846 mor-

1049 1653 1093 1684 tui
1120 1656 1192 1684 sunt
1217 1654 1286 1685 boni
1312 1657 1342 1686 et
1367 1654 1461 1686 iusti:
1491 1664 1565 1696 ergo
1598 1656 1641 1687 illi
1674 1666 1733 1688 non
1768 1657 1999 1691 descendebant

1050 1705 1080 1737 in
1105 1705 1271 1738 infernum.

1139 1760 1168 1790 2.
1192 1759 1285 1797 item,
1311 1769 1518 1802 unaquaeque
1541 1762 1646 1794 anima
1670 1762 1763 1795 habet
1781 1763 1876 1796 locari
1893 1773 2000 1797 secun-

1050 1812 1125 1844 dum
1151 1813 1340 1853 exigentiam
1366 1813 1572 1846 meritorum:
1602 1823 1677 1856 ergo
1705 1825 1776 1848 cum
1810 1817 1869 1849 viri
1902 1819 1998 1850 sancti

1049 1868 1120 1896 ante
1144 1865 1315 1897 adventum
1347 1866 1460 1898 Christi
1493 1867 1629 1899 multum
1655 1868 1807 1901 distarent
1831 1870 1870 1902 ab
1895 1870 1999 1912 impiis

1049 1921 1200 1959 quantum
1220 1919 1257 1950 ad
1277 1919 1439 1957 meritum,
1457 1928 1531 1961 ergo
1548 1920 1640 1952 etiam
1659 1925 1811 1962 quantum
1827 1922 1867 1954 ad
1885 1922 1998 1955 locum.

1138 1970 1166 2001 3.
1192 1971 1284 2007 Item,
1316 1983 1329 2000 «
1347 1971 1376 2002 in
1410 1971 1530 2003 inferno
1560 1972 1646 2004 nulla
1675 1977 1721 2005 est
1746 1974 1997 2016 redemptio⁷nz

1048 2032 1123 2064 ergo
1154 2024 1178 2055 si
1212 2024 1283 2055 iusti
1316 2024 1548 2056 descenderunt
1578 2025 1618 2057 ad
1652 2025 1826 2066 infernum,
1859 2028 1998 2067 videtur,

1048 2076 1132 2117 quod
1157 2085 1318 2117 nunquam
1343 2076 1472 2108 suerunt
1498 2077 1568 2109 iude
1594 2077 1738 2117 liberati3
1763 2080 1847 2121 quod
1872 2081 1998 2113 manife-

1048 2132 1093 2160 ste
1118 2128 1230 2160 salsum
1256 2133 1310 2161 est.

1137 2182 1166 2213 li..
1193 2181 1285 2219 ltem,
1310 2181 1390 2213 sicut
1414 2185 1498 2222 patet
1529 2191 1568 2214 ex
1598 2184 1698 2215 Lucae
1722 2184 1843 2217 decimo
1876 2190 1965 2218 sexto
1977 2187 1997 2226 ⁵³,

1047 2232 1146 2265 chaos
1169 2243 1327 2275 mctgyizmu
1353 2233 1526 2274 firmatum
1548 2239 1615 2267 erat
1636 2235 1715 2268 inter
1739 2237 1890 2269 Lazarum
1908 2242 1938 2271 et
1955 2239 1998 2271 di-

1047 2286 1158 2324 vitem,
1184 2291 1218 2318 ut
1242 2296 1301 2318 non
1329 2291 1453 2328 possent
1478 2291 1588 2319 mutuo
1612 2289 1649 2320 ad
1676 2297 1709 2321 se
1743 2290 1896 2322 transire:
1922 2299 1996 2333 ergo

1046 2339 1188 2377 videtur,
1213 2339 1296 2381 quod
1322 2340 1351 2371 in
1379 2339 1451 2371 locis
1476 2339 1665 2373 distantibus
1688 2345 1788 2374 erant.

1135 2393 1163 2423 5.
1188 2392 1280 2431 Item,
1305 2392 1495 2432 Augustinus
1519 2392 1706 2425 duodecimo
1731 2404 1827 2436 super
1852 2395 1995 2428 Genesim

1044 2445 1084 2476 ad
1104 2444 1236 2476 litteram
1251 2445 1277 2476 9:
1302 2445 1499 2482 «Videmus,
1525 2444 1695 2477 inferorum
1724 2447 1911 2480 mentionem
1934 2458 1995 2480 non

1044 2506 1111 2529 esse
1136 2497 1246 2529 factam
1274 2498 1303 2528 in
1330 2498 1437 2539 requie
1462 2500 1626 2541 pauperis,
1649 2499 1703 2531 sed
1729 2500 1758 2531 in
1784 2500 1937 2542 supplicio
1954 2501 1997 2533 di-

1046 2549 1160 2582 vitis».
1188 2550 1221 2581 Et
1246 2550 1358 2582 iterum
1386 2550 1488 2582 idem:
1520 2564 1534 2580 «
1550 2551 1694 2583 Nondum
1720 2552 1823 2584 inveni
1846 2557 1875 2584 et
1891 2553 1996 2586 adhue

1044 2603 1188 2643 requiro,
1215 2611 1270 2634 nec
1295 2603 1369 2634 mihi
1395 2604 1550 2643 occurrit,
1572 2604 1686 2636 inferos
1715 2605 1829 2637 alicubi
1860 2606 1888 2637 in
1914 2606 1995 2638 bono

1044 2655 1185 2696 posuisse
1209 2656 1424 2696 scripturam
1449 2666 1508 2688 non
1534 2660 1639 2689 antem
1666 2658 1721 2689 uisi
1748 2658 1778 2689 in
1808 2659 1888 2690 bono
1920 2660 1996 2691 acci-

1043 2708 1191 2749 piendum
1219 2709 1321 2740 sinum
1346 2708 1486 2741 Abrahae
1504 2721 1533 2741 »z
1559 2719 1633 2751 ergo
1659 2710 1682 2742 si
1708 2711 1803 2743 saneti
1836 2711 1940 2744 Patres
1966 2712 1995 2744 in

1042 2761 1145 2793 sinum
1171 2761 1311 2793 Abrahae
1336 2765 1517 2803 portantur,
1535 2762 1615 2794 sicut
1639 2763 1790 2796 Dominus
1806 2764 1871 2806 ipse
1889 2765 1927 2797 de
1946 2766 1996 2797 La-

1043 2823 1115 2845 zaro
1140 2816 1289 2852 tostatur,
1315 2818 1398 2855 patet
1423 2818 1479 2846 etc.

96 3049 103 3065 ¹
125 3050 157 3075 lta
177 3054 245 3076 recte
266 3051 323 3075 eod.
344 3051 361 3075 F
381 3058 440 3076 cum
463 3051 592 3083 Magistro,
615 3051 639 3075 in
660 3051 715 3076 aliis
734 3054 758 3075 et
777 3050 836 3075 edd.
858 3049 952 3076 calido.

96 3093 107 3110 ¹²
124 3093 187 3119 Cod.
210 3095 225 3119 Ρ
245 3094 437 3128 impenduntur
456 3094 522 3121 vivis
541 3102 558 3120 a
577 3094 684 3121 Sanctis
702 3094 827 3120 mortuis.

96 3137 107 3154 ³
126 3138 199 3164 Vers.
222 3140 262 3164 38.
284 3154 317 3157 ——
337 3140 396 3172 Seq.
417 3140 489 3165 locus
508 3139 570 3164 ibid.
592 3139 639 3170 37,
660 3139 701 3163 35.

96 3180 106 3197 ⁴
125 3182 197 3208 Vers.
220 3183 265 3208 =t3z
285 3184 311 3208 Si
330 3184 486 3215 sustinuero,
506 3183 621 3208 infernus
641 3183 736 3208 (lomus
755 3189 813 3207 mea
833 3185 885 3214 est,
908 3186 932 3208 ot
952 3183 975 3207 in

26 3225 135 3251 tenebris
154 3228 232 3252 stravi
252 3228 374 3253 lectulum
395 3234 491 3253 meum.

97 3269 108 3286 ⁵
125 3270 223 3296 Scilicet
242 3271 434 3302 Apostolorum.
453 3285 489 3289 —
508 3271 614 3296 Inferius
634 3278 681 3302 pro
700 3269 859 3303 ereptionem
879 3270 937 3296 cod.
961 3271 977 3295 F

27 3311 213 3339 eoetractz'onem
233 3313 290 3346 (cfr.
311 3315 347 3339 111.
368 3315 435 3340 Sent.
457 3314 482 3339 d.
503 3315 544 3339 22.
565 3321 589 3346 q.
617 3313 639 3338 4.
667 3315 760 3346 seqq),
781 3318 804 3339 et
824 3320 872 3345 pro
891 3313 978 3340 [tesce-

26 3353 119 3382 debant
136 3357 192 3382 cod.
212 3358 230 3382 E
249 3357 448 3384 descenderant.

94 3399 105 3415 ⁶
125 3400 196 3426 Vers.
217 3401 259 3426 24..

1110 3049 1121 3066 7
1142 3050 1252 3074 Breviar.
1274 3050 1382 3075 Roman.
1404 3051 1429 3074 in
1450 3050 1539 3075 Osticio
1559 3050 1702 3076 defunctor.
1722 3051 1758 3076 Ill.
1778 3051 1848 3077 Noct.
1870 3052 1945 3083 Hesp.
1960 3052 1992 3077 ad

1041 3094 1096 3118 lect.
1117 3094 1141 3125 7,
1163 3097 1188 3118 ct
1207 3093 1340 3125 Bornard„
1361 3094 1442 3118 Sorm.
1465 3093 1505 3119 4-2.
1527 3094 1559 3119 de
1578 3094 1700 3126 Diversis.
1721 3102 1744 3120 n.
1766 3095 1789 3119 5.

1111 3136 1122 3153 8
1141 3137 1214 3162 Vers.
1236 3138 1276 3162 26.

1111 3181 1122 3197 9
1141 3181 1203 3213 Cap.
1225 3182 1265 3206 33.
1287 3189 1310 3206 n.
1331 3182 1373 3206 63.
1396 3181 1542 3213 (respicitur
1560 3182 1621 3207 Luc.
1647 3183 1688 3215 16,
1711 3184 1775 3215 22).
1789 3197 1824 3202 —
1838 3184 1897 3216 ch.
1921 3184 1992 3209 locus

1042 3228 1079 3250 est
1098 3225 1159 3250 ibid.
1187 3233 1209 3250 n.
1239 3225 1281 3250 64,
1311 3225 1407 3250 Textus
1435 3226 1566 3257 originalis
1594 3226 1724 3252 substituit
1748 3234 1849 3260 quaero
1875 3234 1923 3259 pro
1951 3235 1992 3254 re-

1042 3268 1121 3302 quiro
1141 3272 1165 3293 ct
1184 3272 1242 3300 post
1266 3269 1437 3302 scripturam
1460 3271 1641 3302 prosequitur:
1662 3270 1806 3297 dumtaxat
1825 3271 1991 3298 canonicum.

1042 3312 1103 3338 Non.
1130 3312 1220 3337 autem
1248 3311 1273 3337 z'n
1301 3311 1367 3338 bono
1395 3312 1577 3346 accipiendum
1605 3313 1695 3339 sitium
1714 3313 1863 3340 .f1brahae...
1886 3315 1988 3347 nescio,

1042 3357 1135 3381 utrum
1154 3356 1297 3389 quisquam
1315 3356 1397 3389 possit
1416 3356 1511 3383 audire
1530 3360 1578 3382 etc.
