2483 3882
15 714 53 736 Hu-

2 987 10 1002 s
22 979 51 1001 di—

0 1977 48 1998 licit.

0 2278 21 2313 115
31 2293 50 2314 2.

3 2713 53 2735 fficit.

4 2876 9 2890 1
21 2871 54 2892 du-

688 202 780 233 DIST.
806 202 903 234 XVIII.
928 202 957 233 P.
983 202 1002 233 l.
1027 202 1108 234 ΛΒΤ.
1133 202 1165 233 II.
1190 201 1342 242 QUAEST.
1368 202 1399 232 II.

415 297 651 321 CONCLUSIO.

69 393 227 428 Sacerdos
243 393 378 424 remittit
399 393 549 435 aliquam
565 397 694 434 partem
713 402 855 434 poenae,
881 403 945 425 non
962 403 1011 425 ae-

151 450 261 478 ternae
283 454 340 477 nec
360 445 598 487 puryatoriae,
615 445 673 477 sed
687 445 778 477 illius
797 455 941 486 poenae,
966 446 1011 477 ad

150 507 251 541 quam
279 498 366 529 Deus
397 497 519 539 obiiyat
547 501 751 538 peccatorem
782 501 854 539 post
884 497 1011 529 absolu-

151 551 268 582 tionem
293 559 315 581 a
339 549 446 591 culpa.

150 656 349 687 RESPONnno:
375 654 565 693 Dicendum,
583 654 667 695 quod
684 657 808 695 praeter
825 653 1010 695 positionem

66 709 166 748 illam,
190 717 284 750 quam
317 708 461 748 Magister
492 706 579 748 ponit
603 707 634 738 in
659 706 761 738 littera
776 706 803 745 ¹,
828 715 890 748 qua
913 706 1009 747 aliqui

65 764 243 799 senserunt,
276 760 358 802 quod
394 759 528 792 absolvit
561 768 580 791 a
615 768 715 801 poena
746 762 890 797 aeterna,
915 768 1008 800 quam

64 814 154 847 etiam
179 813 253 845 satis
277 812 443 845 efficaciter
468 811 645 853 improbat;
672 814 736 844 tres
753 814 826 843 sunt
850 811 900 843 hic
925 810 1007 842 modi

63 866 191 900 dicendi.

148 920 232 952 Unus
257 918 370 950 modus
394 917 517 950 dicendi
542 920 604 955 est,
630 916 715 958 quod
740 916 887 949 sacerdos
911 916 1011 948 absol-

62 973 105 1006 vit
127 981 187 1004 non
212 981 230 1003 a
253 979 367 1013 poena,
392 970 447 1002 sed
470 979 489 1002 a
513 969 638 1002 vinculo
662 969 863 1001 confessionis
885 968 1010 1010 ligando

63 1026 99 1059 ad
124 1032 255 1067 poenam
280 1023 507 1056 satisfactionis.
531 1023 565 1054 Et
581 1022 640 1054 ista
656 1022 767 1063 positio
784 1021 911 1054 videtur
928 1022 1009 1054 trahi

62 1088 101 1112 ex
125 1077 230 1110 verbis
254 1076 390 1118 Hugonis
405 1075 414 1090 ²
433 1076 463 1108 in
481 1075 562 1108 libro
579 1075 617 1108 de
635 1075 786 1107 potestate
810 1074 938 1116 ligandi,
955 1074 1009 1106 11111

63 1131 297 1172 distinguuntur
322 1132 441 1171 septem
467 1128 610 1167 vincula,
635 1127 752 1160 scilicet
769 1127 1009 1165 obdurationis,

61 1183 244 1221 servitutis,
270 1181 492 1224 captivitatis,
517 1185 670 1213 aeternae
694 1180 920 1212 damnationis
945 1180 1010 1212 sive

62 1237 246 1280 punitionis,
268 1239 445 1277 perpetuae
475 1233 715 1271 detestationis,
741 1232 956 1274 confessionis
981 1236 1011 1265 et

59 1289 205 1332 poenalis
229 1287 436 1329 expiationis.
461 1288 483 1318 A
506 1286 627 1328 primis
646 1285 752 1318 tribus
776 1286 910 1317 absolvit
926 1285 1010 1317 Deus

63 1352 117 1384 per
141 1341 271 1383 gratiam
297 1344 327 1372 et
350 1339 598 1372 misericordiam
613 1351 620 1377 3
638 1348 656 1370 a
682 1338 807 1370 vinculo
824 1338 1011 1369 obduratio-

63 1395 113 1427 nis
137 1392 269 1426 absolvit
294 1401 350 1434 per
367 1393 498 1434 gratiam
511 1395 771 1433 praeparantem
787 1416 796 1428 ,
821 1399 901 1432 quae
918 1390 1011 1422 emol-

63 1447 96 1479 lit
119 1456 171 1479 cor
203 1446 243 1478 ad
276 1445 496 1487 poenitentiam
525 1448 556 1476 et
579 1448 626 1476 est
649 1444 749 1485 gratia
771 1443 882 1485 ‘oratis
906 1443 1010 1480 data,-

64 1509 80 1532 a
92 1499 216 1532 vinculo
232 1498 401 1530 servitutis
417 1506 473 1539 per
491 1497 623 1539 gratiam
637 1497 912 1538 praevenientem,
930 1505 1010 1537 quae

63 1556 107 1585 est
127 1555 265 1594 yratam
289 1550 417 1592 faciens
441 1554 471 1581 et
503 1549 616 1582 liberat
645 1559 663 1581 a
695 1549 847 1582 servitute
871 1548 1010 1590 peccati;

63 1615 79 1637 a
95 1604 219 1636 vinculo
233 1603 435 1645 captivitatis
452 1612 508 1644 per
525 1602 657 1644 gratiam
675 1606 912 1643 cooperantem,
930 1610 1010 1643 quae

63 1657 188 1699 expedit
212 1657 370 1688 hominem
394 1659 425 1688 et
449 1655 542 1688 solvit
566 1656 605 1688 ad
628 1656 706 1687 hona
724 1664 828 1696 opera.
846 1655 867 1686 A
885 1654 1011 1686 vinculo

64 1714 195 1753 quarto,
214 1709 330 1742 scilicet
342 1713 495 1740 aeternae
511 1707 757 1746 damnationis,
776 1707 868 1739 solvit
885 1707 1010 1748 ligando

63 1763 100 1795 ad
125 1762 294 1805 quintmn,
326 1761 444 1794 scilicet
476 1761 516 1793 ad
548 1760 708 1793 vinculum
731 1764 909 1801 perpetuae
933 1759 1012 1790 dete—

63 1815 221 1848 stationis.
247 1816 268 1846 A
292 1819 380 1846 seatio
404 1823 480 1847 vero
505 1814 597 1846 solvit
613 1823 669 1855 per
686 1813 867 1845 ministrum
885 1812 1010 1854 ligando

63 1868 101 1900 ad
125 1868 298 1909 septimum
313 1867 332 1898 ³.
352 1867 501 1899 Sacerdos
519 1866 600 1898 enim
620 1865 712 1898 solvit
729 1869 924 1907 peccatorem
942 1874 1011 1897 con-

62 1921 215 1960 fitentem,
239 1924 274 1952 ut
298 1929 358 1952 non
383 1923 527 1952 teneatur
551 1918 710 1960 confiteri,
728 1918 783 1950 sed
799 1918 874 1959 ligat
890 1918 930 1949 ad
947 1918 1011 1949 vin-

62 1974 167 2007 culum
190 1972 441 2015 satisfactionis.
460 1991 499 1995 -
518 1972 577 2004 Sed
600 1972 679 2004 illud
704 1981 766 2004 11011
791 1971 920 2010 sufficit>
937 1971 1011 2012 quia

63 2027 205 2060 sacerdos
228 2027 258 2058 in
283 2026 474 2058 absolvendo
497 2034 560 2057 non
584 2025 677 2057 dicit:
703 2024 836 2056 Absolvo
861 2028 889 2055 te
906 2033 924 2055 a
941 2033 1011 2055 con-

61 2078 208 2122 fessione,
234 2079 288 2111 sed
312 2088 330 2110 a
350 2078 503 2120 peccatis.
527 2078 571 2109 Ab
595 2077 657 2109 illis
688 2086 762 2118 ergo
794 2076 928 2108 absolvit
960 2075 1010 2108 vel

64 2135 211 2174 quantum
248 2131 286 2164 ad
319 2140 480 2172 poenam,
505 2130 553 2162 vel
590 2133 745 2171 quantum
778 2130 817 2162 ad
854 2129 1009 2170 culpam:

63 2193 134 2227 ergo
157 2185 229 2226 plus
252 2187 374 2226 oportet
398 2184 512 2216 dicere.

150 2238 185 2270 Et
209 2237 278 2269 ideo
302 2241 349 2269 est
372 2237 530 2269 secundus
554 2236 669 2269 modus
693 2235 832 2274 dicendi,
857 2235 941 2276 quod
966 2244 1010 2267 sa-

64 2290 170 2323 cerdos
195 2290 329 2322 absolvit
352 2299 413 2321 non
438 2293 559 2321 tantum
595 2289 634 2321 ab
669 2289 728 2321 1100
753 2288 879 2320 vinculo
894 2288 921 2326 4,
955 2288 1010 2320 sed

64 2343 153 2375 etiam
177 2352 195 2375 a
218 2352 318 2384 poena
340 2342 562 2385 puryatoria,
587 2342 713 2383 ligando
738 2341 777 2374 ad
802 2350 935 2383 poenam
960 2350 1010 2372 sa-

64 2395 307 2438 tisfactoriam;
339 2396 394 2428 sed
425 2405 486 2427 non
512 2395 603 2428 solvit
627 2395 765 2436 aliquam
791 2398 912 2436 partem
941 2402 1011 2435 poe-

63 2457 117 2481 nae
140 2448 325 2487 relaxando,
351 2448 405 2480 sed
431 2448 531 2480 solum
558 2447 794 2486 commutando,
812 2450 842 2479 et
867 2447 925 2479 1100
950 2446 1010 2478 sub

65 2501 253 2540 conditione,
278 2502 303 2533 si
328 2501 435 2543 explet
460 2501 701 2533 satisfactionem
726 2500 908 2531 iniunctam.
927 2500 961 2531 Et
985 2499 1009 2530 si

65 2553 116 2586 illa
140 2554 306 2586 satisfactio
331 2554 370 2586 511
395 2553 564 2595 condigna,
589 2552 723 2585 absolvit
746 2562 764 2584 a
790 2556 872 2589 tota;
896 2552 1010 2590 sinon,

66 2606 196 2639 absolvit
220 2616 238 2639 a
263 2611 375 2644 tanta;
393 2610 423 2639 et
446 2606 534 2645 ideo,
551 2605 575 2638 si
593 2609 737 2647 peccator
761 2605 916 2649 moriatur
934 2608 1010 2636 *ante

66 2659 325 2701 complementum
343 2659 560 2692 satisfactionis
584 2658 772 2699 condignae,
797 2660 919 2698 oportet
937 2666 1010 2689 011111

69 2712 172 2753 puniri
195 2713 225 2744 in
250 2712 441 2754 purgatorio.
460 2731 503 2734 —
520 2711 579 2743 Sed
596 2720 652 2743 nec
669 2710 748 2743 illud
765 2709 880 2742 sufficit
897 2710 1011 2748 adhuc,

68 2764 137 2806 quia
160 2765 217 2797 iste
248 2768 392 2806 peccator
424 2768 493 2806 post
525 2764 754 2796 ahsolutionem
780 2763 917 2795 divinam
951 2772 1011 2794 non

67 2815 178 2857 ligatur
208 2817 245 2849 ad
283 2826 414 2858 poenam
447 2816 686 2859 purgatoriam
722 2816 821 2857 magis
846 2824 940 2857 qnam
972 2815 1012 2846 ad

68 2868 166 2901 aliam.
183 2889 226 2892 -—
243 2870 277 2901 Et
301 2870 359 2902 hoc
384 2873 481 2911 patet,
507 2870 580 2911 quia
606 2872 725 2901 tantum
751 2872 852 2910 potest
876 2868 1012 2906 conteri,

1958 203 2022 234 477

1075 289 1159 330 quod
1183 289 1267 321 Deus
1290 292 1388 321 totum
1415 288 1559 327 remittit,
1584 291 1614 320 et
1638 289 1741 320 statim
1771 288 1922 320 evolabit:
1948 297 2023 330 ergo

1075 350 1135 372 non
1153 344 1291 382 oportet,
1308 341 1393 382 quod
1418 340 1502 373 illam
1520 344 1699 373 commutet.
1720 341 1753 372 Et
1769 341 1900 377 iterum,
1919 341 1942 372 si
1961 350 2023 372 non

1074 394 1147 425 facit
1178 394 1236 425 nisi
1273 397 1467 426 commutare
1492 397 1522 425 et
1546 393 1620 435 ligat
1648 393 1686 425 ad
1716 393 1924 435 condignam3
1949 402 2023 435 ergo

1075 446 1197 478 nullum
1221 446 1359 478 fructum
1384 450 1523 487 reportat
1549 446 1619 478 inde
1643 446 1821 487 poenitens,
1846 449 1875 478 et
1899 455 1957 487 pro
1981 446 2025 477 ni-

1075 498 1139 530 hilo
1170 498 1264 530 dicit:
1290 499 1351 539 Ego
1380 502 1409 530 te
1434 498 1562 530 absolvo
1586 498 1625 529 ab
1650 497 1796 530 omnihus
1820 498 1963 539 peccatis.
1981 517 2025 520 —

1074 551 1160 591 Quae
1176 551 1280 582 omnia
1297 560 1410 592 magna
1422 551 1431 565 ⁵
1449 554 1522 582 sunt
1535 551 1800 589 inconvenientia;
1817 554 1890 584 sunt
1907 555 1937 583 et
1953 551 2023 589 alia,

1074 611 1154 643 quae
1179 603 1366 635 omittuntur
1390 603 1553 635 brevitatis
1577 612 1680 635 causa.

1164 655 1198 686 Et
1222 655 1292 687 ideo
1316 659 1362 687 051
1387 655 1498 687 tertius
1520 656 1632 687 modus
1649 655 1771 688 dicendi
1797 656 1896 697 magis
1920 664 2024 688 conso-
2038 667 2112 688 Modus
2126 667 2149 688 3.

1074 716 1135 739 11115
1159 707 1270 739 rationi
1295 710 1325 739 et
1350 707 1420 739 fidei
1447 707 1570 749 pietati,
1594 708 1678 750 quod
1703 708 1850 740 sacerdos
1885 708 2023 750 aliquam

1071 764 1202 800 partem
1219 768 1337 801 poenae
1353 760 1544 792 absolvendo
1568 761 1696 792 dimittit
1712 770 1753 793 ex
1771 761 1799 792 vi
1818 760 1962 793 clavium.
1982 779 2025 783 —

1076 813 1110 844 Et
1134 813 1192 845 hoc
1210 821 1378 854 possumus
1396 813 1569 854 intelligere
1587 813 1650 846 sic:
1670 814 1742 855 quia
1759 814 1934 846 universae
1950 814 2022 846 viae
2036 825 2165 851 Explicatur.

1075 865 1210 896 Domini
1229 865 1463 897 misericordia
1487 870 1514 896 et
1538 866 1661 897 veritas
1676 866 1706 904 ⁰,
1732 867 1801 899 ideo
1826 867 1855 898 in
1881 867 2026 899 iustifica-

1075 917 1174 956 tione,
1199 926 1280 958 quae
1304 920 1351 949 est
1367 926 1446 959 opus
1464 918 1715 957 misericordiae,
1733 919 1965 951 misericordia
1982 919 2025 951 sic

1074 969 1205 1001 remittit
1238 969 1378 1010 culpam,
1404 972 1438 1001 ut
1463 969 1609 1001 iustitiae
1633 970 1774 1011 regulam
1800 980 1861 1003 non
1890 974 2026 1012 praeter-

1074 1025 1141 1061 eat,
1165 1024 1332 1064 propterea
1355 1022 1460 1055 adhuc
1484 1023 1602 1055 detinet
1625 1023 1797 1064 obligatum
1822 1024 1861 1056 ad
1883 1033 2025 1065 poenam.

1074 1074 1129 1106 llla
1152 1078 1256 1107 autem
1282 1083 1382 1116 poena
1405 1075 1445 1107 011
1470 1076 1605 1116 rigorem
1631 1075 1755 1107 divinae
1772 1076 1907 1108 iustitiae
1923 1080 1969 1108 est
1986 1077 2027 1108 vi-

1074 1128 1164 1160 ribus
1188 1128 1304 1160 nostris
1339 1128 1628 1170 improportionalis
1658 1132 1688 1160 et
1712 1133 1836 1161 nostrae
1861 1129 2027 1170 cognitioni

1076 1181 1200 1222 ignota,
1225 1184 1255 1213 et
1278 1190 1336 1222 pro
1361 1181 1414 1212 illa
1438 1185 1561 1222 oportet
1577 1181 1661 1223 quod
1680 1182 1847 1214 satisfaciat
1864 1182 1936 1213 Deo.
1960 1182 2028 1214 Pro-

1075 1233 1153 1265 vidit
1177 1234 1282 1266 adhuc
1306 1234 1402 1275 igitur
1426 1234 1515 1266 nobis
1533 1235 1615 1266 viam
1634 1235 1849 1267 misericordia
1874 1234 1979 1266 divina
1996 1237 2027 1266 et

1075 1287 1234 1319 constituit
1258 1287 1414 1318 arbitrum
1440 1287 1652 1325 sacerdotem,
1671 1287 1719 1319 cui
1739 1287 1824 1319 dedit
1841 1290 2025 1328 potestatem

1074 1340 1247 1372 arbitrandi
1273 1343 1302 1372 et
1327 1340 1454 1372 taxandi
1480 1349 1611 1381 poenam
1631 1343 1660 1371 et
1677 1340 1894 1372 manifestandi
1918 1340 2025 1378 nobis,

1075 1395 1105 1424 et
1129 1395 1249 1434 partem
1269 1401 1387 1433 poenae
1405 1393 1564 1425 remittere
1582 1402 1622 1424 ex
1639 1393 1755 1424 virtute
1772 1392 1924 1434 passionis
1941 1392 2028 1423 Chri-

1075 1445 1131 1483 sti,
1156 1448 1192 1476 ut
1216 1444 1322 1477 divina
1354 1445 1471 1477 iustitia
1496 1454 1553 1486 pro
1577 1445 1630 1476 illa
1654 1448 1743 1486 parte
1768 1445 1953 1476 solutionem
1987 1445 2026 1476 ab

1076 1498 1133 1530 isto
1157 1507 1218 1529 non
1243 1497 1367 1538 exigat,
1392 1498 1445 1530 scd
1476 1506 1515 1529 ex
1542 1497 1694 1538 passionis
1718 1497 1831 1529 Christi
1856 1507 1955 1538 poena
1988 1497 2026 1529 sit

1075 1554 1226 1582 contenta.
1253 1551 1372 1590 Quanta
1398 1550 1438 1582 sit
1462 1550 1514 1581 illa
1538 1559 1624 1591 pars,
1650 1554 1791 1582 nostrum
1818 1559 1878 1581 non
1904 1555 1950 1582 051
1975 1550 2025 1582 110-

1074 1603 1262 1641 terminare,
1288 1603 1342 1634 sed
1370 1602 1432 1634 Dei.
1459 1603 1493 1634 Et
1519 1606 1592 1634 tunc
1609 1603 1845 1634 Sacramentum
1871 1603 2027 1643 poeniten-

1075 1656 1135 1687 tiae
1152 1665 1213 1687 non
1231 1659 1351 1687 tantum
1371 1655 1430 1687 erit
1444 1664 1623 1693 onerosum,
1639 1655 1693 1687 sed
1707 1656 1799 1687 etiam
1818 1656 2025 1687 fructuosum.

1164 1708 1246 1740 Hanc
1262 1708 1358 1749 igitur
1382 1708 1558 1749 opinionem
1589 1708 1772 1739 sustinendo
1789 1707 2025 1739 concedendum

1074 1764 1138 1799 est,
1163 1761 1248 1801 quod
1273 1761 1419 1793 sacerdos
1445 1761 1574 1793 remittit
1598 1761 1736 1802 aliquam
1754 1764 1875 1801 partem
1893 1769 2025 1802 poenae,
2041 1769 2159 1791 Conclusio.

1075 1812 1156 1844 sicut
1180 1813 1349 1845 ostendunt
1374 1813 1528 1851 rationes,
1553 1822 1612 1844 non
1637 1817 1807 1850 aeternae,
1833 1813 1913 1844 sicut
1929 1816 2027 1844 osten-

1075 1866 1154 1898 dunt
1179 1866 1275 1905 aliae,
1300 1875 1359 1898 non
1375 1866 1616 1908 purgatoriae,
1635 1866 1689 1898 sed
1708 1866 1924 1897 communiter
1942 1865 2026 1897 iltius

1074 1928 1210 1960 poenae,
1246 1928 1308 1960 qua
1343 1919 1426 1951 Deus
1451 1919 1567 1960 obligat
1591 1922 1786 1960 peccatorem
1813 1922 1882 1960 post
1906 1918 2028 1951 ahsolu-

1075 1972 1189 2004 tionem
1207 1981 1225 2004 a
1242 1972 1352 2013 culpa;
1372 1975 1402 2004 et
1418 1981 1475 2013 pro
1493 1972 1545 2004 illa
1567 1981 1728 2013 nunquam
1751 1972 1882 2013 punitur
1904 1972 1934 2003 in
1956 1981 2029 2013 pur-

1075 2025 1194 2066 gatorio
1230 2033 1285 2057 nec
1321 2025 1404 2057 alibi.
1430 2025 1488 2057 Sed
1518 2034 1576 2066 pro
1607 2025 1667 2056 alia
1699 2028 1805 2066 parte,
1831 2034 1849 2056 a
1872 2034 1934 2066 qna
1966 2034 2027 2056 non

1075 2076 1248 2109 absolvitur
1264 2077 1284 2116 ⁷,
1306 2077 1356 2109 vel
1377 2077 1527 2119 punietur
1552 2078 1602 2110 hic
1627 2077 1828 2115 sufficienter,
1854 2077 1903 2109 vel
1927 2077 2027 2109 Domi-

1075 2138 1134 2162 nus
1157 2130 1262 2171 exiget
1286 2130 1316 2162 in
1341 2130 1533 2171 purgatorio.

1166 2185 1192 2214 l.
1218 2183 1261 2215 Ad
1285 2183 1365 2215 illud
1390 2192 1464 2225 ergo
1489 2183 1573 2225 quod
1590 2183 1737 2215 obiicitur
1762 2184 1800 2215 de
1825 2183 2026 2224 Hieronymo,
2054 2191 2134 2222 5010110
2149 2197 2186 2218 op-

1075 2236 1261 2275 dicendum,
1298 2236 1383 2277 quod
1418 2239 1465 2268 est
1500 2237 1664 2268 ostendere
1688 2245 1744 2277 per
1772 2236 1877 2267 solam
1901 2220 2163 2268 demon-⁹⁰⁵¹mmm'

1074 2289 1286 2327 strationem,
1313 2289 1394 2321 sicut
1417 2289 1552 2321 ostendit
1588 2289 1639 2321 ille
1676 2289 1728 2330 qui
1753 2289 1849 2330 digito
1875 2292 2026 2320 monstrat

1074 2342 1192 2384 aliquid
1208 2355 1215 2380 3
1232 2344 1263 2374 et
1286 2346 1333 2374 est
1354 2342 1519 2374 ostendere
1535 2351 1592 2384 per
1609 2342 1767 2383 quandam
1786 2340 2024 2379 exhibitionem,

1075 2398 1110 2427 ut
1126 2395 1240 2427 artifex
1257 2395 1393 2427 ostendit
1409 2395 1577 2436 imaginem
1594 2395 1789 2433 inchoatam,
1814 2394 1939 2435 quando
1956 2402 2026 2426 eam

1075 2451 1281 2480 consummat.
1318 2447 1392 2480 Dico
1428 2456 1518 2488 ergo,
1545 2448 1630 2488 quod
1655 2447 1859 2488 111010111111115
1884 2446 1951 2478 vult
1983 2447 2025 2478 di-

1075 2509 1162 2539 cere,
1188 2500 1271 2541 quod
1297 2500 1443 2532 sacerdos
1468 2500 1666 2540 evangelicus
1697 2503 1849 2540 qnantum
1875 2499 1913 2531 ad
1939 2499 2026 2531 ahso-

1075 2552 1227 2585 lutionem
1251 2562 1269 2584 a
1293 2552 1391 2594 culpa
1420 2552 1554 2584 absolvit
1585 2552 1687 2583 50111111
1713 2552 1921 2590 ostendendo,
1947 2551 2025 2583 scili-

1075 2608 1123 2637 cet
1147 2605 1392 2637 demonstrando
1415 2604 1613 2643 absolutum,
1638 2604 1771 2636 absolvit
1795 2607 1900 2636 autem
1925 2613 1942 2635 a
1955 2613 2026 2645 poe-

1074 2657 1164 2695 na⁸,·
1188 2661 1218 2689 et
1242 2657 1299 2689 1100
1324 2666 1434 2689 verum
1465 2660 1528 2695 est,
1563 2660 1598 2688 ut
1634 2656 1826 2698 intelligatur
1862 2656 2026 2688 ostendere
2041 2663 2171 2685 Notandum.

1075 2719 1136 2741 non
1161 2709 1263 2741 solum
1289 2710 1393 2742 sensui
1419 2708 1682 2751 nzanifestando,
1715 2709 1769 2741 sed
1805 2709 1899 2741 etiam
1931 2708 2027 2750 persi-

1076 2761 1187 2794 ciendo
1212 2765 1242 2793 et
1265 2761 1454 2793 exhibendo.

1166 2815 1194 2845 Q.
1220 2813 1248 2845 3.
1273 2814 1303 2845 [1.
1328 2814 1371 2845 Ad
1396 2814 1475 2846 illud
1498 2814 1581 2854 (111011
1606 2813 1751 2845 obiicitur
1776 2814 1814 2845 de
1838 2822 1937 2855 poena
1954 2823 2026 2855 pur-

1077 2867 1196 2908 gatoria
1220 2871 1250 2899 et
1274 2871 1418 2905 00101110,
1454 2867 1640 2904 dicendum,
1677 2867 1760 2908 quod
1790 2867 2025 2899 concedendum

135 3031 143 3047 ¹
164 3032 208 3057 l-lic
227 3039 248 3057 c.
270 3032 292 3057 fi.
313 3047 346 3050 —
367 3033 421 3057 Mox
441 3033 529 3064 plures
548 3032 624 3057 codd.
645 3033 765 3057 omittunt
783 3033 899 3057 aeterna.

135 3075 146 3091 ²
164 3076 249 3101 Potius
268 3076 395 3102 Richardi
413 3083 426 3101 a
447 3077 470 3101 S.
493 3077 572 3108 Vict.‚
586 3083 607 3101 0.
623 3077 646 3101 2.
666 3083 739 3108 seqq.
760 3076 804 3106 (Ex
824 3077 941 3101 hocloco
955 3083 1012 3101 con-

68 3118 107 3142 1101
125 3122 220 3150 1101051,
241 3120 321 3145 verba
341 3121 462 3151 superius
482 3120 506 3144 d.
527 3120 567 3144 16.
588 3127 613 3151 p.
635 3120 650 3144 1.
670 3127 693 3144 a.
716 3120 739 3144 3.
760 3127 784 3152 11.
806 3121 828 3144 2.
852 3120 876 3144 in
900 3126 970 3151 corp.
990 3123 1014 3145 et

69 3160 99 3185 ab
118 3161 171 3187 aliis
190 3164 300 3195 antiquis
319 3163 439 3189 attributa
459 3163 561 3194 llugoni
582 3163 746 3188 verisimilius
765 3170 821 3187 csse
834 3162 968 3194 Richarch,
984 3164 1014 3188 si-

69 3205 118 3230 cuti
136 3206 159 3230 in
180 3210 238 3231 nota
258 3207 354 3232 adiecta
375 3206 584 3239 insinuavimus).

140 3248 150 3265 3
167 3249 228 3275 Cod.
248 3251 265 3275 Z
285 3251 356 3276 addit
374 3250 471 3277 scilicet
490 3250 526 3276 ad
541 3257 656 3283 poenam
676 3249 864 3283 satisfactionis
883 3252 1014 3283 tempora-

70 3290 107 3317 lis.
127 3292 181 3318 Mox
201 3297 259 3324 post
277 3294 441 3328 confitentem
458 3295 534 3320 codd.
556 3295 575 3319 R
588 3295 604 3320 S
616 3295 636 3319 Τ
651 3297 859 3326 prosequuntur:
876 3295 900 3319 et
912 3300 966 3320 non
980 3295 1014 3320 te-

69 3337 145 3362 netur
165 3337 294 3371 confiteri,
317 3338 362 3365 sed
380 3338 416 3365 ad
433 3338 570 3365 vincul-am
590 3341 636 3364 etc.

1149 3031 1158 3047 ⁴¹
1178 3032 1277 3056 Scilicet
1296 3031 1471 3056 consessionis.

1147 3075 1157 3091 ⁵
1176 3075 1263 3100 Plures
1277 3075 1352 3100 codd.
1364 3073 1447 3105 mala,
1468 3074 1507 3099 cd.
1528 3075 1533 3098 t
1553 3073 1626 3099 mala
1639 3075 1702 3099 suni
1720 3075 1743 3099 ei
1756 3073 1973 3099 inconvenientia.

1147 3119 1157 3135 ⁶
1178 3119 1268 3143 Psalm.
1289 3117 1336 3149 24,
1367 3119 1407 3143 lO.
1438 3117 1486 3143 Csr.
1517 3125 1595 3149 supra
1617 3117 1640 3142 d.
1667 3117 1702 3142 15.
1725 3124 1749 3148 p.
1771 3117 1797 3142 ll.
1818 3124 1838 3141 a.
1862 3118 1883 3141 11.
1904 3124 1929 3149 11.
1952 3118 1976 3141 2.
2004 3121 2029 3143 et

1077 3163 1140 3187 infra
1161 3162 1185 3187 d.
1208 3162 1248 3187 46.
1268 3169 1290 3186 a.
1311 3162 1336 3186 2.
1357 3169 1380 3193 q.
1403 3161 1427 3186 3.

1147 3206 1157 3222 ⁷
1177 3207 1209 3231 lta
1230 3205 1305 3231 codd.
1325 3206 1399 3237 Nau,
1420 3206 1460 3230 alii
1480 3209 1505 3231 et
1523 3205 1583 3230 cdd.
1603 3205 1721 3231 absolvit.

1148 3249 1159 3265 Β
1177 3250 1230 3274 Non
1252 3251 1327 3280 pauci
1347 3249 1422 3274 codd.
1443 3256 1581 3280 perperam
1611 3250 1729 3275 omittunt
1757 3248 1871 3275 absolvit
1897 3251 1986 3275 alitem
2011 3256 2028 3275 a

1077 3300 1175 3326 poena,
1199 3293 1258 3319 odd.
1287 3294 1392 3325 legunt:
1412 3292 1458 3319 sed
1476 3294 1608 3326 quantum
1627 3292 1662 3318 ad
1681 3292 1874 3319 absolutionem
1902 3300 1919 3319 a
1943 3300 2028 3327 poena

1078 3337 1191 3364 ostendit
1207 3344 1261 3363 non
1280 3336 1368 3363 solum
1387 3336 1478 3363 sensui
1496 3341 1543 3363 etc.
1558 3351 1592 3354 —-
1606 3336 1657 3362 Csr.
1679 3337 1742 3362 intra
1763 3336 1827 3363 dub.
1850 3336 1873 3362 4.
