2483 3882
320 1237 351 1267 De
367 1240 452 1268 peccato

334 1270 442 1285 Simoniae.

326 1764 445 1785 Distinctio.

302 1922 413 1944 Conclusio
426 1923 445 1943 i.

299 2238 409 2260 Conclusio
422 2240 441 2260 2.

297 2503 442 2524 corollarium.

475 248 536 280 648

472 335 564 367 vendi
591 337 692 375 potest
715 337 745 365 et
769 333 848 370 emi,
881 333 962 364 sicut
994 331 1068 363 dicit
1099 330 1305 371 Gregorius¹x
1337 342 1351 358 «
1368 330 1420 361 Re-

470 376 568 427 'gnum
605 386 763 417 caelorum
796 388 917 416 tantum
950 383 1049 421 valet,
1082 386 1234 424 quantum
1267 382 1417 414 liabes»:

471 448 545 480 ergo
569 442 625 470 etc.

560 492 587 523 6.
613 491 706 528 Item,
731 490 784 531 qui
809 489 884 521 emit
907 489 960 521 dat
985 488 1156 530 temporale
1174 497 1230 529 pro
1248 488 1418 529 spirituali,

471 552 545 584 ergo
570 543 674 575 carius
698 542 792 574 habet
808 542 972 583 spirituale
989 550 1084 582 quam
1102 541 1226 573 carnale
1241 552 1247 572 :
1265 549 1340 581 ergo
1357 549 1417 572 non

469 595 582 627 avertit
606 603 638 627 se
663 595 702 626 ab
727 594 974 626 incommutabili
1001 594 1097 632 hono,
1115 594 1212 625 immo
1228 593 1333 635 potius
1350 602 1418 625 con-

469 647 581 679 vertit:
607 656 681 687 ergo
705 655 766 678 non
791 651 915 688 peccat,
940 646 1013 688 quia
1044 658 1058 675 α
1074 651 1236 687 peccatum
1262 649 1309 678 est
1332 654 1418 677 aver-

469 700 513 731 sio
538 700 576 731 ab
601 699 848 731 incommutabili
872 699 953 731 bono
978 703 1008 731 et
1031 699 1193 731 conversio
1217 699 1257 731 ad
1281 707 1418 731 commu-

468 751 562 783 labile
574 752 584 768 ²
600 764 629 782 )).

821 884 1058 908 CONCLUSIO.

522 998 733 1031 Siiizoniaeus
757 1008 822 1030 iton
845 1003 891 1031 est
910 999 1047 1040 proprie
1071 997 1273 1036 liaerelieas,
1298 998 1366 1030 nisi

638 1051 768 1089 eredat,
793 1051 989 1092 spiritualia
1014 1061 1080 1083 esse
1103 1050 1244 1083 venalia.

556 1174 755 1206 RESPONDEO:
783 1173 972 1211 Dicendum,
998 1173 1082 1214 quod
1107 1172 1187 1204 sacri
1212 1172 1338 1204 ordines
1359 1181 1416 1204 nec

467 1227 586 1269 aliquid
623 1227 895 1259 Sacramentorum
927 1234 983 1267 per
1014 1226 1179 1267 pecuniam
1214 1225 1281 1257 dari
1314 1229 1416 1266 potest

465 1280 531 1311 sine
564 1279 651 1320 gravi
685 1282 715 1310 et
746 1279 866 1310 enormi
899 1283 1042 1320 peccato,
1075 1287 1132 1319 pro
1157 1287 1193 1310 eo
1218 1278 1300 1320 quod
1327 1278 1416 1319 spiri-

464 1332 565 1370 tuale,
598 1332 682 1373 quod
714 1340 754 1363 ex
787 1331 852 1363 sola
886 1331 1071 1363 liberalitate
1104 1340 1160 1373 pro
1191 1331 1239 1363 sui
1265 1331 1414 1373 dignitate

464 1384 604 1416 dandum
628 1387 691 1423 est,
717 1388 876 1416 mercatur
901 1388 931 1416 et
954 1384 1026 1416 facit
1043 1384 1147 1421 vile³;
1171 1393 1314 1422 ric-rsus,
1340 1384 1414 1425 quia

463 1437 540 1469 illud
566 1437 649 1478 quod
667 1440 734 1469 erat
750 1437 973 1478 impretiabile,
999 1437 1058 1469 sub
1082 1438 1183 1478 pretio
1207 1437 1294 1478 ponit
1302 1449 1310 1475 ς
1329 1437 1414 1479 quod

462 1490 550 1521 nullo
575 1490 668 1522 modo
692 1494 793 1531 potest
818 1491 904 1529 lieri,
929 1490 1005 1532 quin
1029 1490 1083 1522 fiat
1107 1490 1298 1522 contumelia
1322 1490 1414 1532 Spiri-

462 1544 507 1576 tui
532 1547 657 1576 sancto:
684 1548 714 1575 et
738 1544 808 1576 ideo
832 1543 910 1575 illud
936 1553 995 1575 non
1022 1547 1143 1576 tantum
1169 1547 1216 1576 est
1240 1543 1359 1576 malum
1379 1544 1413 1575 iu

461 1606 510 1635 se,
538 1597 634 1628 inimo
658 1597 751 1629 etiam
776 1596 957 1628 seeundum
981 1606 1023 1628 se.

550 1648 588 1681 Si
610 1652 714 1680 autem
749 1652 784 1680 tu
808 1658 953 1691 quaeras
976 1658 994 1680 a
1019 1657 1086 1688 me,
1110 1653 1219 1681 utrum
1245 1649 1284 1681 sit
1308 1658 1414 1691 pecca-

461 1704 528 1733 tum
554 1701 589 1732 iit
612 1700 693 1742 side,
719 1702 767 1733 vel
793 1701 821 1733 in
839 1701 1012 1739 iiioribits;
1037 1702 1224 1741 dicendum,
1249 1702 1334 1744 quod
1360 1702 1412 1735 ille

462 1754 515 1795 qui
539 1754 614 1786 emit
638 1753 687 1785 vel
712 1753 819 1786 vendit
843 1754 1025 1786 huiusmodi
1051 1754 1244 1795 spiritualia,
1269 1758 1324 1786 aut
1348 1764 1413 1786 cre-

463 1806 527 1844 dit,
553 1815 589 1838 ea
613 1815 670 1847 pro
694 1807 795 1847 pretio
820 1815 911 1848 posse
935 1807 1094 1838 aestimari
1112 1810 1142 1839 et
1158 1806 1257 1838 valeri
1282 1807 1327 1839 rei
1353 1811 1411 1839 ter-

461 1868 555 1891 renae
579 1859 707 1901 aequari
740 1863 769 1891 et
801 1868 857 1901 per
881 1860 1047 1901 pecuniam
1072 1860 1248 1901 possiderig
1273 1863 1303 1892 et
1334 1861 1411 1893 haec

462 1916 507 1945 est
531 1912 671 1944 haeresis
695 1913 875 1952 manifesta,
900 1916 930 1945 et
954 1913 997 1945 sic
1022 1913 1198 1946 aestimavit
1222 1913 1327 1945 Simon
1350 1923 1411 1945 ma-

460 1966 550 2007 gus&
585 1965 667 1997 Talis
698 1966 779 1997 enim
813 1969 898 1998 errat
922 1966 953 1998 in
978 1966 1056 2004 fide,
1089 1967 1163 2008 quia
1195 1966 1311 2005 credit,
1344 1976 1411 2008 gra-

460 2019 534 2050 tiam
552 2028 612 2051 non
630 2027 697 2051 esse
714 2019 856 2060 gratiam.
873 2038 917 2041 —
929 2020 988 2051 Aut
1005 2019 1056 2051 ille
1074 2019 1128 2060 qui
1153 2019 1259 2051 vendit
1283 2023 1313 2051 et
1336 2020 1411 2052 emit

458 2080 524 2102 ‘non
548 2069 606 2102 ltoc
631 2071 752 2109 credie,
777 2071 861 2113 quod
884 2071 984 2112 gratia
1000 2071 1054 2103 Dei
1071 2080 1128 2113 per
1145 2072 1312 2113 pecuniam
1330 2081 1412 2104 com-

458 2128 606 2166 paretur,
639 2124 693 2156 sed
725 2127 827 2156 tamen
853 2124 968 2156 ardens
992 2124 1123 2156 avaritia
1146 2124 1256 2156 nititur
1289 2124 1408 2166 aliquid

458 2177 583 2218 assequi
608 2177 657 2209 vel
688 2177 858 2218 impetrare
882 2186 940 2218 per
964 2177 1147 2218 pecuniam,
1172 2177 1257 2218 quod
1281 2177 1321 2209 ad
1354 2177 1410 2209 hu-

458 2238 584 2261 manam
608 2232 727 2270 spectat
751 2229 1038 2270 dispensationem3
1063 2232 1093 2261 et
1117 2229 1161 2262 sic
1184 2238 1246 2261 non
1272 2233 1319 2261 est
1342 2238 1411 2270 pec-

458 2285 561 2315 catum
587 2281 681 2323 fidei,
708 2283 761 2315 sed
786 2292 938 2320 morum,
964 2283 1112 2324 quoniam
1138 2282 1209 2314 talis
1233 2282 1410 2324 peroptime

458 2335 543 2367 novit
574 2339 604 2368 et
640 2335 744 2368 male5
775 2336 868 2374 facit3
901 2336 981 2368 sicut
1010 2339 1040 2368 et
1063 2335 1116 2368 ille
1140 2335 1193 2377 qui
1218 2335 1410 2375 fornicatur,

458 2388 575 2427 sciens,
600 2388 835 2420 fornicationem
869 2397 937 2421 esse
970 2392 1150 2429 peccatum,
1176 2397 1238 2420 ΠοΠ
1262 2392 1347 2421 errat.
1380 2389 1410 2420 in

458 2441 537 2480 fide,
555 2441 609 2473 sed
632 2441 663 2472 in
684 2441 734 2473 via
750 2449 886 2473 morum.
901 2460 944 2464 ——
958 2441 992 2473 Et
1009 2441 1052 2473 sic
1069 2441 1259 2473 simoniacus
1276 2444 1323 2473 est
1339 2450 1410 2473 ava-

458 2503 513 2526 rus
537 2497 567 2526 et
591 2494 622 2526 in
646 2495 783 2535 pessima
807 2494 909 2536 specie
933 2494 1102 2533 avaritiae,
1126 2503 1183 2526 nec
1209 2497 1254 2526 est
1279 2494 1411 2526 haereti-

457 2555 512 2579 cus
536 2547 680 2588 proprie,
712 2547 766 2579 sed
800 2550 903 2579 tamen
927 2556 945 2579 a
969 2547 1087 2579 Sanctis
1117 2547 1295 2579 haereticus
1321 2556 1408 2579 voca-

456 2604 518 2639 tur,
543 2600 608 2632 sive
633 2600 707 2641 quia
738 2600 778 2632 ad
811 2600 940 2632 niodum
973 2599 1122 2632 haeretiei
1159 2603 1319 2640 operatur,
1344 2600 1409 2631 sive

1231 243 1514 276 SENTENTIARUM
1538 244 1605 275 LIB.
1628 243 1674 276 IV.

1484 330 1557 371 quia
1582 334 1616 362 ut
1641 331 1817 363 haereticus
1842 331 2004 372 proiicitur
2028 340 2046 363 a
2070 332 2123 363 Dei
2150 333 2275 364 servitio
2296 337 2326 365 et
2342 334 2427 367 cultu

1483 386 1612 424 propter
1637 391 1764 414 enorme
1789 383 1900 415 scelus.

1574 435 1607 467 Et
1630 435 1674 467 sic
1698 439 1799 477 patet,
1824 436 1981 477 quomodo
2005 436 2261 477 respondendum
2286 438 2324 469 sit
2340 438 2379 470 ad
2396 439 2427 470 il-

1483 487 1537 519 lud
1562 488 1646 529 quod
1671 488 1893 526 obiiciebatur,
1917 488 2002 530 quod
2020 488 2209 521 simoniacus
2226 498 2285 521 non
2305 490 2343 522 sit
2359 491 2427 524 hae-

1483 541 1620 578 reticus;
1655 544 1740 582 patet
1775 542 1885 578 etiam,
1922 541 2005 582 quod
2037 541 2076 573 ad
2109 545 2277 583 utramque
2308 546 2425 584 partem

1482 593 1636 624 obiicitur.

1572 645 1600 677 3.
1627 646 1669 677 Ad
1694 646 1773 678 illud
1797 654 1871 678 vero
1896 647 1980 687 quod
2004 647 2167 685 obiicitur,
2197 648 2281 688 quod
2306 657 2365 680 non
2389 649 2483 682 sitm

1482 701 1645 739 peccatum
1671 699 1807 731 vendere
1824 699 1970 740 exemplo
1989 699 2233 740 Prophetarum,
2251 700 2426 741 dicendum,
2445 690 2483 713 ‘³³¹¹

1482 751 1565 793 quod
1591 751 1698 783 nullus
1728 751 1882 792 Propheta
1914 751 2032 783 donum
2066 752 2205 784 vendidit
2230 753 2426 794 prophetiae,

1482 804 1535 845 qui
1560 808 1642 836 esset
1666 804 1766 836 bonus
1791 807 1821 836 et
1845 807 1988 842 sanctus,
2021 805 2075 837 sed
2101 805 2202 836 solum
2227 805 2318 844 mali,
2350 806 2427 839 sicut

1482 865 1631 898 expresse
1657 857 1935 897 reprehenduntur
1959 857 2036 889 tales
2061 858 2090 888 in
2117 857 2271 890 Micliaeae
2295 859 2425 891 terti0⁰z

1482 909 1611 940 Iadiees
1643 909 1713 940 eius
1745 909 1779 940 iit
1811 909 2005 941 marteribus
2037 909 2249 947 iudicabam,
2275 914 2303 942 ec
2324 920 2427 943 sacer-

1482 962 1568 993 dotes
1593 961 1662 993 eius
1687 961 1722 992 iii
1746 962 1890 993 mercede
1914 962 2089 1000 docebant,
2107 967 2135 994 et
2151 962 2335 1004 Proplzecae
2359 964 2426 996 eius

1482 1014 1516 1046 in
1531 1015 1674 1056 pecunia
1691 1014 1910 1052 divinabaiit;
1928 1018 1957 1047 et
1974 1015 2071 1047 infra:
2094 1016 2231 1057 Propter
2249 1015 2307 1048 hoc
2324 1026 2426 1049 eausa

1480 1067 1582 1099 ‘uestri‘
1606 1067 1685 1099 Sion
1717 1068 1817 1110 quasi
1847 1078 1927 1110 aper
1952 1068 2110 1100 arabitur
2134 1072 2191 1101 etc.
2216 1088 2258 1091 —
2282 1069 2325 1101 Ad
2349 1069 2425 1102 illud

1481 1121 1565 1162 quod
1588 1120 1734 1152 obiicitur
1758 1121 1797 1153 de
1821 1130 1923 1153 uxore
1947 1121 2108 1153 leroboam
2145 1125 2175 1153 et
2210 1122 2304 1160 Saul3
2329 1122 2426 1154 dicen-

1480 1174 1575 1211 dum,
1601 1173 1684 1215 quod
1708 1183 1870 1215 nunquam
1897 1174 2029 1215 legitur,
2062 1174 2146 1215 quod
2179 1174 2221 1205 illi
2257 1175 2424 1216 Prophetae

1479 1226 1599 1267 aliquid
1624 1226 1832 1268 recepissent:
1850 1227 1903 1258 sed
1921 1227 2100 1268 ignoranter
2118 1227 2161 1258 illi
2180 1227 2337 1266 dicebant,
2355 1229 2425 1270 quia

1481 1287 1599 1310 morem
1626 1279 1720 1310 istum
1754 1279 1895 1320 accipere
1918 1283 2150 1312 consueverunt
2174 1280 2310 1321 quodam
2336 1281 2425 1313 modo

1478 1341 1496 1363 a
1521 1332 1635 1364 divinis
1660 1332 1805 1369 hariolis,
1830 1332 1883 1373 qui
1908 1342 1967 1364 non
1994 1337 2082 1364 erant
2106 1333 2278 1374 prophetae
2304 1333 2379 1365 veri.

1566 1386 1596 1417 [ι.
1621 1385 1664 1417 Ad
1689 1385 1768 1417 illud
1793 1385 1877 1427 quod
1902 1385 2064 1424 obiicitur,
2089 1386 2173 1427 quod
2196 1386 2353 1418 seminans
2370 1387 2425 1428 spi-

1478 1437 1603 1469 ritualia
1628 1441 1729 1479 potest
1753 1440 1871 1470 metere
1896 1438 2054 1476 carnalia3
2083 1438 2269 1477 dicendum,
2294 1439 2376 1480 quod
2401 1439 2424 1472 si
2439 1444 2483 1466 Nota

1478 1494 1606 1531 propter
1631 1491 1689 1522 hoc
1714 1491 1864 1528 seminat,
1891 1494 1923 1522 ut
1941 1490 1993 1522 illa
2011 1494 2106 1522 metat
2123 1490 2272 1530 finaliter,
2290 1491 2424 1524 maxime

1478 1542 1501 1574 si
1528 1543 1628 1583 pactio
1653 1543 1856 1582 interveniat,
1881 1552 1940 1574 non
1967 1547 2013 1575 est
2037 1543 2172 1582 iustitia,
2196 1544 2293 1575 immo
2308 1544 2425 1577 malitia

1478 1599 1507 1627 et
1531 1595 1684 1634 avaritia,
1718 1596 1830 1637 quodsi
1862 1597 1921 1628 hoc
1953 1605 2012 1628 ΠοΠ
2038 1596 2169 1628 intendit
2197 1596 2424 1638 principaliter,

1477 1648 1574 1679 immo
1606 1648 1744 1680 carnalia
1776 1649 1880 1687 metit,
1906 1652 1940 1680 ut
1965 1658 1997 1681 se
2021 1652 2175 1681 sustentet
2199 1653 2228 1681 et
2252 1649 2425 1690 spiritualia

1477 1701 1625 1739 seminet3
1651 1701 1737 1733 nulla
1761 1704 1808 1733 est
1832 1701 1983 1739 avaritia,
2015 1701 2102 1733 nulla
2134 1701 2298 1740 mercatio,
2331 1702 2423 1733 immo

1476 1753 1640 1785 manifesta
1664 1753 1799 1792 iustitia,
1818 1754 1898 1786 sicut
1915 1754 2081 1795 multiplici
2098 1754 2245 1795 exemplo
2263 1754 2423 1796 Apostolus

1476 1807 1596 1847 primae
1621 1806 1660 1839 ad
1685 1806 1861 1838 Corinthios
1893 1807 1996 1838 nono7
2020 1807 2150 1848 probat,
2176 1806 2323 1848 quoniam
2355 1806 2422 1838 talis

1476 1859 1568 1891 debet
1592 1860 1771 1892 sustentari.
1788 1879 1831 1882 —
1848 1860 1934 1892 Unde
1958 1868 1997 1892 ex
2023 1860 2081 1892 hoc
2106 1863 2206 1901 patet,
2224 1859 2307 1901 quod
2328 1859 2352 1891 si
2375 1860 2478 1892 do-App

1475 1916 1541 1944 otor
1554 1916 1584 1944 et
1597 1912 1795 1945 consiliarius
1811 1915 1841 1944 et
1859 1912 1999 1944 medicus
2015 1916 2045 1945 et
2061 1912 2130 1951 alii,
2147 1912 2199 1954 qui
2218 1913 2370 1951 laborant,
2387 1913 2424 1945 de

1475 1965 1603 1997 consilio
1627 1965 1692 1997 sive
1717 1965 1755 1997 de
1780 1965 1921 1997 doctrina
1953 1965 2089 2007 pretium
2119 1965 2270 2007 recipiant
2290 1969 2423 2008 propter

1476 2017 1618 2050 laborem
1644 2021 1674 2050 et
1697 2027 1795 2049 suam
1819 2018 2086 2049 sustentationem
2099 2030 2111 2056 ;
2135 2018 2222 2049 nulla
2246 2022 2292 2050 est
2314 2018 2423 2060 culpa,

1474 2070 1561 2102 nulla
1586 2073 1633 2102 est
1661 2070 1801 2102 simonia.
1828 2071 1857 2102 Si
1882 2074 1985 2103 tamen
2019 2071 2089 2112 quis
2121 2070 2271 2102 venderet
2302 2070 2424 2102 donum

1473 2123 1538 2155 sibi
1561 2123 1721 2155 divinitus
1753 2124 1888 2161 datum,
1921 2133 1983 2155 non
2008 2123 2147 2155 laborem
2173 2132 2283 2166 suu-m,
2309 2123 2422 2155 iudica-

1474 2180 1563 2208 retur
1587 2176 1776 2208 simoniacus
1789 2176 1808 2207 ⁸.
1834 2176 1982 2208 Similiter
2005 2176 2243 2217 intelligendum
2262 2179 2308 2208 est
2325 2176 2363 2208 de
2379 2185 2423 2208 ce-

1475 2229 1647 2261 lebratione
1670 2229 1835 2261 Missarum
1861 2232 1891 2261 et
1915 2228 2140 2261 consimilibus.

1565 2283 1592 2313 ὃ.
1618 2282 1661 2314 Ad
1685 2281 1764 2314 illud
1789 2282 1872 2323 quod
1905 2281 2069 2320 obiicitur,
2094 2282 2178 2323 quod
2203 2290 2335 2323 regnum
2360 2290 2421 2314 cae-

1474 2334 1578 2366 lorum
1603 2335 1739 2373 emitur;
1764 2334 1951 2373 dicendum,
1975 2334 2059 2375 quod
2084 2334 2199 2375 emptio
2225 2334 2278 2366 illa
2300 2343 2362 2366 non
2377 2336 2421 2366 est

1474 2387 1607 2428 emptio,
1632 2396 1689 2429 pro
1714 2396 1749 2420 eo
1774 2387 1859 2429 quod
1883 2387 2018 2429 pretium
2037 2387 2104 2419 eius
2122 2396 2182 2418 non
2200 2390 2247 2419 est
2263 2387 2322 2419 nisi
2342 2387 2419 2419 bona

1474 2440 1638 2478 voluntas,
1663 2449 1743 2482 quae
1761 2440 1937 2472 mercedem
1956 2449 2016 2472 non
2035 2441 2192 2479 intuetur;
2215 2440 2299 2472 unde
2316 2449 2418 2482 quam-
2432 2445 2474 2467 Non

1476 2493 1521 2525 vis
1545 2493 1611 2525 sine
1635 2492 1780 2525 mercede
1804 2501 1864 2524 ΠοΠ
1890 2492 1988 2534 possit
2019 2492 2177 2531 servire⁹,
2203 2495 2316 2531 tamen,
2348 2491 2417 2533 quia
2477 2499 2479 2527 ,l

1475 2545 1646 2578 liberaliter
1672 2545 1825 2583 deservit,
1850 2545 2088 2582 nulla-omnino
2114 2545 2214 2587 pactio
2237 2545 2419 2583 intervenitg

1475 2599 1559 2631 unde
1583 2601 1682 2630 totum
1708 2598 1871 2640 spirituale
1896 2601 1951 2630 est.

526 2843 532 2859 ¹
554 2843 622 2868 Libr.
643 2844 659 2868 I.
679 2844 770 2868 Homil.
791 2845 815 2868 iu
835 2844 932 2875 Evang.
960 2844 1048 2869 homil.
1071 2845 1094 2869 ὃ.
1116 2851 1139 2869 Π.
1160 2845 1189 2869 2:
1216 2845 1335 2876 Regnum
1362 2844 1405 2869 Dei

456 2891 552 2913 tantum
573 2891 620 2912 etc.

523 2932 534 2948 ‘2
553 2932 700 2957 Secundum
727 2932 849 2963 August.,
872 2932 897 2956 ll.
924 2931 956 2956 (le
976 2931 1029 2956 Lib.
1050 2931 1110 2956 Arb.
1131 2939 1152 2956 c.
1185 2932 1220 2956 to.
1241 2939 1264 2956 n.
1292 2932 1332 2956 53.
1354 2931 1403 2956 Cl'r.

454 2979 514 3001 tom.
536 2977 562 3001 ll.
584 2983 644 3007 pag.
665 2976 729 3007 839,
750 2978 808 3001 nota
829 2975 852 3001 4.
872 2977 896 3000 ῑΠ
918 2976 975 3000 sinc.
990 2990 1024 2993 —-
1044 2976 1091 3001 Pro
1111 2975 1220 3001 carnale
1241 2975 1317 3001 codd.
1339 2976 1403 3000 EFl

454 3019 607 3053 lcnzporale

522 3063 533 3080 ³
552 3064 602 3089 Csr.
623 3071 700 3095 supra
721 3071 781 3095 pag.
804 3063 868 3095 646,
889 3066 948 3089 nota
968 3064 998 3095 3,
1021 3066 1045 3088 et
1064 3063 1091 3089 C.
1113 3062 1248 3097 Quidquid
1266 3062 1403 3089 invisibilis

452 3108 555 3141 ffl'ati'qe
574 3108 666 3140 (t0t.)‚
688 3107 714 3133 C.
736 3108 758 3132 ll.
780 3116 804 3140 q.
826 3109 847 3132 l.

523 3152 533 3168 ⁴
552 3154 605 3177 Act.
626 3153 652 3183 8,
676 3152 715 3177 «lS.
733 3159 806 3184 seqq.

523 3195 533 3212 5
553 3195 635 3221 Codd.
654 3196 756 3220 EFLZ
776 3195 847 3228 quod
866 3195 943 3221 male.

522 3239 532 3255 ⁶
552 3239 625 3264 Vers.
647 3240 655 3263 l
669 3240 693 3264 1:
719 3240 849 3270 Principes
868 3240 923 3264 eius
948 3242 995 3264 etc.
1017 3239 1212 3270 (Septuagintffi
1239 3239 1322 3264 Duces
1348 3239 1403 3263 eius

454 3289 512 3306 rum
533 3283 709 3307 humeribus...
724 3290 783 3308 eum
798 3284 917 3309 mercede
937 3283 1154 3315 respondebant...
1169 3290 1227 3308 cum
1243 3283 1351 3314 pecunia
1367 3282 1403 3306 di-

454 3325 601 3357 rumpunt).
618 3326 664 3350 Pro
678 3325 705 3351 iit
723 3326 841 3352 mercede
855 3326 982 3353 docebant
1000 3331 1025 3353 ct
1044 3327 1070 3352 in
1082 3327 1195 3360 pecunia
1210 3326 1285 3352 codd.
1306 3325 1334 3351 in
1347 3332 1402 3351 mu-

455 3366 562 3393 neribus
588 3368 781 3400 respondebunt
805 3374 829 3394 ct
848 3369 875 3395 in
899 3370 1025 3402 pecuniis.
1050 3384 1083 3387 ——
1107 3371 1164 3401 Seq.
1187 3370 1257 3395 locus
1283 3373 1320 3395 est
1339 3369 1400 3394 ibid.

1470 2851 1494 2868 v.
1517 2844 1557 2868 t‘z.
1577 2843 1628 2868 Cl'r.
1644 2843 1746 2868 llieron.
1767 2843 1790 2867 in
1806 2843 1874 2867 huuc
1893 2842 1952 2874 loc.y
1968 2842 2012 2867 ubi
2033 2842 2162 2867 invenitur
2176 2843 2252 2867 etiam
2272 2841 2415 2873 exemplum

1471 2887 1502 2912 de
1522 2888 1580 2912 Saul
1601 2891 1626 2912 et
1646 2886 1790 2917 leroboam,
1811 2890 1835 2911 et
1853 2886 1945 2911 eadem
1965 2887 2143 2917 expositio.—
2156 2885 2228 2912 Circa
2249 2886 2325 2910 linem
2344 2885 2415 2910 solut.

1469 2938 1517 2962 pro
1536 2930 1577 2955 illi
1595 2929 1714 2956 dicebant
1734 2930 1788 2954 Vat.
1809 2928 1849 2954 illi
1867 2928 1974 2954 dabant.

1539 2974 1549 2989 ⁷
1569 2974 1641 2998 Vers.
1669 2973 1693 2998 7.
1719 2980 1791 3005 seqq.
1817 2972 1868 2998 Cfr.
1896 2974 2016 3005 August.,
2044 2973 2071 2998 ll.
2100 2972 2132 2997 de
2157 2973 2239 2997 Serm.
2268 2972 2367 2997 Domini
2393 2971 2414 2995 in

1469 3019 1492 3042 in
1513 3020 1613 3049 monte,
1635 3025 1654 3042 c.
1678 3018 1717 3042 116.
1738 3025 1761 3042 n.
1787 3017 1828 3042 54..
1848 3024 1917 3049 seq,
1946 3017 2027 3042 Sei-sn.
2049 3017 2089 3041 4-6.
2110 3016 2188 3049 (alias
2215 3016 2272 3041 465.
2293 3017 2325 3041 de
2345 3016 2415 3040 Tem-

1468 3068 1531 3092 pore
1550 3062 1604 3086 sive
1624 3061 1688 3086 liber
1708 3061 1740 3086 de
1759 3061 1921 3093 pastoribus>
1941 3067 1962 3085 c.
1984 3061 2007 3085 2.
2028 3067 2052 3084 n.
2073 3060 2108 3093 5,)
2128 3064 2152 3085 et
2172 3060 2204 3085 de
2230 3059 2314 3091 Opere
2333 3065 2416 3084 mona-

1468 3106 1537 3130 chor.
1558 3112 1578 3130 c.
1599 3105 1622 3130 7.
1644 3106 1666 3129 8.
1684 3112 1757 3137 seqq.
1770 3118 1805 3123 —
1820 3105 1876 3130 Post
1894 3103 1989 3137 probat
2008 3103 2064 3129 cod.
2085 3104 2102 3128 F
2122 3104 2193 3129 addit
2207 3103 2303 3136 probat
2321 3101 2396 3128 enim.

1538 3148 1549 3165 S
1568 3148 1617 3174 Csr.
1638 3148 1664 3174 C.
1685 3148 1746 3174 Non
1770 3155 1834 3174 saite
1860 3147 1988 3181 quidquid
2006 3148 2090 3179 (¹¹5),
2111 3147 2137 3173 C.
2160 3147 2199 3172 44..
2227 3155 2251 3180 q.
2272 3147 2295 3172 5.
2316 3147 2330 3178 S
2351 3147 2372 3177 t,
2391 3148 2414 3170 et

1468 3191 1494 3217 C.
1514 3192 1658 3218 Pi‘oltibeas
1678 3193 1738 3225 (2.),
1759 3200 1839 3225 seqq„
1862 3193 1893 3217 X.
1914 3192 1946 3217 de
1966 3192 2091 3223 Magistris
2111 3194 2157 3217 etc.
2179 3191 2238 3223 (lib.
2260 3191 2290 3216 V.
2311 3192 2345 3216 tit.
2366 3189 2411 3221 5.).

1537 3236 1548 3252 9
1566 3237 1703 3267 Bernard.,
1730 3237 1762 3261 de
1787 3237 1921 3268 Diligendo
1944 3237 2009 3267 Deo,
2037 3243 2059 3261 c.
2086 3236 2110 3261 7.
2144 3243 2169 3260 n.
2199 3235 2245 3260 i7:
2268 3235 2321 3259 Non
2347 3233 2412 3258 enim

1467 3280 1521 3304 sine
1540 3282 1656 3311 praemio
1675 3281 1789 3312 diligitur
1815 3281 1895 3311 Deus,
1917 3281 1962 3306 etsi
1988 3280 2087 3312 absque
2113 3281 2220 3311 praemii
2246 3279 2337 3304 intuitu
2363 3276 2412 3302 dili-

1467 3323 1568 3355 gendus
1592 3325 1623 3350 sit
1646 3328 1692 3349 etc.
1713 3324 1762 3350 Csr.
1783 3327 1843 3349 tom.
1865 3324 1899 3349 lll.
1926 3331 1985 3356 pag.
2006 3323 2070 3355 556,
2092 3326 2148 3348 nota
2176 3323 2198 3348 4.
2220 3325 2243 3348 et
2268 3329 2327 3354 pag.
2348 3320 2408 3350 606,

1467 3372 1525 3393 nota
1548 3370 1570 3393 2.
