2483 3882
289 1255 388 1283 Quaestio
403 1253 433 1275 in-

302 1282 382 1303 cidens.

324 1677 400 1704 Opinio
415 1676 434 1697 1.

327 2099 403 2126 Opinio
417 2098 436 2119 2.

310 2734 356 2755 Non
368 2733 442 2760 proha-

447 264 509 296 976

444 350 608 387 circuibit;
633 348 687 380 sed
712 347 764 378 ille
788 346 867 387 ignis
891 344 1081 377 elementum
1110 342 1205 375 habet
1228 341 1394 384 particula-

443 412 511 435 rem
535 402 650 434 situm:
676 408 736 431 non
762 398 822 430 erit
845 406 919 437 ergo
944 396 1023 437 ignis
1047 395 1249 427 elementum.

534 454 560 486 3.
587 453 679 490 Item,
705 451 788 483 illius
813 449 893 491 ignis
917 449 976 481 erit
1000 447 1193 485 ascendere,
1218 447 1299 478 sicut
1319 446 1394 478 dicit

444 507 551 539 Glossa
582 504 730 542 Bedae¹‚,
748 502 832 544 quod
862 504 1015 533 «tantum
1051 499 1216 537 ascendet,
1240 502 1394 540 quantum

444 568 525 601 aqua
550 557 658 590 diluvii
676 568 707 594 »3
739 555 793 587 sed
826 554 848 586 si
875 556 956 586 esset
981 553 1060 593 ignis
1084 552 1291 589 elementum,
1323 559 1395 582 cum

444 612 578 653 sphaera
613 609 680 640 eius
717 607 756 639 sit
791 614 937 645 sursum,
970 605 1038 637 eius
1069 608 1152 637 esset
1183 603 1396 636 descendere:

444 672 518 704 ergo
542 666 599 694 etc.

531 716 561 747 li.
588 715 766 752 Praeterea,
791 716 857 744 esto
881 711 966 753 quod
991 710 1177 748 descendat,
1193 713 1248 741 aut
1269 708 1399 751 aliquid

444 767 634 802 subintrabit
651 766 754 799 locum
772 765 850 802 eius,
868 768 923 796 aut
939 762 1031 795 m'lztt.
1050 763 1078 794 Si
1097 762 1243 804 aliquid,
1260 769 1396 803 quaero:

444 821 546 864 quid?
570 820 634 852 Non
666 823 712 851 est
745 819 830 851 dare.
863 817 892 849 Si
921 815 1026 849 m'lzz'l:
1053 824 1127 856 ergo
1153 823 1288 847 vacuum
1321 813 1398 852 erit,

444 883 518 916 ergo
544 877 600 906 etc.

535 928 562 958 5.
588 926 681 964 item,
714 933 785 957 cum
818 923 921 955 finalis
945 922 1091 964 purgatio
1115 921 1154 953 sit
1178 920 1331 962 perfecta,
1358 919 1400 950 vi-

445 980 552 1017 detur,
577 978 661 1020 quod
686 986 746 1009 non
772 979 893 1008 tantum
919 975 1031 1008 debeat
1048 974 1115 1006 fieri
1134 982 1190 1015 per
1207 973 1398 1005 elementum

445 1041 563 1070 unum,
593 1031 646 1063 sed
680 1039 736 1072 per
768 1029 872 1060 omnia
904 1036 985 1070 quae
1010 1027 1126 1059 liabent
1148 1029 1296 1057 naturam
1328 1033 1400 1065 pur-

446 1085 559 1127 gandi:
585 1093 659 1126 ergo
684 1084 709 1115 si
735 1092 817 1124 aqua
845 1082 939 1113 habet
971 1079 1127 1122 purgandi
1161 1083 1326 1116 naturam,
1359 1078 1401 1108 vi-

446 1139 539 1171 detur
564 1141 619 1170 etc.

537 1192 625 1223 iuxta
650 1190 709 1221 hoc
733 1189 912 1231 quaeritur:
939 1196 1037 1228 quare
1063 1186 1164 1228 prima
1181 1184 1326 1226 purgatio
1344 1183 1401 1215 fuit

448 1253 503 1286 per
529 1251 661 1284 aquam,
686 1246 716 1273 et
741 1240 878 1273 secunda
903 1239 962 1271 erit
984 1247 1040 1280 per
1066 1239 1193 1279 ignem?

802 1335 1040 1360 CONCLUSIO.

451 1419 674 1461 Constayratto
700 1417 778 1449 staec
802 1416 856 1458 sict
879 1415 920 1447 αἱ)
946 1415 1020 1457 tyna
1045 1413 1249 1451 elementari,
1274 1422 1339 1445 non
1364 1412 1401 1444 dc

538 1482 616 1504 notro
642 1475 770 1508 creato,
802 1470 858 1501 scd
889 1468 1108 1509 n'tttltz'plz'cctto
1137 1467 1258 1499 virtute
1285 1466 1344 1498 Det·
1374 1470 1403 1498 ec

537 1525 681 1568 undiquc
705 1528 913 1565 compo-effluo.

539 1615 740 1646 essspoxnsso:
767 1612 958 1650 Dicendum,
991 1610 1072 1653 quod
1106 1609 1203 1651 aliqui
1234 1608 1403 1640 voluerunt

451 1668 573 1706 dicere,
604 1666 689 1708 quod
717 1665 769 1697 ille
794 1664 873 1706 ignis
897 1664 957 1696 erit
989 1663 1068 1704 ignis
1100 1661 1314 1697 dementant,-
1346 1669 1403 1692 nec

450 1721 576 1753 mirum.
602 1719 682 1760 Ignis
710 1719 792 1750 enim
824 1717 983 1754 modicus,
1007 1715 1149 1757 apposito
1173 1713 1403 1748 combustibili,

449 1777 583 1815 augetur
616 1773 646 1803 in
678 1770 832 1802 inlinitum
867 1778 899 1802 se
929 1767 1208 1809 multiplicando²;
1234 1766 1277 1798 sic
1310 1765 1402 1798 etiam

450 1826 543 1858 niodo
567 1825 684 1858 faceret
708 1823 787 1865 ignis
812 1823 881 1861 ille,
907 1822 963 1854 nisi
989 1821 1219 1863 impediretnr;
1244 1819 1299 1852 sed
1321 1819 1345 1851 si
1364 1819 1405 1850 vi-

451 1881 617 1921 goraretnr
634 1878 702 1909 eius
720 1877 782 1914 vis,
807 1876 888 1907 sicut
913 1875 965 1907 fiet
990 1875 1019 1906 in
1046 1874 1178 1913 iudicio,
1205 1876 1303 1905 totum
1322 1876 1406 1914 pote-

451 1932 492 1963 rit
516 1938 701 1963 consumere
727 1933 757 1961 et
781 1936 935 1970 purgare,
953 1936 1009 1959 nec
1026 1929 1148 1968 oportet
1166 1934 1281 1957 novum
1302 1924 1404 1966 ignem

452 1992 568 2017 creare.

541 2036 601 2068 Sed
626 2034 699 2076 quia
724 2034 871 2066 videntur
896 2032 997 2064 Sancti
1015 2032 1136 2069 dicere,
1154 2031 1238 2072 qnod
1257 2030 1336 2071 ignis
1354 2029 1405 2061 ille

453 2099 515 2122 non
546 2092 667 2121 tantum
701 2087 884 2124 descendet,
915 2086 995 2117 sicut
1023 2084 1103 2126 pluit
1127 2083 1278 2115 Dominus
1310 2091 1406 2124 super

454 2141 653 2180 Sodomam&
686 2141 740 2172 sed
773 2139 846 2181 quia
879 2139 977 2179 magis
1002 2137 1172 2174 accerume,-
1196 2137 1266 2168 ideo
1298 2136 1407 2167 dicunt

455 2195 521 2233 alii,
546 2194 628 2236 quod
654 2194 713 2226 erit
733 2192 813 2224 alius
838 2192 932 2233 ignis,
957 2199 1018 2222 non
1043 2193 1185 2228 creatus,
1209 2189 1263 2221 sed
1290 2189 1406 2220 virtute

456 2256 623 2290 corporum
649 2245 926 2287 supercaelestium
944 2245 974 2275 in
994 2242 1194 2275 inferioribus
1219 2245 1407 2282 generatus;

456 2310 495 2334 ex
521 2299 729 2333 confractione
755 2299 835 2330 enim
862 2301 892 2329 et
910 2296 1168 2338 multiplicatione
1186 2295 1349 2327 radiorum
1367 2294 1406 2326 ad

456 2353 620 2395 speculum
652 2359 823 2383 concavum
857 2352 1025 2391 generatur
1056 2349 1134 2390 ignis
1159 2351 1287 2389 propter
1312 2346 1409 2379 subti-

456 2407 614 2439 liationem
647 2405 728 2437 a'e'ris
761 2402 1013 2441 circumstantis;
1046 2401 1190 2433 similiter
1221 2401 1260 2432 ad
1286 2399 1408 2432 urin-ale

456 2460 584 2502 plenum
617 2466 708 2499 aqua.
742 2457 776 2488 Et
807 2455 952 2498 quamvis
983 2457 1125 2496 oporteat
1152 2453 1292 2492 adhoc,
1325 2452 1407 2494 quod

457 2512 537 2554 ignis
562 2520 617 2553 per
650 2511 733 2542 hunc
761 2509 890 2541 modum
917 2511 1101 2549 generetur,
1128 2506 1193 2538 fieri
1219 2505 1410 2547 aggregatio-

458 2574 529 2598 nem
554 2564 735 2601 radiorum3
752 2572 811 2594 non
835 2565 974 2603 oportet,
992 2559 1128 2601 speculis
1151 2559 1295 2591 concavis
1324 2566 1411 2589 mun-

459 2619 535 2651 dum
561 2617 700 2658 impleri,
725 2615 777 2648 sed
804 2615 864 2646 alio
891 2614 982 2646 modo
1006 2613 1044 2645 ad
1071 2612 1170 2644 nubes
1196 2619 1357 2649 concavas,
1375 2610 1410 2642 si-

459 2675 512 2704 cut
535 2671 592 2703 scit
616 2670 782 2711 disponere
807 2668 912 2700 divina
943 2665 1157 2708 providentia.
1191 2664 1304 2706 poterit
1332 2663 1411 2704 ignis

458 2725 487 2756 in
513 2723 659 2755 omnibus
684 2721 731 2753 iiis
756 2720 956 2753 inferioribus
986 2719 1138 2760 generari.
1163 2736 1206 2740 —
1231 2716 1319 2758 Quod
1354 2716 1411 2748 lioc

457 2786 517 2809 non
544 2777 583 2808 sit
607 2775 770 2817 possibile,
789 2774 837 2806 vel
861 2774 953 2805 etiam
979 2771 1152 2814 primum&
1170 2780 1229 2802 non
1252 2769 1338 2803 dico:
1357 2769 1410 2801 sed

459 2830 589 2863 stultum
615 2832 661 2861 est
686 2828 735 2860 liic
759 2827 877 2868 aliquid
904 2826 1038 2867 lingere,
1063 2825 1119 2857 sed
1144 2824 1329 2855 Sanctorum
1359 2832 1410 2853 au-

459 2882 653 2915 ctoritatibus
678 2880 766 2912 inniti
791 2883 922 2922 oportet.

2465 36 2468 61 l

2466 63 2469 84 ι

1205 254 1488 287 SENTENTIARUM
1512 253 1580 286 LlB.
1604 253 1652 286 IV.
2467 159 2473 324 ἱ

1547 341 1581 372 Et
1612 340 1671 381 ipsi
1703 348 1766 371 non
1796 342 1904 381 aperte
1936 339 2162 378 determinant,
2186 340 2256 382 quis
2285 340 2324 373 sit
2354 340 2406 373 ille
2420 345 2483 374 opina

1458 393 1556 434 ignis3
1580 396 1683 424 tamen
1708 391 1866 424 excellens
1890 391 1998 423 doctor
2015 391 2206 432 Augustinus
2222 392 2307 430 dicit,
2323 393 2408 434 quod

1465 457 1480 474 «
1496 445 1549 477 fiet
1573 444 1807 477 mundanorum
1838 444 1958 485 ignium
1984 443 2242 485 conflagratione,
2267 445 2347 477 sicut
2369 445 2410 477 fa-

1460 500 1544 529 ctum
1569 500 1616 528 est
1631 504 1787 537 aquarum
1805 495 2008 528 inundatione
2024 495 2180 528 diluvium
2197 508 2227 528 ».
2250 497 2320 529 ldeo
2337 497 2410 530 huic

1460 549 1637 581 auctoritati
1661 548 1821 580 innitendo
1846 548 1932 586 dico,
1957 548 2041 590 quod
2066 548 2147 581 sicut
2164 549 2195 580 in
2212 549 2332 581 diluvio
2349 558 2410 581 non

1462 605 1535 634 sunt
1557 610 1656 634 novae
1680 610 1780 643 aquae
1805 605 1946 640 creatae,
1970 601 2025 633 sed
2047 601 2173 634 eaedem
2199 602 2284 643 ipsae
2308 602 2411 634 multi-

1462 654 1593 696 plicatae
1625 659 1715 693 sunt,
1747 657 1777 686 et
1810 654 1868 686 hoc
1899 655 2071 695 operante⁵
2094 654 2251 686 adiutorio
2274 655 2413 696 superio-

1461 716 1533 740 rum
1559 716 1745 748 corporum‚
1770 715 1826 748 per
1857 715 1938 747 quae
1970 706 2050 739 facta
2081 710 2127 739 est
2159 707 2291 739 elevatio
2322 716 2412 749 vapo-

1462 768 1556 797 rum;
1581 759 1624 791 sic
1655 759 1747 791 etiam
1777 758 1889 797 credo,
1914 759 1998 800 quod
2023 768 2084 790 non
2109 759 2211 791 solum
2236 760 2332 801 ignis,
2356 760 2409 802 qui
2424 768 2472 792 eom

1462 815 1509 844 est
1533 812 1563 843 in
1588 812 1723 853 sphaera
1746 820 1821 850 sua,
1846 811 1901 843 sed
1918 820 2026 844 omnes
2044 812 2146 853 ignes,
2163 816 2194 844 et
2209 813 2261 859 qui
2281 813 2311 844 in
2329 816 2412 845 terra
2475 816 2481 860 1

1462 868 1493 897 et
1522 873 1618 906 super
1651 868 1769 896 terram
1793 868 1823 896 et
1846 864 1907 896 sub
1931 867 2016 896 terra
2040 868 2129 903 sunt,
2154 869 2342 898 concurrent
2372 866 2412 898 ad
2477 861 2480 866 ¹

1463 918 1548 949 illam
1582 917 1874 958 conflagrationem,
1899 917 1979 949 sicut
2013 917 2136 949 videtur
2161 917 2242 950 velle
2273 918 2413 959 Augusti-

1464 980 1534 1003 nus.
1561 971 1594 1002 Et
1619 971 1697 1003 bene
1721 970 1872 1009 concedo,
1897 970 1981 1011 quod
2005 970 2107 1002 virtus
2131 971 2330 1012 superiorum
2350 980 2413 1003 cor-

1465 1031 1576 1064 porum
1603 1027 1770 1055 concurret
1793 1023 1831 1054 ad
1858 1022 1937 1063 ignis
1962 1022 2253 1063 multiplicationem
2270 1027 2301 1055 et
2324 1023 2414 1055 actio-

1465 1085 1545 1108 nem.
1574 1094 1617 1099 —-
1644 1075 1867 1107 Concedendae
1892 1079 1965 1107 sunt
1988 1075 2083 1117 igitur
2116 1075 2252 1108 rationes
2284 1076 2415 1117 proban-

1466 1133 1528 1167 tes,
1552 1129 1635 1170 quod
1666 1137 1725 1160 non
1759 1128 1918 1160 creabitur
1948 1137 2053 1163 ‚novus
2078 1128 2178 1170 ignis3
2210 1129 2265 1161 sed
2298 1138 2337 1161 ex
2370 1129 2414 1161 eis
2430 1137 2476 1159 Nota

1464 1191 1524 1213 non
1559 1181 1707 1219 liabetur,
1741 1181 1822 1222 quod
1853 1180 1953 1212 solum
1989 1189 2044 1222 per
2077 1181 2196 1222 ignem,
2229 1181 2281 1222 qui
2307 1186 2354 1213 est
2385 1181 2414 1213 in

1465 1235 1599 1276 sphaera
1623 1243 1698 1271 sua,
1724 1233 1786 1265 liat.
2481 1230 2483 1279 Ι

1557 1288 1583 1318 l.
1609 1287 1650 1318 Ad
1677 1286 1753 1318 illud
1776 1286 1858 1327 quod
1884 1285 2030 1318 obiicitur
2048 1286 2078 1317 in
2103 1286 2307 1325 contrarium,
2331 1287 2415 1328 quod
2442 1284 2483 1326 sul

1465 1339 1542 1371 nihil
1565 1343 1679 1381 purgat
1695 1348 1728 1371 se
1747 1339 1865 1380 ipsum;
1883 1339 2066 1377 dicendum,
2083 1339 2167 1380 quod
2187 1339 2280 1371 habet
2304 1340 2417 1372 instan-
2431 1324 2483 1349 ⁹⁰⁵⁰*

1465 1393 1538 1424 tiam
1566 1392 1594 1423 in
1621 1392 1708 1433 igne;
1727 1392 1784 1423 lioc
1810 1391 1901 1423 etiam
1921 1391 2016 1423 habet
2040 1391 2217 1423 instantiam
2237 1392 2264 1423 iu
2291 1392 2415 1424 dnobus

1465 1445 1668 1486 corporibus,
1701 1454 1837 1486 quorum
1871 1444 2018 1476 ultimum
2053 1453 2108 1485 per
2140 1444 2413 1485 conflagrationem

1465 1502 1496 1531 et
1520 1498 1762 1531 confractionem
1787 1501 1952 1539 purgatur.

1555 1553 1584 1583 ⁶2.
1609 1551 1653 1583 Ad
1678 1550 1757 1582 illud
1782 1550 1866 1592 quod
1892 1550 2052 1588 obiicitur,
2082 1551 2164 1592 quod
2192 1554 2290 1583 totum
2322 1551 2419 1583 ambi-

1468 1608 1532 1636 tum
1559 1603 1719 1639 circuil)it;
1746 1603 1929 1641 dicendum,
1954 1603 2037 1645 quod
2064 1607 2138 1635 tunc
2162 1603 2241 1644 ignis
2266 1604 2419 1636 diffunde-

1467 1662 1519 1689 tur
1543 1661 1573 1688 et
1599 1655 1859 1698 multiplicabitur
1884 1660 1913 1688 et
1937 1665 1953 1687 a
1978 1665 2106 1688 sursum
2133 1660 2163 1688 et
2187 1657 2346 1689 deorsum.

1557 1710 1584 1741 3.
1621 1709 1663 1741 Ad
1701 1708 1778 1741 illud
1815 1709 1899 1750 quod
1935 1708 2094 1748 obiicitur,
2130 1710 2215 1751 quod
2251 1710 2419 1742 descendet

1469 1766 1559 1801 tunc;
1584 1762 1770 1800 dicendum,
1795 1761 1879 1803 quod
1904 1761 2054 1793 ascendet
2078 1766 2223 1803 respectu
2248 1762 2342 1804 ignis,
2364 1763 2417 1804 qui

1468 1820 1514 1848 est
1539 1816 1568 1847 in
1595 1819 1693 1853 terra,
1718 1818 1748 1847 et
1765 1814 1931 1846 descendet
1956 1818 2100 1855 respectu
2118 1814 2211 1856 ignis,
2229 1815 2282 1856 qui
2306 1819 2353 1847 est
2370 1823 2418 1846 su-

1468 1877 1524 1910 per
1549 1872 1678 1900 terram.

1557 1922 1586 1954 lt.
1612 1921 1701 1962 Quod
1726 1921 1845 1959 obiicit,
1869 1920 1953 1962 quod
1978 1929 2114 1953 vacuum
2132 1921 2208 1959 erit;
2233 1920 2420 1959 dicendum,

1469 1975 1552 2017 quod
1582 1984 1643 2006 non
1669 1974 1836 2006 descendet
1865 1973 2017 2006 mutando
2046 1974 2164 2008 locum,
2187 1974 2241 2005 sed
2277 1973 2420 2015 agendo6

1469 2032 1498 2060 et
1524 2028 1719 2059 immutando
1744 2027 1917 2059 secundum
1946 2027 2103 2058 virtutem.

1560 2082 1587 2112 5.
1613 2080 1655 2112 Ad
1681 2079 1759 2111 illud
1784 2079 1867 2121 quod
1894 2079 2070 2120 quaeritur:
2091 2088 2190 2120 quare
2215 2078 2247 2110 fit
2273 2083 2347 2111 tunc
2365 2088 2418 2120 per
2434 2085 2483 2116 Ad‚‹

1471 2135 1572 2175 ignem
1599 2136 1743 2165 tantum?
1768 2132 1955 2170 dicendum,
1980 2132 2063 2173 quod
2090 2132 2168 2163 ratio
2192 2134 2239 2163 est
2266 2140 2305 2163 ex
2333 2135 2419 2173 parte
2435 2118 2483 2165 ⁰⁰¹3?

1470 2187 1666 2229 purgationis
1690 2185 1859 2217 ltontt'num
1885 2194 1902 2216 a
1926 2189 2053 2226 peccato
2069 2190 2099 2217 et
2123 2194 2139 2216 a
2159 2189 2245 2226 parte
2266 2185 2422 2226 purgatio·
2479 2169 2483 2186 Ι

1471 2240 1519 2272 nis
1543 2239 1670 2270 mundi.
1697 2239 1739 2270 Ex
1765 2243 1853 2280 parte
1886 2237 2081 2279 purgationis
2114 2236 2301 2275 hominum,
2327 2238 2483 2279 quia‚1›rt==

1472 2294 1552 2326 sicut
1588 2293 1617 2324 in
1650 2292 1802 2334 principio
1835 2291 1931 2323 ardor
1961 2292 2103 2332 regnavit
2136 2291 2421 2332 concupiscentiae,

1472 2346 1515 2378 sic
1541 2346 1570 2377 in
1596 2349 1755 2377 senectute
1781 2344 1890 2376 mundi
1916 2343 2016 2385 frigus
2040 2343 2207 2381 avaritiae3
2231 2341 2420 2385 refrigescet

1472 2399 1553 2431 enim
1580 2398 1708 2429 caritas
1732 2396 1912 2428 inultorum
1924 2397 1951 2434 ⁷;
1968 2400 1998 2428 et
2015 2396 2102 2434 iden,
2120 2394 2193 2437 quia
2211 2396 2355 2438 purgatio
2374 2396 2423 2428 de-

1472 2452 1524 2484 betv
1549 2451 1615 2483 lieri
1641 2460 1697 2492 per
1714 2450 1925 2487 contrariari-13
1943 2449 2023 2482 sicut
2047 2450 2191 2491 purgatio
2216 2449 2338 2481 ardoris
2355 2458 2423 2481 con-

1473 2504 1682 2546 cupiscentiae
1707 2503 1786 2535 sacta
1807 2507 1853 2535 est
1869 2511 1925 2544 per
1949 2511 2079 2544 aquam,
2105 2502 2148 2534 sic
2165 2502 2310 2544 purgatio
2335 2502 2423 2544 frigo-

1474 2558 1517 2589 ris
1542 2557 1677 2588 malitiae
1702 2560 1732 2588 et
1748 2555 1898 2587 avaritiae
1919 2554 1972 2587 siet
1988 2564 2045 2596 per
2071 2555 2182 2596 ignem.
2197 2573 2239 2577 —
2256 2554 2318 2586 Alia
2343 2554 2422 2586 ratio
2436 2561 2483 2583 Secu

1474 2615 1521 2642 est
1552 2619 1591 2641 ex
1625 2613 1712 2650 parte
1737 2607 1931 2649 purgationis
1955 2607 2091 2644 mundi,
2116 2607 2190 2648 quia
2219 2607 2271 2638 illa
2303 2607 2361 2638 snit
2384 2606 2423 2638 ad

1475 2662 1642 2695 delendum
1671 2661 1827 2693 hominem
1847 2664 2004 2693 vetustum
2031 2664 2060 2692 et
2077 2669 2174 2692 novos
2199 2659 2340 2692 homines
2357 2669 2425 2700 pro-

1475 2715 1627 2747 creandos
1637 2727 1644 2753 3
1669 2715 1746 2746 haec
1777 2716 1882 2745 antem
1907 2713 1966 2745 erit
1989 2713 2027 2744 ad
2062 2716 2160 2744 totum
2192 2712 2420 2744 meliorandum

1474 2773 1504 2801 et
1529 2770 1557 2801 in
1584 2768 1745 2800 meliorem
1771 2767 1879 2799 faciem
1907 2766 2184 2803 coiiitiiutandun13
2201 2769 2231 2797 et
2255 2766 2328 2807 quia
2345 2765 2423 2807 ignis

1475 2822 1538 2853 urit
1562 2825 1592 2853 et
1616 2820 1772 2857 subtiliat,
1797 2828 1878 2861 aqua
1902 2828 1979 2851 non:
1998 2819 2067 2851 ideo
2089 2819 2165 2850 haec
2189 2819 2216 2849 in
2240 2818 2309 2859 igne
2333 2818 2423 2856 erus,

1475 2873 1629 2906 diluvium
1655 2881 1729 2904 vern
1754 2881 1813 2903 non
1841 2872 1869 2903 in
1895 2871 1964 2912 igne
1988 2870 2062 2909 suit,
2088 2870 2139 2902 sed
2168 2870 2196 2901 in
2223 2879 2312 2912 aqua.

529 3046 537 3062 1
558 3046 583 3070 ln
604 3046 630 3070 ll.
652 3046 717 3070 Petr.
740 3045 768 3074 3,
795 3045 831 3068 lO.
852 3044 902 3069 (Jt'r.
928 3044 969 3068 liic
997 3043 1031 3067 lit.
1061 3042 1187 3073 Magistri,
1208 3048 1228 3065 c.
1259 3040 1282 3065 4.
1312 3054 1345 3058 —
1374 3040 1409 3064 De

459 3089 573 3123 sphaera
593 3090 659 3121 ignis
677 3088 738 3113 vide
760 3093 819 3113 tom.
841 3088 865 3112 ll.
887 3094 945 3119 pag.
967 3087 1029 3117 321,
1052 3088 1109 3110 nota
1131 3085 1153 3110 4.
1174 3084 1254 3109 verba
1280 3084 1409 3109 Averrois.

529 3133 540 3149 '²
558 3135 674 3162 Ariston,
695 3133 720 3158 ll.
741 3133 773 3157 dc
793 3133 895 3163 Anima,
918 3134 975 3157 text.
996 3131 1036 3156 -t-t.
1056 3130 1090 3162 (c.
1112 3130 1160 3162 t.):
1175 3130 1242 3161 Ignis
1261 3129 1329 3154 enim
1349 3135 1410 3159 aug-

460 3182 575 3204 mentum
604 3179 628 3202 in
658 3177 784 3202 infinitum
809 3176 874 3207 abit,
895 3182 1032 3208 quousque
1061 3175 1136 3199 suerit
1164 3172 1351 3199 combustibile.
1375 3185 1411 3190 —

460 3222 608 3247 immediate
628 3224 686 3253 post
705 3228 753 3250 pro
771 3220 808 3246 si'c
828 3219 918 3253 [codd.
940 3219 995 3244 MK
1015 3218 1097 3250 sicut,
1120 3217 1195 3243 codd.
1217 3217 1264 3242 SU
1283 3217 1317 3248 et]
1332 3215 1411 3241 ctiam

462 3265 538 3291 modo
558 3265 617 3290 edd.
637 3271 700 3298 erqo
719 3264 798 3290 ctiam
818 3262 913 3289 taliter.

533 3308 544 3324 3
561 3309 622 3333 Gen.
648 3309 689 3339 19,
711 3307 751 3332 st.
771 3321 806 3325 —
827 3307 881 3332 Vat.
907 3307 1026 3337 superius
1052 3309 1110 3337 post
1132 3311 1187 3330 non
1211 3305 1315 3330 tuntum
1340 3303 1411 3328 addit

464 3352 597 3383 ascendet,
619 3351 665 3377 secl
682 3351 782 3385 nqu's,
805 3355 829 3375 et
849 3352 889 3376 liic
908 3351 1000 3376 omittit
1018 3349 1064 3375 sed
1082 3349 1146 3383 quia
1170 3348 1256 3382 manis
1281 3346 1409 3374 ascendet.

463 3396 568 3420 Interius
588 3402 635 3425 pro
656 3394 835 3427 confractione
854 3393 910 3418 cod.
931 3400 959 3418 aa
980 3392 1136 3425 reflectione.

1544 3037 1554 3054 ⁴
1574 3037 1636 3063 Cou.
1657 3038 1673 3061 S
1691 3035 1800 3069 salsum.
1821 3036 1845 3061 ln
1867 3035 1924 3061 coil.
1948 3036 1963 3059 Ρ
1983 3035 2095 3060 secunda
2112 3042 2202 3059 manus
2217 3035 2240 3058 in
2255 3034 2371 3065 margine
2384 3040 2423 3058 nc-

1475 3087 1517 3114 gat
1536 3081 1729 3107 similitudinem
1750 3082 1814 3105 inter
1833 3079 1971 3113 speculum
1989 3082 2014 3103 ct
2031 3077 2127 3109 nubes,
2150 3079 2209 3110 quia
2229 3078 2364 3109 speculum
2378 3078 2424 3101 im-

1475 3124 1644 3157 penetrabile,
1666 3124 1749 3149 nubes
1768 3130 1828 3148 non.

1545 3169 1555 3185 ⁵
1575 3168 1657 3194 Codd.
1673 3168 1692 3192 0
1705 3168 1721 3192 R
1735 3168 1751 3192 S
1766 3168 1794 3196 (L
1805 3174 1817 3192 a
1832 3166 1946 3192 secunda
1961 3166 2050 3198 manu)
2065 3164 2216 3198 operatione
2229 3166 2266 3195 ct,
2281 3163 2356 3189 codd.
2371 3163 2390 3188 U
2401 3163 2424 3188 X

1475 3219 1551 3246 opere
1570 3214 1600 3238 et.
1622 3213 1757 3245 Aliquanto
1777 3212 1882 3236 inferius
1905 3218 1951 3242 pro
1970 3209 2036 3236 relic
2055 3209 2131 3234 codd.
2154 3210 2174 3234 G
2193 3216 2221 3234 aa
2243 3207 2336 3234 (licere.

1545 3257 1556 3273 ⁶
1575 3257 1637 3282 Edd.
1658 3260 1683 3281 et
1701 3257 1779 3288 aliqui
1800 3255 1874 3281 codd.
1895 3254 2025 3288 augendo.

1545 3301 1555 3318 ⁷
1575 3301 1660 3326 Matth.
1683 3299 1731 3332 24,
1756 3300 1795 3324 la.

1547 3345 1558 3362 ⁸
1575 3344 1624 3370 Ctr.
1645 3345 1767 3376 August„
1788 3343 1845 3368 XX.
1867 3343 1898 3368 de
1918 3343 1972 3368 Civ.
1993 3343 2050 3374 Dei,
2072 3349 2092 3366 c.
2115 3342 2161 3372 lss,
2178 3340 2222 3365 ubi
2237 3340 2324 3372 docet,
2339 3341 2423 3371 ignem

1475 3390 1546 3414 illum
1571 3395 1725 3414 consumere
1749 3387 1883 3420 qualitates
1909 3388 2093 3412 clementorum
2120 3384 2339 3416 corruptibilium,
2360 3389 2425 3416 quae
