2483 3882
0 516 25 537 {lo
38 515 56 535 1.

0 1351 23 1373 iio
34 1351 52 1372 2.

1 1667 50 1688 dum.

748 254 840 286 DIST.
866 254 953 287 XXV.
978 254 1059 285 ΛΒΤ.
1084 254 1105 285 1.
1130 253 1283 294 QUAEST.
1310 253 1353 284 111.

71 353 163 387 quam
200 343 238 375 de
276 342 365 381 aliis,
401 342 485 383 quod
521 351 581 373 non
621 345 724 374 essent
761 342 847 383 apud
886 341 1016 374 haereti-

71 405 121 429 cos
139 396 164 434 1;
189 398 292 426 tamen
323 402 379 435 per
408 393 657 425 illustrissimum
688 394 846 426 doctorem
876 393 1017 434 Augusti-

70 456 145 481 num
168 450 275 488 aperte
298 449 345 478 est
368 446 458 478 nobis
482 446 558 478 haec
582 446 723 487 quaestio
747 446 913 487 patefacta,
931 446 1015 487 quod

70 501 266 532 Sacramenta
297 497 505 530 ecclesiastica
536 498 620 539 apud
653 498 839 536 haereticos,
872 498 926 538 qui
958 498 1016 529 for-

70 561 150 585 mam
185 551 335 583 Ecclesiae
375 554 501 583 servant
532 554 562 582 et
594 550 796 582 intentionem
828 550 944 582 habent
975 550 1015 582 sa-

69 605 167 638 ciendi
191 604 274 646 quod
299 604 371 636 facit
396 603 543 641 Ecclesia,
569 606 641 635 sunt
658 607 811 644 quantum
835 603 875 634 ad
898 603 1015 634 verita-

69 663 143 695 tem,
167 656 311 698 quamvis
335 665 396 688 non
414 656 474 688 sint
498 658 651 697 quantum
668 656 707 687 ad
734 655 923 687 ulilitatem:
941 656 1014 696 quia

68 711 263 742 Sacramenta
296 708 493 749 dispensant,
523 708 578 740 sed
606 712 710 740 tamen
742 708 881 739 fructum
910 708 1014 739 Sacra-

68 765 244 795 mentorum
261 770 322 792 non
346 764 522 802 reportant,
547 770 604 802 pro
625 769 662 792 eo
686 761 770 802 quod
795 760 930 801 Spiritus
948 768 1014 792 san-

68 819 134 847 ctus
157 823 218 845 non
243 817 290 845 est
313 816 405 845 extra
428 813 612 845 catholicam
635 813 811 845 Ecclesiam.
838 813 872 844 Et
898 812 965 844 ideo
982 812 1013 844 in

67 866 210 899 omuibus
234 866 456 903 Sacramentis,
489 874 569 907 quae
597 865 714 897 habeut
736 865 906 897 veritatem
929 864 1014 896 diffe-

68 922 184 951 rentem
214 918 253 950 ab
286 917 440 955 utilitate,
473 918 660 959 generaliter
692 927 803 950 verum
836 920 896 956 est,
928 917 1013 958 quod

67 970 150 1012 apud
175 970 347 1003 haereticos
375 974 506 1012 possunt
529 979 614 1009 esse3
638 970 743 1002 omnia
772 974 877 1002 autem
910 970 1015 1001 Sacra-

69 1027 168 1057 menta
193 1028 266 1056 sunt
290 1024 363 1056 talia
380 1027 504 1065 praeter
529 1024 765 1056 Sacramentum
791 1023 1013 1065 poenitentiae,

67 1077 155 1109 cuius
178 1086 231 1108 res
254 1079 301 1108 est
318 1076 447 1108 interior
472 1076 647 1115 contritio2,
665 1076 731 1108 sine
748 1085 811 1117 qua
834 1075 922 1107 nulla
939 1084 1013 1107 vera

66 1132 111 1161 est
133 1128 302 1167 absolutio,
327 1132 357 1160 et
380 1137 452 1161 cum
476 1137 537 1170 qua
565 1128 652 1160 nulla
675 1128 831 1160 absolutio
862 1132 909 1160 est
933 1137 1013 1160 vana

66 1181 114 1213 vel
132 1181 262 1213 inutilis:
285 1181 354 1214 ideo
371 1181 475 1213 omnia
492 1184 623 1223 possunt
640 1181 822 1222 dispensare
839 1184 869 1213 et
893 1181 1013 1222 dispen·

67 1237 134 1266 sant
156 1234 309 1266 veraciter
333 1238 457 1275 praeter
482 1234 580 1266 solam
605 1233 833 1266 absolutionem
858 1234 1015 1274 poeniten-

67 1286 139 1323 tiae3
163 1289 193 1317 et
216 1286 286 1318 ideo
309 1285 396 1318 nulla
413 1286 567 1318 iterantur
590 1289 716 1328 praeter
733 1286 833 1325 illam,
858 1285 917 1318 nisi
935 1286 1014 1318 forte

67 1338 168 1370 unctio
185 1342 328 1370 extrema
340 1338 359 1369 ³.
386 1339 420 1370 Et
444 1339 504 1377 sic,
529 1347 601 1371 cum
626 1339 704 1370 ordo
728 1339 842 1371 habeat
859 1339 1016 1371 characte-

67 1400 145 1429 rem,
169 1390 223 1432 qui
252 1394 376 1432 praeter
400 1391 534 1432 Spiritus
558 1391 656 1424 sancti
680 1391 829 1432 gratiam,
861 1401 924 1433 qua
947 1400 1015 1433 pec-

67 1446 131 1475 cata
156 1443 310 1482 delentur,
326 1444 447 1481 existit,
472 1443 656 1482 dicendum,
674 1444 759 1485 quod
783 1444 868 1485 apud
894 1453 946 1476 eos
964 1453 1014 1485 po-

68 1499 124 1528 test
147 1496 299 1528 veraciter
321 1496 495 1537 dispensari
506 1496 523 1527 ⁴.

152 1549 181 1579 sl.
207 1549 235 1580 ἱ).
259 1548 301 1580 Ad
320 1548 398 1580 illud
416 1558 490 1589 ergo
507 1549 591 1590 quod
613 1549 758 1581 obiicitur
782 1549 820 1581 de
838 1549 1014 1582 Innocentio

66 1605 95 1633 et
110 1601 148 1633 de
172 1601 335 1643 Gregorio,
359 1602 397 1634 ad
415 1601 485 1634 illas
509 1602 589 1634 duas
605 1603 807 1634 auctoritates
829 1603 1013 1641 dicendum,

65 1654 147 1696 quod
171 1655 240 1687 ideo
257 1655 372 1687 dicitur
395 1655 539 1696 recipere
556 1655 830 1693 maledictionem,
856 1655 929 1697 quia
945 1665 1013 1696 gra-

66 1708 137 1739 tiam
154 1717 215 1739 non
234 1708 357 1749 recipit3
381 1708 451 1740 ideo
469 1708 583 1740 dicitur
605 1717 666 1739 non
686 1708 829 1749 recipere
847 1707 1010 1746 honorem,

65 1761 136 1802 quia
153 1770 212 1792 non
238 1761 347 1802 recipit
363 1761 596 1793 exsecutionem
623 1761 676 1802 qui
705 1761 870 1793 ordinatur
886 1761 926 1793 ab
943 1761 1013 1793 hae-

65 1813 158 1846 retico
182 1814 337 1855 praeciso;
362 1814 415 1855 qui
440 1814 510 1846 ideo
535 1814 649 1846 dicitur
675 1813 824 1845 ordinem
848 1814 1011 1852 amisisse,

66 1875 120 1908 pro
143 1875 179 1898 eo
203 1867 287 1907 quod
312 1866 431 1898 ordinis
453 1867 686 1898 exsecutionem
712 1866 829 1905 amisit,
854 1876 914 1898 non
939 1867 1013 1908 quia

65 1919 165 1951 amisit
189 1919 419 1958 characterem,
443 1919 496 1960 qui
522 1919 619 1951 deleri
645 1928 706 1951 non
731 1922 840 1961 potest.

150 1971 179 2003 3.
205 1972 246 2004 Act
280 1971 358 2003 illud
381 1972 465 2013 quod
490 1972 635 2004 obiicitur
667 1972 706 2004 de
733 1975 885 2013 potestate
914 1972 1013 2004 absol-

1967 254 2028 285 645

1080 341 1190 379 vendi,
1215 341 1401 379 dicendum,
1426 341 1510 382 quod
1535 349 1596 373 non
1620 344 1666 373 est
1690 340 1808 372 simile:
1841 340 1915 382 quia
1944 340 2031 372 ahso-

1081 394 1157 425 lutio
1181 393 1383 426 sacerdotalis
1400 398 1454 426 aut
1477 393 1565 426 nulla
1581 397 1641 431 est,
1666 397 1720 425 aut
1737 394 1803 425 sine
1821 393 1944 426 fictione
1968 397 2029 432 est,

1079 447 1187 479 nullus
1210 450 1314 479 autem
1348 447 1481 479 scienter
1504 447 1544 479 ab
1569 447 1725 479 haeretico
1754 446 1938 485 absolvitur,
1975 447 2029 488 qui

1079 502 1184 530 careat
1215 498 1347 531 fictione.
1376 517 1418 522 --
1447 499 1539 531 Aliter
1565 502 1666 531 tamen
1700 502 1801 540 potest
1833 498 1911 537 dici,
1944 499 2028 540 quod
2043 509 2190 530 Atiasoluuo.

1075 555 1219 592 potestas
1239 552 1448 594 qttaclraplcac
1469 552 1625 593 reperitur
1643 552 1672 583 in
1692 551 1842 583 ministris
1865 552 2026 584 Ecclesiae.
2067 562 2175 598 Potestas·

1079 603 1238 643 Quaedam
1264 613 1400 646 namque
1424 608 1470 636 est
1494 605 1624 637 fundata
1648 613 1743 646 super
1768 604 1916 636 ordinem
1937 604 2029 646 prin·
2046 588 2186 615 quadmpm'

1079 655 1240 696 cipalitcr,
1278 659 1311 687 ut
1343 660 1478 697 potestas
1511 656 1715 695 conticiendi3
1745 657 1900 698 quaedam
1933 666 2030 698 super

1079 706 1341 739 iurisdiclionem
1366 708 1546 740 canonicam
1568 709 1812 750 principaliter,
1838 713 1872 741 ut
1893 713 2030 751 potestas

1078 760 1395 799 excommunicandi3
1420 761 1574 802 quaedam
1607 770 1702 802 super
1727 762 1875 793 ordinem
1904 766 1932 793 cl
1957 762 2030 793 cmi-

1077 811 1242 850 nenliam,
1267 815 1302 844 ut
1325 816 1461 854 potestas
1485 814 1669 852 ordinandi3
1687 815 1842 855 quaedam
1867 823 1963 856 super
1980 825 2029 846 or-

1079 864 1186 896 dinem
1211 869 1239 896 el
1263 865 1543 904 iurisdictionem,
1569 871 1603 898 ut
1632 871 1767 908 potestas
1791 868 1973 900 absolvendi
1999 872 2029 900 et

1079 916 1194 958 ligandi
1220 918 1249 949 in
1274 917 1341 949 foro
1366 918 1609 959 poenitentialia
1636 920 1669 951 Et
1694 920 1840 961 quoniam
1866 921 2029 953 character

1078 970 1196 1002 auferri
1220 979 1281 1002 non
1306 975 1421 1012 potest,
1448 971 1515 1004 ideo
1540 976 1690 1013 potestas,
1715 982 1795 1014 quae
1819 974 2029 1016 consequitur

1079 1021 1323 1061 characterem,
1349 1023 1387 1055 de
1412 1024 1492 1055 facto
1516 1024 1633 1056 auferri
1658 1034 1718 1056 non
1745 1029 1854 1066 potest.
1873 1026 1931 1058 Sed
1957 1035 2030 1067 quo-

1079 1075 1163 1106 niam
1196 1075 1370 1108 iurisdictio
1401 1076 1562 1109 descendit
1594 1077 1735 1109 ordinate
1760 1087 1778 1109 a
1810 1079 1964 1119 superiori
1989 1079 2029 1111 ad

1079 1127 1223 1165 inferius,
1249 1128 1290 1160 ita
1315 1128 1399 1169 quod
1416 1128 1578 1170 plenitudo
1603 1130 1695 1162 estin
1721 1131 1849 1162 Summo
1867 1131 2029 1169 Pontifice3

1079 1180 1149 1212 ideo
1173 1184 1275 1222 potest
1298 1181 1424 1214 auferre
1448 1191 1516 1214 eam
1541 1186 1572 1214 et
1595 1185 1796 1223 potestatem,
1822 1193 1902 1225 quae
1927 1194 2031 1216 conse-

1079 1233 1193 1275 quitur
1218 1234 1335 1274 ipsam.
1358 1235 1444 1266 Unde
1461 1238 1562 1276 potest
1582 1237 1885 1269 excommunicando
1905 1238 2030 1269 auferre

1080 1290 1263 1328 potestatem
1288 1287 1470 1320 absolvendi
1495 1292 1525 1320 et
1549 1289 1860 1328 excommunicandi,
1886 1290 1940 1322 sed
1969 1299 2030 1322 nou

1079 1339 1255 1371 ordinandi.

1167 1393 1196 1424 li.
1224 1392 1257 1424 Et
1280 1402 1337 1434 per
1362 1393 1419 1425 hoc
1443 1397 1528 1435 patet
1552 1394 1712 1435 responsio
1741 1395 1780 1427 ad
1805 1395 1904 1427 multa
1928 1398 1957 1427 et
1990 1396 2030 1428 ad

1079 1454 1214 1486 sequens
1230 1446 1333 1478 etiam.
1356 1447 1444 1487 Quod
1462 1447 1545 1479 enim
1569 1447 1725 1486 obiicitur,
1747 1448 1831 1489 quod
1848 1448 1879 1480 in
1900 1449 2030 1480 Summo

1079 1498 1224 1530 Pontifice
1241 1501 1288 1530 est
1311 1499 1473 1540 plenitudo
1498 1500 1675 1540 potestatis;
1700 1509 1812 1532 verum
1837 1504 1896 1539 est,
1922 1510 2029 1533 secun-
2044 1508 2174 1529 Notandum.

1079 1551 1155 1582 dum
1173 1551 1257 1592 quod
1274 1554 1411 1592 potestas
1424 1552 1633 1594 consequitur
1652 1552 1927 1592 iurisdietionem,
1950 1562 2030 1595 quae

1081 1603 1219 1635 maxima
1244 1607 1273 1636 et
1297 1604 1327 1635 in
1353 1604 1486 1635 termino
1508 1608 1554 1636 est
1580 1605 1609 1636 in
1639 1614 1688 1643 eo,
1714 1605 1767 1637 sed
1794 1615 1855 1637 non
1881 1606 1910 1637 in
1936 1615 2031 1648 quan-

1081 1660 1146 1688 tum
1174 1657 1323 1698 sequitur
1352 1656 1597 1695 characterem,
1627 1658 1701 1698 quia
1730 1658 1782 1690 ille
1808 1659 1986 1691 immediate
2014 1669 2033 1691 a

1078 1709 1141 1741 Deo
1166 1709 1358 1749 imprimitur
1383 1713 1412 1741 et
1436 1713 1483 1741 est
1507 1710 1537 1741 in
1562 1710 1708 1742 omnibus
1740 1711 1897 1752 aequatis;
1927 1715 2032 1744 tamen

1078 1762 1239 1793 eacsecatz'o
1256 1763 1357 1794 omnis
1382 1762 1542 1803 potestatis
1560 1763 1652 1794 debet
1669 1763 1736 1795 fieri
1763 1764 1937 1795 secundum
1964 1764 2032 1796 eius

1078 1814 1232 1855 regimen,
1257 1818 1287 1846 et
1311 1814 1393 1853 ideo,
1419 1815 1442 1847 si
1461 1814 1527 1856 ipse
1553 1815 1731 1856 prohibeat,
1758 1824 1818 1847 non
1836 1820 1937 1857 potest
1964 1816 2032 1848 talis

1076 1869 1213 1907 potestas
1238 1866 1320 1899 licite
1344 1867 1432 1899 exire
1456 1867 1487 1898 in
1512 1871 1635 1905 actum3
1660 1871 1782 1907 tamen,
1807 1868 1881 1909 quia
1902 1870 1941 1900 ab
1967 1869 2033 1910 ipso

1077 1928 1137 1950 non
1162 1919 1317 1960 dependet
1342 1920 1517 1952 secundum
1549 1929 1616 1952 rem
1646 1920 1684 1953 de
1709 1920 1806 1960 facto,
1839 1922 1924 1960 facit,
1952 1922 2033 1954 sicut

1077 1976 1106 2004 et
1131 1972 1221 2004 alius.
1248 1973 1281 2004 Et
1305 1973 1349 2005 sic
1375 1977 1458 2014 patet
1482 1977 1581 2006 totum
1595 1974 1613 2005 ⁰.

923 2096 1106 2138 QUAESTIO
1130 2097 1174 2128 tlt.

462 2203 579 2235 Utrum
602 2203 807 2235 simoniacus
831 2203 1000 2245 episcopa-5
1025 2203 1168 2246 aliquem
1193 2204 1342 2236 ordinem
1362 2205 1467 2246 possit
1494 2205 1634 2236 oenclcrc.

150 2314 253 2346 Tertio
281 2314 456 2356 quaeritur,
488 2318 597 2346 utrum
630 2314 820 2347 simoniacus
850 2315 1016 2357 episcopus

68 2365 199 2406 aliquem
224 2366 325 2398 valeat
357 2367 499 2399 ordinem
526 2368 670 2400 vendere.
705 2367 739 2399 Et
763 2367 847 2408 quod
880 2367 942 2406 sic,
974 2367 1016 2399 vi-

68 2417 174 2449 detur:

158 2472 184 2502 l.
216 2472 367 2512 Quoniam
400 2472 475 2504 nihil
511 2472 706 2514 prohibetur,
740 2472 797 2505 nisi
831 2473 914 2514 quod
947 2472 1014 2504 fieri

0 2526 113 2555 „maest
136 2524 298 2565 possibile,
322 2525 459 2567 alioquin
485 2526 603 2557 frustra
626 2525 829 2567 prohibetur:
856 2525 910 2557 sed
935 2524 1014 2556 sacri

68 2575 182 2608 ordinis
211 2577 348 2609 venditio
381 2578 567 2619 prohibetur
588 2578 747 2609 —Causa
780 2578 899 2619 prima,
924 2586 1016 2619 quae-

67 2627 161 2660 stione
178 2629 302 2670 prima⁷
320 2630 461 2662 Calixtus
478 2630 637 2671 prohibet:
658 2631 881 2668 «Sanctorum,
899 2629 1014 2670 inquit,

68 2680 190 2713 Patrum
215 2683 360 2723 exempla
389 2687 572 2724 sequentes,
596 2682 736 2714 ordinari
767 2690 957 2724 quemquam
983 2682 1012 2713 in

68 2732 197 2765 Ecclesia
214 2734 267 2767 Dei
293 2735 340 2767 vel
360 2735 537 2776 promoveri
555 2743 611 2776 per
630 2734 808 2776 pecuniam,
830 2734 1014 2766 auctoritate

68 2785 147 2817 sedis
176 2787 362 2828 apostolicae
396 2787 496 2819 modis
527 2787 673 2819 omnibus
705 2787 941 2827 prohibemus»
972 2804 1014 2809 —-

68 2845 139 2878 ergo
162 2843 217 2871 etc.

153 2892 182 2923 Ξ.
207 2892 298 2931 Item,
315 2892 399 2934 quod
424 2895 525 2934 potest
542 2892 657 2924 furtive
681 2892 777 2933 accipi
804 2895 904 2933 potest
921 2892 1012 2923 etiam

1081 2315 1213 2356 pecunia
1237 2315 1297 2346 emi
1316 2318 1345 2347 et
1370 2315 1480 2353 vendi;
1507 2316 1561 2347 sed
1587 2316 1664 2348 ordo
1681 2325 1768 2348 sacer
1794 2319 1893 2357 potest
1918 2317 2031 2349 furtive

1081 2368 1196 2409 accipi,
1221 2368 1301 2400 sicut
1325 2368 1440 2400 dicitur
1467 2369 1591 2406 Extra,
1617 2369 1655 2401 de
1674 2369 1713 2400 Eo
1738 2370 1790 2410 qui
1812 2369 1927 2401 furtive
1952 2370 2033 2401 ordi-

1081 2429 1152 2452 nem
1178 2420 1348 2461 suscepitss,
1371 2420 1424 2452 ubi
1459 2430 1531 2453 cum
1564 2421 1608 2453 eis
1637 2421 1846 2462 dispensatur,
1880 2422 1903 2454 si
1934 2422 2033 2463 ingre-

1081 2472 1207 2504 diantur
1234 2472 1430 2514 religionem,
1456 2473 1539 2514 quod
1566 2476 1696 2514 possunt
1720 2473 1749 2505 in
1776 2474 1928 2515 susceptis
1952 2474 2033 2506 ordi-

1080 2525 1173 2557 nibus
1199 2525 1391 2557 ministrare:
1419 2535 1493 2566 ergo
1517 2530 1574 2558 etc.

1169 2577 1197 2608 3.
1223 2577 1315 2616 Item,
1347 2577 1423 2609 illud
1457 2578 1539 2619 quod
1569 2578 1598 2609 in
1632 2578 1770 2610 humana
1801 2579 2031 2620 dispensatione

1079 2629 1232 2667 consistit,
1256 2633 1357 2670 potest
1380 2630 1439 2661 emi
1458 2633 1487 2662 et
1505 2630 1613 2668 vendi,
1639 2630 1718 2662 sicut
1743 2631 1835 2662 etiam
1861 2631 2031 2663 liberaliter

1080 2681 1249 2713 ministrari
1263 2682 1291 2718 Ως
1316 2682 1369 2714 sed
1388 2682 1534 2713 ordinum
1561 2682 1683 2714 collatio
1707 2683 1737 2714 in
1756 2683 1894 2715 humana
1912 2684 2032 2725 dispen-

1079 2734 1198 2765 satione
1222 2734 1380 2765 consistit:
1407 2743 1481 2775 ergo
1505 2739 1606 2776 potest
1630 2735 1691 2766 emi
1715 2738 1745 2767 et
1770 2735 1878 2767 vendi:
1905 2745 1978 2777 ergo
1996 2736 2032 2768 si-

1080 2786 1220 2818 moniace
1245 2786 1323 2818 dari.

1167 2839 1196 2870 lt.
1223 2839 1313 2877 item,
1332 2839 1494 2871 character
1512 2839 1630 2872 ordinis
1655 2843 1715 2872 stat
1733 2849 1804 2872 cum
1830 2844 2032 2882 quantacum-

1080 2900 1141 2932 que
1166 2891 1258 2932 culpa
1283 2895 1313 2923 et
1337 2891 1472 2929 malitia,
1497 2901 1571 2933 ergo
1595 2895 1626 2923 et
1651 2896 1786 2933 potestas
1810 2893 1976 2925 ordinandi
2002 2897 2031 2925 et

139 3067 147 3083 ¹
166 3068 214 3093 Ctr.
235 3076 314 3100 supra
334 3069 358 3094 d.
380 3069 404 3094 5.
426 3074 450 3095 et
470 3069 495 3094 d.
519 3070 559 3094 113.
581 3074 631 3095 tam
659 3071 682 3094 in
704 3070 737 3095 lit.
759 3070 871 3101 Magistri
892 3077 970 3101 quam
991 3071 1016 3094 iu

69 3109 209 3137 Comment.
229 3126 263 3131 —
282 3113 337 3138 Mox
357 3120 404 3144 pro
424 3113 638 3139 illustrissimum
666 3114 753 3144 plures
773 3114 850 3139 codd.
876 3113 1016 3146 superillu-

68 3153 236 3181 stris-simum.

137 3198 147 3214 ‘²
167 3200 197 3224 Ut
215 3203 346 3225 ostensum
367 3205 405 3226 est
432 3208 509 3232 supra
530 3201 555 3226 d.
586 3202 627 3225 22.
647 3208 670 3225 a.
692 3202 716 3225 2.
738 3208 762 3232 q.
784 3202 807 3225 2.
827 3215 860 3218 —
881 3201 1016 3233 Aliquanto

70 3243 187 3272 superius
206 3250 253 3274 pro
271 3250 325 3269 non
344 3245 381 3270 est
401 3244 460 3269 edd.
481 3251 534 3269 nort
554 3243 657 3276 confert
674 3244 801 3277 aralium.

139 3284 150 3301 ³
169 3287 226 3311 Scit.
247 3288 305 3319 quia
326 3289 469 3313 necessaria
488 3288 634 3313 benedictio
654 3288 702 3312 olei
717 3287 794 3313 dubia
809 3295 865 3313 esse
879 3292 969 3319 potest.
984 3303 1017 3306 —

69 3327 194 3359 Superius
213 3337 259 3361 pro
278 3333 384 3364 praeter
402 3331 478 3357 illam
498 3331 554 3356 cod.
575 3331 594 3356 U
612 3332 720 3363 praeter
738 3331 814 3357 illud.

139 3371 149 3388 ⁴
168 3373 217 3398 Ctr.
237 3374 265 3399 C.
292 3374 445 3401 Secundum
474 3374 605 3401 Ecclesiae
634 3374 778 3401 catholicae
797 3376 853 3407 (8.),
874 3375 898 3400 d.
924 3376 961 3400 19.

1151 3069 1162 3086 5
1182 3070 1246 3095 Vide
1267 3077 1345 3101 supra
1366 3069 1392 3094 d.
1419 3070 1456 3093 13.
1476 3076 1498 3094 a.
1523 3070 1541 3094 1.
1563 3076 1587 3101 q.
1613 3070 1631 3093 l.
1652 3069 1683 3094 ad
1703 3069 1733 3100 7,
1755 3069 1780 3094 d.
1811 3070 1847 3094 ts.
1869 3077 1892 3100 p.
1914 3070 1938 3094 11.
1960 3077 1984 3101 q.
2005 3071 2030 3095 3.

1081 3116 1106 3138 ct
1125 3113 1148 3138 d.
1175 3114 1212 3138 li).
1232 3121 1254 3138 a.
1276 3115 1298 3138 -2,
1319 3121 1345 3144 q.
1368 3114 1390 3137 2.

1151 3157 1161 3173 ⁶
1183 3157 1246 3181 Vide
1266 3157 1381 3181 scholion
1401 3156 1434 3181 ad
1455 3156 1652 3187 praecedentem
1673 3160 1770 3188 quaest.

1152 3201 1162 3217 ⁷
1181 3200 1242 3225 Can.
1264 3201 1303 3225 lO.
1324 3200 1386 3226 Cod.
1407 3208 1435 3225 aa
1456 3208 1516 3225 cum
1537 3204 1603 3226 textu
1625 3201 1741 3232 originali
1762 3204 1820 3232 post
1839 3203 1974 3234 sequentes
1990 3201 2033 3226 ad-

1082 3245 1117 3270 dit
1137 3246 1161 3270 et
1179 3244 1258 3277 offleii
1276 3243 1363 3269 nostri
1381 3243 1463 3269 debito
1483 3243 1647 3270 iimocautes.

1151 3287 1162 3304 8
1182 3287 1251 3312 Libr.
1274 3289 1303 3312 V.
1324 3289 1358 3312 tit.
1380 3288 1427 3318 30,
1447 3287 1491 3312 ubi
1512 3289 1535 3312 in
1557 3288 1638 3313 tribus
1658 3295 1714 3320 cap.
1736 3290 1798 3314 haec
1823 3290 1946 3315 sententia
1966 3289 2033 3314 exhi-

1081 3332 1164 3357 betur.
1185 3332 1234 3356 Ct'r.
1255 3332 1317 3356 intre
1338 3331 1400 3356 dub.
1426 3332 1446 3356 1.

1153 3375 1163 3391 ⁹
1182 3375 1244 3401 Cod.
1265 3382 1294 3400 aa
1315 3376 1405 3407 allegat
1426 3376 1443 3400 l.
1460 3375 1518 3401 Cor.
1535 3375 1564 3407 4,
1581 3377 1607 3401 t:
1630 3375 1675 3402 Sic
1687 3383 1735 3402 nos
1749 3376 1879 3403 etz-istum
1892 3377 1969 3403 homo
1983 3380 2032 3403 etc.
