2483 3882
429 207 493 239 408

431 295 662 331 stificationem3
679 293 732 325 sed
752 293 811 324 hoc
828 301 889 323 non
906 294 1002 328 esset,
1020 290 1078 322 nisi
1096 289 1134 321 de
1152 289 1204 320 illo
1223 292 1382 320 teneretur

430 347 604 389 poenitere:
631 355 705 386 ergo
729 349 786 376 etc.
813 344 850 375 Si
872 347 908 375 tlt
932 335 1037 380 (lictis,
1062 342 1146 383 quod
1172 341 1207 373 in
1234 340 1384 383 generali

430 404 572 437 tenetur3
591 399 648 430 hoc
673 407 732 429 non
764 396 869 434 solvit,
886 395 960 436 quia
985 395 1014 426 in
1041 394 1179 435 generali
1203 403 1265 425 non
1290 393 1382 431 latet,

430 453 525 484 immo
550 451 682 493 quilibet
706 450 799 481 debet
823 452 987 490 reputare,
1004 456 1036 480 se
1054 447 1151 479 fuisse
1176 450 1380 488 peccatorem.

520 505 549 537 3.
575 505 667 540 Item,
692 502 777 544 quod
810 505 954 534 teneatur
989 501 1024 532 in
1059 500 1212 541 speciali,
1238 500 1381 532 videtur:

430 558 503 599 quia
527 557 551 589 εἰ
578 565 637 588 non
657 559 739 587 esset
755 554 888 592 oblitus‚
914 557 1075 586 teneretur
1092 553 1253 594 poenitere
1271 552 1299 584 in
1318 561 1384 593 spe-

430 610 516 642 ciali:
543 618 617 649 ergo
653 607 845 648 est0,·quod
881 616 922 639 ex
959 606 1053 648 culpa
1084 606 1230 639 inciderit
1256 605 1284 637 in
1309 605 1385 636 obli-

429 662 553 694 vionem
577 665 607 693 et
631 670 672 693 ex
696 660 901 702 negligentia,
927 659 951 691 si
988 668 1055 691 nont
1086 662 1227 700 reportat
1251 667 1385 691 commo-

430 715 505 747 dum
532 714 571 746 de
596 713 756 751 malitia¹⁹
781 713 886 745 adbuc
911 716 1044 744 tenetur.

520 768 609 805 Item,
635 775 771 808 quaem,
795 766 872 807 quid
897 765 936 797 sit
971 765 1089 797 conteri
1126 765 1192 797 sive
1225 764 1385 806 poenitere

271 831 373 858 Quaestio
388 831 418 851 in-
433 822 467 853 in
489 820 645 863 peuerell.
672 820 701 851 Si
726 819 786 851 sub
811 818 1013 856 conditione,
1038 822 1089 850 ut:
1123 818 1232 856 doleo,
1257 817 1283 850 si
1309 817 1386 855 feci;

285 858 367 879 cidens.

431 873 574 906 similiter
610 876 711 914 potest
746 872 841 903 homo
876 871 1037 912 poenitere
1070 870 1109 902 de
1145 870 1194 903 his
1218 878 1299 912 quae
1323 878 1385 901 non

430 926 517 963 fecit.
543 926 623 958 sicut
647 925 686 957 de
712 925 760 957 his
784 933 865 966 quae
890 924 971 956 fecit.

523 979 666 1011 CONTRA:
695 980 722 1010 ’1.
748 978 866 1019 Aliquis
898 977 940 1009 ita
974 977 1092 1009 oblitus
1127 980 1190 1015 est„
1216 976 1299 1018 quod
1325 984 1387 1007 non

279 1036 536 1074 Fundamenta.l)otest
561 1032 734 1071 recordari,
770 1032 843 1073 quia
881 1031 1032 1063 memoria
1068 1039 1128 1062 non
1154 1033 1201 1062 est
1225 1030 1254 1061 in
1280 1032 1388 1060 nostra

431 1088 598 1127 potestate:
624 1093 699 1126 ergo
724 1084 747 1117 si
773 1093 833 1115 non
861 1086 984 1116 tenetur
1008 1083 1048 1114 ad
1072 1081 1300 1123 impossibile²‚
1325 1090 1386 1112 non

431 1142 556 1170 tenetur
580 1138 618 1169 ad
638 1137 833 1174 i·ecor[lctri‚·
850 1137 904 1169 sed
931 1145 990 1168 non
1017 1140 1118 1177 potest
1142 1135 1302 1176 poenitere
1327 1134 1386 1166 nisi

431 1191 470 1223 de
493 1191 601 1228 malis7
627 1199 707 1231 quae
731 1182 934 1222 recordatur:
960 1198 1035 1230 ergo
1060 1197 1116 1220 nec
1141 1188 1180 1220 de
1205 1187 1263 1220 his.

521 1245 549 1275 2.
575 1244 667 1282 item,
693 1243 717 1275 si
742 1243 814 1274 facit
850 1243 944 1274 bomo
980 1242 1064 1283 quod
1095 1241 1126 1273 in
1156 1250 1189 1273 se
1214 1244 1277 1279 est,
1303 1240 1388 1272 Deus

430 1297 503 1329 sac-it
527 1296 611 1337 quod
637 1297 665 1327 in
692 1304 724 1328 se
749 1300 810 1334 θεῖς
838 1295 891 1328 εθ(“ι
917 1294 1066 1336 possibile
1083 1298 1144 1333 est,
1170 1294 1265 1326 istum
1284 1293 1387 1325 facere

431 1349 515 1391 quod
541 1349 569 1380 in
596 1358 628 1381 se
653 1352 699 1380 est
724 1348 790 1380 sine
815 1348 1048 1380 recordatione:
1074 1355 1149 1388 ergo
1174 1346 1323 1387 possibile
1342 1349 1388 1378 est

431 1402 533 1434 facere
558 1402 640 1444 quod
666 1402 697 1433 in
722 1410 755 1433 se
780 1405 826 1434 est
851 1401 918 1433 sine
953 1400 1161 1442 poenitentia:
1192 1408 1268 1441 ergo
1292 1399 1388 1441 possi-

431 1455 494 1487 bile
518 1459 564 1487 θεῖ
589 1455 753 1487 iustificari
778 1455 844 1487 sine
869 1454 1072 1496 poenitentia:
1091 1462 1166 1495 ergo
1183 1462 1244 1485 non
1265 1456 1388 1485 tenetur

431 1509 600 1549 poenitere.

521 1561 549 1593 3.
576 1561 668 1600 item,
693 1561 806 1603 aliquis
831 1564 877 1593 est
902 1563 1033 1602 paratus
1058 1559 1166 1592 dolere
1184 1559 1223 1591 de
1239 1559 1388 1591 omnibus

431 1617 461 1646 et
486 1623 546 1646 non
571 1614 655 1646 dolet
680 1614 730 1646 vel
754 1614 891 1655 poenitet
909 1607 954 1645 'de
980 1613 1046 1651 his,
1070 1612 1128 1644 nisi
1155 1612 1229 1654 quia
1254 1621 1314 1643 non
1342 1621 1388 1644 re-

432 1667 598 1699 cordatur:
625 1676 699 1708 ergo
715 1666 831 1698 oblivio
850 1666 1028 1698 introducta
1045 1669 1092 1697 est
1109 1665 1386 1706 impedimentum:

432 1721 457 1752 si
482 1729 557 1762 ergo
583 1720 666 1752 dolet
691 1720 729 1752 de
765 1719 939 1757 oblivione,
976 1721 1159 1750 removetur
1184 1717 1388 1759 impedimen-

431 1777 517 1805 tum:
543 1782 618 1814 ergo
642 1773 841 1805 iustificatur.

520 1827 550 1859 lt.
576 1827 669 1865 Item⁷
693 1829 760 1858 esto
785 1825 869 1867 quod
906 1828 1006 1857 totum
1033 1824 1150 1856 oblitus
1173 1824 1216 1856 sit
1241 1824 1276 1855 in
1297 1834 1388 1866 yene-

431 1880 501 1911 rctli
524 1884 553 1911 et
573 1878 799 1921 particulari,
825 1878 899 1920 quia
934 1886 1098 1919 nunquam
1123 1877 1330 1915 recordatur,
1355 1885 1388 1909 se

432 1933 614 1972 offendisse3
631 1933 701 1965 talis
726 1941 786 1964 non
812 1935 913 1973 potest
937 1931 1097 1973 poenitere
1115 1939 1171 1962 nec
1193 1930 1222 1961 in
1248 1930 1387 1971 generali

432 1995 489 2019 nec
513 1986 543 2017 in
568 1985 705 2027 speciali.
730 1989 760 2017 et
784 1988 887 2017 tamen
914 1988 1015 2026 potest
1040 1983 1221 2022 iustificari,
1247 1983 1323 2025 quia
1340 1987 1387 2015 est

433 2039 533 2071 viator
564 2043 593 2071 et
618 2042 720 2080 potest
744 2038 918 2071 demereri:
944 2047 1019 2079 ergo
1044 2046 1105 2069 non
1134 2041 1274 2079 oportet,
1303 2037 1387 2079 quod

433 2092 472 2124 de
497 2092 558 2124 illis
583 2092 749 2133 poeniteat.

790 2187 1029 2212 CONCLUSIO.

434 2269 480 2301 De
500 2268 645 2310 peccatis
670 2267 854 2300 commissis
871 2271 900 2299 et
916 2266 1023 2299 oblitis
1047 2276 1174 2298 ⁴necesse
1196 2270 1243 2298 est
1266 2266 1393 2298 conteri

573 2322 607 2353 in
629 2321 792 2363 yeme-att,
817 2330 882 2352 ozon
907 2324 1018 2352 (tutem
1043 2320 1078 2351 in
1101 2319 1247 2361 speciali.

528 2411 728 2442 Responnno:
764 2409 957 2447 Dicendum,
994 2408 1078 2450 quod
1114 2408 1231 2440 oblitus
1255 2411 1311 2440 aut
1345 2410 1392 2440 est

304 2471 423 2493 Distinetio.
444 2464 561 2496 oblitus
594 2463 743 2500 omnine,
780 2462 823 2494 ita
851 2462 936 2504 quod
969 2471 1029 2493 non
1062 2461 1249 2493 recordatur
1272 2470 1330 2493 nec
1362 2460 1392 2492 in

1192 200 1475 233 SENTENTIARUM
1501 199 1568 231 ΗΒ.
1594 200 1641 231 [V.

1447 287 1585 328 generali
1611 295 1667 319 nec
1693 287 1722 318 in
1748 286 1892 328 speciali,
1918 291 1973 319 aut
2000 291 2048 320 est
2063 288 2180 320 oblitus
2198 288 2232 320 in
2248 289 2393 330 speciali,

1448 339 1502 371 sed
1528 344 1630 372 tamen
1656 340 1691 371 in
1711 339 1862 381 1ᾳθηθναίί
1885 340 2082 373 recordatur.
2099 341 2231 382 Quando
2255 345 2302 374 est
2325 343 2399 376 obli-

1448 396 1499 424 tus
1523 393 1557 423 in
1580 392 1735 434 spectati,
1760 396 1863 424 tamen
1881 393 2069 425 recordatur
2086 393 2121 425 in
2136 394 2304 435 qaum-ati,-
2320 395 2397 436 dico,
2411 403 2469 427 conc·

1447 445 1531 486 quod
1557 449 1682 477 tenetur
1717 445 1878 487 poenitere
1913 449 1943 478 et
1978 446 2097 478 conteri
2123 446 2155 478 in
2178 448 2329 489 yeneralt
2360 450 2398 482 de

1448 498 1636 540 negligentia
1660 507 1735 537 sua,
1764 502 1894 540 propter
1931 508 2025 541 quam
2051 499 2136 531 venit
2160 500 2191 532 in
2216 500 2300 532 illam
2326 501 2399 534 obli-

1448 551 1590 589 vionem;
1615 555 1645 583 et
1669 555 1794 583 tenetur
1818 551 1921 583 facere
1945 551 2029 593 quod
2054 552 2085 583 in
2101 561 2136 584 se
2160 556 2223 591 est,
2249 557 2283 585 ut
2300 563 2400 587 recor-

1449 604 1542 636 detur
1567 603 1601 635 in
1624 603 1762 645 speciali
1797 604 1845 636 vel
1882 613 1937 645 per
1973 605 2247 646 recogitationem,
2272 606 2321 639 vel
2346 616 2400 649 per

1448 656 1632 689 orationem.
1656 676 1699 679 —
1724 657 1753 688 Si
1773 661 1883 691 ¹autem
1909 658 1949 690 sit
1980 658 2112 690 omnino
2137 658 2271 697 oblitus,
2295 660 2398 694 adhuc
2412 665 2481 693 eonem

1449 713 1573 742 tenetur
1598 702 1777 742 conteriin
1799 710 1957 752 qenerctli.
1983 729 2026 734 -—
2059 711 2094 743 Et
2118 720 2194 744 voco
2219 713 2345 745 conteri
2367 713 2401 745 iu

1447 762 1598 804 yenerctli
1620 771 1681 794 non
1698 762 1759 794 sub
1781 763 1983 801 conditione,
2001 764 2055 796 sed
2078 764 2138 796 sub
2163 765 2402 798 existimatione

1447 815 1623 857 probabili.
1659 815 1757 848 Debet
1792 815 1874 848 enim
1901 816 1996 848 homo
2027 816 2234 857 probabiliter
2257 819 2402 860 credere,
2468 823 2470 847 i

1451 869 1535 910 quod
1560 869 1591 900 in
1617 869 1725 901 multis
1748 869 1913 907 offendit³,
1937 879 2073 911 quorum
2107 879 2168 902 non
2201 872 2402 912 recordatur3
2468 871 2471 896 ¹

1451 926 1481 954 et
1505 924 1531 953 sl
1555 930 1595 953 ex
1620 922 1679 954 hac
1703 921 1935 954 existimatione
1965 922 2086 961 doleat,
2122 923 2203 955 sicut
2238 924 2263 956 si
2300 929 2404 959 certus

1451 977 1550 1013 esset,
1575 975 1728 1006 contritus
1764 977 1811 1007 est
1839 978 1869 1007 et
1893 976 2065 1016 poenitens.
2101 995 2146 999 —
2182 977 2404 1011 Concedendae

1452 1031 1525 1059 sunt
1549 1027 1645 1069 igitur
1670 1028 1806 1060 rationes
1832 1032 2059 1068 monstrantes,
2083 1030 2167 1071 quod
2193 1039 2253 1062 non
2286 1034 2333 1063 est
2357 1040 2406 1064 ne-

1452 1088 1538 1112 cesse
1574 1080 1691 1112 conteri
1728 1080 1760 1112 in
1795 1081 1921 1122 speciali
1960 1082 2026 1113 sive
2062 1082 2230 1123 poenitere.
2267 1101 2309 1106 —-
2345 1083 2404 1116 Nec
2418 1086 2466 1135 Add‘

1453 1132 1535 1164 valet
1572 1133 1651 1165 illud
1675 1133 1760 1174 quod
1795 1133 1932 1165 ultimo*
1958 1135 2145 1176 opponitur,
2179 1136 2262 1177 quod
2289 1145 2346 1168 nec
2370 1136 2404 1168 in

1450 1185 1601 1226 yenerctlz‘
1624 1190 1758 1224 tenetur,
1783 1186 1858 1228 quia
1883 1190 1981 1218 totum
2007 1191 2053 1219 est
2070 1187 2196 1220 oblitus.
2221 1188 2296 1220 Dico
2312 1189 2404 1228 enim,

1452 1239 1537 1280 quod
1563 1243 1681 1277 totum,
1706 1239 1791 1281 quod
1826 1243 1873 1271 est
1908 1239 2025 1271 oblitus
2050 1240 2331 1280 certitudinaliter‚
2357 1250 2407 1282 po-

1453 1295 1512 1324 test
1535 1300 1723 1333 cognoscere
1748 1291 1965 1333 probabiliter.

1545 1346 1571 1376 l.
1596 1345 1640 1377 Ad
1665 1344 1744 1376 illud
1769 1353 1845 1377 vero
1870 1345 1954 1387 quod
1979 1345 2127 1378 obiicitur
2150 1346 2190 1378 ad
2215 1346 2404 1388 oppositum,
2430 1349 2483 1398 ⁸⁰³3*

1452 1398 1537 1439 quod
1561 1401 1684 1440 oportet
1707 1398 1905 1440 specialiter,
1931 1408 1987 1440 per
2012 1399 2114 1431 simile
2138 1399 2177 1432 de
2202 1400 2321 1432 furioso
2330 1413 2338 1439 3
2364 1409 2409 1433 re·
2421 1382 2461 1403 ⁹⁰⁵¹
2474 1385 2483 1407 ᾧ

1452 1451 1578 1492 sponsio
1603 1455 1666 1490 est,
1691 1452 1795 1493 quod5
1820 1451 1961 1484 furiosus
1982 1452 2244 1493 nec'generaliter
2269 1463 2325 1486 nec
2343 1463 2408 1496 spe-

1452 1504 1573 1536 cialiter
1598 1508 1699 1545 potest
1721 1505 1899 1545 poenitere;
1925 1508 1956 1537 et
1989 1505 2097 1538 nullus
2126 1498 2317 1538 iustificatur
2341 1507 2407 1539 sine

1452 1557 1643 1598 poenitentia
1667 1557 1717 1589 vel
1742 1557 1772 1589 in
1797 1557 1952 1599 generali.
1979 1558 2027 1590 vel
2054 1559 2083 1590 in
2109 1559 2246 1600 speciali.

1542 1611 1571 1641 Ξ.
1596 1610 1638 1642 Ad
1665 1610 1744 1642 illud
1769 1610 1853 1652 quod
1879 1610 2043 1650 obiicitur,
2068 1612 2152 1653 quod
2180 1615 2342 1653 peccatum
2368 1612 2408 1644 la·
2477 1646 2479 1654 Α

1454 1667 1521 1695 tens
1546 1663 1677 1705 impedit
1700 1663 1989 1705 irtistificcttionenm
2022 1664 2209 1704 dicendum,
2247 1666 2332 1707 quod
2355 1665 2408 1698 fal-
2421 1658 2483 1707 ⁸⁰¹³*

1453 1726 1522 1749 sum
1549 1721 1612 1755 θεῖ,
1639 1716 1757 1748 immo6
1781 1717 2010 1749 certitudinem
2043 1717 2308 1759 iustificationis,
2335 1720 2408 1760 quia
2478 1711 2479 1715 ¹

1453 1779 1513 1801 non
1539 1773 1586 1802 est
1610 1774 1716 1802 certus
1741 1769 1779 1802 de
1804 1770 1940 1808 iustitia,
1976 1778 2012 1802 eo
2037 1770 2122 1812 quod
2147 1780 2207 1802 non
2233 1774 2280 1803 est
2304 1775 2408 1804 certus

1453 1822 1492 1854 de
1517 1822 1620 1864 culpa.

1542 1875 1570 1907 3.
1595 1875 1639 1908 Ad
1664 1875 1743 1908 illud
1769 1876 1853 1917 quod
1871 1875 2033 1915 obiicitur,
2057 1877 2143 1918 quod
2166 1881 2306 1918 reportat
2330 1886 2409 1910 com-

1454 1929 1602 1968 modum3
1639 1929 1824 1967 (luendum,
1860 1929 1945 1971 quod
1982 1929 2096 1962 falsum
2129 1933 2193 1969 est,
2219 1931 2293 1972 quia
2317 1931 2409 1963 debet

1453 1981 1561 2014 dolere
1586 1981 1614 2013 in
1640 1982 1778 2023 generali
1804 1982 1843 2014 de
1867 1982 1928 2014 illis
1953 1986 1983 2015 et
1999 1986 2164 2024 praeterea
2182 1983 2220 2016 de
2238 1984 2408 2023 oblivione3

1453 2037 1484 2066 et
1508 2035 1646 2072 ilerum,
1683 2034 1812 2076 gravius
1848 2035 1980 2076 punitur
2014 2045 2032 2067 a
2057 2035 2137 2075 Deo,
2163 2045 2259 2078 quam
2291 2037 2315 2069 si
2349 2046 2409 2069 non

1453 2088 1564 2121 fuisset
1588 2088 1722 2127 oblitus,
1748 2092 1850 2120 tamen
1878 2089 1928 2120 via
1960 2088 2071 2121 salutis
2096 2098 2156 2121 non
2182 2090 2409 2131 praecluditur.

1543 2141 1693 2173 Ultimum
1719 2141 1757 2174 de
1782 2141 1985 2183 generalitate
2023 2146 2120 2183 patet:
2152 2143 2227 2184 quia
2247 2144 2409 2185 poenitere
2422 2143 2476 2191 ὴξῦξώ

1454 2194 1489 2226 in
1510 2194 1662 2236 qeneralt'
1684 2203 1746 2226 non
1770 2198 1817 2227 θεῖ
1839 2204 1898 2236 per
1923 2195 2140 2227 conditionem
2156 2196 2176 2234 ⁷,
2199 2196 2253 2229 sed
2270 2206 2331 2238 per
2347 2207 2411 2229 cer-
2482 2196 2483 2202 ¹

1456 2247 1629 2279 titudinem
1654 2247 1693 2279 de
1718 2247 1853 2288 peccatis
1885 2248 2079 2287 commissis,
2105 2249 2179 2291 quia
2203 2250 2277 2288 scit,
2303 2259 2335 2282 se
2360 2250 2411 2282 ali-

1455 2299 1582 2341 quando
1606 2308 1770 2341 peccasse,
1796 2300 1850 2332 sed
1887 2305 1991 2332 tamen
2028 2310 2088 2333 non
2115 2301 2241 2341 recolit,
2267 2311 2328 2344 quo
2346 2311 2411 2344 pec-

1456 2357 1542 2391 cat03
1578 2357 1633 2385 aut
1668 2362 1724 2395 per
1756 2354 2038 2395 praesumtionem
2073 2354 2295 2396 proba-bilem,
2332 2364 2411 2398 quae

1457 2406 1627 2448 aliquando
1651 2410 1773 2439 tantum
1792 2407 1933 2439 dolorem
1959 2411 2088 2448 generat
2111 2408 2142 2440 in
2165 2409 2308 2448 homine,
2333 2410 2412 2442 sicut

1457 2460 1614 2492 certitudo
1640 2461 1775 2502 peccati,
1800 2463 1830 2492 et
1855 2461 2041 2493 tantundem
2067 2461 2150 2493 valet
2165 2461 2184 2493 Β.

2466 415 2483 432 Γὸ

2474 1095 2482 1111 =

2478 1825 2480 1875 l

1249 2598 1515 2636 ARTICULUS
1544 2599 1602 2635 111.

894 2708 939 2739 De
960 2706 1160 2748 poenitentia
1183 2711 1255 2748 post
1280 2706 1492 2747 baptismum,
1518 2715 1602 2748 quae
1626 2709 1671 2737 est
1695 2706 1733 2737 (le
1759 2705 1951 2738 ventalibus.

524 2828 757 2868 Consequenter
793 2831 946 2869 quantum
983 2828 1021 2859 ad
1059 2827 1186 2859 tertium
1219 2827 1390 2859 articulum

436 2881 601 2922 quaeritur
626 2882 664 2913 de
689 2881 878 2922 poenitentia
903 2880 1083 2912 venialium.
1108 2880 1196 2912 Circa
1214 2889 1309 2922 quam
1328 2880 1391 2912 duo

436 2937 644 2975 quaeruntur.
1238 2946 1239 2949 ¹

1545 2827 1647 2858 Primo
1672 2827 1836 2868 quaeritur
1861 2827 1899 2858 de
1925 2827 2066 2868 periculo
2092 2828 2203 2859 morbi.

1545 2879 1688 2911 Secundo
1713 2888 1788 2911 vero
1813 2879 1851 2911 de
1876 2880 2059 2912 necessitate
2085 2881 2226 2913 remedii.

506 3085 513 3100 ¹
536 3085 585 3110 Cl'r.
606 3093 685 3117 supra
706 3092 766 3117 pag.
792 3086 848 3117 103,
868 3088 928 3110 nota
951 3085 991 3110 ll.

505 3129 515 3144 ‘2
535 3129 683 3154 Secundum
698 3130 815 3160 regulam
831 3130 893 3154 iuris
907 3136 986 3160 supra
1001 3136 1060 3160 pag.
1070 3128 1128 3160 234,
1139 3132 1198 3153 nota
1209 3128 1232 3153 6.
1245 3128 1389 3159 allegatam.

506 3171 516 3187 3
537 3172 601 3196 Vide
621 3179 700 3203 supra
720 3179 780 3204 pag.
802 3172 866 3204 407,
889 3175 947 3197 nota
968 3172 991 3197 ὃ
1012 3171 1093 3197 verba
1114 3171 1206 3197 lacobi.
1221 3186 1255 3189 —
1268 3171 1348 3197 Codd.
1371 3172 1389 3195 R

438 3216 484 3239 ST
505 3216 604 3241 addunt
624 3216 716 3241 Deum.
738 3217 843 3241 Interius
863 3220 921 3248 post
940 3216 1071 3242 contritus
1084 3217 1122 3242 est
1136 3216 1192 3241 cod.
1212 3216 1231 3241 L
1251 3217 1343 3241 omittit
1357 3217 1388 3247 et,

438 3267 484 3291 pro
504 3267 556 3291 quo
576 3261 634 3285 cod.
657 3261 674 3284 E
695 3260 741 3286 rel.

507 3302 516 3318 4
536 3304 593 3327 Scit.
614 3305 638 3327 in
659 3304 774 3329 fundum.
790 3319 823 3322 —
837 3305 943 3330 lutei-ius
963 3308 1021 3336 post
1040 3304 1112 3338 qnod
1131 3305 1213 3330 totum
1229 3304 1304 3329 codd.
1319 3305 1391 3329 omit-

433 3350 493 3372 tunt
513 3346 583 3379 quoti
603 3348 648 3372 est.

1526 3083 1537 3099 ὃ
1557 3083 1581 3107 ln
1602 3083 1658 3108 cod.
1679 3084 1702 3108 X
1722 3084 1836 3109 secunda
1858 3091 1950 3109 manus
1970 3084 2069 3109 addidit
2088 3091 2143 3110 non
2163 3085 2200 3110 est
2220 3084 2313 3116 simile,
2336 3083 2405 3117 quia.

1526 3128 1536 3143 6
1557 3129 1633 3153 Sive:
1654 3128 1761 3159 impedit
1781 3129 1872 3153 solum.

1527 3172 1537 3188 ⁷
1557 3173 1619 3197 (lod.
1640 3173 1659 3197 U
1679 3179 1733 3198 iton
1753 3174 1790 3198 est
1812 3173 1946 3206 poenitere
1965 3172 2013 3198 sub
2033 3172 2190 3199 conditione.
2212 3173 2267 3198 Mox
2287 3175 2345 3204 post
2362 3171 2407 3197 sed

1457 3217 1511 3242 Vat.
1532 3216 1603 3241 addit
1622 3218 1677 3242 sint.
1698 3218 1803 3242 Inferius
1824 3224 1871 3249 pro
1889 3216 2050 3250 probabilem
2072 3219 2095 3242 in
2116 3217 2192 3242 codd.
2214 3217 2331 3248 plurimis
2349 3215 2405 3241 sub-

1454 3261 1566 3285 stituitur
1583 3260 1708 3293 probare,
1732 3262 1755 3285 in
1776 3261 1816 3286 ed.
1842 3262 1846 3285 1
1871 3262 1955 3294 potest
1972 3260 2097 3294 probare.

1524 3304 1535 3320 ²³
1556 3305 1620 3329 Vide
1641 3305 1755 3330 scholion
1776 3305 1807 3330 ad
1829 3305 2027 3336 praecedentem
2047 3308 2146 3338 quaest.
