2483 3882
0 1125 24 1147 si-

0 2755 207 2787 11³·eontuncti0
223 2756 251 2794 ³3

649 237 743 269 DlST.
768 237 867 269 xxix.
891 237 972 270 ΛΒΤ.
999 236 1128 270 UNlCUS
1153 237 1304 278 QUAEST.
1330 237 1362 269 ll.

105 330 140 354 111.
160 328 232 354 Circa
245 328 397 353 solutionem
414 327 437 351 3.
452 326 609 358 quaestionis
622 332 713 350 omnes
726 327 890 352 conveniunt.
905 326 981 358 Quod
1001 332 1007 335 “

37 377 119 401 autem
138 374 161 397 in
181 372 255 397 solut.
275 371 307 396 ad
328 371 351 396 3.
371 370 557 396 determinatur
576 369 607 394 de
628 371 752 401 potestate
778 370 878 394 Summi
898 370 982 395 Ponti-

37 418 100 448 ficis,
125 415 194 448 quod
218 415 298 446 possit
322 415 472 446 praecipere
498 414 699 444 acceptationem
724 414 905 445 episcopatus,
932 414 981 438 noc

37 460 160 494 approbat
179 460 203 485 S.
224 459 337 484 Thomas
358 457 433 490 (locis
453 458 504 483 citt.
526 464 548 482 a.
575 457 598 482 [1.
625 457 658 482 ad
678 456 705 488 [ις
725 464 748 482 a.
768 458 791 482 (3.
812 457 844 482 ad
866 457 914 489 4.),
934 457 980 482 sed

37 505 69 532 ibi
82 510 130 530 non
144 504 201 528 facit
215 503 372 527 mentionem
387 501 419 526 de
434 501 474 526 illa
493 501 666 532 restrictione,
683 507 762 533 quam
783 501 854 532 ponit
874 501 978 531 Bonav.,

1932 239 1992 271 701

1044 326 1140 350 scilicet
1159 325 1190 350 de
1210 332 1240 350 eo
1262 326 1305 358 qui
1326 325 1531 350 insufficientiam
1551 332 1624 350 suam
1645 326 1691 350 scit
1721 329 1746 351 et
1774 326 1917 357 periculum
1947 327 1998 350 ani-

1045 376 1102 394 mae
1121 376 1183 394 suae
1202 369 1385 395 rationabiliter
1405 370 1484 394 timet.

1116 413 1151 438 De
1171 413 1225 445 ipsa
1246 414 1395 445 quaestione
1415 416 1517 444 praeter
1535 413 1562 437 S.
1575 413 1682 438 'l‘lioan
1697 414 1772 445 Srot.⁷
1794 414 1841 438 loc.
1862 414 1901 438 cit.
1914 420 1939 438 11.
1956 414 1996 438 ta.

1045 471 1078 474 —
1098 457 1124 482 Β.
1145 456 1253 488 Α11161’1.,
1273 464 1352 488 supra
1373 457 1396 482 d.
1418 457 1459 482 28.
1480 465 1501 482 a.
1523 456 1545 481 4.
1565 471 1594 474 -
1608 457 1672 482 Petr-
1693 465 1705 482 a
1727 457 1794 489 Tar„
1814 458 1854 483 liic
1874 464 1896 482 a.
1921 457 1943 482 li.
1963 471 1999 476 —

1044 501 1164 526 Richard.
1185 508 1197 526 a
1218 501 1291 533 Med,
1313 502 1353 526 iiic
1373 508 1396 526 a.
1420 502 1442 526 t.
1462 508 1486 533 q.
1507 501 1530 526 t.

897 617 969 657 QUA
975 616 1080 648 ESTIO
1097 616 1130 647 11.

98 730 212 762 Utrum
238 728 440 760 consentiens
464 728 499 759 in
522 727 710 760 *renitentem
732 733 861 770 ,qeneret
884 727 949 759 sibi
969 728 1236 769 praeiudicium,
1262 732 1299 760 ut
1320 738 1386 760 non
1407 728 1512 770 possit
1535 738 1610 760 cum
1635 728 1701 761 citio
1726 728 1928 760 contrahere.

119 853 260 886 Secundo
285 853 465 895 quaeritur,
495 856 603 884 utrum
628 853 824 885 consentiens
849 852 878 883 in
904 852 982 884 reni-

37 911 146 940 tentem
172 909 298 947 generet
322 905 380 937 sibi
397 905 645 947 praeiudicium,
663 909 699 936 ut
715 913 775 936 non
793 905 890 946 possit
907 913 978 936 cum

36 961 93 994 alio
117 959 300 992 contrahere
325 958 571 990 matrimonium.
598 958 632 990 Et
655 958 740 999 quod
757 958 818 996 sic,
837 957 978 989 videtur:

123 1013 148 1044 1.
174 1012 252 1053 Quia
282 1010 529 1052 «unusquisque
553 1014 654 1052 potest
678 1010 901 1042 abrenuntiare
918 1009 978 1041 iuri

36 1065 163 1102 su01»;
188 1064 240 1096 sed
267 1064 306 1096 de
330 1064 399 1096 inre
423 1063 673 1104 uniuscuiusque
696 1066 760 1101 est,
782 1063 865 1104 quod
883 1062 981 1104 possit

35 1119 64 1151 in
87 1117 178 1149 aliam
202 1125 368 1158 personam
394 1115 665 1148 matrimonialiter
690 1115 883 1152 consentire:
907 1115 980 1147 huic

34 1175 134 1204 autem
159 1170 219 1202 iuri
245 1170 338 1202 homo
362 1169 537 1208 renuntiat,
559 1178 632 1201 cum
649 1168 700 1200 alii
718 1177 775 1210 per
792 1177 979 1200 consensum

35 1233 65 1258 se
88 1223 217 1265 obligat:
243 1223 267 1255 si
285 1231 360 1264 ergo
384 1223 438 1264 qui
463 1222 615 1255 consentit
632 1221 661 1253 in
680 1221 813 1254 invitum
839 1230 896 1253 suo
918 1220 979 1252 iuri

35 1276 204 1314 renuntiat,
229 1278 313 1316 patet
337 1278 395 1307 etc.

118 1330 147 1361 2.
171 1328 264 1366 ltem,
296 1330 433 1369 potestas
464 1327 583 1369 proprii
615 1326 756 1368 corporis
791 1326 979 1358 transfertur

34 1391 87 1425 per
121 1390 306 1414 consensum
342 1381 455 1420 animi,
491 1381 545 1422 qui
579 1384 701 1421 praeest
724 1380 769 1417 ei;
807 1380 860 1412 sed
886 1388 981 1411 unus-

35 1435 163 1477 quisque
194 1434 252 1466 sibi
288 1437 426 1476 praeest:
463 1442 538 1475 ergo
574 1441 645 1465 cum
679 1432 830 1465 consentit
866 1432 896 1464 in
928 1431 980 1463 ali-

35 1497 142 1530 quam,
166 1491 349 1529 potestatem
375 1487 423 1519 sui
449 1487 590 1528 corporis
613 1487 640 1518 ei
665 1486 792 1518 tribuit:
818 1494 893 1527 ergo
918 1485 978 1516 iam

35 1550 92 1574 non
115 1544 216 1583 potest
239 1540 315 1572 dare
339 1549 406 1572 eam
432 1539 495 1571 alii.

119 1593 147 1625 3.
171 1593 244 1625 item
257 1619 264 1632 ,
289 1593 347 1625 iste
364 1592 516 1625 consentit
532 1592 562 1623 in
581 1592 710 1624 invitam
728 1594 758 1623 et
776 1591 980 1629 renitentem,

35 1652 63 1680 et
91 1646 289 1688 postmodum
326 1645 379 1677 ilia
411 1645 581 1683 consent-it,
617 1647 753 1683 constat,
787 1644 871 1685 quod
908 1652 979 1675 cum

35 1699 84 1731 illa
107 1699 274 1737 consentit,
307 1698 541 1730 matrimonium
568 1700 672 1729 ratum
698 1696 821 1729 existit:
855 1705 930 1737 ergo
955 1696 979 1728 si

34 1752 143 1784 mulier
167 1752 271 1784 virum
301 1751 357 1783 sibi
392 1751 508 1792 obligat
539 1760 599 1782 non
625 1759 663 1782 ex
698 1750 773 1789 hoc,
805 1749 889 1791 quod
915 1749 981 1790 ipsa

35 1804 181 1838 consentit
205 1823 242 1827 —
269 1804 343 1846 quia
367 1812 538 1836 consensus
562 1804 657 1836 unius
680 1811 832 1844 personae
848 1802 979 1833 alteram

36 1867 92 1891 non
115 1858 230 1899 obligat
253 1877 296 1881 —
320 1866 395 1899 ergo
418 1858 477 1890 hoc
509 1862 556 1889 est
587 1860 716 1899 propter
748 1856 886 1897 priorem
912 1864 981 1887 con-

36 1920 173 1949 sensum,
198 1920 291 1952 quem
317 1910 368 1943 ille
392 1910 482 1952 prius
505 1910 668 1942 emiserat:
694 1918 769 1951 ergo
793 1909 883 1950 prius
907 1907 982 1940 obli-

36 1968 121 2006 gatus
144 1967 220 1996 erat.

118 2018 147 2050 ti.
171 2017 264 2056 Item,
299 2016 457 2049 efficacius
491 2020 522 2049 et
557 2016 710 2048 intensius
745 2015 897 2048 consentit
926 2015 980 2056 qui

37 2079 93 2102 non
117 2070 216 2102 solum
249 2070 331 2101 favet
362 2069 584 2107 consentienti,
616 2069 669 2101 sed
703 2068 794 2100 etiam
828 2068 980 2100 consentit

36 2127 64 2155 et
86 2122 174 2154 aliam
201 2131 366 2164 personam
391 2121 431 2154 ad
455 2121 713 2154 consentiendum
731 2120 906 2161 compellit3
924 2119 978 2151 sed

36 2175 152 2216 primus
183 2175 295 2207 modus
327 2174 538 2207 consentiendi
575 2174 647 2206 facit
682 2174 917 2206 matrimonium
950 2176 980 2205 et

36 2228 248 2270 obligationem
274 2228 410 2260 inducit:
436 2236 511 2268 ergo
537 2227 635 2259 multo
660 2227 771 2259 fortius
795 2226 964 2259 secundus.

121 2282 148 2313 5.
174 2281 264 2319 item,
289 2281 417 2312 caritas
441 2284 487 2312 est
509 2280 679 2312 vineatum
694 2278 925 2321 perfectionis,
944 2279 981 2311 si-

37 2337 86 2366 cut
108 2333 221 2366 dicitur
243 2334 282 2366 ad
307 2333 505 2366 Colossenses
536 2333 672 2371 tertio²;
705 2333 763 2365 hoc
788 2336 893 2364 autem
918 2332 982 2364 vin-

38 2385 157 2424 culum,
189 2387 332 2428 quamvis
358 2386 396 2418 sit
428 2386 619 2427 perfectum,
652 2390 754 2417 tamen
789 2389 890 2427 potest
913 2393 981 2417 esse

37 2440 127 2471 unius
150 2440 186 2472 ad
219 2440 373 2478 alterum,
405 2439 447 2471 ita
471 2439 556 2481 quod
587 2448 648 2471 non
674 2439 713 2471 sit
741 2442 907 2477 mutuum,
940 2438 980 2469 ita

38 2492 102 2533 pari
126 2493 242 2525 ratione
267 2496 297 2524 et
321 2492 481 2524 vinculum
508 2492 649 2524 carnale:
675 2501 749 2532 ergo
774 2495 803 2524 et
826 2491 982 2523 matrimo-

39 2544 137 2576 nium:
161 2554 235 2587 ergo
259 2545 401 2583 videtur,
424 2545 509 2586 quod
526 2544 640 2586 aliquis
657 2545 754 2586 possit
770 2553 839 2576 esse
855 2544 982 2576 iunctus

39 2598 301 2630 matrimonialiter
326 2597 437 2636 alicui,
466 2597 490 2629 si
516 2597 545 2629 in
571 2597 709 2638 aliquam
735 2597 903 2635 consentit,
928 2599 982 2628 aut

39 2657 54 2681 e
77 2659 239 2688 converso,
263 2652 355 2683 etiam
381 2650 403 2682 si
429 2650 528 2682 altera
553 2650 704 2682 dissentit.

123 2703 263 2735 CONTRA:
297 2705 324 2734 1.
348 2702 580 2735 Matrimonium
605 2706 651 2734 est
676 2701 772 2734 maris
796 2706 826 2734 et
849 2702 982 2734 feminae

275 2756 376 2788 omnis
400 2759 505 2788 autem
530 2755 601 2788 talis
622 2755 797 2787 coniunctio
819 2758 865 2787 est
881 2754 983 2796 aequi-

40 2809 193 2848 parantiae
218 2809 344 2847 relati03
369 2809 423 2841 sed
441 2809 543 2840 omnis
564 2808 635 2840 talis
652 2808 785 2849 requirit
802 2807 983 2839 convenien-

43 2860 111 2891 tiam
136 2861 214 2893 inter
239 2866 399 2900 extrema,
417 2861 491 2903 quia
507 2861 544 2893 ad
564 2861 668 2893 minus
685 2864 731 2893 est
748 2860 828 2892 inter
845 2860 925 2892 duos
942 2879 982 2882 —

41 2913 121 2945 unde
145 2914 167 2946 si
193 2914 271 2946 alter
296 2914 432 2946 duorum
458 2871 579 2946 destruxit
602 2922 670 2946 esse
694 2913 822 2949 similis,
852 2923 912 2945 non
937 2917 984 2945 est

42 2964 207 2997 similitudo
231 2985 274 2989 -
297 2975 372 3007 ergo
396 2976 417 2998 ct
441 2966 545 2998 simili
567 2966 597 2998 in
623 2966 839 3004 matrimonio,
862 2965 885 2997 si
904 2965 983 2997 alter

1046 852 1224 891 dissentiat,
1250 861 1309 884 non
1335 856 1382 885 est
1406 853 1641 885 matrimonium
1665 862 1720 885 nec
1737 853 1910 895 sponsalia:
1928 862 1997 886 con-

1046 908 1106 937 stat
1130 914 1221 946 ergO,
1253 905 1338 947 quod
1362 905 1449 937 nulla
1472 909 1519 937 est
1543 906 1584 937 ibi
1617 906 1764 947 obligatio
1789 915 1845 938 nec
1869 906 1997 948 aliquod

1046 957 1285 998 praeiudicium.

1134 1011 1163 1042 ⁹2.
1188 1011 1281 1049 item,
1318 1010 1371 1042 ubi
1396 1014 1443 1042 est
1478 1011 1717 1043 matrimonialis
1751 1011 1916 1052 obligatio,
1951 1015 1998 1044 est

1045 1063 1094 1094 vir
1117 1067 1148 1095 et
1171 1072 1272 1102 uxor;
1306 1064 1359 1096 sed
1385 1073 1469 1095 uxor
1493 1063 1607 1095 dicitur
1639 1067 1784 1105 respectu
1811 1064 1885 1103 viri,
1918 1064 1998 1097 sicut

1044 1119 1133 1157 pater
1157 1119 1302 1158 respectu
1328 1116 1401 1154 filii,
1426 1119 1456 1149 et
1480 1125 1497 1148 e
1521 1125 1687 1149 converso:
1711 1126 1785 1158 ergo
1803 1117 1881 1149 sicut
1899 1117 1998 1159 sequi-

1046 1172 1114 1200 tur:
1139 1169 1196 1200 iste
1222 1178 1281 1201 nou
1307 1172 1353 1201 est
1377 1168 1461 1201 filius
1486 1169 1598 1208 huius,
1623 1178 1697 1210 ergo
1722 1169 1778 1201 iste
1803 1179 1863 1201 non
1885 1173 1932 1202 est
1948 1179 1998 1211 pa-

1044 1225 1091 1253 ter
1117 1222 1229 1261 huius,
1262 1222 1304 1254 ita
1328 1222 1407 1254 bene
1439 1222 1598 1263 sequitur:
1625 1222 1683 1254 ista
1707 1231 1767 1254 non
1792 1226 1839 1254 est
1862 1222 1998 1264 obligata

1044 1275 1094 1307 isti
1118 1278 1153 1307 ut
1177 1284 1277 1314 uxor,
1302 1284 1376 1316 ergo
1401 1275 1457 1307 iste
1481 1284 1542 1307 non
1567 1279 1613 1308 est
1637 1275 1793 1317 obligatus
1814 1276 1863 1308 isti
1880 1279 1915 1308 ut
1931 1276 1997 1315 vir;

1044 1336 1100 1360 nec
1124 1328 1185 1360 alio
1210 1328 1318 1360 modo:
1344 1337 1419 1370 ergo
1442 1332 1499 1360 etc.

1134 1380 1163 1412 3.
1188 1381 1281 1420 item,
1311 1390 1499 1420 consensus,
1532 1381 1585 1423 qui
1611 1381 1760 1413 transfert
1783 1381 1923 1422 corporis
1949 1390 1999 1423 po-

1045 1437 1187 1466 testatem
1214 1433 1243 1465 in
1269 1434 1418 1472 alteram,
1443 1437 1489 1466 est
1513 1442 1703 1472 consensus,
1727 1434 1781 1475 qui
1806 1434 1896 1465 dicit:
1923 1433 1998 1466 acci-

1045 1486 1095 1527 pio
1120 1490 1149 1518 te
1174 1486 1204 1518 in
1230 1495 1350 1525 meam;
1376 1487 1429 1519 sed
1455 1487 1562 1518 nullus
1580 1489 1681 1528 potest
1701 1487 1843 1528 accipere
1859 1486 1997 1528 aliquam

1045 1539 1075 1570 in
1102 1548 1209 1577 suam,
1245 1539 1302 1571 nisi
1329 1548 1409 1580 quae
1445 1539 1517 1572 facit
1542 1548 1574 1572 se
1611 1539 1744 1571 suam⁴z
1781 1548 1855 1580 ergo
1879 1539 1998 1581 absque

1045 1600 1200 1624 consensu
1224 1591 1367 1623 mulieris
1392 1591 1500 1624 nullus
1523 1595 1569 1624 est
1593 1600 1765 1624 consensus
1790 1591 1858 1623 viri.

1133 1645 1164 1676 [1.
1188 1644 1282 1683 Item,
1307 1647 1601 1686 quantumcumque
1625 1644 1758 1676 vendam
1785 1644 1839 1676 tibi
1864 1643 1998 1685 aliquid,

1045 1707 1107 1729 non
1131 1697 1166 1729 fit
1183 1701 1362 1729 contractus
1379 1706 1435 1729 nec
1451 1697 1612 1729 adstrictio
1627 1697 1637 1711 ⁵
1649 1723 1656 1736 ,
1677 1697 1736 1729 nisi
1754 1701 1787 1728 tu
1804 1705 1906 1729 emas:
1925 1705 1999 1737 ergo

1046 1751 1113 1791 pari
1147 1750 1267 1782 ratione
1299 1759 1462 1791 nunquam
1496 1749 1684 1782 transfertur
1717 1753 1854 1791 potestas
1885 1749 1943 1780 viri
1970 1749 2000 1780 in

1045 1803 1230 1841 mulierem,
1262 1803 1321 1835 nisi
1347 1803 1462 1835 mulier
1492 1803 1680 1835 consentiat:
1715 1803 1739 1835 si
1764 1811 1838 1844 ergo
1863 1802 1930 1844 ipsa
1954 1806 2000 1835 est

1045 1859 1167 1894 coacta,
1192 1864 1253 1887 non
1280 1855 1404 1888 videtur
1430 1855 1471 1887 ibi
1496 1864 1564 1887 esse
1588 1855 1736 1896 obligatio
1762 1854 1877 1896 aliqua.

1405 1970 1644 1993 CONCLUSIO.

1047 2067 1255 2100 Consentz'ens
1279 2067 1314 2099 in
1346 2067 1535 2099 renitentem
1567 2071 1595 2098 et
1620 2066 1654 2098 ‘in
1686 2066 1837 2098 dissensu
1858 2076 2001 2108 perseue-

1137 2125 1268 2153 rantem
1292 2131 1358 2153 non
1381 2119 1464 2162 facit
1488 2120 1552 2152 sz'bt
1578 2120 1830 2162 praeiudicium
1861 2119 1907 2151 cist
1930 2129 2001 2151 eon-

1132 2175 1337 2206 sentiendmn
1361 2174 1396 2206 in
1419 2174 1523 2206 atz'ctin
1546 2183 1732 2215 personam.

1136 2281 1332 2313 Rnspounsso:
1359 2281 1551 2319 Dicendum,
1583 2280 1665 2321 quod
1692 2288 1863 2321 quaerere,
1888 2282 1996 2311 utrum

1046 2334 1248 2366 consentienti
1285 2334 1316 2365 in
1352 2333 1538 2365 renitentem
1575 2333 1628 2364 fiat
1664 2333 1912 2374 praeiudicium,
1952 2336 1998 2364 est

1046 2395 1217 2428 quaerere,
1250 2390 1358 2418 utrum
1384 2386 1614 2418 matrimoniale
1640 2385 1801 2417 vinculum
1827 2385 1998 2423 claudicet,

1045 2443 1081 2471 ut
1104 2448 1145 2471 ex
1169 2443 1258 2481 parte
1283 2439 1322 2471 sit
1345 2439 1481 2471 solidum
1508 2443 1538 2471 et
1562 2448 1601 2471 ex
1627 2442 1715 2480 parte
1733 2438 1902 2471 contritum
1917 2438 1947 2476 ‘⁵3
1969 2441 1999 2470 et

1046 2493 1104 2524 hoc
1129 2497 1176 2524 est
1199 2501 1369 2534 quaerere,
1395 2496 1505 2524 utrum
1530 2491 1644 2533 aliquis
1669 2492 1707 2523 sit
1730 2491 1797 2529 vir,
1821 2490 1913 2522 cuius
1937 2499 1998 2522 non

1046 2549 1093 2577 est
1116 2554 1217 2582 uxor,
1242 2549 1272 2577 et
1296 2545 1401 2586 aliqua
1418 2545 1457 2577 sit
1474 2554 1574 2583 uxor,
1592 2553 1672 2585 quae
1689 2553 1750 2575 non
1770 2543 1862 2575 babet
1883 2543 1998 2575 virum.

1048 2598 1082 2629 Et
1106 2597 1183 2629 haec
1209 2598 1237 2629 in
1264 2606 1296 2629 se
1326 2597 1393 2638 ipsa
1417 2597 1558 2638 quaestio
1591 2596 1740 2634 solvitur,
1774 2604 1830 2636 pro
1854 2604 1890 2627 eo
1913 2595 1997 2636 quod

1047 2649 1077 2680 in
1102 2657 1138 2680 ea
1162 2649 1303 2690 opposita
1327 2648 1530 2690 implicantur
1562 2651 1691 2689 propter
1725 2650 1869 2679 naturam
1895 2647 2000 2679 matri-

1048 2701 1191 2733 monialis
1216 2701 1350 2739 vinculi,
1382 2701 1466 2742 quod
1499 2704 1545 2732 est
1577 2700 1743 2732 relativum
1777 2703 1807 2731 et
1832 2703 1998 2738 mutuum,

1047 2754 1130 2795 quod
1156 2754 1309 2795 significat
1333 2754 1400 2795 ipsa
1424 2754 1615 2795 comparatio
1639 2757 1669 2785 et
1694 2753 1803 2785 relatio
1828 2752 1939 2785 uxoris
1956 2753 1995 2785 ad

1049 2807 1162 2839 virum.
1199 2807 1272 2839 Dico
1296 2807 1410 2848 igitur,
1446 2806 1530 2848 quod
1566 2807 1639 2848 quia
1675 2807 1910 2838 matrimonium
1936 2816 1997 2838 non

1047 2864 1148 2901 potest
1173 2868 1239 2892 esse
1272 2860 1420 2892 claudum
1454 2863 1606 2901 quantum
1639 2860 1677 2891 ad
1702 2859 1883 2898 vinculum,
1914 2860 1999 2901 quod

1048 2913 1073 2944 si
1099 2912 1212 2944 mulier
1237 2912 1333 2944 invita
1357 2916 1405 2944 est
1428 2916 1458 2944 et
1490 2912 1521 2943 in
1554 2912 1698 2944 dissensu
1730 2916 1912 2953 perseverat
1936 2915 1998 2943 tam

1048 2965 1135 3006 signo
1160 2974 1254 3006 quam
1280 2965 1407 3006 corde„
1425 2964 1548 2996 nullum
1578 2968 1624 2996 est
1657 2964 1910 3001 matrimonium3
1942 2972 1999 2996 nec

110 3141 118 3157 ¹
137 3141 187 3167 Csr.
208 3150 285 3174 supra
307 3151 366 3175 pag.
392 3143 457 3175 567,
479 3146 535 3167 nota
557 3143 581 3168 t.
603 3157 636 3160 ——
657 3143 764 3167 inferius
789 3150 836 3174 pro
856 3142 883 3168 111
902 3142 983 3168 cilium

43 3184 98 3209 cod.
119 3192 148 3210 aa
166 3185 194 3211 in
212 3193 445 3220 unamquamque,
468 3187 556 3218 plures
575 3186 651 3211 codd.
671 3185 699 3211 in
718 3185 847 3218 aliquam.

109 3228 119 3244 ‘·'
138 3229 211 3255 vers,
234 3230 278 3255 tt:
299 3230 435 3255 Caritatem
462 3230 566 3261 habete,
588 3230 658 3262 quod
684 3233 723 3255 est
746 3229 879 3254 vinculum
906 3230 986 3261 perte-

43 3272 138 3298 ctionis.
158 3287 193 3292 —
211 3274 272 3300 Cod.
293 3275 312 3299 Y
338 3274 476 3301 vinculum
501 3274 640 3307 spirituale
665 3275 689 3299 et
712 3273 896 3306 perfectionis,
926 3274 984 3299 Vat.

44 3321 99 3340 mox
119 3320 175 3348 post
192 3318 336 3352 perfectmn
350 3319 421 3344 addit
440 3320 463 3344 et
475 3317 623 3351 spirituale.
644 3318 669 3342 111
690 3318 740 3343 sine
754 3325 808 3349 arg.
829 3317 878 3342 tide
892 3317 949 3343 cod.
964 3318 985 3342 t<

44 3358 66 3389 (l
86 3366 98 3383 a
118 3361 228 3386 secunda
248 3363 341 3394 manu)
361 3363 542 3394 supplevimus
562 3361 639 3387 etiam
659 3361 690 3387 si.

1118 3142 1129 3158 ³
1149 3142 1199 3167 Cir.
1221 3149 1298 3173 supra
1319 3141 1345 3167 d.
1368 3142 1409 3166 27.
1430 3149 1452 3166 a.
1477 3142 1496 3165 1.
1517 3148 1542 3172 (1.
1567 3141 1586 3165 1.
1607 3144 1631 3166 ct
1650 3140 1714 3165 dub.
1740 3141 1761 3165 1.
1775 3140 1859 3165 —De
1878 3140 1999 3165 relatione

1048 3185 1268 3219 aequiparantz‘ae
1286 3187 1331 3211 cir.
1351 3192 1430 3216 supra
1450 3191 1510 3216 pag.
1531 3183 1593 3215 492,
1612 3187 1670 3209 uota
1691 3185 1714 3209 2.

1120 3228 1129 3244 ⁴
1150 3229 1205 3253 Vat.
1225 3227 1278 3254 nisi
1296 3227 1343 3261 qui
1360 3227 1425 3260 fucit
1442 3234 1530 3253 suum.

1120 3272 1131 3288 ⁵
1151 3271 1214 3297 Cod.
1236 3273 1258 3297 K
1278 3272 1301 3303 (1
1321 3279 1335 3296 a
1349 3271 1462 3297 secunda
1478 3271 1570 3302 manu)
1584 3270 1711 3302 venditio,
1734 3270 1792 3296 cod.
1808 3271 1825 3295 L
1845 3269 1996 3302 distractio,

1050 3317 1138 3348 plnres
1158 3316 1233 3341 codd.
1254 3316 1294 3341 vel
1315 3315 1443 3342 districtio
1463 3316 1503 3341 vel
1524 3314 1662 3341 distinctio.

1120 3360 1130 3376 ⁶
1150 3359 1212 3385 Cod.
1233 3360 1254 3384 K
1275 3359 1298 3392 (1
1319 3366 1333 3384 a
1352 3359 1465 3384 secunda
1485 3359 1579 3391 manu)
1599 3358 1775 3392 confractum.

2014 2286 2144 2308 Notandum.

2014 2813 2135 2835 Conclusio.
