2483 3882
487 239 548 270 600

487 325 648 367 sequentia
673 323 710 355 de
735 322 855 359 anima,
880 320 964 362 quod
981 322 1028 351 est
1052 320 1081 350 in
1099 318 1238 359 qualibet
1262 321 1350 359 parte
1368 326 1432 349 cor-

483 378 581 419 poris,
599 379 629 407 et
645 375 684 406 de
701 373 837 415 potentia
855 371 1054 403 intellectiva:
1074 370 1236 411 quoniam,
1254 369 1310 401 etsi
1328 369 1432 400 anima

483 428 657 461 secundum
683 425 853 457 essentiam
879 424 918 455 sit
942 424 973 455 in
997 423 1137 464 qualibet
1169 425 1258 463 parte
1292 422 1432 463 corporis

482 484 562 518 1013,
587 483 617 511 01
641 477 814 510 secundum
844 475 1025 517 potentiam
1050 474 1277 506 intellectivam
1309 476 1430 515 partem

483 533 720 565 determinatam
747 529 888 570 corporis
912 537 973 559 non
991 532 1157 559 concernat
1166 539 1173 565 3
1202 531 1304 559 tamen
1326 536 1433 559 secun-

483 586 558 617 dum
580 582 759 624 potentiam
783 581 976 613 sensitivam
1000 584 1030 612 et
1054 579 1259 621 operativum
1288 579 1433 611 determi-

482 641 534 668 nat
557 636 615 667 sibi
640 635 761 676 aliquas
787 638 890 675 partes
914 632 1055 674 corporis
1079 631 1293 673 organizatas‚
1318 632 1349 663 in
1367 631 1432 673 qui-

480 690 541 721 bus
572 689 745 721 delectatur
778 691 808 719 et
835 686 1009 719 secundum
1043 694 1177 727 quarum
1211 685 1433 717 delectationes

482 742 607 774 diversa
630 740 764 773 incurrit
789 743 924 781 peccata.

569 794 599 825 li.
624 794 667 825 Ad
692 793 770 824 illud
796 792 880 834 quod
905 791 1051 823 obiicitur
1076 791 1114 823 de
1132 791 1307 832 baptisnm,
1332 790 1433 822 dicen-

483 847 575 884 dum,
601 845 684 887 quod
709 854 768 876 non
803 848 848 877 est
881 844 999 883 simile,
1024 852 1082 885 pro
1114 852 1150 875 eo
1174 843 1258 884 quod
1288 844 1317 874 in
1343 843 1433 883 origi-

480 899 542 931 nali
568 903 631 931 tota
655 907 727 930 caro
751 897 906 936 foedatur,
928 897 982 929 sed
1009 897 1038 928 in
1063 895 1193 928 venialis
1210 895 1327 936 peccati
1353 904 1433 927 com-

479 951 651 983 missionel
684 950 798 992 aliquis
826 953 914 982 actus
946 949 1090 991 specialis
1122 948 1277 990 potentiae
1309 956 1432 980 concer-

482 1005 576 1036 nitur.

573 1058 599 1088 1.
618 1057 661 1088 &d
678 1056 757 1088 illud
774 1056 857 1098 quod
875 1055 1020 1087 obiicitur
1039 1055 1067 1086 in
1085 1053 1262 1095 oppositum
1277 1053 1316 1085 de
1328 1053 1433 1092 corde,

324 1123 415 1148 ,ggzmar
418 1127 469 1148 pro
485 1110 671 1146 dicendum
704 1109 788 1150 quod
820 1108 875 1140 etsi
910 1108 948 1139 de
983 1107 1087 1139 cordis
1122 1105 1237 1137 affectu
1262 1105 1433 1146 procedant

338 1151 396 1175 [warte
411 1149 430 1169 2.

483 1163 603 1200 omnia,
628 1167 730 1194 tamen
749 1171 803 1203 per
821 1161 962 1193 dixersas
979 1160 1131 1201 potentias
1149 1158 1432 1191 subministrantes

571 1216 600 1246 Ξ).
625 1215 669 1246 Ad
694 1214 771 1245 illud
797 1213 879 1254 quod
916 1212 1061 1243 obiicitur
1086 1211 1124 1243 de
1153 1210 1299 1242 unctione
1324 1209 1433 1241 confir-

483 1268 645 1305 mationis‚
670 1266 852 1303 dicendum,
877 1265 961 1306 quod
998 1273 1058 1296 non
1094 1267 1140 1295 est
1172 1262 1290 1302 simile,
1316 1271 1372 1303 pro
1397 1271 1433 1294 eo

482 1321 567 1362 quod
592 1320 644 1352 illa
661 1324 707 1352 est
723 1323 831 1351 contra
854 1317 1145 1360 pusillanimitatem
1162 1320 1193 1349 et
1208 1316 1433 1348 verecundiam

482 1373 688 1405 determinate
702 1371 728 1410 23
746 1372 800 1404 sed
825 1371 901 1403 haec
925 1372 1033 1402 contra
1049 1368 1181 1401 venialia
1198 1372 1335 1410 peccata,
1352 1376 1433 1409 quae

482 1425 653 1467 respiciunt
677 1427 766 1456 actus
789 1423 931 1455 omnium
956 1421 1178 1464 potentiarum.

594 1477 668 1509 .Α(1
692 1476 772 1508 illud
807 1475 891 1517 quod
923 1475 1087 1513 obiicitur,
1116 1473 1200 1515 quod
1236 1482 1310 1514 ergo
1342 1472 1434 1514 plura

338 1542 467 1564 Nomadum
483 1533 555 1562 sunt
579 1530 796 1567 Sacramenta
820 1528 1004 1566 dicendum
1024 1526 1112 1568 quod
1148 1526 1219 1557 illae
1244 1529 1349 1567 partes
1373 1534 1433 1557 non

483 1584 694 1624 inunguntur,
719 1581 777 1614 nisi
813 1584 907 1623 prout
943 1583 1136 1612 concuriunt
1166 1579 1198 1611 in
1222 1578 1348 1610 unum*3
1384 1578 1434 1610 cui

1223 230 1506 263 SENTENTIARUM
1529 230 1597 261 LIB.
1621 230 1668 262 IV.

1497 317 1679 349 deserviunt
1702 320 1732 348 et
1755 317 1928 349 secundum
1955 318 2045 349 cuius
2069 322 2181 349 nutum
2206 322 2390 358 moventur;
2413 324 2442 353 et
2476 309 2478 362 }

1496 368 1583 407 ideo,
1607 369 1682 410 quia
1706 369 1810 401 unctio
1834 372 1880 401 est
1904 369 1935 400 in
1960 369 2008 401 his
2040 370 2214 402 secundum
2239 380 2334 402 unam
2358 376 2443 405 natu·
2476 363 2478 378 ³

1497 430 1564 452 ram
1589 424 1619 453 et
1654 429 1710 462 per
1739 421 2003 462 comparationem
2038 422 2078 454 ad
2109 431 2227 461 unum,
2253 424 2322 455 ideo
2345 433 2442 457 unum
2476 440 2478 455 t

1496 476 1543 505 est
1566 473 1814 505 Sacramentum.
2477 480 2479 519 1

1585 527 1614 557 [ι.
1640 526 1681 558 Ad
1708 526 1785 558 illud
1811 526 1894 567 quod
1919 526 2065 558 obiicitur
2090 527 2128 559 de
2146 527 2207 559 illis
2231 528 2284 569 qui
2309 529 2443 569 perdunt
2477 524 2479 562 ἕ

1497 579 1574 611 haec
1598 579 1741 611 membra
1750 591 1758 617 3
1784 579 1970 617 dicendum,
1995 580 2078 620 quod
2103 580 2247 621 quamvis
2272 581 2334 612 sint
2358 583 2443 614 muti·
2477 569 2479 579 ¹

1498 631 1564 669 lati,
1590 635 1693 662 tamen
1719 631 1833 663 debent
1857 631 1974 672 inungi.
2000 632 2034 663 Et
2065 632 2096 663 si
2119 636 2154 664 111
2183 632 2336 671 obiicias,
2361 635 2439 675 quod

1497 687 1543 716 est
1567 683 1737 724 implicatio
1768 683 1836 715 falsi
1869 684 1898 715 in
1930 683 2045 722 forma;
2070 684 2254 723 dicendum,
2283 686 2367 727 quod
2391 681 2483 722 fal-us.

1497 746 1567 769 suni
1592 740 1655 774 est,
1672 736 1746 777 quia
1770 737 1852 768 caeci
1876 736 2056 778 frequenter
2071 737 2081 751 ‘¹
2107 738 2223 770 vellent
2254 738 2361 771 videre
2383 741 2445 781 pul-

1497 798 1564 828 cra,
1588 792 1618 821 et
1642 789 1731 821 surdi
1756 789 1900 821 auditum
1925 789 2123 829 desiderant,
2141 791 2285 832 quamvis
2310 800 2369 823 non
2395 801 2445 825 au·
2478 812 2479 831 1

1497 843 1600 879 ebant:
1618 845 1647 873 et
1665 842 1734 873 ideo
1750 846 1834 874 recte
1851 842 1965 874 debent
1982 843 2012 874 111
2030 843 2145 875 talibus
2162 844 2313 876 membris
2329 844 2444 887 inungi,
2478 879 2480 883 ,

1497 895 1571 936 quia
1595 903 1650 935 per
1678 894 1749 926 talia
1773 894 1915 926 membra
1932 898 1987 926 aut
2003 899 2230 936 peccaverunt,
2246 901 2301 928 aut
2318 906 2444 938 peccare

1498 946 1681 984 voluerunt,
1707 946 1816 978 saltem
1842 946 1955 978 veniali
1979 947 2130 988 appetitu.

1586 998 1624 1030 St·
1647 1002 1681 1030 tu
1706 1008 1861 1040 quaeras,
1887 1008 1958 1031 cum
1985 1008 2039 1040 per
2064 1000 2206 1032 membra
2223 1001 2368 1042 genitalia
2385 1011 2443 1034 1113-
2464 1007 2483 1043 gi

1498 1052 1583 1083 xime
1608 1051 1701 1092 culpa
1724 1051 1755 1082 in
1791 1051 1970 1083 hominibus
2006 1053 2227 1091 contrahatur,
2252 1053 2317 1086 sive
2340 1062 2445 1096 perpe·
2453 1044 2483 1084 ⁰¹¹?

1498 1106 1598 1135 tretur
1624 1103 1753 1136 venialis
1777 1107 1807 1135 et
1831 1104 1988 1143 mortalis,
2005 1108 2041 1136 ut
2057 1105 2132 1146 quid
2151 1115 2210 1137 non
2229 1106 2444 1148 inunguntur?
2478 1085 2482 1154 f

1498 1156 1681 1194 dicendum,
1706 1156 1790 1198 quod
1814 1157 1873 1188 hoc
1906 1161 1952 1189 est
1988 1161 2117 1198 propter
2152 1158 2331 1191 foeditatem
2354 1168 2446 1191 mem·
2478 1161 2481 1195 ᾗ)

1498 1209 1564 1247 bri,
1589 1213 1717 1250 propter
1741 1218 1835 1250 quam
1873 1213 1986 1241 natura
2023 1210 2183 1243 rationalis
2207 1211 2364 1243 erubescit
2387 1222 2445 1245 non
2478 1198 2481 1243 i

1498 1261 1598 1293 solum
1626 1265 1769 1302 tangere,
1795 1261 1849 1294 sed
1875 1262 2000 1300 videre,
2026 1263 2080 1295 sed
2105 1263 2188 1304 quod
2214 1263 2285 1304 plus
2310 1267 2373 1302 est,
2397 1273 2445 1296 no·
2478 1255 2481 1296 Ῑ

1497 1315 1618 1347 minare
1632 1314 1653 1355 ⁵,
1671 1318 1701 1347 et
1717 1315 1853 1356 amplius
1876 1316 2033 1347 erubescit
2057 1317 2210 1357 cogitare3
2228 1321 2258 1348 et
2274 1317 2342 1349 ideo
2359 1317 2444 1358 absit,
2478 1307 2480 1347 ξ’

1497 1368 1581 1410 quod
1617 1368 1722 1400 oleum
1758 1371 1900 1400 sanctum
1937 1368 2049 1400 debeat
2080 1369 2121 1400 ibi
2146 1369 2278 1410 apponi,
2303 1370 2357 1402 sed
2382 1370 2444 1403 loco

1498 1421 1624 1452 illorum
1650 1420 1866 1453 membrorum
1884 1421 2080 1462 inunguntur
2097 1421 2206 1453 lumbi.
2225 1422 2324 1454 Credo
2341 1423 2445 1462 etiam,
2478 1433 2481 1456 ¹.

1498 1473 1582 1515 quod
1605 1474 1746 1514 parcitur
1781 1473 1990 1505 verecundiae
2015 1474 2231 1513 infirmorum,
2256 1475 2329 1516 quia
2359 1484 2446 1508 nemo
2474 1473 2481 1511 1

1498 1528 1544 1557 est
1568 1526 1687 1557 ratione
1711 1529 1820 1564 utens,
1845 1526 1898 1567 qui
1934 1535 1995 1558 non
2027 1526 2193 1559 erubescat
2228 1528 2370 1560 membra
2393 1528 2443 1561 illa
2479 1522 2480 1529 ¹

1498 1578 1567 1611 aliis
1591 1578 1825 1617 demonstrare,
1850 1578 1946 1610 immo
1972 1579 2103 1620 ipsemet
2127 1580 2285 1613 erubescit
2308 1581 2415 1614 videre
2427 1581 2444 1613 ⁶.

1342 1689 1525 1730 Quaesrio
1549 1689 1596 1721 iv.

1103 1788 1232 1829 Quoties
1256 1787 1366 1819 debeat
1390 1786 1448 1819 ltoc
1473 1787 1727 1819 Sacramentum
1754 1787 1842 1819 clari.

572 1902 689 1942 Quarto
713 1905 743 1933 et
767 1900 877 1932 ultimo
901 1899 1082 1942 quaeritur,
1100 1898 1221 1940 quoties
1246 1898 1357 1930 debeat
1374 1898 1432 1930 hoc

483 1955 719 1987 Sacramentum
745 1953 827 1991 dari3
852 1956 882 1985 et
905 1952 1083 1994 quaeritur,
1107 1955 1216 1983 utrum
1245 1951 1357 1983 debeat
1380 1950 1433 1983 ite-

483 2007 556 2040 rari.
583 2007 617 2039 Et
641 2007 724 2048 quod
751 2015 828 2045 non,
854 2006 993 2038 videtur:

574 2062 601 2092 1.
625 2060 742 2098 Primo
767 2059 840 2101 quia
869 2058 975 2091 «nulli
1000 2059 1199 2090 Saciamento
1222 2056 1363 2089 facienda
1387 2059 1433 2088 est

336 2129 371 2151 Ad
386 2128 468 2156 opposi-
484 2114 597 2146 iniuria
609 2114 659 2152 )7),
683 2113 738 2145 sed
763 2113 816 2154 qui
842 2112 932 2144 iterat
950 2112 1023 2144 Saci
1026 2114 1184 2143 amentum
1208 2110 1280 2168 facit
1304 2110 1331 2142 ei
1356 2110 1433 2141 iniu-

378 2158 429 2176 tum.

482 2168 579 2199 riam:
605 2176 679 2208 ergo
703 2170 760 2198 etc.

595 2220 718 2257 .,Ι1001
738 2228 799 2260 pei
833 2217 940 2250 81111110
972 2217 1110 2249 videtur:
1136 2217 1209 2259 quia
1240 2216 1348 2249 unctio
1372 2216 1433 2258 epi-

483 2272 615 2313 scopalis
639 2272 704 2304 sive
736 2270 980 2303 confirmationis
1011 2279 1072 2301 non
1103 2269 1251 2301 iteratur:
1277 2278 1352 2310 ergo
1376 2277 1433 2301 nec

482 2326 587 2357 unctio
611 2328 754 2357 extrema
778 2323 883 2355 iterari
910 2323 1002 2355 debet
1026 2322 1146 2354 ratione
1170 2321 1334 2354 consimili.

571 2378 599 2409 3.
624 2377 715 2416 Item,
732 2377 791 2409 lioc
808 2376 933 2408 videtur
946 2385 1007 2417 per
1029 2374 1341 2407 denominationem:
1359 2374 1433 2416 quia

482 2431 597 2463 dicitur
620 2429 730 2462 unctio
754 2433 920 2466 extremm,-
942 2428 996 2460 sed
1020 2428 1115 2460 unius
1138 2427 1274 2459 hominis
1299 2436 1363 2459 una
1387 2430 1433 2459 est

482 2492 567 2516 mors
591 2487 621 2515 et
645 2491 744 2515 unum
768 2481 987 2514 extremum⁸:
1013 2489 1086 2522 ergo
1111 2483 1232 2512 tantum
1263 2479 1359 2512 semel
1384 2480 1434 2512 de-

481 2537 533 2569 bet
556 2535 674 2577 inungi.

569 2589 712 2620 CONTRA:
742 2589 768 2619 l.
793 2588 920 2628 Quoties
951 2587 1083 2618 iteratur
1112 2586 1260 2624 morbus,
1285 2589 1314 2618 et
1338 2585 1433 2618 medi-

322 2642 563 2680 rundamentacina3
588 2642 642 2674 sed
668 2645 729 2673 tam
767 2641 898 2673 morbus
933 2639 1104 2681 corporalis
1140 2648 1235 2680 quam
1260 2638 1432 2680 spiritualis

481 2694 625 2732 iteratur,
651 2693 768 2725 scilieet
792 2693 913 2725 veniale
937 2696 1099 2734 peccatum
1133 2695 1163 2724 et
1195 2691 1366 2733 corporalis
1390 2691 1432 2722 in-

482 2746 652 2777 firmitas⁹2
678 2754 752 2787 ergo
776 2750 832 2777 etc.

569 2800 597 2829 Ξ.
623 2798 715 2835 item,
740 2798 870 2839 aliquis,
887 2798 941 2839 qui
966 2801 1012 2829 est
1036 2798 1065 2829 in
1091 2796 1231 2838 periculo
1256 2796 1430 2829 secundum

481 2851 655 2882 humanum
692 2850 843 2882 iudicium
879 2853 909 2882 et
944 2850 1121 2891 opinionem
1147 2849 1360 2887 medicorum,
1385 2851 1431 2880 est

1497 1898 1712 1939 inungendus,
1736 1898 1810 1939 quia
1833 1898 2064 1940 praesumitur,
2089 1899 2174 1941 quod
2199 1899 2319 1932 laboret
2342 1900 2373 1932 in
2397 1909 2444 1933 ex·
2478 1893 2479 1930 j

1496 1951 1618 1983 tremis:
1637 1951 1660 1983 si
1685 1959 1760 1992 ergo
1785 1951 1836 1983 ille
1854 1951 1936 1983 idem
1954 1951 1985 1983 in
2002 1952 2154 1984 extremis
2169 1952 2246 1985 alias
2261 1953 2280 1969 ¹⁰
2304 1953 2444 1986 laborare

1496 2006 1614 2045 potest,
1639 2003 1781 2042 videtur,
1806 2004 1890 2045 quod
1914 2004 2022 2045 inungi
2048 2005 2149 2037 debet.

1586 2056 1677 2088 quta
1700 2056 1758 2088 hoc
1783 2057 1956 2098 quaeritur,
1981 2057 2005 2089 si
2031 2057 2145 2098 aliquis
2169 2058 2315 2091 sacerdos
2339 2058 2483 2113 incipitQti

1498 2110 1649 2151 inungere
1673 2114 1703 2142 et
1727 2110 1757 2142 in
1783 2110 1928 2142 unctione
1953 2110 2073 2149 deficit,
2099 2114 2208 2143 0110111
2234 2111 2346 2144 debeat
2368 2121 2386 2144 a
2402 2121 2444 2144 ca.-

1498 2163 1560 2204 pite
1585 2162 1694 2204 incipi,
1720 2163 1769 2195 vel
1794 2162 1911 2204 persici.

1588 2215 1622 2246 Et
1645 2215 1775 2253 iterum,
1800 2218 1909 2246 utrum
1926 2214 2061 2256 aliquis
2057 2224 2085 2247 in
2103 2215 2212 2248 eadem
2229 2216 2439 2249 iiifiimitate²¹
2451 2224 2483 2250 (111

1498 2267 1610 2299 debeat
1634 2267 1682 2299 bis
1705 2267 1831 2308 inungi,
1856 2270 1891 2299 ut
1914 2271 1991 2309 puta
2015 2267 2046 2299 in
2070 2268 2251 2301 infirmitate
2272 2268 2442 2301 incurabili

2476 2330 2479 2357 i

1853 2381 2093 2405 CONCLusm.
2477 2362 2478 2371 ³

1500 2478 1581 2511 Cum
1616 2478 1651 2510 in
1687 2477 1744 2510 hoc
1779 2478 1994 2511 Sacramento
2030 2488 2086 2511 nec
2123 2479 2339 2521 imprimatur
2374 2479 2442 2512 clia·
2476 2496 2477 2501 =

1585 2535 1714 2568 rctcter,
1745 2541 1802 2563 1100
1834 2531 1929 2562 stetim*
1960 2530 2089 2573 effectus
2120 2536 2314 2574 perpetuus,
2345 2536 2441 2574 potest
2476 2536 2478 2583 l

1586 2588 1615 2616 et
1638 2583 1723 2616 debet
1748 2584 1857 2625 ipsunt
1882 2584 2009 2616 iterari.
2439 2614 2441 2617 ,
2476 2586 2477 2625 l

2476 2657 2477 2676 i

1586 2690 1782 2722 Respoxnssoz
1807 2689 1999 2728 Dicendum,
2032 2690 2114 2731 quod
2152 2690 2236 2722 istud
2271 2691 2441 2723 Sacramen—
2476 2685 2477 2690 ¹

1496 2746 1581 2781 tum,
1606 2742 1686 2775 sicut
1710 2742 1852 2774 innuitur
1881 2747 1989 2784 aperte
2014 2742 2043 2774 in
2069 2743 2171 2775 littera
2185 2743 2214 2782 ¹²,
2239 2746 2269 2776 et
2300 2744 2390 2776 debet
2411 2746 2438 2775 et
2451 2747 2483 2782 Ctit

1496 2798 1597 2836 potest
1620 2795 1736 2827 iterari.
1761 2813 1804 2818 --
1828 2795 1858 2826 Si
1882 2799 1986 2827 autem
2012 2798 2183 2836 quaeratur
2219 2796 2307 2828 ratio
2331 2796 2436 2834 huius,
2451 2784 2481 2824 1³23·

1496 2847 1663 2880 dicendum
1689 2851 1752 2885 est,
1778 2847 1861 2889 quod
1898 2847 2051 2888 generalis
2088 2848 2180 2887 ratio,
2212 2857 2310 2890 quare
2341 2849 2439 2880 Sacra·
2475 2838 2476 2873 i

2474 2913 2476 2929 1

548 2992 556 3008 1
578 2991 639 3017 Cod.
660 2991 677 3015 F
693 2990 811 3024 perfecta
831 2990 1021 3017 cuinvn'ssione.

548 3035 559 3051 ‘2
578 3035 627 3060 Ct'r.
648 3042 726 3066 supra
746 3035 770 3059 (1.
791 3035 814 3060 7.
835 3043 856 3060 a.
882 3036 901 3059 1.
923 3042 946 3067 q.
972 3035 990 3059 1.
1011 3035 1076 3059 circa
1098 3034 1187 3066 finem,
1208 3038 1232 3060 et
1250 3033 1312 3059 dub.
1334 3034 1356 3058 4.

548 3079 558 3095 3
579 3080 604 3103 111
624 3079 681 3104 cod.
702 3079 725 3104 X
744 3079 858 3104 secunda
877 3085 970 3103 manus
989 3079 1120 3110 supplevit
1139 3079 1232 3103 totum.

548 3123 558 3139 ⁴
578 3123 640 3148 Edd,
662 3122 784 3155 libenter,
807 3124 902 3148 omisso
927 3122 1037 3155 pulcra,
1061 3128 1127 3154 quae
1155 3123 1231 3147 etiam
1247 3121 1361 3146 «subinde
1381 3128 1428 3152 pro

479 3166 568 3192 debent
589 3167 746 3192 substituunt
765 3166 862 3193 [licant.
877 3167 925 3191 Pro
939 3165 1061 3191 auditum
1075 3165 1149 3190 codd.
1170 3166 1210 3190 11<
1231 3164 1325 3190 (mutire
1344 3168 1368 3190 et
1387 3165 1428 3189 ali-

480 3215 574 3242 quanto
593 3212 713 3241 superius
731 3210 855 3236 mutilata
874 3218 921 3242 pro
940 3209 1063 3236 mutilati.

549 3254 559 3269 ⁵
579 3255 722 3285 Respicitur
746 3255 808 3285 Epli.
836 3254 863 3280 ’3.
885 3255 907 3279 3.
929 3268 962 3272 —
982 3255 1028 3279 Pro
1054 3255 1155 3279 1111ίί1ιά
1181 3253 1256 3278 codd.
1278 3253 1318 3278 Ili
1338 3252 1424 3278 homo.

480 3296 585 3320 lnt'crius
605 3304 651 3327 pro
667 3297 791 3329 put-citur
810 3297 868 3322 edd.
889 3297 1057 3330 compatitur.

550 3339 560 3355 6
582 3340 645 3364 Vide
666 3341 777 3365 scholion
798 3341 830 3365 ad
855 3342 874 3365 1.
898 3342 973 3366 liuius
993 3342 1090 3366 articuli
1111 3344 1208 3373 (praest.

1562 2989 1572 3005 7
1593 2989 1741 3014 Secundum
1762 2990 1877 3021 August.⁷
1907 2990 1948 3014 liic
1976 2991 2000 3014 in
2021 2990 2054 3015 lit.
2076 2990 2199 3021 Magistri,
2221 2997 2243 3015 c.
2273 2989 2295 3014 4.
2321 2992 2345 3014 et
2363 2994 2436 3020 supra

1493 3040 1552 3064 pag.
1574 3034 1639 3063 293,
1659 3038 1717 3059 11013
1740 3034 1761 3058 i.
2474 3021 2475 3028 ἵ

1561 3075 1572 3091 ⁸
1591 3076 1667 3102 Hebr.
1689 3077 1717 3108 9,
1738 3077 1784 3102 27:
1806 3078 1933 3102 Statutum
1953 3081 1990 3103 est
2010 3077 2158 3103 hominibus
2180 3078 2258 3102 semel
2280 3077 2352 3102 mori.

1563 3118 1572 3131 ⁹
1592 3121 1657 3146 Vide
1678 3122 1718 3146 liic
1738 3122 1771 3146 lii.
1792 3122 1916 3153 Magistri,
1937 3128 1958 3146 c.
1980 3121 2002 3146 li.
2473 3120 2475 3155 ᾗ

1563 3164 1584 3180 ¹⁰
1603 3164 1665 3189 Cod,
1686 3166 1707 3189 K
1728 3164 1832 3190 iterum,
2473 3158 2474 3169 ³

1564 3208 1582 3224 Η
1603 3208 1683 3234 Codd.
1704 3210 1722 3233 1³.
1738 3210 1784 3233 ST
1804 3209 1903 3234 addunt
1922 3209 1946 3234 si
1967 3208 2139 3242 est-prolioea.

1564 3252 1584 3268 ¹2
1603 3253 1648 3278 llic
1668 3259 1688 3277 c.
1710 3252 1733 3277 4.
