2483 3882
322 1274 474 1296 Fundamenta.

349 2596 468 2619 Conclusio.

483 286 545 318 966

482 375 529 404 θεῖ
552 372 641 413 nigro
674 369 927 411 impermixtius¹
945 380 979 400 »z
1004 376 1079 409 ergo
1108 376 1178 399 cum
1213 366 1428 398 misericordia

482 427 633 465 temperet
659 422 826 459 iustitiam,
851 425 881 454 et
905 421 1022 453 iustitia
1054 419 1320 456 misericordiam,
1345 418 1429 450 istud

482 479 528 508 est
552 483 693 508 summae
711 473 959 511 misericordiae,
977 472 1060 513 quod
1079 470 1157 504 nihil
1172 470 1267 503 habet
1284 471 1323 503 de
1347 471 1432 504 iusti-

482 528 538 566 tia,
556 531 586 560 et
602 536 618 559 e
642 535 808 558 converso:
826 535 901 567 ergo
925 526 950 558 si
968 525 1051 558 Deus
1068 534 1213 558 summus
1230 528 1276 557 est
1293 525 1324 557 in
1348 529 1432 557 utro-

481 589 560 622 que,
584 583 686 621 potest
709 579 811 611 facere
835 588 916 620 opus
939 578 979 611 de
1002 578 1138 617 iustitia,
1162 578 1193 610 in
1217 587 1280 620 quo
1304 587 1363 610 non
1393 578 1432 610 sit

481 632 706 666 misericordia.

570 685 598 717 3.
625 685 716 724 item,
752 688 855 717 tantae
890 684 1002 726 culpae
1037 684 1171 717 debetur
1206 687 1291 716 tanta
1313 692 1432 725 poena;

482 738 645 780 quaeritur
670 737 783 779 igitur,
801 740 909 769 utrum
927 737 1011 769 Deus
1025 737 1128 778 possit
1147 739 1261 769 tantam
1280 736 1431 777 infligere.

481 792 511 823 Si
536 800 619 829 nou,
644 799 719 831 ergo
743 799 804 822 non
828 794 876 822 est
899 789 1113 831 omnipotens;
1141 789 1165 822 si
1186 793 1301 831 potest,
1326 793 1357 821 et
1373 789 1431 821 hoc

481 843 571 876 erat²
594 852 693 884 purae
718 843 869 875 iustitiae:
895 851 969 884 ergo
986 845 1087 884 potest
1110 842 1212 874 facere
1229 850 1309 883 opus
1332 850 1432 883 purae

481 897 635 935 iustitiae;
659 896 802 928 similiter
826 895 1034 934 concluditur,
1059 895 1142 937 quod
1161 904 1239 936 opus
1263 903 1361 936 purae
1378 895 1432 926 mi-

481 949 678 982 sericordiae.

570 1003 599 1034 lt.
622 1001 713 1040 item,
739 1001 833 1033 homo
857 1004 958 1042 potest
981 1001 1095 1042 punire
1116 1000 1273 1032 hominem
1292 1003 1432 1039 tantum,

481 1059 634 1097 quantum
653 1054 786 1092 meruit,
803 1057 905 1095 potest
928 1054 1019 1085 etiam
1046 1057 1144 1084 totum
1162 1053 1339 1085 remittere:
1357 1061 1432 1094 ergo

481 1107 506 1140 si
531 1107 614 1139 Deus
639 1110 686 1139 θεῖ
710 1107 821 1139 iustior
845 1111 875 1138 et
901 1106 1132 1139 misericordior
1165 1106 1308 1142 homine.
1333 1105 1433 1137 multo

480 1160 591 1192 fortius
616 1160 698 1192 Deus
722 1162 823 1201 potest
848 1160 906 1191 boc
930 1159 1040 1191 facere.

569 1212 710 1245 CONTRA:
740 1214 766 1244 ¹1.
792 1212 953 1244 Secundae
977 1212 1017 1244 ad
1035 1212 1233 1244 Timotheum
1256 1212 1431 1244 seciindo³:

481 1265 594 1296 Iustus
619 1269 664 1296 est
688 1269 716 1296 ct
738 1274 860 1307 ueyctre
882 1274 915 1296 se
940 1264 1048 1305 ipsum
1072 1273 1138 1296 uon
1158 1268 1278 1305 potest:
1309 1265 1334 1296 si
1358 1273 1432 1306 ergo

481 1326 542 1349 non
567 1321 668 1358 potest
692 1317 794 1349 facere
818 1321 927 1349 contra
951 1326 983 1350 se
1006 1326 1063 1349 nec
1087 1326 1119 1349 se
1144 1325 1275 1358 negare,
1298 1326 1359 1348 non
1384 1326 1434 1358 po-

481 1373 541 1403 test
564 1370 683 1409 facere,
709 1370 783 1412 quin
808 1370 935 1411 puniat;
961 1373 990 1402 et
1015 1370 1058 1402 sic
1082 1373 1138 1402 etc.

571 1424 600 1455 Ξ.
624 1423 717 1461 item,
742 1422 905 1464 proprium
932 1428 977 1455 est
1002 1422 1055 1454 Dei
1082 1422 1264 1461 misereris:
1289 1422 1342 1454 sed
1365 1432 1434 1464 pro-

482 1477 587 1517 prium
605 1485 665 1507 non
683 1479 784 1517 potest
800 1475 980 1517 relinquere
997 1475 1076 1507 illud
1090 1476 1181 1508 cuius
1194 1479 1241 1508 est
1254 1476 1432 1517 proprium:

483 1537 557 1570 ergo
582 1528 775 1569 impossibile
799 1532 863 1566 est,
880 1528 965 1569 quod
988 1527 1124 1569 aliquem
1145 1532 1341 1566 remuneret,
1358 1529 1433 1570 quin

482 1580 726 1613 misericorditer
750 1580 850 1612 faciat.

573 1633 601 1666 3.
628 1634 719 1672 item„
745 1633 837 1675 culpa
861 1636 908 1666 est
932 1637 1027 1665 totam
1058 1634 1183 1675 culpam
1216 1635 1382 1676 prosequi,
1405 1638 1435 1666 et

484 1687 577 1729 culpa
601 1691 647 1719 est
672 1687 789 1719 malum
814 1686 994 1728 relinquere
1019 1687 1227 1728 impunitum:
1257 1696 1331 1728 ergo
1355 1687 1436 1719 sicut

482 1739 567 1772 Deus
597 1748 657 1771 non
695 1742 795 1780 potest
831 1739 953 1771 mentiri
967 1740 987 1777 ⁵,
1011 1739 1085 1781 quia
1121 1739 1239 1771 malum
1276 1743 1339 1778 θεῖ,
1368 1740 1435 1772 εἰΠθ

483 1793 592 1834 culpa;
617 1793 660 1825 sic
684 1802 741 1825 nec
765 1793 891 1825 omnino
915 1793 995 1825 iuste
1017 1793 1130 1834 punire
1153 1801 1211 1825 nec
1238 1793 1365 1832 omnino
1382 1794 1435 1825 mi-

485 1847 685 1879 sericorditer
709 1855 847 1888 parcere.

572 1901 602 1932 lt.
627 1899 720 1939 Item,
739 1899 819 1932 sicut
836 1899 919 1931 Deus
936 1903 1022 1931 creat
1045 1899 1074 1931 in
1098 1904 1251 1941 quantum
1268 1909 1369 1938 unus,
1386 1909 1436 1932 ve—

485 1961 540 1985 rus
557 1957 587 1984 et
604 1952 723 1987 bonus:
740 1952 782 1984 ita
799 1952 878 1994 regit
902 1956 933 1984 et
956 1956 1139 1985 remunerat
1156 1952 1185 1984 in
1204 1956 1355 1994 quantum
1381 1953 1436 1984 mi-

485 2006 619 2039 sericors
644 2011 673 2038 et
697 2006 817 2043 iustus:
835 2006 887 2038 sed
911 2005 1103 2047 impossibile
1127 2010 1190 2045 est,
1209 2006 1308 2037 Deum
1333 2005 1435 2038 facere

484 2059 717 2101 effecttiiii‚(111i
743 2068 803 2091 uon
830 2059 943 2091 babeat
972 2059 1120 2097 modum,
1142 2059 1275 2099 speciem
1301 2062 1331 2091 et
1354 2058 1435 2090 ordi-

484 2121 573 2151 nem,
591 2121 671 2154 quae
697 2112 887 2153 respondent
911 2112 1040 2150 unitati,
1067 2111 1187 2143 veritati
1213 2115 1243 2143 et
1268 2111 1434 2143 bonitatifl:

484 2175 558 2207 ergo
582 2164 775 2206 impossibile
799 2169 862 2203 est,
880 2164 964 2206 quod
990 2164 1161 2202 retribuat,
1178 2164 1253 2205 quin
1272 2164 1301 2195 in
1323 2164 1435 2196 effectu

483 2219 537 2250 illo
561 2218 678 2259 aliquid
705 2218 859 2250 retribuat
884 2217 1037 2256 iustitiae,
1055 2217 1172 2259 aliquid
1192 2217 1434 2250 misericordiae.

841 2305 1080 2328 CONCLUSIO.

484 2359 522 2390 Iu
548 2359 638 2390 omni
660 2358 721 2390 Dei
743 2358 957 2390 retribucione
989 2357 1222 2389 misericordia
1253 2362 1281 2389 ct
1305 2357 1435 2389 tustttz‘u

571 2412 619 2443 sic
655 2411 848 2443 coniunctae
881 2415 977 2447 suut,
1004 2414 1039 2442 ut
1073 2409 1272 2452 impossibiie
1295 2410 1358 2448 stt,
1380 2420 1436 2442 ctis

573 2464 614 2496 cib
638 2464 776 2496 invicem
799 2464 965 2505 separari.

572 2536 769 2567 Respoxneo:
795 2534 987 2573 Dicendum,
1012 2534 1097 2576 quod
1123 2534 1151 2565 in
1185 2534 1269 2565 omni
1302 2534 1436 2566 retribu-

484 2589 566 2620 tione
590 2587 712 2620 Domini
739 2587 782 2620 sic
807 2591 880 2619 sunt
905 2587 1088 2620 coniunctae
1114 2587 1328 2619 misericordia
1346 2591 1376 2619 et
1393 2587 1436 2618 iu-

2478 112 2482 166 1

2479 167 2482 192 1

1240 278 1524 312 εΕΝΤΕΝτῖΑῖῖΠΜ
1548 277 1615 309 tin.
1637 278 1686 310 iv.
2479 193 2483 326 Ι

1494 364 1593 403 stitia,
1618 364 1702 406 quod
1728 364 1919 405 impossibile
1936 369 1999 404 θεῖ,
2016 367 2153 407 separari
2172 375 2224 398 eas
2240 367 2280 398 ab
2297 367 2438 399 invicem.

1494 435 1537 440 —-
1562 417 1597 448 Et
1620 417 1698 448 ratio
1722 417 1818 449 huius
1842 421 1904 449 est:
1929 417 2019 459 quia,
2044 418 2125 450 sicut
2156 419 2187 450 in
2218 419 2324 458 nobis,
2348 429 2477 462 quae-iia

1496 469 1575 501 dam
1599 473 1672 502 sunt
1694 470 1844 509 virtutes,
1869 479 2006 512 quarum
2030 471 2178 512 perfectio
2198 472 2370 505 attenditur
2386 482 2439 514 per
2481 496 2483 519 1

1496 530 1658 554 accessum
1683 522 1721 554 ad
1747 527 1944 562 extremum,
1969 527 2003 555 ut
2027 527 2103 565 puta
2127 525 2240 556 caritas
2249 537 2257 563 ;
2281 525 2442 567 quaedam
2482 523 2483 556 l

1497 583 1553 616 per
1577 584 1738 608 accessum
1763 576 1802 608 ad
1826 576 1985 614 medium,
2009 580 2045 609 ut
2076 576 2194 609 iustitia
2217 581 2248 610 et
2271 579 2443 611 misericor-

1497 627 1588 666 dia⁷;
1612 628 1696 660 unde
1720 638 1781 660 non
1803 629 1919 661 dicitur
1934 639 2061 661 summe
2081 630 2189 662 iustus
2205 639 2262 672 per
2279 639 2442 664 excessum
2482 618 2483 628 ¹

1497 680 1689 720 severitatis,
1713 689 1770 713 nec
1793 691 1919 714 summe
1943 681 2132 714 misericors
2152 687 2281 725 propter
2297 683 2444 717 omnimo-

1497 732 1569 764 dam
1595 733 1810 766 remissionem
1835 734 1962 776 culpae;
1989 735 2042 767 sed
2067 736 2141 777 quia
2171 739 2291 768 tantum
2320 737 2444 771 misere-

1496 789 1566 824 tur,
1590 790 1743 827 quantum
1775 790 1822 819 est
1854 788 2058 827 conveniens,
2087 788 2230 822 similiter
2262 794 2291 822 et
2322 794 2442 824 tantum

1497 838 1594 879 punit.
1619 857 1663 861 —
1682 839 1714 870 Et
1737 839 1817 870 ratio
1842 839 1937 871 buius
1961 844 2021 879 θεῖ,
2045 842 2119 882 quia
2144 843 2260 875 iustitia
2281 847 2311 875 et
2327 844 2480 877 miseri-002

1496 891 1603 923 cordia
1628 891 1766 924 maxime
1798 892 1948 924 dicuntur
1972 898 2115 935 respectu
2139 899 2276 927 actuum
2300 900 2329 928 et
2351 898 2444 930 meri-

1497 947 1606 975 torum
1630 948 1832 976 nostrorum.

1588 998 1614 1028 1.
1640 997 1682 1028 Ad
1708 997 1786 1029 illud
1812 998 1894 1038 quod
1918 999 1992 1031 dicit
2009 999 2113 1041 Hugo,
2130 1001 2213 1042 quod
2231 1005 2332 1043 potest
2349 1006 2443 1035 totam
2467 1006 2479 1028 S

1497 1058 1629 1090 poenam
1654 1051 1832 1089 remittere3
1866 1051 2052 1091 dicendum,
2077 1054 2161 1094 quod
2194 1063 2305 1086 verum
2338 1059 2383 1088 est
2407 1056 2445 1089 de
2457 1038 2481 1060 ΡΟ

1497 1102 1634 1143 potentia
1657 1102 1868 1144 simpliciter,
1893 1104 1947 1136 sed
1972 1114 2033 1136 non
2058 1109 2104 1137 θεῖ
2126 1115 2236 1139 verum
2255 1107 2292 1139 de
2310 1110 2446 1149 potentia

1498 1155 1655 1187 ordinatu.
1680 1155 1726 1187 ud
1748 1156 1878 1188 merita.
1902 1175 1945 1180 ——
1974 1158 2027 1189 Vel
2061 1158 2244 1200 intelligitur
2277 1160 2315 1192 de
2347 1169 2445 1201 poena
2458 1164 2480 1186 Al

1497 1208 1724 1250 subsequente,
1751 1218 1810 1240 non
1836 1209 1875 1241 de
1900 1219 1999 1251 poena
2030 1212 2264 1244 concomitante
2296 1213 2442 1255 culpam,

1498 1261 1589 1302 quia,
1614 1265 1649 1293 ut
1673 1261 1788 1293 dicitur
1813 1261 1842 1293 in
1868 1262 1969 1303 primo
2001 1263 2274 1303 ConfessionumS‚
2305 1278 2319 1294 «
2337 1266 2446 1308 impos-

1498 1314 1588 1346 sibile
1604 1318 1667 1353 est,
1685 1323 1752 1347 esse
1770 1315 1908 1348 dedecus
1925 1317 2042 1357 peccati
2059 1317 2125 1349 sine
2143 1318 2255 1350 decore
2269 1319 2403 1351 iustitiae
2416 1331 2444 1351 n.

1587 1368 1615 1399 02.
1641 1367 1682 1399 Ad
1709 1367 1786 1400 illud
1811 1368 1894 1409 quod
1920 1369 2083 1408 obiicitur,
2100 1370 2184 1411 quod
2207 1375 2252 1403 θεῖ
2269 1372 2447 1404 summeiu-

1499 1424 1583 1458 stus;
1608 1421 1776 1453 dicendum
1803 1425 1865 1460 est,
1883 1422 1967 1463 quod
1989 1431 2050 1454 non
2068 1422 2182 1455 dicitur
2198 1434 2325 1456 summe
2341 1425 2447 1457 iustus
2461 1426 2482 1449 Ν*

1499 1481 1555 1514 per
1579 1482 1739 1505 recessum
1764 1483 1781 1505 a
1798 1474 2014 1507 misericordia
2031 1475 2068 1507 ad
2088 1477 2303 1516 severitatem.
2321 1478 2376 1510 sed
2392 1487 2447 1520 per

1499 1534 1658 1558 recessum
1683 1526 1723 1558 ab
1747 1527 1906 1558 iniustitia.
2472 1560 2473 1566 ,

1589 1579 1618 1611 3.
1644 1579 1684 1611 Ad
1711 1579 1790 1611 illud
1815 1580 1898 1621 quod
1924 1580 2106 1622 quaeritur,
2131 1585 2238 1614 utrum
2273 1583 2369 1624 possit
2400 1584 2448 1616 isti

1500 1635 1617 1664 tantam
1643 1641 1774 1673 poenam
1801 1632 1958 1674 infligere3
1984 1634 2070 1673 dico,
2095 1636 2176 1676 quod
2204 1645 2263 1667 nen
2287 1639 2404 1677 potest,
2421 1641 2449 1669 et

1501 1686 1576 1725 boc,
1594 1686 1668 1727 quia
1691 1686 1905 1718 misericordia
1930 1693 2100 1729 repugnat.
2118 1692 2148 1720 et
2166 1698 2224 1720 non
2243 1693 2344 1730 potest
2360 1699 2449 1722 suam

1502 1739 1747 1771 misericordiam
1765 1748 1896 1781 negare,
1914 1740 1972 1772 hoc
1989 1740 2071 1772 enlm
2096 1745 2142 1773 est
2162 1751 2349 1783 uon-posse;
2365 1743 2447 1775 unde

1500 1792 1580 1824 sicut
1604 1801 1668 1823 uon
1690 1801 1783 1833 posse
1811 1801 1879 1825 esse
1912 1792 2003 1825 nimis
2036 1793 2196 1835 rigidum⁹
2221 1804 2281 1827 nou
2306 1799 2395 1828 sonat
2418 1796 2448 1828 in

1500 1845 1673 1883 defectum,
1698 1846 1753 1878 sed
1779 1846 1808 1877 in
1833 1846 2044 1885 nobilitatem3
2069 1847 2112 1879 sic
2138 1848 2166 1879 in
2190 1849 2349 1890 proposito
2366 1848 2448 1881 intel-

1500 1898 1671 1939 ligendum.
1695 1917 1740 1921 —
1765 1899 1868 1931 Posset
1891 1899 1984 1931 etiam
2010 1900 2087 1938 dici,
2113 1901 2197 1942 quod
2223 1901 2341 1933 ratione
2358 1901 2482 1934 offen-Al

1499 1959 1569 1989 sae,
1594 1960 1675 1992 quae
1700 1956 1745 1983 est
1770 1952 1799 1983 in
1825 1952 1923 1984 Deum
1949 1952 2123 1991 infinitum,
2148 1963 2247 1995 poena
2272 1963 2332 1986 non
2354 1956 2448 1996 possit

1499 2003 1658 2036 sufficiens
1683 2004 1784 2036 taxari
1796 2030 1803 2043 ,
1820 2013 1877 2037 nec
1901 2010 2046 2046 peccator
2067 2010 2148 2038 esset
2165 2015 2283 2048 capax3
2300 2008 2384 2040 unde
2401 2008 2448 2040 de-

1500 2056 1599 2089 fectus
1624 2061 1670 2089 est
1694 2066 1734 2089 ex
1759 2061 1848 2099 parte
1879 2063 2024 2090 naturae
2055 2059 2283 2100 suscipientis,
2310 2069 2368 2092 non
2393 2070 2448 2093 mt-

1501 2113 1597 2141 turue
1622 2109 1809 2152 itiflzycutis.

1588 2163 1618 2194 lt.
1644 2163 1685 2195 Ad
1711 2163 1790 2195 illud
1815 2163 1897 2205 quod
1924 2164 2087 2203 obiicitur,
2112 2165 2196 2206 quod
2226 2166 2319 2197 bomo
2352 2169 2448 2208 potest

1502 2224 1631 2258 parcere
1656 2219 1774 2254 totum;
1792 2216 1978 2255 dicendum,
1996 2217 2080 2259 quod
2105 2222 2151 2250 est
2173 2219 2283 2257 bomo,
2300 2219 2337 2251 ad
2357 2228 2447 2261 quem
2461 2217 2483 2239 ⁰¹

1501 2272 1620 2310 spectat
1644 2268 1813 2307 misereri,
1841 2273 1873 2301 ut
1897 2274 1944 2302 est
1967 2269 2018 2302 ille
2050 2270 2103 2311 qui
2137 2271 2253 2312 recepit
2287 2271 2447 2310 iniurIam,

1501 2326 1531 2353 et
1556 2321 1612 2353 iste
1637 2330 1696 2353 non
1722 2326 1823 2363 potest
1846 2323 1972 2354 omniuo
1997 2324 2127 2364 punire.
2152 2324 2226 2365 quin
2251 2325 2399 2364 excedat3
2419 2329 2448 2357 et

1501 2374 1613 2412 homo,
1637 2375 1677 2406 ad
1709 2383 1803 2416 quem
1836 2379 1955 2416 spectat
1983 2375 2123 2416 punire,
2149 2380 2183 2407 ut
2211 2381 2258 2408 est
2281 2377 2396 2415 ludex,
2420 2380 2449 2409 θῖ

1501 2427 1558 2460 iste
1582 2437 1643 2459 non
1669 2431 1769 2469 potest
1793 2427 1918 2459 omnino
1943 2428 2118 2466 dimittere,
2143 2429 2217 2470 quin
2249 2429 2390 2462 excedat.
2415 2429 2448 2462 Et

1501 2480 1649 2521 quoniam
1673 2480 1756 2512 Deus
1781 2481 1860 2522 gerit
1884 2480 1973 2512 istam
1999 2480 2157 2521 duplicem
2191 2490 2373 2522 personam,
2396 2481 2448 2514 sci-

1501 2533 1571 2565 licet
1595 2533 1663 2565 eius
1688 2533 1740 2574 qui
1766 2533 1944 2571 offenditur,
1969 2537 1999 2565 et
2023 2534 2091 2565 eius
2115 2534 2167 2575 qui
2194 2534 2327 2572 iudicat;
2345 2544 2416 2567 cum
2429 2534 2447 2551 ¹⁰

1501 2596 1560 2618 non
1588 2586 1683 2628 possit
1707 2586 1879 2624 excedere,
1904 2586 1975 2618 facit
2000 2591 2181 2628 utrumque.

485 2758 590 2788 punitur
610 2758 653 2789 qui
674 2758 793 2788 patitur...
809 2756 873 2781 Cum
888 2764 950 2781 vero
964 2756 1033 2781 Deus
1047 2757 1165 2782 iustificat
1180 2759 1356 2788 peecatorem,
1371 2757 1436 2781 iuste

484 2801 537 2832 agit
556 2804 580 2826 et
600 2802 682 2825 iustus
696 2804 733 2825 est
750 2801 844 2825 iustitia
866 2801 1008 2832 potestatis,
1024 2808 1074 2832 qua
1095 2801 1118 2825 ei
1138 2801 1187 2825 boc
1207 2800 1299 2825 licet».
1316 2801 1342 2825 ln
1362 2807 1435 2832 seqq.

484 2844 607 2875 ostendit,
629 2844 699 2876 quod
719 2844 788 2869 Deus
807 2851 912 2875 semper
931 2844 997 2869 iuste
1017 2844 1070 2875 agit
1094 2844 1159 2873 (sive
1182 2844 1274 2869 iustitia
1297 2844 1435 2875 [detestatis⁷

485 2889 539 2913 sive
553 2889 707 2920 aequitatis),
724 2888 880 2913 assumendo
901 2888 1029 2920 quosdam
1044 2888 1076 2912 ad
1090 2888 1271 2918 salvationem⁷
1293 2887 1436 2912 deserendo

485 2932 613 2964 quosdam
634 2933 666 2956 ad
686 2933 860 2963 punitionem3
882 2933 961 2956 immo
981 2932 1052 2963 quod
1074 2933 1116 2964 qui
1137 2932 1284 2963 salvantur,
1306 2932 1349 2956 Dei
1370 2932 1437 2956 iusti-

485 2979 518 3002 tia
538 2980 653 3007 servata,
673 2976 818 3001 secundum
838 2975 934 3000 merita
954 2981 1005 3000 sua.
1024 2976 1089 3000 iuste
1109 2975 1226 3000 damnari
1247 2976 1398 3006 potuissent,
1413 2978 1438 3000 et

485 3022 528 3053 qui
549 3020 692 3045 secundum
714 3020 803 3045 merita
829 3026 875 3044 sua
900 3020 965 3044 iuste
992 3019 1159 3050 damnantur,
1180 3026 1228 3050 por
1246 3018 1365 3052 ,qratiam
1391 3019 1439 3044 Dei

486 3065 550 3090 iuste
569 3064 663 3089 salvari
693 3064 848 3094 potuissent,
868 3064 888 3088 si
910 3063 977 3088 Deus
1006 3063 1129 3087 voluisset
1156 3065 1203 3087 etc.
1225 3076 1258 3079 —
1277 3063 1340 3087 Edd.
1362 3069 1437 3095 quae-

486 3110 594 3133 stionem
609 3109 644 3133 sie
658 3111 807 3139 proponunt
819 3111 824 3132 ἵ
841 3108 932 3132 utrum.
950 3106 1035 3141 possit
1050 3107 1118 3132 Deus
1132 3106 1249 3140 aliquem
1261 3106 1358 3139 punire
1369 3113 1437 3139 pure

485 3159 519 3178 esc
538 3151 654 3183 iustitia,
677 3151 717 3177 cet
734 3158 801 3184 pure
822 3158 996 3177 remimerare
1016 3158 1050 3176 esc
1068 3150 1253 3177 misericordia
1274 3153 1320 3176 etc.

559 3196 565 3211 ¹
587 3197 696 3223 firistot..
718 3196 752 3219 111.
775 3196 865 3226 Topic.
886 3202 907 3220 c.
929 3194 951 3220 4.
973 3195 1005 3226 (c.
1026 3195 1069 3225 5.).

557 3239 566 3255 ‘³
586 3238 666 3264 Codd.
689 3240 703 3263 P
724 3246 754 3263 aa
775 3240 825 3270 est,
848 3239 907 3263 cdd.
927 3238 984 3263 crit,

555 3282 566 3299 3
587 3284 657 3308 Vei-s.
685 3284 726 3308 13:
747 3284 788 3308 lllo
809 3283 890 3308 [idelis
911 3286 1058 3314 permanet;
1079 3290 1174 3314 negare
1194 3286 1241 3307 etc.

558 3326 567 3342 ‘²
587 3327 672 3351 Oratio
693 3334 739 3357 pro
760 3327 878 3357 pluribus
906 3326 1046 3351 defunctis:
1068 3327 1148 3357 Deus,
1170 3328 1210 3351 cui
1240 3327 1376 3358 proprium
1401 3329 1438 3351 est

489 3371 601 3394 misereri
622 3377 725 3401 semper
750 3374 773 3395 et
800 3378 905 3401 parcere
925 3373 971 3396 ete.
992 3385 1025 3388 —
1047 3371 1081 3395 lle
1100 3370 1200 3396 minori
1218 3370 1278 3395 vide
1300 3371 1434 3402 l'oi‘pbyr.,

487 3413 519 3437 de
540 3413 687 3438 Praedicnb.
708 3421 729 3438 c.
762 3414 793 3438 do
823 3414 949 3446 Proprt'o,
978 3415 1021 3439 ubi
1050 3416 1185 3446 propritim
1215 3415 1299 3439 stricte
1320 3417 1436 3439 sumtum

1502 2756 1630 2787 definitur,
1657 2756 1727 2787 quod
1757 2757 1878 2780 convenit
1901 2755 1968 2780 «soli
1989 2759 2013 2780 et
2038 2756 2107 2780 omni
2136 2758 2161 2780 et
2188 2762 2314 2788 semper»
2337 2760 2398 2788 etc.;
2425 2759 2447 2781 et

1502 2800 1611 2829 Ariston,
1628 2799 1656 2824 V.
1678 2799 1767 2830 Topic.
1789 2806 1810 2824 c.
1832 2799 1854 2823 il.

1573 2842 1584 2859 ⁵
1603 2843 1651 2868 Tit.
1675 2844 1682 2867 ῚῚ1
1696 2864 1702 2875 ‚
1723 2844 1751 2868 2:
1771 2843 1819 2874 Qui
1840 2849 1889 2867 non
1911 2843 2033 2867 mentitur
2053 2842 2127 2867 Deus.

1572 2887 1583 2903 ⁶
1602 2886 1651 2912 Cn:
1673 2888 1688 2912 1.
1709 2888 1776 2912 Sent.
1798 2887 1821 2912 (1,
1843 2888 1865 2912 3.
1896 2894 1920 2918 p.
1950 2887 1965 2911 1.
1997 2886 2058 2912 dub.
2086 2888 2115 2918 3,
2146 2892 2169 2912 et
2200 2887 2225 2912 ll.
2257 2888 2324 2912 Sent.
2355 2887 2380 2912 d.
2408 2887 2446 2912 35.

1502 2940 1524 2957 a.
1545 2933 1568 2957 ⁶2.
1589 2940 1613 2964 q.
1640 2934 1657 2956 Ι.
1678 2946 1711 2950 --
1731 2931 1802 2956 Circa
1823 2931 1900 2956 finem
1920 2939 1976 2963 arg.
1998 2934 2056 2956 ante
2075 2930 2191 2957 iustitiae
2210 2932 2285 2956 codd.
2307 2933 2328 2957 M
2341 2932 2357 2956 R
2379 2932 2447 2957 omit-

1502 2980 1558 3001 tunt
1576 2974 1718 3007 retribuat,
1735 2975 1806 3007 quod
1821 2982 1912 3006 parum
1928 2976 2054 3006 congruit.
2070 2975 2184 2999 Fortasse
2199 2975 2338 3006 legendum
2353 2974 2447 3001 tribuat

1503 3025 1551 3050 pro
1569 3017 1712 3049 retribuat,
1736 3018 1776 3042 vel
1797 3017 1838 3043 sit.

1572 3062 1583 3078 ⁷
1602 3063 1700 3093 Supple
1724 3068 1783 3087 cum
1804 3062 1880 3087 codd.
1901 3062 1981 3086 GLY
2001 3062 2038 3088 sic
2066 3063 2090 3088 et
2109 3062 2136 3087 iu
2156 3063 2208 3088 Deo
2230 3063 2323 3094 (simile
2346 3062 2447 3088 additur

1502 3113 1516 3131 a
1536 3106 1612 3131 codd.
1634 3107 1650 3131 Ρ
1670 3106 1705 3130 1)1)
1726 3107 1749 3130 ῐῖ]
1770 3106 1819 3130 fine
1840 3107 1930 3138 corp).
1951 3120 1986 3125 —-
2004 3106 2054 3131 Cfr.
2075 3113 2152 3137 supra
2174 3114 2233 3137 pag.
2259 3107 2323 3138 963,
2346 3109 2402 3132 nota
2421 3103 2443 3129 4.

1575 3149 1585 3166 S
1603 3149 1653 3175 Clr.
1676 3158 1698 3175 c.
1725 3151 1761 3174 10.
1783 3157 1806 3174 Π,
1831 3150 1867 3175 16.
1888 3154 1912 3175 et
1941 3158 1962 3175 c.
1988 3151 2024 3175 12.
2046 3158 2068 3174 n.
2094 3151 2130 3175 io.
2161 3150 2259 3175 Clarius
2289 3150 2396 3175 liabetur
2413 3148 2444 3173 111.

1502 3194 1534 3219 de
1554 3194 1608 3219 Lib.
1629 3194 1689 3219 Arb.
1710 3201 1730 3219 c.
1756 3194 1792 3218 15.
1813 3201 1836 3219 n.
1858 3193 1898 3219 lili.
1920 3194 1990 3223 (vide
2010 3201 2088 3225 supra
2109 3201 2168 3225 pag.
2190 3194 2254 3226 957,
2276 3197 2332 3219 nota
2354 3194 2396 3227 9.).
2415 3205 2446 3210 —-

1503 3239 1526 3263 ln
1547 3239 1674 3270 principio
1694 3239 1768 3263 solut.
1788 3238 1968 3263 substituimus
1997 3245 2025 3263 ex
2047 3238 2104 3263 cod.
2127 3238 2147 3262 G
2167 3238 2248 3263 totum
2269 3244 2384 3271 poenum
2402 3242 2444 3268 pro

1503 3283 1585 3307 totum
1604 3281 1730 3314 culpam·
1749 3282 1805 3307 cod.
1827 3289 1855 3306 aa
1877 3283 1968 3307 totum.

1572 3325 1582 3341 9
1603 3326 1690 3350 Plures
1710 3325 1785 3350 codd⁴
1806 3325 1895 3350 miuus
1915 3324 2046 3357 riytctum,
2067 3324 2125 3349 edd.
2146 3323 2284 3349 iniustum.

1574 3369 1595 3385 ¹⁰
1615 3370 1677 3394 Edd.
1695 3369 1752 3395 ideo
1772 3376 1840 3395 cum.
1861 3383 1894 3387 —
1913 3368 1980 3393 Vide
2004 3369 2117 3393 scholion
2148 3369 2179 3393 ad
2211 3370 2228 3394 1.
2251 3370 2326 3394 liuius
2351 3366 2445 3394 articuli

1502 3418 1600 3446 quaest.
