2483 3882
9 1976 34 1998 de

703 242 797 273 DlST.
822 241 960 274 xxxvii.
986 241 1066 273 ΛΒΤ.
1092 241 1111 273 Ι.
1138 241 1291 282 QUAEST.
1316 241 1360 273 ΙΙΙ.

137 334 166 364 2.
189 332 282 369 item,
308 329 528 362 difficillimum
554 333 600 362 est
617 330 785 361 iuvenibus
808 330 965 362 abstinere
982 338 1000 361 a

51 385 251 422 mulieribus,
276 387 306 416 et
330 383 401 415 ideo
424 383 613 415 continentia
638 383 669 414 in
693 383 738 415 eis
762 392 819 424 pro
850 382 999 423 martyrio

50 441 247 480 computatur
271 446 289 468 a
314 436 497 477 Hieronymo
513 436 544 474 ¹3
570 436 623 468 sed
643 436 692 468 lex
712 444 792 467 nova
817 435 909 467 debet
932 444 1000 467 esse

50 492 100 524 lex
125 489 257 522 levitatis
282 490 311 521 et
336 488 520 520 suavitatis:
545 497 621 529 ergo
645 492 702 520 etc.

135 542 164 574 3.
188 542 262 574 ltein
275 567 282 579 ,
306 541 345 572 ad
371 549 408 572 ea
425 549 505 582 quae
522 540 722 582 perfectionis
739 543 830 578 sunt,
848 540 1001 572 debemus

49 604 104 639 per
127 593 300 626 consiliam
334 593 467 631 induci,
500 602 560 625 non
589 593 749 625 mandato
775 592 940 634 obliqari:
975 593 999 625 si

48 657 120 690 ergo
143 647 299 679 abstinere
323 646 363 678 ab
387 645 470 678 omni
498 645 629 678 muliere
647 645 846 687 perfectionis
863 650 919 683 est,
938 655 999 677 non

48 701 188 738 videtur,
213 699 297 741 quod
321 699 360 731 ad
386 699 445 731 hoc
468 699 636 731 debuerint
665 698 768 730 clerici
796 707 852 739 per
876 707 1001 740 praece-

47 758 133 796 ptum
158 752 290 793 obligari
303 752 322 784 2.

132 805 162 837 li.
188 805 279 842 Ueni,
313 814 372 836 non
399 809 446 836 est
470 804 597 836 maioris
623 804 822 845 perfectionis
850 804 1000 836 moderna

48 857 180 891 Ecclesia
203 866 299 898 quam
323 857 504 898 primitiva3
536 857 591 889 sed
618 861 691 889 tunc
715 865 776 888 non
800 857 859 888 fuit
885 857 1000 889 indicta

47 910 165 944 clericis
190 910 421 942 continentia³:
447 919 522 951 ergo
546 919 603 942 nec
627 910 721 942 modo
746 909 856 942 debuit
881 909 984 942 indici.

135 964 162 995 5.
187 963 280 1000 Item,
304 963 487 995 cultus*Dei
513 963 714 1004 ampliandus
738 968 805 1001 est3
824 963 877 995 sed
897 972 915 994 a
934 963 1000 994 nul-

46 1015 84 1047 lis
107 1015 334 1056 competentius
365 1015 538 1056 ampliatur
567 1023 662 1056 quam
687 1015 727 1046 ab
752 1015 827 1056 ipsis
859 1014 999 1053 clericis,

47 1068 220 1102 cultoribus
247 1068 318 1101 Dei:
344 1068 368 1100 si
398 1077 473 1109 ergo
505 1068 609 1100 clerici
642 1069 673 1100 in
706 1069 803 1101 sacris
835 1068 1000 1100 ordinibus

47 1121 204 1154 constituti
236 1124 309 1153 sunt
341 1121 479 1153 cultores
508 1121 580 1159 Dei,
607 1130 678 1153 cum
704 1121 864 1162 ampliatio
896 1120 1000 1153 cultus

47 1174 143 1208 divini
167 1183 228 1206 non
252 1177 373 1206 tantum
398 1174 437 1206 sit
460 1182 517 1216 per
541 1174 773 1215 generationem
796 1174 894 1216 prolis
911 1174 1000 1216 spiri-

47 1227 156 1265 tualis,
182 1227 236 1259 sed
268 1226 361 1259 etiam
387 1226 539 1265 carnalis,
565 1227 640 1268 quia
664 1227 726 1259 nati
753 1227 791 1259 de
815 1227 1000 1259 Christianis

47 1279 211 1312 Christiani
238 1284 331 1317 sunt;
356 1289 431 1321 ergo
457 1279 582 1312 videtur
607 1284 698 1315 tunc,
731 1280 813 1322 quod
844 1281 888 1312 eis
921 1289 1001 1312 com-
1031 1299 1033 1309 2

47 1337 130 1376 petat
155 1333 234 1365 tilios
258 1342 430 1374 generare:
464 1342 539 1374 ergo
571 1342 631 1365 non
665 1333 780 1365 debent
812 1333 926 1365 arctari
960 1333 997 1364 ad
1032 1334 1033 1342 ¹

48 1386 278 1419 continentiam.

136 1440 165 1471 6.
190 1439 283 1477 Item,
307 1439 521 1480 praelatorum
548 1443 648 1471 status
673 1439 789 1471 dicitur
814 1448 882 1472 esse
906 1440 1002 1480 perfe-

50 1492 224 1529 ctissimus,
256 1492 331 1533 quia
362 1492 403 1524 ibi
437 1492 531 1524 simul
564 1493 670 1524 iuncta
702 1497 749 1524 est
780 1493 1001 1533 contemptatio

48 1553 119 1577 cum
136 1545 275 1577 actione:
299 1554 373 1586 ergo
390 1554 461 1577 cum
480 1549 580 1577 status
598 1545 784 1578 clericorum
804 1546 917 1578 debeat
934 1554 1001 1578 esse

48 1597 220 1639 perfectus⁷
247 1597 389 1636 videtur,
406 1598 491 1639 quod
509 1598 604 1630 statui
623 1607 732 1631 eorum
759 1599 924 1631 conveniat
940 1608 999 1630 uon

47 1653 166 1682 tantum
200 1651 358 1692 generatio
386 1651 484 1693 prolis
516 1651 688 1693 spiritualis
719 1661 775 1694 per
806 1652 937 1684 verbum
972 1656 1001 1684 et

48 1703 229 1744 exemplum
247 1707 376 1744 propter
394 1707 509 1736 statum
527 1704 815 1745 contemplationis,
834 1705 888 1737 sed
907 1706 999 1737 etiam

48 1757 205 1798 generatio
231 1757 327 1798 prolis
355 1758 490 1789 carnalis
518 1762 670 1799 quantum
696 1758 734 1790 ad
761 1761 877 1790 statum
911 1758 1002 1790 actio—

48 1809 115 1841 nis:
141 1818 215 1850 ergo
240 1809 383 1848 videtur,
408 1810 493 1851 quod
518 1810 562 1842 eis
586 1820 647 1842 non
672 1811 819 1843 debuerit
844 1811 1001 1843 matrimo-

48 1862 135 1895 nium
160 1862 314 1895 interdici.

135 1915 305 1956 Quaeritur
329 1915 442 1957 igitur‚
467 1925 548 1957 quae
580 1916 674 1948 suerit
706 1917 785 1949 ratio
815 1917 911 1949 huius
943 1921 1001 1950 sta-

47 1969 114 2001 tuti.
140 1969 174 2000 Et
197 1969 237 2001 ad
262 1969 441 2010 oppositum
468 1973 593 2010 possent
616 1969 732 2002 adduci
761 1970 915 2009 rationes,
945 1971 999 2003 sed

4 2019 9 2025 ’
48 2022 117 2055 illae
141 2022 357 2054 clauduntur⁴
380 2021 411 2054 in
435 2022 647 2064 responsione.

401 2137 642 2161 CONCLusio.

50 2233 208 2271 Licitani,
236 2234 349 2266 decens
373 2238 401 2266 et
425 2234 597 2276 expediens
620 2233 689 2277 fait
711 2238 874 2267 statutum
900 2235 1003 2268 Eccle-

134 2287 223 2325 siae,
248 2291 285 2319 at
307 2287 420 2319 clerici
450 2287 484 2319 iit
508 2288 618 2319 sacris
649 2288 824 2320 ordinibus
853 2288 899 2320 ad
935 2298 1004 2321 cac-

137 2339 274 2372 libalam
299 2340 491 2382 obliycntar.

136 2445 338 2478 Ruspounuo:
365 2446 557 2485 Dicendum,
582 2446 667 2488 quod
692 2446 775 2478 istud
793 2450 944 2478 statutum
963 2447 1003 2479 de

1952 243 2015 275 805

1065 330 1282 362 auctoritatem
1306 329 1474 371 respiciant
1496 330 1527 361 iu
1553 329 1753 371 dispensante
1782 330 1888 372 aliquo
1912 330 2016 369 modo,

1065 386 1167 414 tamen
1192 382 1270 415 illud
1300 384 1535 414 Sacramentum
1569 383 1737 424 praecipue
1770 383 1849 415 inter
1881 383 1950 414 alia.
1984 383 2015 414 ln

1064 434 1155 467 cuius
1179 435 1302 476 signum
1328 435 1358 467 in
1383 434 1502 468 ordinis
1527 435 1651 468 datione
1673 435 1812 477 loquitur
1829 439 2016 477 iicpotesta-

1065 491 1125 519 tem
1150 486 1270 519 liabens
1285 488 1295 502 ⁵
1321 488 1372 520 ille
1396 489 1449 529 qui
1474 488 1600 520 ordines
1618 488 1754 526 consert3
1771 489 1856 521 unde
1872 492 1903 521 et
1924 489 2014 521 dicit:

1064 541 1173 582 Accipe
1197 544 1381 582 potestatem
1407 545 1464 574 etc.
1488 542 1522 573 Et
1540 542 1609 573 ideo
1634 542 1717 574 istud
1742 551 1839 580 onus,
1864 542 1948 583 quod
1967 551 2017 573 vo-

1065 593 1122 625 luit
1147 602 1292 626 summus
1324 594 1463 626 Pontifex
1495 594 1569 627 huic
1597 594 1699 627 ordini
1725 594 1790 627 sive
1814 595 2016 627 sacramento

1064 645 1203 687 alligare,
1221 646 1328 687 potuit
1344 651 1374 679 et
1391 647 1448 679 sibi
1469 647 1586 680 licitum
1605 648 1672 680 fuit.
1687 667 1729 671 —
1742 648 1801 680 Sed
1818 648 1891 680 huic
1908 651 2017 680 aueto-

1063 698 1160 730 ritati
1183 702 1213 730 et
1237 700 1381 740 potestati
1406 701 1556 732 successit
1582 701 1611 732 in
1636 701 1751 733 Latinis
1782 701 1936 733 voluntas
1967 699 2017 733 ob-

1065 752 1286 792 temperandi,
1320 753 1393 794 qnia
1428 753 1486 785 tale
1519 757 1670 786 statutum
1705 764 1801 796 super
1826 764 1858 787 se
1884 755 2016 787 libenter

1064 809 1272 844 receperunt;
1297 810 1326 837 ct
1353 806 1427 838 baec
1452 807 1515 838 duo
1532 808 1672 839 fecerunt
1697 812 1850 839 statutum
1877 808 2016 840 lirnium.

1064 875 1106 878 ——
1120 857 1180 888 Sed
1204 857 1310 889 Graeci
1337 858 1493 890 dederunt
1518 863 1659 900 tergum3
1677 864 1706 891 et
1723 861 1797 901 qnia
1814 870 1873 892 nou
1893 870 2018 893 consen·
2034 865 2065 886 De
2080 865 2176 886 Graecis.

1063 914 1173 941 serunt
1198 910 1226 941 in
1254 914 1314 942 tam
1348 911 1451 943 nobile
1476 916 1645 951 statutum,
1672 917 1707 944 ut
1733 922 1806 945 vasa
1831 923 1888 946 sua
1913 923 2018 946 serva-

1064 967 1133 995 rent
1152 964 1287 1001 munda‚
1312 964 1451 996 ablatum
1477 968 1523 997 est
1539 966 1584 997 eis
1601 974 1733 1007 reguum
1759 971 1789 998 et
1815 967 2018 1008 intelligentia

1064 1016 1299 1057 Scripturarum
1336 1020 1366 1048 et
1390 1017 1499 1049 datum
1525 1023 1571 1050 est
1592 1019 1683 1060 yenti
1705 1019 1844 1060 jacienti
1865 1018 2017 1061 fractam

1031 1095 1032 1103 ,
1064 1069 1166 1101 ciasss.
1191 1069 1239 1101 Sic
1263 1069 1359 1111 igitur
1384 1074 1485 1111 patet,
1511 1072 1593 1112 quod
1616 1072 1731 1113 potait.

1154 1122 1214 1154 Nec
1239 1123 1341 1154 solum
1375 1123 1486 1160 lz‘eaa,
1511 1124 1607 1156 inimo
1631 1125 1724 1156 etiam
1750 1126 1880 1163 [lucain
1904 1129 1934 1157 et
1959 1126 2181 1177 tioc1te3nn325=>se·

1064 1178 1193 1216 propter
1218 1175 1301 1207 duo:
1328 1176 1474 1217 quoniam
1494 1177 1522 1208 in
1542 1182 1619 1209 acta
1636 1178 1786 1216 carnali,
1806 1179 1858 1220 qui
1877 1183 1922 1210 cst
1941 1188 2019 1211 usus
2048 1163 2059 1178 Ο
2106 1171 2125 1177 ”’

1065 1228 1274 1267 matrimonii,
1300 1234 1335 1260 ut
1366 1229 1540 1271 plurimum
1567 1235 1613 1263 est
1638 1230 1755 1269 libiao,
1782 1236 1812 1263 et
1837 1232 1866 1263 in
1893 1231 2020 1264 cohabi-

1066 1281 1186 1313 tacione
1210 1285 1244 1313 ut
1268 1282 1442 1323 plurimum
1468 1287 1514 1315 cst
1538 1283 1747 1322 sollicitudo;
1771 1289 1801 1317 et
1828 1284 1926 1317 libido
1955 1285 2020 1317 sive

1065 1334 1199 1366 carnalis
1232 1335 1398 1367 delectatio
1432 1336 1534 1368 reddit
1566 1337 1716 1369 foetidum
1742 1341 1772 1369 et
1797 1338 2017 1376 immundum,

1065 1391 1095 1419 et
1125 1387 1310 1419 sollicitatio
1343 1388 1447 1420 reddit
1479 1389 1615 1421 divisum
1629 1391 1649 1420 ⁷.
1684 1391 1717 1421 Et
1749 1391 1897 1432 quoniam
1934 1390 2021 1423 cleri-

1032 1482 1033 1486 *
1065 1449 1136 1472 cum
1164 1440 1193 1471 in
1219 1441 1316 1472 sacris
1334 1441 1499 1474 ordinibus
1516 1443 1719 1474 constitutum
1738 1444 1827 1475 decet
1844 1452 1911 1475 esse
1929 1453 2021 1475 mun-

1065 1493 1164 1530 dam,
1198 1502 1268 1525 cuin
1302 1494 1381 1525 serat
1415 1503 1488 1526 vasa
1520 1494 1661 1533 Dominig
1694 1496 1782 1527 decet
1814 1496 2020 1528 nibilominus

1065 1555 1133 1578 esse
1164 1546 1341 1578 sollicitam
1365 1551 1395 1579 et
1419 1551 1591 1586 attentum,
1620 1552 1654 1579 nt
1683 1548 1813 1580 sollicite
1838 1552 1868 1580 et
1893 1549 2021 1590 diligen-

1066 1602 1112 1630 ter
1129 1599 1246 1631 serviat
1262 1599 1395 1631 Domino
1411 1604 1441 1631 et
1458 1600 1594 1639 studeat,
1612 1601 1770 1641 quomodo
1792 1601 1912 1642 placeat
1936 1601 2022 1633 Chri-

1065 1656 1132 1683 sto:
1166 1651 1236 1683 ideo
1268 1652 1381 1683 (locens
1412 1652 1487 1690 fuit,
1521 1661 1573 1684 eos
1602 1652 1641 1684 ab
1674 1653 1830 1685 uxoribus
1862 1654 2020 1695 separari,

1065 1708 1100 1736 ut
1125 1713 1181 1746 per
1205 1705 1310 1736 omnia
1340 1705 1450 1737 fierent.
1483 1706 1585 1738 idonei
1618 1706 1756 1738 cultores
1790 1707 1923 1739 ministri
1948 1707 2022 1739 alta-

1065 1758 1118 1789 ris.
1143 1776 1186 1781 -κ
1211 1758 1238 1789 Si
1270 1758 1352 1790 enim
1377 1758 1420 1790 illi
1446 1759 1499 1800 qui
1525 1760 1730 1792 comedebant
1756 1769 1850 1801 panes
1883 1761 2021 1802 proposi-

1065 1811 1175 1850 tionis,
1200 1820 1275 1843 vasa
1300 1815 1406 1844 sancta
1431 1813 1547 1844 babere
1570 1812 1768 1852 debebant33
1786 1817 1903 1855 quanto
1921 1814 2021 1855 magis

1065 1863 1115 1896 isti
1140 1864 1193 1906 qui
1219 1865 1303 1906 agno
1329 1865 1530 1897 immaculato
1554 1866 1706 1898 assistunt
1729 1869 1759 1898 et
1783 1867 1967 1908 dispensant
1992 1870 2023 1899 et

1066 1921 1213 1955 sumunt,
1243 1917 1327 1949 omni
1359 1918 1496 1959 puritate
1521 1921 1551 1950 et
1576 1919 1738 1951 sanctitate
1763 1919 1878 1951 debent
1902 1919 2024 1961 fulgere

1067 1974 1097 2002 et
1123 1980 1196 2002 vasa
1220 1980 1278 2002 sua
1303 1971 1469 2002 custodire
1493 1971 1526 2003 in
1551 1971 1813 2014 ,s-ctnncti'licatione
1838 1971 2023 2011 ethonore,

1065 2033 1129 2055 non
1155 2023 1190 2054 iii
1215 2023 1372 2055 desiderii
1400 2024 1581 2065 passione?
1611 2025 1700 2057 Certe
1727 2026 1784 2058 boc
1809 2034 1869 2057 non
1900 2029 2024 2058 tantum
2040 2028 2170 2050 Notandum.

1066 2076 1199 2114 decens,
1225 2077 1279 2108 sed
1304 2080 1335 2108 ct
1359 2077 1451 2123 etiam
1471 2077 1736 2109 decentissimam
1754 2078 1905 2110 iudicabit
1922 2079 2024 2111 omnis

1066 2129 1180 2167 anima,
1206 2139 1286 2176 qliae
1311 2133 1358 2162 est
1382 2131 1536 2172 templum
1562 2131 1697 2173 Spiritus
1722 2132 1830 2163 sancti.

1158 2183 1191 2214 Et
1216 2193 1275 2214 non
1310 2187 1430 2215 tantum
1462 2184 1587 2221 (locuit,
1613 2185 1709 2216 immo
1734 2185 1825 2217 etiam
1852 2185 2144 2237 eaepedienslttffiigro

1066 2233 1154 2276 fait:
1179 2236 1283 2277 primo
1309 2241 1437 2278 propter
1462 2237 1626 2269 vitandum
1650 2237 1916 2279 irregularitatis
1936 2238 2023 2279 peri·
2120 2231 2124 2236 ”

1067 2288 1197 2325 calam,
1218 2289 1358 2321 secundo
1376 2293 1505 2331 propter
1522 2290 1685 2322 vitandum
1712 2290 1936 2322 latrocinium.
1956 2291 2024 2322 Pro-

1066 2345 1136 2382 pter
1162 2342 1325 2374 vitandum
1354 2343 1563 2384 periculam:
1596 2344 1687 2385 quia,
1720 2344 1743 2376 si
1779 2343 1909 2382 mulier>
1942 2352 2023 2386 quae

1033 2399 1035 2409 ¹
1067 2399 1113 2426 est
1138 2404 1222 2427 uxor
1245 2395 1398 2433 alicuius,
1430 2400 1595 2437 cognoscat
1626 2396 1722 2428 alium
1756 2397 1878 2435 virum,
1909 2401 1939 2429 et
1971 2397 2022 2429 ille

1068 2445 1116 2477 vir
1148 2450 1217 2488 post
1249 2452 1414 2489 cognoscat
1445 2457 1535 2487 cam,
1569 2450 1628 2480 iam
1664 2449 1847 2491 irregularis
1876 2449 1968 2487 est⁹;
1993 2454 2023 2481 et

0 2505 36 2527 isio
50 2497 234 2530 clericorum
260 2499 449 2531 continentia
473 2499 545 2532 fecit
563 2499 707 2537 Ecclesia,
725 2499 799 2541 quia
813 2499 920 2540 potuit
937 2499 1002 2531 sive

0 2538 22 2553 '¹'
49 2550 151 2590 licuit,
174 2551 248 2593 quia
272 2551 397 2588 aei-aa,
422 2552 496 2593 quia
519 2551 690 2593 expediens
719 2550 795 2594 fait.
820 2570 864 2574 —-
888 2552 1003 2584 Potait

2 2612 38 2633 ‹iu-
50 2607 154 2636 autern
180 2604 314 2637 Ecclesia
331 2604 517 2646 dupliciter.
536 2608 602 2636 tum
621 2607 749 2646 propter
771 2604 1003 2636 atictoriiatem

1068 2498 1155 2537 ideo,
1181 2500 1205 2531 si
1231 2510 1315 2532 uxor
1340 2501 1511 2533 sacerdotis
1536 2502 1642 2534 Graeci
1668 2503 1857 2541 fornicatur,
1884 2503 1943 2534 iam
1961 2512 2023 2535 am-

1068 2551 1152 2592 plius
1176 2562 1233 2585 uec
1257 2562 1330 2585 cum
1356 2554 1423 2595 ipsa
1448 2563 1503 2586 uec
1525 2564 1597 2586 cum
1615 2555 1676 2587 alia
1693 2559 1793 2596 potest
1810 2565 1876 2587 rem
1895 2556 2021 2588 babere.

1069 2606 1103 2637 Et
1125 2606 1199 2647 quia
1223 2606 1349 2639 difficile
1373 2611 1419 2639 est
1445 2607 1559 2639 talibus
1582 2608 1757 2647 abstinere,
1782 2609 1964 2650 frequenter
1990 2610 2019 2641 in

0 2639 37 2665 pri-

46 2656 276 2698 praelatoram
300 2660 331 2689 et
354 2657 493 2689 maxime
518 2656 673 2689 Pontificis
698 2657 832 2696 summi,
849 2660 917 2689 tum
935 2666 1004 2699 pro-

50 2712 119 2751 pter
142 2719 334 2742 consensum
359 2710 578 2742 subditorum.
616 2710 745 2752 Propter
769 2710 1001 2742 auctoritatem

50 2771 183 2804 namque
215 2763 333 2805 potuit,
366 2763 533 2805 quoniam,
569 2763 625 2795 etsi
663 2763 767 2794 omnia
803 2763 1003 2795 Sacramenta

1069 2657 1334 2699 irregularitatem
1360 2659 1533 2692 inciderent
1557 2664 1586 2692 et
1611 2669 1682 2692 cum
1702 2661 1842 2701 periculo
1868 2662 2021 2694 ministra-

1067 2715 1154 2750 rent,
1180 2711 1204 2743 si
1230 2721 1348 2744 uxores
1373 2712 1534 2744 baberent.
1560 2732 1602 2735 —
1624 2713 1768 2745 Secundo
1793 2723 1867 2746 vero
1892 2718 2020 2756 propter

1066 2764 1230 2796 vitandum
1256 2764 1479 2796 latrocinium.
1506 2765 1533 2796 Si
1560 2765 1643 2797 onim
1676 2766 1813 2808 episcopi
1846 2770 1875 2799 et
1904 2767 2022 2799 archie-

121 2954 128 2970 ¹
149 2955 225 2986 Epist.
247 2956 304 2980 1130.
325 2955 398 2985 (alias
417 2955 451 2986 8.)
474 2962 497 2980 n.
526 2955 556 2980 5:
586 2954 667 2980 Habet
695 2959 720 2981 et
748 2959 849 2981 servata
879 2955 1001 2987 pudicitia

52 2999 203 3030 martyrium
223 3006 308 3024 suum.
329 2999 380 3024 Csr.
399 3000 477 3031 Epist..
498 3000 539 3024 22.
560 3006 584 3024 n.
606 3000 646 3024 38.
668 3013 701 3017 —
726 2999 842 3024 Subinde
867 3000 1003 3031 respicitur

53 3042 136 3067 Manli.
157 3043 202 3074 ll,
222 3044 268 3068 30:
289 3044 381 3075 iugum
400 3045 469 3069 enim
489 3051 577 3069 meum
597 3051 678 3069 suave
698 3047 736 3069 est
755 3047 802 3069 ete.

124 3086 134 3102 2
153 3087 256 3112 Plurimi
277 3087 353 3113 codd.
374 3095 424 3113 non
445 3089 531 3120 inepte
550 3087 668 3121 alligari.

120 3129 131 3146 ³
150 3130 199 3156 Csr.
220 3131 236 3155 l.
258 3131 325 3156 Tim.
348 3132 377 3163 3,
400 3133 425 3156 2.
446 3134 471 3157 et
491 3132 532 3156 112.

122 3173 132 3190 ⁴
152 3174 185 3200 lta
205 3175 263 3200 cod.
283 3176 305 3200 K
326 3176 344 3205 (l
364 3183 377 3200 a
398 3175 512 3200 secunda
527 3174 631 3207 manu);
651 3175 724 3199 multi
744 3174 822 3200 codd.
841 3182 889 3206 pro
902 3175 1004 3201 scana-

52 3217 113 3244 beni
131 3219 291 3251 secandam,
307 3220 350 3245 ed.
368 3221 376 3244 tl
396 3221 420 3245 et
433 3219 594 3250 secuudum,
612 3220 718 3250 insuper
732 3219 835 3250 plurimi
850 3219 928 3245 codd.
944 3227 1002 3245 cum

52 3262 111 3287 edd.
130 3262 192 3289 illas
211 3263 391 3290 claudendum
409 3271 457 3295 pro
475 3263 538 3289 illue
556 3262 730 3288 claudantur.

122 3306 133 3323 ⁵
151 3307 236 3333 Maon.
252 3307 281 3339 7,
305 3309 337 3333 29
358 3308 445 3340 (Marc.
462 3308 470 3332 ·1
484 3328 490 3339 ‚
505 3308 551 3332 2-2:
570 3317 580 3329 u
593 3306 678 3338 Quasi
690 3310 842 3339 potestatem
863 3308 962 3335 habeus
973 3319 999 3341 n,

52 3349 124 3381 quod
144 3350 238 3376 liabent
256 3352 332 3376 etiam
353 3351 428 3377 codd.
449 3351 498 3376 GM
510 3351 550 3383 U).
571 3349 621 3376 Ctr.
641 3357 719 3382 supra
741 3350 765 3375 d.
787 3351 828 3376 et.
849 3359 873 3383 p.
895 3352 921 3377 ll.
942 3359 964 3377 a.
980 3353 1002 3377 l.

53 3399 78 3425 q.
100 3392 122 3418 4.
143 3394 175 3419 ad
194 3395 218 3419 6.

1138 2956 1148 2972 ὓ
1168 2957 1252 2982 Mattli.
1275 2957 1301 2981 21
1315 2977 1320 2987 ‚
1336 2956 1383 2981 43:
1396 2956 1531 2981 Auferetur
1551 2964 1563 2981 a
1584 2956 1660 2981 vobis
1680 2964 1789 2988 reguum
1810 2958 1854 2982 Dei
1875 2961 1899 2983 et
1919 2958 2022 2983 (labitur

1070 3001 1138 3031 genti
1159 3001 1258 3026 facienti
1279 3001 1377 3025 tructus
1395 3001 1459 3025 cius.
1474 3014 1507 3018 ——
1527 3001 1585 3025 Post
1604 2999 1725 3026 ablatum.
1749 3002 1788 3027 esi
1811 3008 1840 3026 ex
1867 3001 1942 3026 codd.
1970 3002 2020 3027 ΒΚ

1069 3044 1115 3076 (ΕΙ
1136 3051 1149 3069 a
1170 3044 1283 3069 secunda
1303 3044 1393 3075 manu)
1412 3044 1593 3075 supplevimus
1612 3043 1656 3069 eis.

1139 3087 1149 3104 ⁷
1169 3087 1318 3112 Secundum
1334 3088 1350 3112 l.
1366 3087 1423 3112 Cor.
1437 3088 1466 3117 7,
1478 3087 1519 3112 33.
1530 3101 1565 3106 —
1575 3087 1691 3113 Subinde
1705 3089 1842 3120 respicitur
1853 3089 1906 3114 lsai.
1918 3089 1963 3121 52,
1980 3090 2002 3114 ll
2016 3096 2021 3115 ;

1068 3131 1225 3157 Mundamini
1247 3132 1291 3163 qui
1311 3132 1380 3156 sertis
1399 3138 1461 3156 vasa
1481 3131 1597 3163 Domini,
1617 3135 1642 3157 et
1661 3132 1676 3156 1,
1697 3131 1756 3157 Cor.
1777 3133 1807 3164 7,
1827 3134 1875 3158 32:
1899 3134 1948 3165 Qui
1967 3134 2022 3159 sine

1068 3183 1147 3201 uxore
1161 3180 1212 3207 est,
1227 3176 1349 3201 sollicitus
1363 3178 1400 3200 cst
1414 3183 1480 3208 quae
1494 3176 1594 3200 Domini
1609 3180 1681 3207 sunt,
1700 3177 1834 3209 quomodo
1849 3178 1946 3209 placeat
1961 3179 2021 3204 Deo.

1069 3234 1102 3237 —
1122 3220 1228 3244 interius
1247 3220 1305 3244 voci
1325 3219 1456 3251 viluisti-i,
1480 3227 1527 3251 pro
1547 3227 1596 3252 qua
1619 3220 1637 3244 R
1651 3221 1667 3245 S
1686 3220 1829 3246 iizinz'sterz‘i
1846 3222 1914 3253 (cod.
1933 3229 1963 3248 aa
1977 3222 2024 3248 mi-

1069 3262 1206 3294 nisterio),
1229 3263 1287 3288 cod.
1308 3263 1328 3288 O
1348 3264 1488 3294 praemittit
1506 3265 1537 3289 et.
1558 3264 1582 3288 ln
1604 3268 1689 3290 nostra
1718 3265 1826 3290 lectione
1850 3272 1924 3291 sume
1943 3265 2024 3293 culto-

1068 3314 1110 3333 res
1130 3311 1157 3333 ut
1175 3307 1352 3339 praedicatum
1372 3311 1397 3333 et
1415 3309 1508 3340 supple
1529 3307 1583 3334 Dei.

1138 3350 1149 3367 8
1168 3351 1219 3377 Csr.
1241 3352 1257 3376 l.
1278 3352 1340 3383 [teg.
1361 3353 1407 3382 21,
1423 3352 1446 3376 li.
1466 3359 1539 3385 seqq.
1554 3367 1587 3371 —-
1601 3353 1661 3386 Seq.
1681 3354 1752 3379 locus
1765 3356 1803 3379 cst
1817 3355 1833 3380 1.
1848 3355 1939 3380 Thess.
1954 3354 1982 3387 4,
1997 3356 2021 3380 5.

1139 3396 1150 3412 ⁹
1170 3396 1235 3421 Vide
1255 3403 1332 3428 supra
1355 3403 1413 3428 pag.
1435 3396 1499 3428 654,
1520 3399 1578 3422 nota
1600 3398 1624 3423 l.
