2483 3882
327 692 445 714 Conclusio.

316 1270 397 1300 Salutio
412 1277 449 1298 op-

303 1299 426 1323 positorum.

320 1375 448 1397 Notandum.

308 2131 459 2152 Fundamenta,

464 233 525 264 6118

461 319 601 352 veritatis
625 318 764 355 sortitur,
794 319 824 348 et
848 324 946 347 unum
979 314 1094 346 dicitur
1120 321 1187 345 esse
1218 312 1249 344 in
1273 312 1348 350 alio,
1373 312 1410 344 si-

462 376 513 404 cut
537 374 612 402 rota
629 370 663 400 in
687 373 761 400 rota
776 368 808 404 ¹,·
824 371 854 399 et
880 372 982 398 tamen
999 365 1085 397 aliud
1110 369 1157 397 est
1172 365 1298 406 figura,
1322 364 1409 396 aliud

461 427 507 456 est
530 422 661 454 ¹veritas.
688 421 744 452 Per
768 420 852 451 hunc
885 418 1014 450 modum
1044 417 1300 458 intelligendum,
1325 416 1409 457 quod

462 476 512 507 lex
537 483 618 506 nova
651 473 755 505 differt
778 481 796 503 a
831 471 946 509 veteri,
971 474 1001 502 et
1025 470 1214 502 sacrificium
1246 478 1265 501 a
1296 468 1411 501 sacrifi-

461 528 521 566 cio.
546 531 576 559 et
599 526 676 558 ordo
700 525 740 556 ab
757 524 875 555 ordine.
899 523 984 556 Unde
1001 523 1082 555 sicut
1105 523 1342 554 Sacramentum
1360 530 1412 553 eu-

461 579 626 612 charistiae
642 582 689 610 est
713 576 906 617 novaelegis
930 575 1112 617 proprium,
1134 574 1279 616 quamvis
1305 574 1334 605 in
1363 582 1411 605 ve-

461 632 518 664 teri
536 631 603 672 lege
618 630 714 662 fuerit
730 629 934 667 sacrificium,
963 627 1047 669 quod
1064 630 1132 659 erat
1155 627 1251 659 huius
1268 627 1410 667 signum3

462 684 505 716 sic
528 682 717 724 spiritualis
738 686 893 723 poteslas,
918 680 1093 713 secundum
1118 688 1213 721 quam
1239 679 1411 711 attenditur

461 735 581 768 ordinis
605 735 859 771 Sacramentum,
884 736 931 765 est
966 741 1064 764 novae
1089 732 1165 773 legis
1190 731 1337 773 propria,
1361 741 1412 763 sa-

461 788 642 821 cerdotium
675 787 827 824 similiter,
852 785 997 828 quamvis
1029 785 1210 817 inferioris2
1235 785 1354 817 ordinis
1382 788 1412 816 et

463 841 627 874 sacerdotii
652 840 858 882 praecesserit
879 839 1003 880 signum
1028 838 1242 880 figurativum.
1266 838 1351 870 Unde
1375 837 1411 869 si-

462 897 514 926 cut
538 893 673 925 multum
700 892 804 924 differt
828 892 908 923 inter
932 900 1048 931 agnum
1066 899 1177 923 verum
1203 895 1233 922 et
1260 891 1411 931 typicum;

462 947 506 978 sic
530 946 684 983 multum,
711 945 782 976 ilcet
805 953 866 975 non
892 947 1031 981 tantum,
1049 943 1153 975 differt
1177 943 1257 974 inter
1283 946 1413 983 potesta-

464 1002 526 1031 tem
543 998 694 1031 offerendi
719 998 804 1030 hunc
828 1005 944 1038 agnum
970 1000 1000 1028 et
1023 995 1122 1027 illum.
1139 1014 1183 1018 —
1200 996 1234 1027 Et
1252 995 1321 1027 ideo
1346 1003 1412 1026 con-

462 1051 656 1089 cedendum,
674 1051 757 1092 quod
776 1050 855 1082 sicut
874 1050 1048 1090 baptismus
1072 1052 1102 1080 et
1126 1048 1316 1080 eucharistia
1341 1050 1414 1079 sunt

462 1104 662 1137 Sacramenta
687 1112 785 1135 novae
804 1102 879 1143 legis
896 1101 1033 1143 propria,
1059 1101 1130 1133 licet
1146 1101 1176 1132 in
1202 1100 1413 1132 anterioribus

462 1157 578 1189 fuerint
602 1155 853 1198 praefigurata³3
879 1155 922 1186 sic
948 1154 976 1185 in
1002 1162 1091 1185 sacra
1115 1153 1320 1184 ordinatione.

552 1211 579 1240 sl.
604 1209 647 1241 Ad
672 1208 750 1240 illud
768 1207 849 1249 quod
868 1206 1024 1244 obiicitur,
1041 1206 1125 1247 quod
1144 1206 1317 1237 secundum
1335 1205 1415 1237 ordi-

462 1271 532 1295 nem
547 1261 772 1294 Melchisedech
785 1273 792 1298 ;
807 1260 986 1297 dicendum,
1000 1259 1083 1300 quod
1099 1258 1158 1290 hoc
1175 1258 1359 1298 intelligitur
1373 1266 1416 1289 se-

464 1315 602 1347 cundum
628 1322 812 1354 expressam
830 1311 1147 1353 praefigurationem,
1172 1311 1253 1342 sicut
1277 1310 1391 1342 ibidem
1406 1310 1414 1325 ⁴

462 1367 627 1410 Apostolus
644 1366 793 1404 ostendit,
811 1365 885 1407 quia
902 1364 1127 1405 praefiguravit
1144 1363 1302 1395 Christum
1321 1372 1416 1404 quan-

463 1425 528 1453 tum
547 1420 586 1452 ad
604 1419 765 1461 oriqiiiem
782 1422 812 1450 et
836 1422 989 1459 quantum
1007 1417 1047 1448 ad
1064 1417 1256 1458 dignitatem
1274 1419 1304 1447 et
1321 1425 1416 1456 quan-

461 1478 527 1506 tum
553 1473 593 1505 ad
625 1472 749 1504 ritum:
775 1475 929 1513 quantum
962 1470 1002 1502 ad
1035 1470 1216 1511 originem,
1241 1469 1315 1510 quia
1346 1469 1416 1500 sine

459 1526 670 1569 genealogia,
697 1525 813 1558 scilicet
829 1533 982 1565 expressa
1006 1524 1037 1554 in
1056 1523 1236 1564 Scriptura3
1262 1526 1415 1564 quantum

1216 226 1499 258 SENTENTIARUM
1524 225 1591 256 LIB.
1614 225 1662 257 IV.

1473 312 1512 343 ad
1538 312 1749 353 diyizitateiiz,
1774 312 1848 353 quia
1870 312 1929 343 fuit
1952 312 2106 344 sacerdos
2130 316 2160 345 et
2182 323 2242 344 rcae
2266 316 2296 345 et
2318 312 2422 345 Abra·
2466 291 2467 318 ἶ

1475 364 1552 396 liam
1585 364 1766 402 benedixim-
1789 367 1943 406 quantum
1975 365 2014 397 ad
2046 365 2169 403 ritum,
2201 366 2275 407 quia
2310 365 2422 398 obtulit
2467 354 2469 361 Α

1473 426 1592 458 panem
1616 421 1645 448 et
1675 417 1799 448 vinam.
1824 417 1888 449 Non
1921 417 1965 449 sic
1994 417 2024 449 in
2057 417 2231 450 sacerdotio
2255 418 2364 449 Aaron.
2390 418 2423 450 Et
2467 417 2469 420 ’

1476 470 1544 501 ideo
1563 470 1737 511 peroptime
1753 470 1936 511 appropriat
1949 469 1979 501 in
1994 469 2115 501 Psalmo
2132 469 2265 511 Spiritus
2282 473 2421 509 sanctus,
2468 483 2469 487 ¹

1474 526 1505 554 et
1529 522 1686 563 eleganter
1711 522 1802 554 valde
1826 523 1956 563 exponit
1980 521 2152 563 Apostolus.

1563 576 1592 606 Ξ.
1619 574 1646 606 3.
1672 574 1715 606 Ad
1748 574 1825 606 illud
1862 575 1946 616 quod
1981 574 2136 613 obiicitur,
2171 575 2255 616 quod
2291 575 2422 607 eandem

1475 636 1578 658 escam
1603 627 1893 664 man‹-lucaverunt;
1917 626 2103 664 dicendum,
2127 626 2212 668 quod
2233 626 2292 658 hoc
2316 627 2425 659 intelli·
2471 651 2473 674 s

1476 679 1560 720 gitur
1586 688 1646 710 nou
1671 679 1709 710 de
1734 678 1975 711 manducatione
1998 678 2254 716 sacramentali,
2284 679 2338 711 sed
2362 679 2483 720 spi-una

1476 731 1596 763 rituali
1604 756 1613 768 ,
1638 740 1719 772 quae
1742 735 1789 763 est
1820 740 1876 772 per
1900 731 1995 763 fidem
2025 735 2055 763 et
2087 731 2266 768 caritatem3
2291 735 2321 763 et
2352 731 2425 772 quia

1478 785 1577 822 idem,
1602 784 1686 825 quod
1722 792 1795 821 nos,
1824 783 2028 816 crediderunt
2056 787 2086 816 et
2117 787 2323 815 amaverunt:
2358 783 2426 816 ideo
2472 799 2474 807 ν

1477 836 1608 867 eandem
1634 845 1736 868 escam
1755 836 2026 868 manducaverunt
2042 840 2073 868 et
2096 836 2135 868 de
2156 835 2266 868 eadem
2292 835 2426 868 Ecclesia
2472 823 2475 839 ἱ

1476 890 1623 927 fuerunt;
1648 898 1705 921 nec
1737 892 1840 921 tamen
1873 889 1982 921 eadem
2008 889 2095 930 signa
2119 889 2278 921 sensibilia
2314 889 2427 922 habuc·
2473 873 2475 910 ἶ

1478 945 1552 973 runt
1575 950 1631 973 nec
1654 941 1764 973 eadem
1789 942 1998 973 Sacramenta.
2017 942 2052 973 Et
2076 941 2154 973 ratio
2178 941 2274 973 huius
2300 941 2366 973 visa
2382 945 2428 974 est

1478 1003 1575 1035 supra
1590 995 1609 1032 ⁵,
1636 1002 1708 1026 cum
1733 994 1886 1034 agebatur
1910 994 1949 1026 de
1980 994 2254 1025 Sacramentorum
2288 993 2429 1025 differen-

1479 1048 1529 1078 tia.
1547 1066 1590 1070 —
1615 1047 1649 1078 Et
1672 1055 1729 1088 per
1753 1047 1811 1078 hoc
1837 1050 1920 1087 patet
1944 1047 2023 1078 ratio
2047 1046 2146 1078 altera
2171 1046 2209 1078 de
2241 1046 2360 1078 unitate
2384 1055 2428 1078 ec-

1478 1100 1667 1138 clesiastica7
1692 1100 1765 1141 quia
1790 1099 1842 1130 illa
1873 1103 1920 1131 est
1943 1099 2118 1131 secundum
2143 1098 2216 1130 fidei
2248 1098 2428 1131 convenien-

1480 1154 1569 1191 tiam,
1593 1162 1653 1184 non
1679 1152 1852 1184 secundum
1878 1152 2151 1183 Sacramentorum
2177 1151 2427 1183 indifferentiam.

1567 1206 1596 1236 h..
1623 1205 1665 1236 Ad
1691 1204 1767 1236 iilud
1794 1204 1877 1246 quod
1902 1204 2058 1242 obiicitur,
2082 1203 2165 1245 quod
2191 1207 2238 1235 est
2267 1203 2306 1235 de
2337 1203 2430 1235 dicta-

1480 1258 1563 1289 mine
1588 1261 1736 1295 naturae;
1761 1257 1948 1295 dicendum,
1978 1256 2062 1298 quod
2087 1265 2197 1288 verum
2230 1259 2277 1287 est
2301 1255 2336 1287 in
2360 1255 2430 1287 tmi-

1481 1310 1617 1348 vcrsali,
1642 1319 1702 1341 uon
1728 1309 1762 1341 in
1785 1309 1929 1350 speciali.
1956 1309 2037 1341 Bene
2054 1309 2136 1341 enim
2162 1308 2257 1340 dictat
2282 1308 2360 1339 ratio
2384 1316 2428 1340 re·
2443 1312 2483 1340 Nol

1480 1368 1545 1401 cta,
1571 1363 1670 1394 Deum
1695 1371 1762 1394 esse
1787 1362 1972 1400 colendum,
1997 1365 2027 1394 et
2050 1362 2089 1393 ad
2120 1362 2178 1393 hoc
2203 1361 2353 1402 speciales
2378 1361 2431 1392 mi-

1479 1416 1594 1447 nistros
1627 1415 1879 1453 constituendosg
1903 1415 1958 1446 sed
1983 1414 2086 1446 taliter
2111 1414 2293 1452 colendum,
2317 1417 2347 1445 et
2371 1413 2430 1445 tale

1480 1468 1668 1500 sacrificium
1695 1467 1907 1505 offerendum,
1926 1470 1956 1499 et
1973 1466 2065 1499 talem
2084 1470 2268 1508 potestatem
2287 1466 2430 1498 collatam
2479 1459 2481 1498 i

1481 1530 1548 1553 esse
1574 1520 1767 1557 hominibus,
1792 1520 1850 1552 hoc
1876 1528 1936 1551 non
1961 1523 2007 1551 est
2031 1522 2177 1557 naturae,
2203 1519 2257 1551 sed
2282 1518 2398 1560 gratiae
2411 1519 2428 1549 ⁶.
2480 1510 2481 1527 ³

1320 1659 1503 1700 QUAESTIO
1527 1659 1574 1690 IV.

988 1785 1107 1817 Utrum
1132 1785 1211 1816 ordo
1235 1783 1279 1815 sil
1304 1783 1558 1816 Sacramentum
1583 1792 1707 1820 anmi,
1732 1782 1781 1813 vel
1800 1781 1913 1823 plura.

554 1914 671 1953 Quarto
696 1916 726 1943 et
750 1911 861 1942 ultimo
886 1909 1059 1951 quaeritur,
1084 1912 1193 1940 utrum
1212 1908 1289 1939 ordo
1314 1908 1353 1940 sit
1369 1908 1418 1938 Sa-

464 1969 659 1999 cramentum
685 1973 803 2002 unum,
822 1963 869 1995 vel
896 1963 997 2004 plura.
1018 1962 1050 1993 Et
1075 1961 1158 2002 quod
1176 1961 1215 1993 sit
1239 1970 1354 1999 unum,
1378 1961 1419 1991 vi-

465 2019 574 2051 detur:

557 2073 582 2103 1.
609 2071 665 2103 Per
697 2069 883 2101 divisionem
915 2068 1205 2104 Sacramentorum‚
1230 2074 1310 2107 quae
1343 2065 1420 2097 divi-

467 2125 586 2157 duntur
612 2123 641 2155 in
667 2126 785 2163 septem
802 2122 829 2152 ⁷:
857 2121 881 2153 si
906 2129 980 2161 ergo
997 2119 1057 2151 alia
1075 2128 1135 2150 non
1154 2119 1418 2156 subdividuntur,

466 2178 602 2215 videtur,
627 2175 712 2217 quod
736 2174 813 2206 ordo
838 2173 877 2205 sit
902 2181 1001 2204 unum
1025 2172 1273 2203 Sacramentum.

556 2231 584 2261 Ξ).
608 2229 701 2265 Item,
726 2228 962 2258 Sacramentum
988 2224 1112 2255 unionis
1136 2223 1202 2255 sive
1230 2223 1421 2254 communio-

467 2283 515 2315 nis
539 2286 586 2314 est
609 2290 708 2313 unum
739 2280 974 2311 Sacramentum
989 2277 1015 2308 ⁸:
1047 2285 1122 2317 ergo
1146 2276 1213 2317 pari
1247 2276 1367 2307 ratione
1391 2279 1421 2306 et

468 2337 703 2368 Sacramentum
729 2332 859 2364 ordinis.

559 2388 588 2420 3.
612 2388 706 2425 ltem,
730 2386 769 2417 ab
794 2385 904 2417 eodem
929 2387 975 2416 est
999 2383 1124 2421 unitas,
1149 2391 1166 2413 a
1198 2391 1260 2423 quo
1285 2386 1330 2413 est
1355 2389 1422 2422 per-

470 2442 559 2475 fectio
584 2445 614 2473 et
636 2439 901 2480 complementum
917 2436 946 2473 ⁹3
966 2436 1019 2468 scd
1042 2436 1278 2467 Sacramentum
1303 2433 1422 2465 ordinis

470 2504 570 2528 unum
603 2493 698 2525 habet
726 2490 1010 2532 complementum,
1044 2488 1160 2520 scilicet
1192 2487 1421 2525 sacerdotium,

470 2547 555 2590 quod
590 2545 726 2586 complet
761 2552 869 2575 omnes
905 2542 1032 2574 ordines
1067 2541 1311 2583 praecedentes:
1348 2548 1422 2580 ergo

470 2610 569 2634 unum
595 2603 641 2632 est
665 2599 912 2630 Sacramentum.

1571 1908 1600 1938 Ιι.
1626 1907 1719 1944 Item,
1739 1918 1753 1935 «
1767 1909 1890 1947 quanto
1904 1905 2009 1947 aliqua
2034 1905 2135 1936 virtus
2160 1905 2325 1946 potentior,
2352 1908 2432 1936 tanto

1484 1960 1582 2000 magis
1607 1960 1694 1991 unita
1709 1959 1732 1973 ¹⁰
1750 1970 1784 1990 »ε
1802 1967 1877 1999 ergo
1894 1962 2011 1999 quanto
2028 1958 2264 1989 Sacramentum
2289 1958 2389 1990 maius
2405 1961 2433 1990 et

1484 2012 1707 2049 excellentius.
1733 2014 1818 2043 tanto
1844 2011 1941 2052 magis
1965 2020 2083 2048 unum;
2112 2011 2164 2043 sed
2198 2011 2432 2043 Sacramentum

1484 2065 1603 2096 ordinis
1628 2068 1674 2096 est
1698 2063 1857 2095 excellens
1888 2067 1918 2095 et
1942 2063 1973 2095 in
1998 2067 2082 2095 statu
2113 2063 2280 2095 excellenti
2305 2064 2432 2096 collocat

1485 2118 1679 2149 ordinatum:
1705 2126 1779 2157 ergo
1804 2120 1860 2148 etc.

1574 2170 1716 2201 Consua:
1748 2171 1773 2200 1.
1796 2168 1998 2210 Multiplicato
2026 2169 2183 2207 inferiori,
2208 2169 2432 2211 multiplicatur
2445 2178 2474 2200 Aci

1486 2223 1633 2263 superius
1649 2222 1691 2260 ¹¹3
1709 2222 1761 2254 sed
1789 2222 2023 2253 Sacramentum
2050 2224 2097 2253 est
2121 2221 2268 2263 superius
2292 2222 2331 2253 ad
2356 2221 2432 2253 ordi-

1487 2284 1574 2306 nem:
1600 2284 1674 2315 ergo
1691 2283 1764 2306 cum
1788 2274 1849 2306 sint
1867 2273 1974 2315 plures
1998 2273 2138 2312 ordines,
2156 2277 2229 2305 sunt
2252 2283 2326 2315 ergo
2343 2273 2432 2315 plura

1485 2328 1695 2360 Sacramenta.

1576 2383 1605 2413 ⁹2.
1631 2381 1723 2418 Item,
1749 2389 1819 2412 cum
1853 2379 1972 2411 ordinis
2004 2380 2240 2412 Sacramentum
2265 2379 2431 2416 dividitur;

1487 2437 1541 2465 aut
1566 2434 1595 2464 in
1621 2437 1725 2474 partes
1750 2431 1936 2474 inleyrales,
1954 2426 2009 2463 aut
2032 2431 2228 2463 szlblectz'oas
2244 2431 2277 2462 ¹².
2302 2431 2366 2463 Non
2390 2430 2432 2462 in-

1488 2486 1645 2528 lcfsrales,
1676 2485 1749 2527 quia
1774 2485 1860 2516 nulla
1892 2494 1966 2526 pars
1996 2484 2155 2525 integralis
2185 2484 2294 2525 recipit
2318 2482 2434 2525 praedi-

1488 2539 1639 2571 cationem
1665 2539 1778 2575 totius,
1810 2538 1864 2570 sed
1899 2537 2031 2578 quilibet
2055 2537 2174 2577 gradus
2209 2536 2432 2569 ecclesiasticus

1489 2592 1599 2632 recipit
1623 2591 1887 2633 praedicationem
1914 2591 1962 2622 sui
1986 2590 2091 2622 totius.
2116 2590 2146 2621 Si
2171 2589 2201 2621 in
2225 2589 2432 2622 sabicclivas:

544 2786 551 2801 1
572 2786 660 2810 Ezech.
683 2785 709 2815 1,
732 2785 772 2808 16.
793 2786 817 2808 et
844 2784 888 2814 10,
910 2783 950 2807 10.
971 2782 1020 2807 Cl'r.
1047 2788 1124 2812 supra
1146 2788 1205 2812 pag.
1233 2781 1296 2811 181,
1316 2784 1374 2805 nota
1395 2780 1420 2804 3.

472 2843 505 2847 —
526 2830 650 2860 August,
673 2829 688 2852 l.
709 2828 839 2852 Locution.
861 2827 893 2851 de
913 2827 974 2850 Gen.
997 2832 1019 2850 u.
1042 2824 1105 2849 1143:
1127 2825 1232 2849 Multum
1248 2825 1310 2849 haec
1331 2824 1423 2848 locutio

472 2873 583 2899 notanda
604 2876 655 2903 est,
676 2871 720 2896 ubi
741 2871 823 2903 aliqua
844 2870 1013 2901 significantia
1033 2875 1121 2893 earum
1146 2875 1232 2893 rerum
1260 2875 1324 2899 quas
1349 2868 1424 2898 sigui-

473 2918 550 2943 fleant
569 2917 671 2942 nomine
684 2915 859 2947 appellantur;
880 2914 938 2938 inde
952 2916 1003 2944 est,
1024 2912 1094 2945 quod
1114 2913 1148 2937 ait
1161 2912 1298 2943 Apostolus
1319 2912 1352 2943 [l.
1367 2910 1424 2935 Cor.

475 2962 521 2993 10,
542 2960 594 2994 4.]:
614 2960 694 2986 Petra
713 2960 802 2984 aulem
821 2959 879 2983 crat
899 2957 1035 2988 Christus,
1058 2963 1109 2981 non
1129 2957 1174 2981 ait:
1196 2957 1267 2981 Petra
1292 2954 1426 2988 significa-

475 3005 518 3031 bac
537 3004 675 3030 Christum.

544 3049 555 3064 2
574 3048 618 3073 Ed.
632 3049 641 3073 1
657 3050 681 3072 et
694 3047 798 3078 plurimi
813 3046 888 3071 codd.
900 3044 1021 3077 iuferius,
1036 3044 1092 3069 Vat.
1103 3043 1189 3075 istius,
1203 3043 1260 3068 cod.
1272 3042 1291 3067 O
1306 3041 1425 3068 ulterius

545 3092 556 3108 ³
575 3092 625 3117 Cfr.
645 3098 723 3122 supra
743 3090 769 3115 d.
789 3091 812 3114 8.
836 3097 860 3121 p.
881 3090 896 3114 l.
918 3096 940 3113 a.
962 3089 984 3113 1.
1004 3092 1028 3113 et
1048 3089 1071 3112 2.

545 3135 555 3151 ‘¹
575 3135 651 3160 Hohr.
672 3134 704 3165 7,
729 3134 747 3158 1.
768 3140 840 3165 seqq.
861 3132 911 3157 Ct‘r.
931 3133 994 3156 Gen.
1019 3131 1064 3162 14,
1090 3131 1126 3155 18.
1147 3137 1200 3162 seq.
1215 3143 1250 3148 —
1263 3129 1334 3155 Circa
1348 3129 1426 3153 finem

477 3180 550 3204 solut.
571 3180 595 3203 in
614 3178 674 3203 edd.
694 3177 855 3203 desideratur
874 3175 991 3209 Spiritus
1010 3176 1127 3201 sanclus.

546 3222 557 3239 5
576 3223 636 3247 Dist.
659 3223 681 3247 1.
703 3229 727 3253 p.
749 3222 763 3246 Ι.
785 3229 808 3253 q.
832 3221 855 3245 5.
876 3224 901 3245 et
919 3220 944 3245 d.
965 3221 989 3245 Ξ.
1009 3227 1031 3245 a.
1054 3221 1075 3244 1.
1096 3227 1121 3251 q.
1144 3220 1168 3244 2.

547 3265 557 3281 ‘³
577 3265 627 3290 Clr.
647 3272 725 3296 supra
752 3265 776 3289 d.
802 3266 820 3289 1.
847 3272 871 3296 p.
892 3265 917 3289 ll.
938 3271 959 3288 a.
982 3265 1004 3288 l.
1025 3271 1049 3295 (Ι.
1070 3264 1093 3288 3.
1113 3277 1148 3281 -
1167 3263 1292 3294 Superius
1306 3268 1353 3293 pro
1372 3260 1427 3287 tatt-

479 3309 518 3333 Μι-
537 3308 608 3332 multi
628 3308 703 3333 codd.
725 3308 817 3340 talem,
839 3308 899 3333 edd.
920 3307 968 3333 lali
986 3307 1068 3333 calta.
1082 3321 1117 3325 —
1131 3307 1197 3332 Vide
1216 3307 1330 3332 scholion
1350 3305 1383 3330 ad
1405 3305 1427 3329 1.

479 3352 556 3376 huius
576 3351 673 3375 articuli
695 3356 792 3383 quaest.

1559 2778 1569 2794 7
1590 2778 1654 2803 Vide
1673 2784 1751 2808 supra
1772 2777 1796 2801 d.
1818 2778 1840 2801 2.
1862 2784 1885 2801 a.
1910 2777 1932 2801 1.
1955 2783 1978 2808 q.
2000 2776 2023 2800 3.
2044 2778 2068 2800 ct
2087 2775 2151 2801 dub.
2175 2776 2196 2799 l.
2214 2789 2245 2792 —
2260 2774 2343 2800 Verba
2362 2773 2434 2799 inse-

1489 2824 1559 2855 ptem
1580 2822 1634 2846 Vat.
1657 2822 1799 2851 ti·ansponit
1818 2824 1876 2851 post
1895 2818 2110 2845 subdividuntur.

1560 2865 1571 2881 3
1592 2865 1618 2889 Ut
1639 2869 1771 2889 ostensum
1791 2867 1829 2888 est
1847 2870 1926 2894 supra
1947 2863 1971 2887 d.
1993 2864 2016 2887 8.
2037 2870 2062 2894 p.
2084 2863 2108 2887 ll.
2130 2870 2151 2887 a.
2173 2864 2195 2887 2.
2216 2870 2240 2894 q.
2262 2863 2286 2887 2.

1562 2908 1572 2924 ⁹
1592 2908 1666 2940 Quod
1687 2909 1709 2932 in
1732 2907 1890 2932 naturalibus
1903 2910 1941 2932 est
1961 2907 2040 2931 forma
2055 2906 2242 2937 substantialis;
2263 2906 2306 2930 cfr.
2326 2905 2431 2936 Aristot.‚

1493 2954 1517 2978 11,
1538 2953 1570 2978 (11x
1584 2954 1688 2983 Anima,
1710 2955 1766 2977 text.
1781 2952 1805 2976 7.
1826 2952 1858 2983 (c.
1878 2952 1922 2983 1.);
1945 2951 1973 2975 V.
1996 2951 2103 2981 Metaph.
2119 2952 2176 2975 text.
2201 2951 2237 2981 tl,
2253 2954 2277 2975 et
2291 2949 2322 2974 X.
2337 2951 2392 2974 text.
2412 2949 2432 2972 ¹1.

1493 2998 1549 3029 (iv.
1570 3004 1592 3022 c.
1615 2998 1637 3020 c.
1658 3001 1682 3021 ct
1701 2997 1742 3020 ix.
1763 3002 1783 3021 c.
1805 2996 1850 3027 1.).

1563 3040 1583 3056 ¹⁰
1603 3040 1751 3065 Secundum
1772 3042 1903 3063 auctorem
1923 3038 1979 3064 libri
1993 3038 2025 3063 de
2039 3037 2136 3069 Causis,
2153 3044 2258 3069 propos.
2275 3036 2314 3061 17.
2333 3035 2381 3061 Csr.
2394 3041 2430 3060 su-

1493 3092 1538 3116 pra
1559 3092 1618 3116 pag.
1640 3084 1703 3114 508,
1725 3086 1783 3108 uota
1808 3084 1844 3107 11.

1564 3128 1583 3144 ¹¹
1604 3128 1654 3153 Ctr.
1674 3134 1753 3158 supra
1773 3134 1833 3158 pag.
1858 3126 1912 3158 197,
1933 3129 1991 3151 nota
2011 3127 2034 3151 6.
2055 3128 2080 3151 et
2098 3132 2158 3157 pag.
2180 3125 2243 3156 412,
2263 3126 2320 3149 nota
2342 3123 2363 3147 1.

1566 3172 1585 3188 ¹¹2
1607 3173 1670 3197 Vide
1689 3179 1767 3202 supra
1789 3178 1847 3202 pag.
1868 3171 1932 3202 382,
1952 3174 2011 3195 nota
2037 3171 2055 3194 1.
2076 3172 2100 3194 et
2119 3176 2178 3200 pag.
2200 3169 2263 3200 397,
2284 3171 2342 3192 nota
2363 3167 2383 3191 1.
2402 3178 2434 3183 -

1494 3217 1599 3242 Interius
1618 3221 1677 3247 post
1701 3215 1745 3241 sui
1769 3215 1847 3241 totius
1867 3215 1923 3240 cod.
1944 3216 1963 3239 A
1984 3214 2055 3239 addit
2080 3213 2143 3247 quia
2168 3212 2266 3239 dicitur
2283 3211 2356 3242 ordo,
2377 3209 2432 3235 edd.

1492 3268 1556 3285 vero
1576 3267 1635 3285 cum
1656 3260 1783 3284 nonnullis
1803 3259 1877 3284 codd.
1893 3258 2051 3284 substituunt
2063 3258 2101 3283 est
2119 3257 2184 3283 ordo
2201 3263 2248 3289 pro
2263 3255 2432 3288 recipz'lprae-

1493 3304 1651 3330 (lic-allonem
1669 3303 1713 3329 sui
1732 3303 1819 3329 totius.
