2483 3882
2 2763 80 2789 opposi-

731 259 825 291 DIST.
850 259 923 292 XIV.
949 260 978 291 P.
1004 259 1036 291 ΙΙ.
1060 259 1141 291 ART.
1166 259 1187 290 l.
1212 259 1364 300 QUAEST.
1390 259 1409 291 Ι.
1999 261 2057 293 331

186 347 334 380 Similiter
369 347 508 379 secunda
536 355 609 389 pars
644 346 724 378 duas
748 347 852 379 habet.
878 347 909 378 ln
944 347 1047 389 prima

98 400 267 442 respondet
301 399 558 437 auctoritatibus,
594 407 674 440 quae
710 398 858 431 videntur
882 399 1047 431 ostendere

98 453 232 495 primam
249 455 370 494 partem
396 451 523 484 erroris.
542 451 573 482 lu
598 451 736 483 secunda
753 452 922 492 respondet
945 455 1048 483 aucto-

98 505 260 543 ritatibus,
285 514 365 547 quae
393 504 562 537 ostendunt
586 504 772 543 secundam,
796 504 856 536 ibi:
881 504 970 536 Jtlztct
992 514 1050 536 an-

99 563 177 596 tem,
202 558 289 600 quod
312 557 510 589 Ambrosius
534 557 583 589 ait
607 560 664 589 etc.

1200 347 1348 379 Similiter
1373 347 1464 379 tertia
1481 356 1555 389 pars
1579 347 1732 380 dividitur
1749 348 1779 379 in
1805 348 1894 380 duas.
1912 348 1943 380 In
1962 349 2065 390 prima

1112 400 1241 432 adducit
1276 401 1477 432 auctoritates
1509 400 1548 432 ad
1574 400 1835 442 improbationem
1867 400 1952 433 illius
1981 410 2064 434 erro-

1113 452 1166 484 ris.
1191 453 1221 484 ln
1251 453 1389 485 secunda
1413 453 1559 495 exempla
1584 453 1720 485 Patrnm.
1743 453 1882 486 Primum
1907 454 1979 487 facit
2004 455 2060 487 ibi:

1116 506 1209 546 Quod
1224 516 1300 538 vero
1309 506 1509 547 poenitentia
1525 516 1591 538 non
1606 506 1703 538 semet
1720 510 1850 539 tantum
1867 512 1992 549 (tycttur
2005 511 2064 541 ete.

1115 558 1312 595 Secundum,
1338 558 1397 590 ibi:
1425 558 1590 600 Eaeemplz's
1615 559 1713 591 etiam
1737 560 1850 592 astrui
1862 564 1973 602 potest.

829 689 1037 721 TRACTATIO
1062 690 1335 730 QUAESTIONUM.

184 811 227 842 Ad
252 810 487 852 intelligentiam
514 810 609 842 liuius
634 810 731 852 partis
752 810 816 842 duo
833 809 1048 852 principaliter

96 867 303 905 quaeruntur.

185 916 287 948 Primo
311 916 475 957 quaeritur
499 916 538 948 de
562 915 725 948 iteratione
750 915 966 957 poenitentiae.

183 969 344 1006 Secundo,
368 969 407 1001 de
431 968 543 1001 effectu
568 969 776 1010 poenitentiae
800 968 939 1000 iteratae.

183 1020 271 1053 Circa
295 1020 434 1062 primum
458 1023 657 1062 quaeruntur
682 1020 750 1052 tria.

185 1074 287 1105 Primo
318 1074 500 1115 quaeritur,
533 1077 642 1105 utrum
682 1073 840 1114 contingat
878 1073 991 1106 cadere
1030 1082 1048 1105 a

1113 819 1188 842 vera
1213 810 1412 851 poenitentia.

1202 864 1362 903 Secundo,
1387 868 1494 896 utrum
1521 866 1678 908 contingat
1702 876 1758 908 per
1782 868 2003 908 poenitentiam
2022 878 2067 901 re-

1112 925 1254 957 surgere.

1202 969 1322 1008 Terti0‚
1341 974 1449 1002 utrum
1474 971 1576 1004 omnis
1600 981 1695 1013 agens
1721 965 1941 1015 poenitentiam
1967 983 2063 1016 snper

1112 1021 1238 1063 culpam
1264 1022 1402 1054 inveniat
1426 1024 1548 1055 veniam
1574 1034 1591 1055 a
1618 1025 1688 1057 Deo.

925 1211 1190 1250 ARTICULUS
1215 1213 1240 1252 I.

838 1318 882 1350 De
906 1318 1079 1350 iteratione
1099 1319 1325 1360 poenitentiae.

966 1431 1150 1472 Qumsuo
1175 1432 1193 1463 1.

667 1528 783 1560 Utrum
809 1529 977 1571 cosiztz'nyctt
1001 1530 1119 1561 eadere
1143 1540 1165 1561 ct
1190 1540 1268 1562 vera
1291 1531 1498 1572 poenitentia.

181 1644 269 1676 Circa
294 1644 433 1686 primum
451 1644 634 1685 proceditur
651 1644 694 1676 sic
712 1648 742 1676 et
758 1644 944 1683 ostenditur,
962 1645 1046 1686 quod

93 1698 250 1739 contingat
274 1707 292 1729 a
318 1707 391 1730 vera
415 1698 604 1739 poenitentia
628 1698 757 1730 cadere:

186 1752 211 1782 l.
240 1750 394 1792 Exempto
419 1750 536 1789 David,
554 1750 606 1792 qni
626 1751 664 1782 de
681 1754 808 1792 peccato
826 1751 935 1783 mortis
957 1751 1047 1784 Uriae

80 1803 270 1846 poenitens,
296 1803 379 1845 quod
406 1803 558 1835 Dominus
573 1803 641 1835 eius
662 1803 884 1844 poenitentiam
909 1807 1049 1845 accepta-

93 1857 153 1896 vit,
179 1857 319 1898 peccavit
343 1856 372 1888 in
402 1856 619 1888 enumerando
642 1856 815 1898 populum,
841 1856 969 1888 secundi
995 1856 1049 1888 Re-

93 1918 168 1951 gum
193 1910 304 1942 ultimo
318 1910 336 1941 ¹.

184 1965 213 1995 Ξ.
238 1963 335 2002 Item,
364 1962 561 1995 auctoritate
592 1962 736 1994 Domini:
761 1963 884 1996 Ioannis
912 1963 1021 2005 quinto
1037 1963 1048 1980 ²

93 2016 175 2049 dixit
199 2016 389 2058 paralytico:
416 2016 501 2047 Vade
525 2020 555 2047 et
577 2015 723 2057 amplius
747 2016 817 2048 noli
838 2025 990 2058 peceare,
1008 2026 1048 2048 ne

94 2069 236 2101 (leterius
261 2068 320 2101 ciba·
334 2069 464 2112 aliquid
479 2069 672 2111 contingam
689 2069 743 2101 sed
762 2078 822 2101 non
840 2069 950 2101 suisset
967 2078 1048 2102 com-

93 2122 230 2154 minatus
254 2121 371 2154 malum
399 2125 527 2162 propter
558 2121 752 2160 recidivum,
784 2122 842 2153 nisi
872 2125 978 2164 posset
1001 2131 1049 2154 ca-

93 2174 187 2207 dere:
213 2183 288 2216 ergo
313 2178 369 2207 etc.

182 2227 210 2259 3.
236 2227 325 2265 item,
357 2227 487 2259 racione
512 2227 658 2259 videtur:
683 2228 757 2269 quia
780 2228 972 2269 poenitentia
995 2228 1048 2260 ha-

94 2281 144 2314 bet
168 2290 236 2314 esse
261 2282 291 2313 in
317 2281 416 2313 libero
440 2281 571 2313 arbitrio
603 2281 778 2313 secundnm
811 2285 926 2314 statum
960 2282 1047 2321 viae,

93 2338 123 2367 et
146 2335 205 2367 hoc
234 2344 294 2366 non
319 2334 467 2372 coact033
492 2334 546 2366 sed
580 2334 641 2366 tale
672 2338 719 2366 est
743 2334 905 2373 vertibile,
929 2338 959 2367 et
991 2344 1048 2376 per

93 2387 325 2420 vertibilitatem
350 2391 452 2428 potest
476 2387 588 2419 cadere
612 2397 630 2419 a
655 2391 737 2419 statu
756 2388 885 2429 gratiae
909 2391 939 2420 et
964 2388 1048 2420 iusti-

94 2441 173 2473 tiae:
198 2450 273 2482 ergo
296 2445 326 2473 et
351 2441 568 2482 poenitentiae.

181 2495 210 2526 [ι.
225 2494 318 2531 [tem⁷
343 2494 443 2535 gratia
467 2493 662 2535 baptismalis
678 2498 726 2526 est
743 2495 842 2526 maior
858 2503 953 2536 quam
980 2503 1048 2536 poe-

93 2547 257 2586 nitentiae,
282 2551 312 2579 et
336 2546 582 2579 confirmationis
611 2547 798 2585 similiter&
823 2548 877 2579 sed
903 2551 972 2588 post
999 2557 1048 2579 ve-

93 2610 160 2633 ram
186 2601 318 2642 gratiam
350 2600 548 2642 baptismatis
573 2604 602 2632 et
627 2600 873 2632 confirmationis
897 2601 1048 2642 contingit

94 2653 221 2685 cadere:
247 2662 322 2694 ergo
346 2657 376 2685 et
401 2656 470 2694 post
494 2653 625 2694 gratiam
651 2653 868 2694 poenitentiae.

182 2706 328 2738 CONTRA:
357 2707 383 2737 l.
409 2706 592 2738 Ambrosius
623 2709 653 2738 et
681 2706 896 2747 Augustinus⁵
921 2706 964 2738 sic
996 2706 1048 2738 de-

95 2758 207 2790 finiunt
237 2759 482 2800 poenitentiam:
522 2771 535 2787 «
559 2758 749 2791 Poenitentia
784 2762 831 2790 est
867 2761 1047 2799 perpetrata

93 2811 242 2853 plangere
266 2816 296 2843 et
320 2811 497 2853 plangenda
521 2821 582 2843 non
600 2812 795 2843 committere
813 2823 841 2842 »z
860 2820 935 2852 ergo
952 2811 977 2843 si
996 2812 1048 2843 ad-

94 2863 188 2896 mittit
213 2864 261 2896 vel
286 2864 451 2896 committit
476 2868 545 2905 post
562 2864 758 2906 plangenda,
776 2864 866 2905 prius
890 2872 951 2895 non
976 2872 1047 2905 poe-

94 2916 204 2948 nituit:
230 2917 253 2948 si
280 2926 354 2958 ergo
380 2917 549 2958 poenituit,
567 2921 667 2958 patet,
685 2916 769 2958 quod
788 2916 871 2948 ultra
888 2925 948 2947 non
966 2924 1046 2948 com-

96 2969 204 3002 mittet.
230 2970 268 3002 Si
290 2970 403 3008 (lica-9,
435 2971 518 3012 quod
552 2970 689 3002 refertur
720 2970 760 3002 ad
790 2970 873 3002 idem
898 2973 1045 3011 tempus3

1112 1646 1171 1677 hoc
1196 1646 1380 1688 superfluit,
1414 1647 1486 1688 quia
1519 1657 1611 1680 nemo
1643 1648 1674 1680 iu
1706 1648 1816 1681 eodem
1846 1653 2003 1691 tempore,
2035 1652 2066 1683 in

1112 1708 1174 1740 quo
1198 1698 1334 1740 plangit,
1359 1703 1485 1740 peecata
1509 1700 1655 1733 admittit.

1202 1752 1350 1790 211em,
1388 1752 1568 1785 Isidorus⁶:
1607 1753 1740 1787 «inanis
1776 1759 1823 1787 est
1858 1756 2066 1797 poenitentia,

1112 1813 1206 1845 quam
1233 1813 1369 1846 sequens
1394 1805 1487 1847 culpa
1512 1806 1654 1848 inquinat
1670 1819 1699 1838 »ε
1725 1816 1799 1849 ergo
1817 1808 1841 1840 si
1860 1812 1929 1850 post
1945 1813 2067 1850 peccat,

1114 1857 1215 1897 prima
1239 1857 1430 1899 poenitentia
1453 1858 1512 1890 fuit
1535 1859 1655 1892 inanis:
1681 1869 1756 1902 ergo
1781 1860 1822 1892 ab
1847 1862 2024 1903 oppositis,
2042 1863 2067 1895 si

1112 1909 1170 1942 fuit
1194 1919 1280 1947 vera,
1306 1915 1414 1952 postea
1437 1920 1498 1943 non
1524 1913 1673 1954 peccavit.

1202 1962 1231 1994 3.
1257 1963 1349 2003 Item,
1374 1964 1505 1996 ratione
1528 1965 1673 1997 videtur:
1700 1967 1773 2008 qnia
1797 1967 1914 1999 offensa
1947 1971 1993 2000 est
2026 1968 2068 2000 in-

1112 2014 1217 2055 finita,
1242 2025 1317 2058 ergo
1341 2021 1371 2049 et
1396 2017 1582 2057 satisfactio,
1608 2019 1633 2050 si
1658 2028 1733 2051 vera
1750 2023 1813 2058 est,
1831 2019 1924 2052 debet
1940 2029 2008 2053 esse
2026 2021 2068 2053 in-

1112 2068 1219 2100 finita:
1245 2077 1320 2111 ergo
1344 2079 1418 2102 cum
1442 2079 1504 2102 non
1529 2071 1568 2102 sit
1592 2071 1713 2103 intinita
1738 2072 1927 2111 intensione,
1954 2073 2065 2106 saltem

1112 2124 1158 2153 est
1190 2121 1311 2154 infinita
1342 2122 1525 2156 duratione:
1558 2133 1633 2166 ergo
1665 2125 1690 2157 si
1719 2134 1781 2157 non
1806 2134 1931 2167 semper
1955 2127 2067 2166 durat,

1112 2183 1173 2206 non
1198 2179 1245 2207 est
1268 2184 1344 2208 vera
1368 2177 1558 2218 poenitentia
1582 2186 1638 2209 nec
1662 2178 1840 2211 satisfactio.

1200 2228 1231 2259 li.
1255 2228 1349 2267 item,
1380 2238 1455 2261 vere
1484 2230 1671 2271 poenitentis
1696 2235 1742 2263 est
1766 2240 1892 2273 semper
1916 2233 2023 2265 dolere
2039 2234 2066 2273 ⁷,

1111 2289 1187 2322 ergo
1211 2290 1337 2323 semper
1368 2286 1533 2324 peccatum
1559 2283 1729 2322 detestari3
1755 2285 1809 2317 sed
1835 2293 1960 2327 semper
1984 2286 2068 2319 dete-

1112 2335 1204 2366 stanti
1230 2334 1362 2376 gratiam
1388 2335 1582 2376 impossibile
1606 2340 1653 2368 est
1678 2345 1863 2378 resurgere:
1893 2347 1968 2380 ergo
1992 2347 2066 2371 vere

1111 2387 1339 2428 poenitentem,
1372 2397 1443 2420 cum
1477 2397 1603 2430 semper
1635 2389 1807 2422 detestetur
1840 2390 1980 2432 culpam,
2013 2391 2068 2422 im-

1111 2440 1260 2481 possibile
1284 2445 1331 2473 est
1355 2441 1478 2473 radere.

1466 2538 1706 2562 CONCLUSIO.

1111 2616 1216 2647 Homo
1239 2620 1341 2657 potest
1372 2617 1489 2649 eadere
1512 2627 1534 2649 ct
1554 2618 1755 2659 poenitencia
1779 2629 1878 2657 vera,
1903 2625 2066 2662 quatenus

1202 2678 1277 2700 vera
1291 2669 1449 2710 importat
1460 2671 1634 2702 essentiam
1647 2672 1875 2712 poenitentiae,
1891 2682 1953 2704 non
1972 2683 2065 2712 vero,

1200 2726 1363 2764 quatenus
1386 2722 1526 2755 includit
1546 2725 1829 2765 perseverantii-tm
1854 2725 1997 2767 finalem.

1201 2811 1403 2843 RESPONDEO:
1430 2811 1601 2843 Dicendum
1614 2838 1621 2851 ‚
1646 2813 1730 2854 quod
1748 2814 1792 2845 sic
1809 2819 1997 2846 erraverunt
2014 2815 2067 2847 ali-

1111 2863 1164 2904 qui
1190 2863 1272 2895 cirea
1297 2864 1534 2905 poenitentiam,
1566 2865 1647 2896 sicut
1678 2865 1761 2898 circa
1790 2866 1951 2899 caritatem
1967 2868 1987 2898 Β.
2019 2867 2066 2899 Di·
2080 2867 2225 2916 ΟΡῑξξέὃῗΠο-

1111 2920 1228 2948 xerunt
1252 2917 1353 2955 enim,
1378 2918 1462 2958 qnod
1492 2917 1610 2950 liabens
1642 2919 1739 2951 semel
1768 2928 1875 2951 veram
1901 2921 2063 2953 caritatem

1111 2978 1272 3011 nunquam
1306 2969 1408 3010 perdit
1440 2979 1530 3008 eam;
1562 2970 1706 3003 similiter
1738 2975 1768 3004 et
1804 2973 1923 3005 liabens
1956 2982 2062 3005 veram

167 3138 174 3153 ¹
197 3139 268 3164 Vers.
293 3140 313 3164 l.
333 3146 405 3171 seqq.
419 3139 481 3171 (Csr.
496 3139 561 3165 infra
582 3139 646 3164 dub.
667 3140 724 3168 13.).
740 3154 772 3157 —
787 3140 821 3164 De
842 3141 920 3171 priori
942 3143 1047 3171 peccato

97 3181 177 3207 David
191 3182 250 3207 vide
265 3183 290 3207 ll.
306 3183 369 3214 neg.
391 3184 427 3208 12.
447 3184 483 3208 13.
496 3197 528 3201 —
541 3183 605 3214 Vnt..
621 3190 667 3214 pro
685 3182 829 3216 poenitens,
846 3182 917 3216 quod
930 3183 959 3216 [i.
977 3191 999 3208 e.
1016 3185 1048 3208 ita

97 3225 181 3258 quod]
195 3227 277 3257 posito
290 3226 432 3259 poenituit,
448 3228 486 3258 et,
505 3231 561 3258 post
574 3226 718 3259 accpptat-it
732 3227 802 3252 addit
816 3226 863 3260 qm*
875 3228 963 3253 tamen
980 3229 1049 3260 post.

166 3269 177 3286 “²
196 3271 269 3295 Vers.
294 3271 336 3300 14:
357 3271 421 3296 Ecce
440 3278 519 3296 sanus
538 3271 620 3296 sactus
639 3279 680 3301 es,
701 3272 751 3296 inm
773 3272 822 3296 noli
844 3279 951 3303 peceare
971 3277 1018 3297 etc.

167 3314 178 3331 ³
196 3314 258 3340 Cod.
274 3316 293 3339 M
309 3315 372 3341 etin
386 3315 435 3341 hoc
449 3322 502 3340 non.
521 3316 559 3341 est
578 3315 676 3341 coactio
684 3325 695 3347 ‚·
710 3316 765 3340 Vat.
784 3322 839 3341 non
859 3317 896 3341 est
915 3318 1046 3342 reustum.

97 3356 146 3382 Csr.
167 3358 192 3382 ll.
213 3359 280 3383 Sent.
301 3359 325 3384 d.
347 3359 387 3384 253.
408 3366 432 3390 p.
456 3359 479 3384 ll.
500 3367 525 3391 q.
547 3358 569 3383 4.
591 3366 644 3390 seq.

169 3400 179 3416 ⁴
199 3401 263 3426 Vide
283 3409 361 3433 supra
382 3402 406 3427 d.
428 3402 450 3426 li.
471 3409 496 3433 p.
518 3403 532 3426 Ι.
553 3410 577 3427 a.
604 3403 622 3427 1.
637 3409 661 3434 q.
681 3403 699 3427 1.
715 3410 767 3435 seq.
781 3406 806 3428 et
825 3403 850 3428 d.
871 3403 894 3428 7.
909 3411 931 3428 n.
946 3405 969 3428 2.
984 3410 1008 3435 q.
1024 3404 1046 3427 2.

1213 3139 1263 3164 Csr.
1278 3141 1319 3164 liic
1336 3140 1370 3164 lit.
1383 3140 1503 3170 Magistri,
1519 3146 1539 3164 e.
1552 3139 1574 3163 2.
1586 3143 1610 3164 et
1621 3138 1764 3165 Comnient.
1780 3148 1803 3171 p.
1821 3141 1836 3165 l.
1851 3140 1913 3166 dul).
1931 3141 1954 3169 4.
1971 3142 1994 3166 in
2012 3149 2064 3174 quo

1112 3184 1188 3208 eliam
1208 3183 1318 3208 obiectio
1338 3182 1451 3207 subnexa
1473 3181 1603 3214 (refertur
1622 3182 1657 3208 ad
1676 3182 1744 3208 idem
1764 3184 1877 3216 tenipus)
1898 3185 2060 3215 expenditur.

1183 3226 1193 3243 ⁶
1212 3227 1280 3251 Libr.
1303 3227 1317 3251 l.
1338 3227 1479 3257 synonymi.
1501 3233 1514 3250 n
1539 3226 1580 3251 77.
1594 3240 1629 3245 —
1642 3226 1704 3252 Cod.
1720 3228 1736 3252 Ρ
1756 3227 1784 3259 (F
1804 3235 1817 3252 a
1838 3229 1951 3253 secunda
1972 3232 2063 3262 manu)

1113 3278 1172 3296 cnm
1194 3274 1259 3296 textu
1280 3271 1398 3302 originali
1420 3270 1581 3304 coinquinat.
1604 3271 1668 3296 Vide
1688 3272 1728 3297 hic
1747 3272 1782 3297 lit.
1803 3273 1929 3304 Magistri,
1950 3280 1970 3298 c.
1993 3275 2015 3299 2.

1183 3315 1193 3331 7
1212 3314 1263 3340 Csr.
1286 3315 1326 3339 liic
1345 3315 1379 3339 lit.
1400 3315 1525 3346 Magistri,
1547 3321 1568 3339 c.
1590 3316 1612 3340 2.
1633 3316 1700 3340 cirea
1721 3316 1797 3341 tinem
1819 3316 1896 3342 verbo
1918 3318 2064 3349 Augustini.

1114 3373 1145 3376 —
1161 3359 1266 3383 inferius
1286 3365 1333 3389 pro
1350 3357 1524 3390 poenitentem
1544 3359 1621 3384 codd.
1644 3359 1682 3384 Η(
1701 3359 1850 3392 poenitenti.

1182 3403 1192 3419 3
1213 3403 1248 3427 De
1268 3410 1320 3435 quo
1342 3403 1400 3427 ride
1421 3403 1454 3427 ΙΙΙ.
1476 3404 1543 3429 Sent.
1564 3404 1588 3428 d.
1610 3404 1650 3429 31.
1671 3412 1692 3430 a.
1718 3406 1737 3429 1.
1758 3412 1781 3438 q.
1808 3406 1827 3430 l.
