2429 3887
761 508 1494 615 PROLEGOM‘ENA

501 704 582 757 AD
622 698 936 759 QUARTUM'
964 694 1218 755 LIBRUM
1248 700 1755 754 SENTENTIARUM.

217 1258 312 1290 Quarto
332 1257 381 1281 hoc
400 1256 518 1281 editionis
538 1257 639 1281 nostrae
653 1255 785 1279 volumine
799 1261 848 1285 ope
863 1253 948 1278 divina
969 1253 1001 1278 ad
1016 1253 1093 1278 tinem

147 1311 249 1336 feliciter
267 1309 407 1341 perducto,
422 1309 529 1340 insignis
548 1308 680 1349 Seraphici
701 1296 816 1332 Doctoris
830 1306 1052 1337 Commentarius,
1068 1306 1100 1330 si-

146 1363 199 1389 mul
218 1369 277 1388 cum
299 1362 361 1393 ipsis
380 1361 451 1386 libris
471 1349 658 1386 Sententiarum
673 1360 738 1384 Petri
752 1359 907 1391 Lombardi,
923 1366 936 1383 a
951 1358 1100 1383 deformita-

147 1415 214 1441 tibus
233 1413 466 1439 innumerabilibus
486 1417 612 1444 purgatus
640 1400 780 1444 multisque
809 1411 932 1436 subsidiis
960 1411 1100 1436 illustratus

147 1468 249 1494 tandem
269 1468 368 1498 integer
396 1467 420 1490 in
441 1466 524 1490 lucem
554 1465 649 1497 prodit.
679 1464 753 1496 Quod
782 1465 860 1495 igitur
884 1470 951 1488 anno
981 1464 1048 1488 '1882
1075 1464 1099 1487 in

147 1521 303 1554 praefatione
321 1519 434 1551 generali
454 1518 528 1551 (tom.
545 1519 560 1542 1.
575 1525 635 1549 pag.
656 1517 787 1549 xxxva)
809 1517 1017 1548 enuntiavimus,
1040 1523 1102 1541 con-

148 1573 232 1598 silium
261 1575 377 1599 nostrum
397 1577 468 1603 esse,
491 1571 559 1595 hunc
580 1569 816 1601 Commentariun),
839 1570 882 1601 qui
902 1569 996 1593 miram
1022 1571 1046 1593 et
1064 1575 1101 1593 sa-

148 1625 255 1650 lutarem
275 1624 300 1648 S.
323 1623 438 1648 Doctoris
458 1622 601 1648 doctrinam
622 1629 684 1654 prae
704 1622 795 1646 ceteris
817 1622 873 1646 eius
895 1620 1019 1652 operibus
1038 1620 1101 1645 ube-

148 1663 215 1709 rius,
237 1676 380 1701 distinctius
399 1678 424 1700 et
443 1675 565 1700 informa
580 1675 729 1700 scholastica
750 1675 869 1712 exponit,
891 1674 995 1705 speciali
1015 1674 1101 1699 studio

149 1735 279 1761 operaque
298 1728 425 1759 explicare
445 1730 470 1752 et
490 1727 632 1758 illustrare;
652 1727 716 1758 hoc,
743 1727 820 1751 unitis
840 1725 955 1758 viribus,
976 1729 1000 1751 et
1020 1727 1101 1757 opitu-

149 1781 214 1806 lante
233 1781 326 1805 virtute
345 1786 376 1804 ex
395 1779 458 1811 atto,
478 1785 527 1810 pro
547 1777 653 1803 modulo
674 1780 761 1803 nostro
781 1777 814 1802 ad
833 1778 953 1803 effectum
982 1777 1101 1809 perduxi-

150 1841 216 1859 mus.
233 1833 283 1858 Nec
303 1833 469 1864 pepercimus
488 1831 584 1863 labori,
607 1834 634 1856 ut
653 1831 751 1856 utilitati
778 1831 926 1856 consulatur
945 1837 1035 1856 eorum
1056 1831 1100 1863 qui

150 1886 279 1911 doctrinae
299 1886 359 1910 tanti
378 1884 495 1909 Doctoris
514 1883 618 1909 studere
639 1884 773 1914 incipiunt.
790 1883 842 1908 Hoc
856 1883 933 1914 igitur
947 1883 1030 1914 posito
1044 1882 1102 1907 sun-

149 1938 282 1969 damento,
298 1937 373 1962 simul
394 1943 498 1968 apertus
518 1939 555 1961 est
575 1936 659 1961 aditus
679 1935 711 1960 ad
730 1935 776 1960 alia
791 1935 909 1960 eiusdem
924 1936 1007 1959 Sancti
1022 1941 1100 1966 opera

150 1991 221 2016 Facile
239 1990 401 2021 intelligenda
427 1990 467 2014 vel
487 1989 651 2020 explicanda,
672 1995 732 2013 cum
753 1988 950 2013 occurrentibus
970 1988 1101 2013 difficulta-

149 2044 218 2069 tibus
237 2044 390 2075 plerumque
403 2043 512 2067 sufficiat
532 2042 652 2067 lectorem
673 2042 789 2073 relegare
803 2032 837 2066 ad
851 2042 920 2067 locos
934 2042 1011 2066 huius
1028 2040 1101 2066 Com-

150 2097 280 2127 mentarH,
301 2097 344 2128 qui
365 2095 396 2120 de
416 2095 507 2120 eadem
527 2094 689 2120 re‘·tractant.

220 2147 284 2173 Cum
304 2151 389 2173 autem
409 2150 519 2179 quatuor
539 2147 595 2172 libri
615 2148 691 2172 1111105
705 2146 888 2172 Commentarii
910 2146 1043 2179 quoddam
1058 2138 1114 2172 do!

150 2201 245 2226 ctrinae
264 2207 360 2232 eorpus
384 2193 513 2231 integrum
540 2199 663 2234 forment¹
690 2201 892 2224 consentaneum
912 2202 963 2231 est,
985 2202 1012 2224 ut
1038 2200 1102 2224 haec

149 2254 280 2278 volumina
294 2253 432 2284 separatim
447 2252 480 2277 ab
493 2253 523 2277 iis
537 2253 635 2283 possint
649 2253 761 2284 acquiri,
777 2253 821 2284 qui
842 2253 969 2283 integram
984 2252 1100 2276 omnium

150 2312 259 2337 operum
278 2306 453 2330 collectionem
474 2305 561 2329 nolunt
580 2305 629 2330 sibi
649 2311 809 2336 comparare.
830 2305 903 2330 Unde
923 2305 1048 2336 speciales
1068 2306 1102 2329 in-

152 2358 221 2383 dices
233 2358 321 2389 plures
333 2362 357 2383 et
371 2359 491 2389 copiosos
504 2364 640 2389 paramus,
655 2360 736 2383 totum
750 2356 971 2383 Commentarium
986 2364 1102 2388 compre-

152 2410 304 2442 hendentes,
319 2417 385 2442 quos
399 2412 517 2441 separato
531 2412 602 2435 tomo
616 2411 722 2435 minoris
737 2409 810 2435 molis
825 2411 1031 2441 reservavimus,
1046 2412 1101 2434 tum

152 2466 180 2488 ut
193 2463 334 2494 expeditior
348 2463 390 2487 liat
406 2469 496 2487 eorum
517 2469 593 2494 usus,
609 2465 664 2487 tum
679 2469 710 2487 ue
723 2462 906 2487 (lominentarii
921 2463 1055 2487 volumina
1068 2463 1103 2486 ni-

153 2516 202 2540 mis
221 2517 374 2540 excrescant.
404 2515 459 2545 ipsa
489 2515 565 2538 huius
592 2515 703 2545 ingentis
722 2516 808 2545 operis
827 2515 927 2539 indoles
947 2522 976 2539 ea
997 2517 1048 2546 est,
1077 2504 1114 2538 ut¹¹

153 2569 207 2592 sine
227 2567 353 2598 locuplete
372 2566 455 2591 indice
470 2566 579 2597 plurima
593 2567 715 2597 egregiae
729 2566 860 2591 doetrinae
874 2566 1042 2597 documenta,
1058 2556 1111 2598 per

153 2627 244 2646 omnes
262 2620 317 2645 eius
336 2621 422 2650 partes
440 2617 603 2643 abundanter
623 2625 711 2649 sparsa
732 2621 756 2642 et
774 2619 848 2650 quasi
868 2618 1033 2649 abscondita,
1059 2619 1102 2643 vix

153 2678 250 2703 magno
268 2671 364 2696 laboris
383 2673 407 2696 et
426 2671 551 2702 temporis
571 2670 706 2701 dispendio
720 2671 829 2695 inveniri
850 2671 956 2701 possint.
977 2670 1044 2695 Haec
1058 2669 1105 2695 ob-

154 2725 264 2751 servatio
290 2724 418 2756 imprimis
446 2725 544 2754 spectat
569 2722 602 2747 ad
629 2717 759 2748 doctrinas
788 2722 994 2754 philosophicas,
1023 2711 1113 2747 obiter

155 2777 274 2810 quidem,
294 2776 340 2802 sed
359 2783 453 2807 magna
479 2775 595 2801 ubertate
615 2776 712 2806 passim
731 2774 871 2806 admixtas,
892 2776 924 2800 ita
945 2777 972 2800 ut
992 2775 1044 2800 sere
1069 2776 1106 2799 in-

155 2826 226 2862 teger
246 2836 338 2855 cursus
358 2829 553 2861 philosophicus
573 2829 632 2853 satis
652 2824 754 2859 amplus
771 2834 801 2852 ex
821 2827 875 2852 solo
896 2828 944 2852 hoc
965 2834 1043 2859 opere
1058 2827 1106 2852 col-

156 2882 199 2914 ligi
218 2883 306 2914 possit.
326 2882 380 2906 Hoc
398 2882 449 2906 iam
469 2881 650 2912 praestiterunt
679 2887 740 2911 prae
769 2880 824 2904 aliis
851 2879 904 2904 duo
932 2880 1016 2905 Patres
1042 2879 1104 2904 Ord.

156 2935 213 2960 Min.
234 2934 312 2966 Cap,
332 2938 440 2966 uterque
458 2934 541 2959 tribus
560 2934 635 2959 tomis
655 2934 679 2958 in
701 2932 735 2958 4¹¹.
756 2933 841 2958 Primo
860 2925 1015 2965 quidem'l‘.
1031 2934 1107 2959 Mare.

156 2987 281 3011 Antonius
300 2986 414 3011 Gallitius
433 2986 529 3011 Romae
550 2993 590 3010 an.
615 2985 679 3010 1635
705 2985 785 3010 edidit
813 2985 907 3010 librum
937 2986 1107 3017 inscriptum:

157 3039 271 3066 Stmzma
285 3038 364 3064 totius
375 3038 556 3071 philosophiae
569 3036 751 3065 Avisiotelic‘ae
764 3028 799 3064 ud
808 3039 922 3064 mentem
934 3037 962 3064 S.
973 3038 1107 3064 Bomoi-en-

157 3095 242 3120 tttrae.
257 3094 315 3118 Post
327 3100 388 3118 eum
403 3093 426 3118 Ρ.
441 3094 524 3119 Barth.
539 3093 571 3118 de
584 3092 713 3118 Barberiis
731 3089 850 3125 Lugduni
870 3092 935 3117 1677
949 3092 1107 3124 publicavit:

157 3145 250 3171 Flores
268 3144 292 3171 εἰ
303 3144 409 3178 fructus
421 3140 598 3179 philosophici
616 3151 651 3170 ew
670 3143 814 3177 Seraphim
832 3142 961 3176 paradiso
974 3142 1106 3176 ‹mecei-pei,

158 3196 207 3222 seu'
234 3195 335 3222 Cursus
363 3195 538 3230 philosophici
564 3196 600 3222 ad
626 3198 739 3222 mentem
765 3196 793 3222 S.
812 3193 1038 3226 Bonaven'turste‚-
1060 3190 1109 3221 hoe

160 3248 300 3280 opus'aliis
319 3243 369 3275 11011
398 3257 492 3281 parum
512 3249 646 3275 antecellit.
666 3263 699 3266 —
719 3242 901 3280 Opportunum
921 3249 1000 3280 igitur
1022 3249 1108 3273 visum

159 3303 210 3333 est,
229 3305 258 3327 ut
276 3300 393 3333 specialis
412 3301 444 3327 de
465 3298 668 3332 definitionibus,
680 3299 896 3326 'distinctionibus
915 3302 940 3325 et
958 3292 1039 3325 effatis
1056 3300 1109 3331 phi-

159 3353 298 3385 losophicis
318 3354 406 3386 index,
435 3354 526 3380 ordine
549 3354 711 3386 alphabetico
731 3354 885 3385 dispositus,
907 3353 962 3378 aliis
981 3354 1110 3378 consuetis

160 3406 329 3439 adiungatur3
351 3402 520 3440 quiquidem
540 3401 651 3433 maxima
671 3413 701 3432 ex
721 3410 793 3438 parte
812 3407 863 3431 iam
884 3406 1018 3432 absolutus
1037 3410 1083 3432 est.

304 3457 332 3486 S.
353 3460 453 3486 Bonae.
473 3474 507 3478 ——
527 3461 602 3485 Tom.
624 3460 664 3485 lV.

1234 1253 1353 1277 Maiorem
1374 1256 1473 1285 partem
1495 1254 1570 1278 huius
1591 1253 1674 1284 quarti
1696 1251 1751 1276 libri
1772 1251 1861 1282 implet
1875 1254 1997 1276 tractatus
2017 1252 2116 1281 integer

1148 1304 1196 1339 ¹de
1215 1306 1386 1330 sacramentis
1406 1306 1511 1338 (scilieet
1531 1313 1543 1330 a
1565 1305 1589 1330 d.
1614 1306 1633 1330 t.
1654 1312 1737 1337 usqne
1757 1304 1789 1328 ad
1809 1304 1834 1328 d.
1859 1303 1917 1336 ta),
1932 1310 2010 1336 (100111
2025 1304 2117 1334 excipit

1148 1354 1279 1382 Ἰ’110011100
1299 1357 1331 1382 de
1351 1358 1509 1383 Novissimis.
1530 1357 1621 1389 Quoad
1643 1364 1683 1382 res
1702 1357 1915 1387 sacramentales,
1943 1357 2055 1387 exceptis
2076 1357 2117 1380 tri—

1164 1409 1214 1435 bus
1233 1411 1329 1435 ultimis
1348 1411 1533 1442 Sacramentis,
1555 1412 1578 1435 S.
1601 1410 1693 1435 Doctor
1706 1412 1763 1434 ante
1777 1409 1866 1434 oculos
1880 1408 1969 1434 habuit
1982 1410 2115 1433 Sinntnam

1164 1463 1203 1488 sui
1224 1464 1339 1494 magistri
1359 1463 1493 1488 Alexandri
1514 1464 1642 1494 liniensis,
1665 1463 1708 1494 qui
1729 1463 1752 1486 in
1774 1463 1850 1486 huius
1870 1465 1941 1492 parte
1962 1461 2001 1486 tv.
2021 1461 2053 1486 de
2077 1462 2117 1487 illa

1166 1501 1270 1539 materia
1291 1515 1465 1546 pergrandem
1485 1500 1584 1539 tomum
1599 1515 1622 1538 in
1639 1514 1697 1538 totio
1711 1513 1874 1544 compilavit,
1891 1513 2032 1537 sed·morte
2048 1520 2119 1544 prae-

1165 1569 1270 1599 ventus,
1287 1574 1335 1592 non
1351 1568 1397 1592 nisi
1412 1569 1523 1600 quatuor
1543 1568 1624 1598 prima
1645 1567 1809 1592 Sacramenta
1830 1566 1965 1591 absolvere
1986 1567 2075 1596 potuit.
2093 1566 2116 1590 ln

1165 1620 1213 1644 isto
1233 1623 1338 1644 tractatu
1361 1622 1396 1644 tot
1415 1620 1579 1651 quaestiones
1600 1619 1630 1644 de
1651 1620 1698 1644 hac
1718 1626 1744 1644 re
1765 1620 1862 1649 positae
1882 1622 1906 1644 et
1925 1619 2023 1643 solutae
2045 1624 2117 1648 sunt,

1166 1674 1286 1704 tantaque
1312 1673 1385 1703 copia
1412 1674 1626 1706 argumentorum
1653 1674 1788 1702 congesta,
1810 1674 1836 1696 ut
1856 1670 1905 1695 sub
1926 1672 1974 1695 hoc
2000 1676 2117 1702 respectu

1165 1713 1259 1757 scripta
1274 1725 1305 1762 de
1320 1725 1491 1750 Sacramentis
1506 1732 1518 1749 a
1533 1725 1558 1749 S.
1572 1725 1752 1749 Bonaventura
1772 1724 1879 1756 aliisque
1899 1723 2120 1756 subsequentibus

1165 1778 1341 1808 Scholasticis,
1363 1777 1396 1801 ad
1417 1778 1490 1802 istam
1511 1777 1646 1802 Summam
1669 1781 1833 1808 comparata,
1856 1777 1929 1808 quasi
1950 1777 2059 1800 sormam
2080 1783 2121 1800 cu-

1166 1830 1267 1855 iusdam
1288 1829 1435 1861 compendii
1457 1837 1519 1861 prae
1538 1837 1565 1854 50
1585 1830 1674 1855 serant.
1695 1829 1748 1854 Non
1769 1836 1827 1854 raro
1847 1830 1915 1853 enim
1931 1828 2073 1853 Alexander
2086 1829 2120 1852 111-

1166 1886 1251 1916 tegras
1280 1884 1444 1916 quaestiones
1464 1890 1524 1908 cum
1545 1884 1656 1914 copiosis
1676 1883 1836 1914 argumentis
1856 1882 1971 1914 exhibet7
1993 1888 2060 1914 quae
2088 1881 2120 1906 al)

1165 1937 1220 1962 aliis
1240 1938 1281 1962 vix
1310 1938 1400 1968 paucis
1426 1937 1514 1961 verbis
1533 1938 1556 1961 in
1578 1936 1749 1961 solutionibus
1769 1936 1950 1967 oppositorum
1970 1938 2120 1967 tanguntur.

1165 1990 1218 2014 Hoc
1238 1991 1322 2014 tamen
1344 1996 1393 2014 non
1414 1991 1446 2014 ita
1467 1990 1571 2021 intelligi
1591 1990 1727 2019 volumus,
1748 1989 1820 2020 quasi
1835 1988 2056 2020 subsequentibus
2070 1995 2121 2012 ma·

1166 2043 1253 2074 gistris
1273 2043 1394 2068 meritum
1415 2043 1551 2074 proprium
1571 2042 1706 2067 detrahere
1736 2046 1760 2066 et
1788 2048 1880 2066 verum
1907 2041 2038 2073 quendam
2066 2048 2122 2072 pro<

1166 2102 1286 2127 gressum
1312 2095 1443 2126 denegare
1469 2095 1608 2126 vellemus,
1631 2101 1691 2119 cum
1711 2094 1806 2125 abeis,
1822 2098 1844 2119 et
1866 2094 1941 2119 etiam
1962 2101 1975 2118 a
1996 2094 2020 2118 S.
2041 2093 2122 2118 Bona-

1165 2139 1289 2178 ventura,
1311 2155 1391 2179 pauca
1413 2147 1519 2179 quidem
1540 2147 1674 2172 Alexandri
1696 2149 1790 2171 asserta
1811 2147 1861 2171 sint
1889 2149 2018 2173 correcta,
2048 2146 2121 2177 plura

1166 2208 1229 2227 vero
1249 2202 1394 2226 accuratius
1415 2201 1581 2225 determinata
1602 2204 1626 2225 ct
1645 2199 1753 2225 solidius
1782 2199 1899 2230 probata.
1930 2199 1953 2222 Si
1983 2199 2061 2229 igitur
2081 2199 2122 2222 hic

1166 2240 1374 2279 Commentarius
1395 2253 1473 2277 nostri
1495 2252 1610 2277 Doetoris
1624 2251 1770 2276 conferatur
1784 2257 1843 2275 eum
1860 2250 1991 2281 praedicta
2006 2251 2120 2277 Summa,

1167 2306 1299 2331 manifeste.
1328 2307 1447 2337 apparet,
1479 2306 1618 2336 praecipue
1647 2304 1733 2336 quoad
1759 2304 1828 2328 11000
1848 2303 1887 2327 tv.
1909 2303 2002 2328 librum
2029 2309 2121 2327 verum

1166 2366 1238 2390 esse,
1262 2358 1333 2391 quod
1352 2359 1407 2389 ipsc
1428 2358 1487 2383 dicit
1507 2359 1531 2382 in
1552 2357 1743 2382 praelocutione
1763 2356 1794 2380 ad
1817 2356 1840 2380 11,
1865 2355 1958 2380 librum
1986 2355 2123 2380 Sententia-

1166 2418 1242 2436 rum:
1267 2420 1278 2433 c<
1293 2410 1522 2442 Quemadmodum
1537 2411 1560 2434 in
1576 2410 1661 2440 primo
1676 2408 1740 2433 libro
1755 2408 1885 2432 sententiis
1899 2407 2004 2432 adhaesi
2019 2411 2043 2431 et
2056 2413 2123 2431 com-

1167 2463 1292 2489 munibus
1311 2463 1478 2494 opinionibus
1498 2463 1695 2493 magistrorum.
1718 2465 1742 2486 et
1763 2461 1894 2492 potissime
1915 2461 2030 2491 magistri
2044 2462 2067 2484 ct
2082 2467 2122 2490 pa-

1168 2517 1212 2541 tris
1233 2517 1310 2541 nostri
1331 2516 1413 2540 bonae
1434 2516 1575 2540 memoriae
1596 2515 1679 2539 fratris
1699 2513 1851 2539 Alexandri:
1872 2514 1908 2537 sic
1922 2514 1946 2536 in
1966 2519 2123 2544 consequen-

1168 2568 1237 2593 tibus
1257 2567 1328 2592 libris
1348 2567 1380 2591 ab
1400 2574 1490 2591 eornm
1511 2567 1627 2597 vestigiis
1646 2573 1696 2590 0011
1716 2565 1874 2590 recedam».
1895 2565 1930 2589 Re
1950 2572 2012 2589 vera
2032 2565 2122 2589 multo-

1168 2621 1214 2644 ties
1235 2619 1377 2644 doctrinam
1398 2619 1515 2643 eiusdem
1535 2618 1641 2643 brevius
1661 2618 1799 2644 contrahit.
1821 2619 1902 2642 immo
1922 2617 2051 2643 interdum
2071 2618 2124 2649 plu-

1169 2679 1210 2697 res
1229 2672 1418 2703 propositiones
1438 2671 1535 2696 eisdem
1556 2670 1644 2695 verbis
1664 2671 1762 2702 repetit.
1782 2670 1854 2695 Unde
1875 2677 1921 2695 nos
1942 2677 1991 2694 non
2016 2677 2075 2694 raro
2099 2671 2122 2694 in

1170 2725 1232 2749 locis
1251 2723 1448 2748 obscurioribus
1467 2723 1507 2747 101
1529 2723 1677 2754 (101110το05
1696 2723 1741 2747 ista
1762 2723 1869 2747 Summa
1890 2723 1923 2747 uti
1945 2723 2077 2754 potuimus
2091 2723 2122 2747 ad

1170 2779 1266 2802 textum
1286 2777 1363 2800 huius
1383 2777 1466 2807 quarti
1486 2775 1542 2800 libri
1558 2775 1597 2799 vel
1612 2776 1728 2800 securius
1748 2774 1956 2806 emendandum,
1977 2775 2017 2800 vel
2032 2775 2124 2799 clarius

1170 2827 1360 2860 explicandum.

1241 2875 1412 2905 Cum'antcm
1441 2880 1517 2904 etiam
1547 2880 1570 2904 111
1601 2880 1649 2904 1100
1677 2880 1809 2904 volumino
1835 2878 1986 2904 adornando
2015 2879 2123 2904 eandem

1171 2930 1249 2965 quam
1270 2933 1294 2957 111
1316 2921 1530 2963 praecedentibus
1558 2925 1828 2964 xiam'rationemque
1849 2933 1928 2956 secuti
1948 2930 2123 2963 sinitis,'niltil

1172 2978 1228 3011 scre*
1243 2985 1417 3010 adiiciendum
1437 2989 1475 3010 est
1494 2983 1728 3013 observationibus,
1751 2991 1818 3016 quae
1838 2985 1861 3008 in
1882 2984 1937 3008 aliis
1957 2971 2048 3009 nostris
2070 2984 2125 3009 Dro-

1172 3032 1314 3070 lcgomenis
1334 3038 1431 3069 positae
1451 3039 1517 3062 sunt.
1533 3037 1653 3062 Maiorem
1673 3039 1757 3062 tamen
1778 3043 1884 3068 operam
1906 3036 2074 3069 laboremque
2093 3036 2125 3061 ad

1172 3091 1221 3115 boc
1234 3090 1357 3116 volumen
1371 3088 1563 3113 emendandum
1584 3089 1735 3120 impendere.
1754 3089 1867 3120 oportuit
1881 3095 1961 3120 quam
1975 3088 2062 3120 quoad
2080 3089 2125 3113 tria

1173 3142 1264 3173 prima.
1285 3141 1347 3166 Nam
1368 3142 1503 3172 hucusque
1523 3140 1546 3163 in
1567 3139 1689 3165 omnibus
1707 3139 1864 3164 editionibus
1884 3140 1925 3164 hic
1943 3135 2008 3164 liber
2029 3141 2124 3171 passim

1173 3195 1206 3219 ita
1226 3197 1347 3224 corrupte
1367 3193 1510 3223 impressus
1528 3191 1714 3222 exhibebatur,
1746 3196 1773 3216 ut
1801 3182 1892 3216 sensus
1918 3192 2030 3216 auctoris
2048 3198 2125 3222 saepe

1175 3253 1224 3271 uon
1245 3249 1341 3271 tantum
1363 3245 1518 3269 obscuritate
1538 3244 1729 3276 involveretur,
1761 3243 1806 3269 sed
1835 3245 1910 3268 etiam
1937 3243 2017 3269 t'oedis
2037 3244 2127 3268 errori-

1174 3299 1225 3324 bus
1244 3289 1423 3323 macularetur.
1444 3296 1560 3328 Aceedit„
1583 3296 1654 3329 quod
1674 3289 1721 3328 ipsi
1741 3296 1843 3322 codices
1864 3297 1895 3322 28
1915 3300 1940 3322 et
1959 3296 2036 3321 editio
2060 3297 2126 3327 prin-

1175 3346 1249 3384 ceps,
1270 3359 1282 3376 a
1305 3349 1378 3377 nobis
1398 3351 1495 3382 collati,
1515 3351 1638 3382 singulari
1658 3350 1736 3375 modo
1756 3350 1890 3377 abundant
1907 3353 2030 3376 varietate
2043 3351 2126 3376 lectio-

1175 3411 1238 3430 num
1259 3411 1305 3429 nec
1324 3411 1374 3429 non
1395 3410 1504 3428 numero
1523 3395 1659 3429 1111010111.ι
1675 3403 1807 3428 Lectiones
1826 3404 1956 3428 variantes
1976 3404 2034 3429 inde
2054 3403 2127 3427 colle-
