2483 3882
660 248 754 280 D{ST.
779 249 879 281 XXIV.
904 249 934 280 P.
960 249 991 280 ll.
1017 249 1097 281 ΛΒΤ.
1122 249 1142 281 Ι.
1168 249 1320 290 QUAEST.
1344 250 1377 281 Π.

40 344 97 364 cum
117 342 183 368 pane
201 335 405 366 porrectionem,
427 334 577 360 diaconatus
605 338 691 361 autem
712 343 758 367 per
778 336 907 362 dationem
928 336 984 362 libri

39 380 244 411 Evangeliorum.
263 378 317 403 I-Ioc
337 378 437 403 disertis
457 378 544 404 verbis
563 380 639 404 etiam
660 380 684 404 in
705 380 811 405 Decreto
831 387 878 411 pro
898 381 984 405 Arme·

39 425 77 450 nis
95 423 204 455 ponitur.
224 421 274 447 Sed
302 422 353 446 iam
379 423 477 447 amicus
497 423 522 447 S.
542 423 738 448 Bonaventurae
766 424 831 449 Petr.
855 431 868 448 a
892 424 950 449 Tar.
970 431 983 449 a

39 466 147 500 generali
167 466 255 497 regula
275 466 367 496 excipit
387 465 550 490 diaconatum
564 469 588 491 et
602 466 824 499 presbyteratum,
839 474 905 499 quos
919 467 983 492 tradi

38 510 124 536 asserit
143 509 305 540 impositione
323 515 457 533 manuum.
470 509 525 534 Hoc
538 509 651 534 Durand.
666 511 795 541 restringit
814 510 847 535 ad
868 510 984 535 diacona-

38 556 98 579 tum.
111 566 146 570 —
158 551 223 577 Cum
245 555 331 577 autem
350 552 479 577 orientalis
498 553 607 577 Ecclesia
628 556 767 585 utrumque
787 560 890 578 sacrum
910 554 984 579 Ordi-

37 604 94 623 nem
112 596 164 621 sola
185 602 309 621 manuum
338 596 501 627 impositione
521 597 648 628 conserat,
669 599 693 622 et
712 597 848 622 Decretum
873 605 920 629 pro
940 598 983 623 Ar-

36 640 116 666 menis
128 639 213 671 quoad
228 639 317 664 tradita
336 639 368 664 de
382 639 472 664 ritibus
485 640 509 664 in
524 640 749 665 Sacramentorum
763 641 983 667 administratione

36 682 202 709 observandis
221 682 339 708 videatur
358 690 414 708 esse
434 684 520 714 potius
538 684 670 709 instructio
690 685 802 715 practica
822 691 900 716 quam
915 691 982 709 nova

37 727 145 753 definitio
165 726 323 759 dogmatica3
345 728 500 752 recentiores
520 728 633 759 theologi
653 729 739 759 potius
759 729 897 753 sententiae
917 729 981 753 Petri

1938 252 2001 284 623

1050 344 1064 362 a
1084 338 1142 362 Tar.
1163 338 1250 362 favent
1277 338 1363 370 quoad
1394 338 1512 370 ordines,
1535 338 1630 370 quibus
1655 339 1719 363 ratio
1749 339 1906 364 Sacramenti
1931 340 2001 365 certo

1050 381 1180 412 competit.
1200 381 1263 405 llinc
1282 380 1441 414 speculative
1460 382 1604 414 loqueram,
1619 389 1688 407 nunc
1706 383 1782 407 valde
1797 382 1931 414 probabile
1945 389 2002 408 esse

1050 427 1181 456 censetur,
1199 425 1226 449 in
1246 425 1378 450 collatione
1406 425 1542 450 sacerdotii
1570 432 1705 452 manuum
1729 425 1922 459 impositionem
1941 433 2001 451 cum

1050 468 1130 492 forma
1160 467 1334 494 essentialiter
1360 470 1471 501 requiri,
1501 476 1549 494 non
1579 477 1642 495 vero
1670 469 1822 496 ‘tinctionem
1850 477 2000 501 manuum,-

1050 511 1121 536 multi
1141 512 1217 536 etiam
1247 512 1347 543 dicunt,
1375 513 1609 539 contradicentibus
1635 514 1703 545 aliis,
1726 515 1803 538 ritum
1824 514 1946 546 tangendi
1966 515 2002 538 in·

1048 557 1189 579 strumenta
1208 562 1264 580 esse
1284 559 1382 581 tantum
1402 557 1458 581 loco
1477 556 1606 583 materiae
1625 557 1803 583 accidentalis.

1119 598 1156 623 De
1175 599 1267 624 eadem
1287 599 1310 625 4.
1331 601 1494 632 quaestione:
1509 602 1586 631 Scot.,
1607 602 1648 626 hic
1668 609 1692 634 q.
1713 602 1788 626 unica
1808 609 1832 627 n.
1854 603 1877 627 8.
1897 609 1951 634 seq.
1967 616 2001 619 —

1048 642 1072 666 S.
1088 642 1188 674 Thom.‚
1203 644 1244 668 hic
1263 651 1287 675 q.
1309 645 1332 668 2.
1352 651 1374 668 a.
1396 644 1424 676 3:
1445 645 1534 676 Suppl.
1556 652 1580 677 q.
1602 645 1642 670 37.
1663 653 1686 670 a.
1707 645 1729 670 5.
1743 659 1778 664 -
1792 646 1818 670 Β.
1834 646 1938 678 Albert„
1959 646 2000 671 hic

1048 692 1069 710 a.
1085 686 1125 710 38.
1138 700 1172 703 —
1183 687 1246 711 Petr.
1261 695 1273 711 a
1290 688 1357 718 Tan,
1373 689 1413 713 hic
1426 696 1450 720 q.
1466 689 1488 713 3.
1504 696 1525 713 a.
1542 689 1565 714 3.
1580 703 1613 707 —
1627 690 1746 714 Richard.
1761 697 1774 714 a
1789 689 1864 721 Med„
1878 691 1919 715 hic
1932 697 1955 715 a.
1973 689 1998 715 4.

1047 736 1072 761 q.
1093 730 1116 754 3.
1137 744 1171 747 ——
1191 730 1316 763 Durand.‚
1338 732 1378 756 hic
1398 739 1423 763 q.
1444 732 1467 756 3.
1488 739 1511 756 n.
1533 733 1557 757 6.
1573 746 1608 751 -
1622 733 1724 764 Dionys.
1745 732 1844 765 Carth.,
1865 734 1905 759 hic
1925 741 1949 766 q.
1971 734 1997 758 6.

893 870 1076 911 ΩΗᾹΕΞΤΙΟ
1100 871 1133 902 ΙΙ.

419 994 537 1025 Utrum
561 993 596 1025 in
620 994 760 1026 diversis
785 994 958 1026 ordinibus
983 994 1108 1026 diversi
1130 994 1340 1028 clictructeres
1365 996 1615 1038 imprimantmn

116 1117 259 1149 Secundo
283 1117 456 1158 quaeritur,
474 1121 581 1150 utrum
606 1119 635 1150 in
661 1118 795 1151 diversis
816 1119 981 1151 ordinibus

33 1169 145 1202 diversi
170 1169 367 1202 characteres
400 1170 633 1212 imprimantur.
667 1172 701 1203 Et
734 1171 819 1213 quod
851 1171 909 1210 sic,
939 1171 980 1203 vi-

31 1223 136 1255 detur:

118 1276 145 1306 1.
169 1275 248 1315 Quia
271 1275 349 1307 ordo
373 1275 491 1315 omnis,
517 1276 703 1309 naturaliter
728 1276 903 1318 loquendo,
932 1280 979 1308 est

0 1328 224 1370 ia.signaculum
245 1328 271 1360 ¹:
296 1337 371 1369 ergo
395 1338 465 1361 cum
499 1329 561 1361 sint
586 1330 693 1371 plures
724 1330 869 1368 ordines,
905 1333 978 1362 sunt

29 1390 100 1422 ergo
123 1380 216 1422 plura
241 1380 417 1422 signacula,
442 1382 497 1414 sed
530 1382 583 1414 illa
607 1382 769 1424 signacula
801 1383 978 1424 spiritualia

29 1434 222 1466 characteres
246 1433 460 1476 appellantur:
487 1444 561 1476 ergo
586 1438 642 1467 etc.

113 1488 140 1518 2.
166 1487 259 1525 Item,
284 1491 452 1529 potestates
469 1488 616 1520 ordinum
636 1492 709 1521 sunt
733 1488 917 1530 simpliciter
934 1489 978 1521 di-

28 1548 150 1578 versae,
175 1540 255 1572 sicut
279 1544 363 1581 patet
395 1541 426 1572 in
450 1541 577 1573 ostiario
609 1544 639 1573 et
662 1541 806 1582 acolytho
834 1560 878 1564 —
894 1541 976 1574 clau-

27 1592 99 1625 dere
122 1592 204 1624 enim
229 1592 344 1624 ostium
362 1596 391 1625 et
408 1593 491 1625 ferre
508 1602 635 1626 cereum
647 1620 654 1632 ,
673 1594 737 1626 sive
760 1594 974 1635 corporaliter,

27 1645 89 1677 sive
112 1645 317 1686 spiritualiter
341 1646 545 1688 intelligatur,
562 1650 609 1679 est
625 1651 714 1680 actus
730 1647 856 1679 omnino
874 1648 975 1680 diver-

27 1707 77 1730 sus
99 1717 144 1722 —
164 1698 189 1730 si
215 1707 289 1740 ergo
313 1703 483 1740 potestates
508 1700 748 1741 distinguuntur
772 1709 828 1742 per
845 1701 973 1739 aotus²‚

26 1753 54 1782 et
76 1750 235 1792 signacula
260 1751 483 1793 distinguentia
508 1753 681 1785 secundum
708 1752 906 1784 diversitates
922 1761 974 1794 po-

26 1806 185 1836 testatum:
210 1813 284 1845 ergo
309 1805 426 1837 diversi
451 1805 658 1838 characteres.

109 1856 137 1888 3.
161 1856 251 1895 Item,
281 1857 406 1898 signum
439 1857 531 1889 debet
555 1857 747 1899 respondere
771 1857 909 1898 signato,
942 1861 972 1889 et

23 1908 175 1950 signatum
201 1910 305 1950 signo:
339 1910 363 1941 si
389 1919 463 1951 ergo
495 1910 685 1952 septiformis
708 1911 809 1952 gratia
841 1911 934 1943 datur
950 1911 970 1949 ³,

25 1971 101 2004 quae
124 1966 170 1995 est
193 1972 246 1994 res
270 1963 399 2001 ultima;
424 1967 454 1995 et
478 1963 637 1995 exteriora
661 1964 749 2005 signa
778 1964 809 1996 in
838 1964 971 1996 diversis

25 2015 183 2047 ordinibus
207 2015 390 2057 simpliciter
415 2019 488 2048 sunt
512 2017 652 2055 diversa3
677 2017 803 2049 videtur
828 2026 869 2049 ex
893 2017 969 2055 hoc,

25 2067 102 2109 quod
132 2068 346 2107 characteres,
371 2069 425 2110 qui
455 2073 529 2101 sunt
558 2070 678 2111 signata
709 2073 740 2102 et
772 2070 877 2111 signa,
909 2070 971 2102 sint

25 2119 144 2152 diversi.

106 2173 135 2204 li.
160 2173 252 2211 Item,
277 2173 300 2204 si
328 2173 358 2205 in
382 2174 523 2215 quolibet
539 2175 648 2207 ordine
666 2175 860 2217 imprimitur
881 2185 970 2206 unus

25 2225 197 2264 character:
227 2235 299 2258 cum
324 2226 355 2257 in
387 2227 526 2268 quolibet
550 2228 660 2260 ordine
691 2228 903 2269 imprimatur,
934 2231 970 2260 ut

25 2279 138 2319 supra⁴
160 2279 329 2320 probatum
354 2284 414 2319 est,
431 2284 506 2313 tunc
532 2281 613 2313 idem
633 2281 796 2313 character
821 2282 969 2319 iteratur;

24 2331 75 2362 secl
99 2331 156 2364 hoc
179 2337 226 2364 est
250 2333 459 2375 impossibile,
484 2337 514 2365 et
539 2334 597 2366 hoc
621 2334 723 2366 facere
740 2338 787 2366 est
811 2338 970 2366 contume-

24 2382 94 2415 liam
117 2383 217 2417 facere
249 2386 464 2418 sacramento:
493 2386 616 2418 videtur
648 2386 754 2428 igitur,
783 2387 867 2428 quod
900 2390 970 2428 post

24 2436 156 2476 primum
181 2438 341 2477 ordinem,
366 2439 418 2480 qui
444 2439 541 2470 alium
566 2439 694 2480 recipit,
720 2439 797 2470 nihil
822 2439 968 2480 recipiat,

24 2488 75 2520 sed
98 2489 296 2522 Sacramento
320 2491 541 2523 contumeliam
566 2492 666 2524 faciat.
692 2492 752 2523 Sed
778 2492 836 2523 hoc
857 2495 903 2523 est
928 2492 969 2523 in-

24 2542 217 2575 conveniens:
243 2553 318 2585 ergo
335 2548 392 2576 etc.

106 2594 244 2627 CONTna:
274 2598 299 2628 1.
325 2597 357 2628 In
383 2597 582 2629 sacramento
607 2596 753 2638 baptismi
778 2606 839 2628 non
864 2597 969 2638 impri·

0 2653 12 2674 ῑ-
25 2647 116 2679 mitur
151 2648 208 2680 nisi
246 2658 328 2681 unus
364 2649 536 2688 character,
568 2653 599 2681 et
633 2649 777 2681 similiter
809 2649 838 2680 in
865 2650 969 2681 Sacra-

24 2702 123 2731 mento
154 2701 414 2734 confirmationis:
447 2711 522 2743 ergo
554 2702 622 2744 pari
654 2702 773 2734 ratione
805 2702 836 2733 in
865 2703 969 2734 Sacra-

25 2755 124 2783 mento
147 2753 275 2785 ordinis.

109 2806 138 2836 2.
160 2805 253 2845 Item,
283 2806 519 2838 Sacramentum
552 2806 671 2839 ordinis
702 2806 899 2839 essentialius
924 2816 969 2839 re-

1045 1119 1135 1160 spicit
1151 1120 1366 1152 characterem
1383 1130 1479 1162 quam
1496 1121 1623 1164 aliquod
1640 1123 1727 1155 aliud
1745 1124 1997 1165 Sacramentum,

1045 1172 1076 1203 in
1111 1181 1174 1213 quo
1202 1173 1365 1206 character
1389 1173 1599 1215 imprimitur:
1626 1176 1651 1208 si
1675 1184 1750 1217 ergo
1785 1177 1863 1209 ordo
1894 1187 1995 1210 unum

1044 1227 1091 1256 est
1115 1224 1351 1258 Sacramentum
1365 1227 1385 1265 ⁵,
1402 1230 1695 1270 quantumcumque
1724 1229 1933 1271 plurificetur,
1955 1231 1997 1263 vi-

1044 1276 1151 1314 detur,
1176 1278 1260 1318 quod
1284 1287 1368 1310 unus
1393 1279 1556 1312 character
1582 1280 1612 1312 in
1637 1289 1673 1313 eo
1696 1281 1909 1323 imprimatur.

1133 1329 1161 1361 3.
1186 1330 1279 1369 item,
1304 1331 1328 1363 si
1354 1331 1462 1372 plures
1486 1335 1516 1364 et
1533 1333 1649 1365 diversi
1667 1334 1866 1367 characteres
1890 1334 1997 1377 impri-

1042 1385 1184 1421 muntur,
1209 1386 1264 1414 aut
1287 1392 1362 1425 ergo
1391 1384 1572 1417 diversitate
1604 1386 1776 1427 specifica,
1808 1390 1863 1419 aut
1889 1397 1996 1420 nume-

1041 1434 1117 1466 rati.
1143 1435 1208 1466 Non
1232 1436 1415 1475 numerati,
1440 1437 1513 1479 quia
1538 1438 1731 1480 impossibile
1748 1443 1812 1479 est,
1836 1440 1929 1481 plura
1946 1450 1995 1473 ac-

1042 1488 1177 1520 cidentia
1202 1489 1343 1521 eiusdem
1377 1490 1490 1532 speciei
1515 1500 1583 1523 esse
1616 1492 1645 1523 in
1677 1492 1788 1524 eodem
1814 1493 1954 1525 subiecto
1972 1494 1993 1525 ⁶.

1041 1541 1070 1572 Si
1095 1541 1269 1583 specificct;
1293 1543 1347 1575 sed
1372 1552 1412 1575 ex
1445 1544 1578 1576 diversis
1607 1545 1782 1577 secundum
1807 1546 1940 1578 formam
1965 1550 1995 1579 et

1040 1594 1194 1634 speciem,
1227 1596 1425 1628 manentibus
1458 1596 1609 1635 diversis,
1633 1606 1694 1628 non
1726 1597 1761 1629 fit
1784 1607 1901 1637 unum,
1934 1599 1994 1630 nisi

1039 1655 1140 1678 unum
1166 1647 1204 1679 sit
1228 1648 1400 1680 materiate
1424 1653 1570 1690 respectu
1595 1649 1742 1682 alterius:
1776 1651 1800 1682 si
1825 1660 1899 1692 ergo
1924 1651 1994 1683 cha-

1039 1702 1142 1731 racter
1174 1704 1321 1741 respectu
1352 1701 1544 1733 characteris
1576 1711 1637 1733 non
1666 1705 1713 1734 est
1744 1703 1931 1735 materiatis
1963 1707 1994 1736 et

1038 1751 1141 1792 specie
1165 1752 1286 1791 differt,
1319 1761 1394 1794 ergo
1427 1763 1589 1795 nunquam
1614 1754 1732 1787 faciunt
1763 1765 1863 1787 unum
1888 1756 1994 1788 Sacra-

1039 1808 1198 1843 mentum,
1223 1806 1249 1837 si
1273 1805 1389 1838 diversi
1416 1809 1497 1838 sunt.

1125 1858 1155 1890 li.
1180 1858 1273 1897 Item,
1298 1862 1411 1891 natura
1446 1860 1575 1892 inferior
1604 1870 1665 1893 non
1700 1861 1772 1894 facit
1807 1871 1864 1903 per
1899 1862 1993 1904 plura

1036 1911 1119 1952 quod
1145 1915 1247 1953 potest
1270 1912 1372 1944 facere
1396 1921 1453 1954 per
1477 1922 1576 1945 unum
1590 1914 1610 1953 ⁷,
1628 1923 1702 1955 ergo
1726 1923 1783 1947 nec
1807 1919 1921 1947 natura.
1943 1924 1993 1947 su-

1036 1965 1154 2005 perior:
1180 1965 1205 1997 si
1230 1974 1305 2007 ergo
1329 1966 1464 1998 ordinati
1490 1975 1546 2008 per
1566 1976 1666 1999 unum
1684 1968 1899 2000 characterem
1924 1978 1991 2010 pos-

1036 2020 1109 2049 sunt
1133 2017 1298 2059 distingui,
1316 2018 1397 2050 sicut
1413 2022 1443 2050 et
1464 2018 1625 2061 baptizati3
1643 2020 1779 2059 videtur,
1804 2021 1888 2062 quod
1906 2030 1990 2054 unus

1035 2069 1121 2102 solus
1146 2070 1309 2103 character
1334 2071 1365 2102 in
1390 2071 1500 2104 ordine
1526 2072 1737 2113 imprimatur.

1124 2123 1294 2163 Quaeritur
1317 2132 1406 2165 ergo,
1431 2133 1512 2165 quae
1537 2125 1575 2157 sit
1597 2126 1782 2164 necessitas,
1808 2136 1906 2168 quare
1923 2128 1990 2169 plu·
2004 2138 2104 2168 Quaestio
2118 2138 2150 2159 in-

1035 2184 1086 2207 res
1110 2176 1309 2209 characteres
1333 2176 1567 2218 imprimantur.
2030 2165 2112 2186 mens.

1390 2291 1631 2316 CONCLUSIO.

1102 2387 1142 2418 In
1166 2386 1307 2418 diversis
1331 2387 1505 2419 ordinibus
1529 2388 1654 2420 diversi
1676 2389 1919 2431 imprimuntur

1402 2439 1620 2473 characteres.

1122 2545 1320 2578 Responnuo:
1352 2546 1544 2585 Dicendum,
1577 2547 1661 2588 quod
1694 2547 1774 2579 inter
1805 2549 1984 2589 opinantes,

1034 2597 1064 2628 in
1089 2597 1235 2629 omnibus
1259 2598 1424 2630 ordinibus
1447 2607 1515 2630 esse
1539 2599 1764 2639 characterem,
1785 2601 1905 2641 duplex
1923 2602 1985 2643 opi-

1033 2651 1084 2682 nio
1108 2659 1175 2683 esse
1200 2651 1371 2683 consuevit.

1121 2702 1256 2743 Quidam
1289 2703 1372 2734 enim
1405 2703 1509 2736 dicere
1541 2704 1728 2744 voluerunt,
1761 2706 1846 2747 quod
1875 2716 1983 2740 omnes
1998 2715 2074 2742 Opinio
2089 2716 2109 2738 i.

1033 2755 1159 2787 ordines
1184 2755 1213 2786 in
1239 2765 1304 2787 uno
1336 2755 1528 2788 charactere
1552 2757 1715 2796 uniuntur,
1747 2758 1909 2791 differente
1942 2762 1984 2792 ta-

1033 2817 1105 2839 men
1129 2808 1303 2840 secundum
1321 2809 1472 2841 maiorem
1497 2810 1735 2851 completionem
1754 2815 1784 2844 et
1808 2812 1960 2845 minorem
1975 2839 1983 2853 ,

91 2971 99 2988 ¹
120 2973 184 2998 Vide
203 2975 243 2999 hic
262 2975 295 2999 lit.
316 2975 443 3007 Magistri,
464 2982 485 3000 c.
508 2975 547 3000 13.
568 2990 601 2993 —
621 2976 669 3000 Pro
689 2975 754 3001 ordo
779 2975 874 3007 omnis,
896 2976 967 3008 quod

24 3015 114 3041 habent
134 3017 208 3042 codd.
229 3018 310 3050 be,
330 3020 412 3043 maior
432 3026 492 3050 pars
521 3019 596 3044 codd.
623 3019 688 3045 ordo
714 3026 783 3051 esse,
807 3020 894 3051 plures
915 3024 968 3045 tan-

24 3062 75 3084 tum
95 3060 173 3093 ordo,
195 3061 235 3086 ed.
257 3062 266 3086 t
291 3062 393 3088 ordinis
412 3069 480 3093 esse,
505 3064 560 3088 Vat.
577 3063 642 3089 ordo
655 3063 802 3089 secundum
821 3070 883 3095 esse,
900 3071 967 3096 quae

24 3102 97 3126 etiam
117 3110 175 3128 cum
195 3104 291 3137 aliquot
309 3105 385 3130 codd.
415 3105 590 3131 essentialiter
608 3113 656 3136 pro
675 3105 838 3131 naturaliter
857 3110 882 3131 et
907 3113 967 3131 mox

24 3149 79 3176 post
93 3146 176 3179 ptura
194 3148 334 3181 signacula
354 3156 415 3174 cum
434 3149 476 3174 ed.
503 3150 508 3173 l
534 3149 605 3174 addit
623 3148 784 3182 spiritualia.

91 3189 101 3205 ²
119 3189 168 3216 Csr.
188 3199 265 3223 supra
286 3200 345 3224 pag.
365 3193 431 3224 619,
451 3196 510 3218 nota
530 3193 554 3217 l.
570 3207 603 3210 —
617 3193 676 3217 Post
688 3192 878 3226 distinguentia
891 3194 966 3219 codd.

23 3232 69 3257 FN
80 3240 108 3258 aa
128 3235 225 3260 addunt
242 3238 313 3262 sunt.

91 3277 102 3294 ³
120 3277 181 3304 Cod.
201 3281 222 3305 G
240 3281 311 3306 addit
329 3281 357 3306 in
376 3280 487 3307 diversis
505 3280 653 3312 ordinibus,
669 3284 697 3306 ut
710 3282 821 3306 insinuat
840 3282 966 3314 Magister,

23 3321 64 3346 hic
81 3322 105 3346 in
126 3323 159 3348 lit.
179 3331 200 3349 c.
221 3325 244 3349 2.
264 3324 323 3357 (Csr.
344 3325 488 3351 Comment.
509 3333 534 3357 p.
554 3326 570 3350 l.
590 3325 653 3350 dub.
674 3326 717 3357 2.).
738 3326 808 3351 ldem
828 3326 884 3351 cod.
899 3327 918 3351 G
933 3327 967 3351 in-

25 3365 100 3391 terius
119 3371 176 3398 post
195 3375 229 3394 ex
248 3368 296 3395 hoc
316 3370 392 3401 legit:
413 3369 484 3403 quod
502 3369 582 3395 etium
601 3369 769 3396 characteres
787 3369 841 3396 sint
859 3370 964 3402 diversi,

1032 2976 1079 3010 qui
1097 2980 1144 3002 etc.
1164 2977 1215 3002 Nos
1235 2978 1314 3002 secuti
1334 2977 1390 3002 cod.
1411 2978 1433 3002 K
1453 2977 1472 3008 <l
1493 2985 1505 3002 a
1526 2978 1639 3003 secunda
1658 2978 1749 3010 manu)
1763 2979 1943 3010 supplevimus
1957 2981 1981 3005 in

1032 3020 1082 3045 tine
1101 3028 1156 3052 arg.
1184 3020 1238 3046 sint
1255 3020 1354 3046 diversi
1371 3021 1457 3052 (codd.
1479 3021 1546 3052 be
1565 3023 1628 3047 sunt
1648 3021 1772 3053 diversi);
1802 3023 1859 3048 cod.
1888 3023 1908 3048 O
1934 3031 1982 3055 pro

1032 3065 1056 3090 et
1074 3064 1152 3097 siqua
1171 3064 1301 3089 substituit
1320 3065 1386 3090 sunt
1402 3063 1521 3095 «tibersa,
1542 3065 1654 3090 seconcia
1669 3073 1762 3091 manus
1775 3067 1800 3090 in
1814 3066 1872 3091 cod.
1889 3067 1905 3091 Ρ
1919 3069 1982 3093 sunt

1031 3108 1136 3134 diversa
1155 3107 1224 3134 sicut
1241 3109 1267 3133 ct
1283 3107 1369 3141 siqua.

1102 3151 1112 3168 ⁴
1132 3153 1235 3183 Quaest.
1256 3152 1376 3183 praeced.
1397 3166 1430 3170 —
1450 3153 1557 3178 Inferius
1576 3160 1623 3184 pro
1650 3154 1675 3179 et
1698 3153 1748 3180 hoc
1770 3153 1859 3187 facere
1878 3155 1934 3181 Vat.
1957 3156 1984 3181 et

1032 3195 1080 3222 hoc
1099 3195 1192 3222 dicere.

1100 3239 1112 3256 ⁵
1132 3240 1163 3264 Ut
1182 3242 1315 3264 ostensum
1335 3243 1373 3265 est
1392 3246 1471 3271 supra
1491 3247 1517 3271 p.
1537 3241 1553 3265 l.
1574 3248 1596 3265 a.
1618 3242 1642 3266 2.
1665 3248 1689 3273 q.
1710 3241 1733 3266 4.

1101 3283 1112 3299 ⁶
1134 3283 1198 3308 Vide
1218 3286 1279 3308 tom.
1309 3283 1334 3307 ll.
1363 3290 1423 3314 pag.
1455 3284 1463 3307 ,1
1476 3284 1519 3315 19,
1542 3287 1600 3309 nota
1621 3285 1644 3309 8.
1664 3298 1700 3303 —
1717 3285 1777 3318 Seq.
1797 3293 1902 3317 propos.
1923 3287 1980 3312 insi-

1031 3329 1125 3351 nuatur
1144 3326 1177 3351 ab
1197 3327 1311 3358 Aristot.,
1334 3327 1384 3352 Vll.
1407 3327 1515 3359 Metaph.
1536 3330 1593 3353 text.
1615 3327 1655 3353 49.
1675 3328 1728 3361 (Vl.
1750 3335 1772 3354 c.
1794 3330 1856 3362 43).

1101 3370 1112 3386 ⁷
1132 3370 1280 3395 Secundum
1300 3371 1418 3402 Aristot.;
1439 3372 1484 3396 cfr.
1505 3374 1565 3397 tom.
1586 3372 1622 3397 nl.
1643 3379 1702 3404 pag.
1723 3372 1783 3406 277,
1805 3376 1864 3399 nota
1885 3375 1908 3400 t.
