2483 3882
289 2015 323 2036 Ad
337 2016 420 2042 opposi-

328 2044 379 2063 tum.

467 214 531 246 802

1227 222 1511 256 SENTENTIARUM
1536 225 1602 257 ΗΒ.
1627 227 1674 259 IV.

1291 400 1557 443 ARTICULUS
1582 406 1607 443 I.

1215 519 1262 551 De
1285 519 1512 563 impedimento
1536 525 1673 558 ordinis.

1335 645 1518 686 Quaesrio
1542 648 1563 679 1.

974 751 1092 784 Utrum
1115 753 1248 786 ordines
1271 754 1415 788 minores
1440 757 1621 799 impediant
1644 761 1908 796 matrimom'tmt.

543 899 701 939 Quantum
727 908 802 941 ergo
818 900 857 932 ad
882 901 1036 942 primum,
1059 903 1143 944 quod
1167 904 1303 937 minores
1327 906 1408 939 ordi-

452 959 508 983 nes
531 960 593 983 non
618 951 790 994 impediant
815 955 1070 994 matrimonium,
1095 957 1236 990 videtur:

542 1005 569 1035 1.
595 1004 652 1037 Per
677 1005 792 1039 multas
816 1007 1035 1047 auctoritates,
1060 1018 1139 1050 quas
1163 1010 1293 1043 adducit
1317 1012 1407 1054 Magi-

292 1061 515 1090 Fundamenta.ster
539 1057 570 1089 in
595 1058 699 1091 littera
714 1059 734 1097 ¹,
760 1060 898 1093 maxime
922 1061 961 1093 de
977 1061 1032 1093 illa
1054 1062 1165 1095 Leonis
1191 1063 1306 1105 Papae,
1324 1074 1405 1106 quae

451 1113 557 1142 sumta
580 1114 627 1143 est
650 1111 690 1143 de
714 1112 912 1145 distinctione
936 1113 1097 1155 trigesima
1121 1116 1269 1148 secunda.

538 1164 566 1194 Ξ.
591 1163 685 1202 Item,
710 1164 741 1195 in
767 1165 873 1204 Extra,
898 1166 937 1198 de
954 1166 1081 1199 Clericis
1105 1168 1280 1210 coniugatis
1291 1169 1312 1208 ²,
1330 1170 1405 1203 dicit

447 1214 626 1247 Alexander
643 1216 774 1249 tertius:
807 1217 867 1249 «Si
892 1218 945 1259 qui
964 1219 1152 1252 clericorum
1177 1221 1259 1253 infra
1279 1222 1404 1255 subdia-

448 1271 593 1300 conatum
611 1269 789 1310 acceperint
806 1279 941 1309 uxores,
967 1271 1051 1313 ipsos
1067 1272 1107 1304 ad
1132 1273 1312 1306 retinendas
1326 1284 1403 1307 uxo-

446 1329 497 1353 res
522 1321 715 1354 districtione
739 1322 948 1356 ecclesiastica
972 1325 1213 1366 compellatis».

535 1372 563 1404 3.
590 1373 682 1412 item,
706 1374 836 1406 racione
860 1375 1002 1408 videtur:
1028 1378 1103 1418 quia
1126 1378 1166 1410 ad
1191 1379 1329 1412 minores
1353 1389 1402 1412 or-

446 1425 535 1458 dines
560 1429 594 1458 ut
618 1426 793 1468 plurimum
817 1428 942 1469 parvuli
967 1435 1216 1471 promoventur;
1241 1432 1297 1464 sed
1322 1432 1399 1465 tales

442 1487 504 1510 non
528 1482 602 1511 sunt
626 1480 755 1521 cogendi
780 1481 820 1513 ad
845 1482 1082 1514 continentiam:
1108 1492 1183 1526 ergo
1207 1487 1264 1517 etc.

530 1532 560 1563 li.
586 1532 677 1572 Item,
696 1533 726 1564 in
744 1533 889 1575 ingressu
915 1535 1074 1577 religionis
1091 1540 1137 1568 est
1154 1541 1269 1577 status,
1287 1537 1318 1570 in
1335 1548 1398 1580 quo

442 1585 513 1625 quis
536 1585 648 1626 prohat
672 1589 702 1618 et
726 1586 890 1628 probatur,
915 1591 1083 1630 antequam
1109 1590 1148 1622 ad
1170 1594 1279 1622 votum
1304 1592 1398 1623 eonti-

441 1638 565 1670 nentiae
588 1638 759 1680 obligetur:
787 1648 862 1681 ergo
886 1641 953 1682 pari
979 1641 1099 1674 ratione
1114 1643 1272 1675 —immo
1296 1645 1396 1677 multo

440 1690 578 1728 fortiori7
597 1700 669 1723 cum
687 1691 846 1725 difficilius
863 1693 902 1725 sit
920 1694 949 1725 in
968 1695 1093 1727 saeculo
1110 1696 1269 1729 continere
1281 1716 1326 1720 ——-
1338 1701 1396 1730 sta-

440 1746 491 1774 tus
516 1743 609 1775 dehet
626 1744 847 1784 determinari,
872 1746 903 1777 in
921 1756 983 1788 quo
1001 1747 1105 1779 clerici
1123 1749 1243 1790 possint
1260 1750 1396 1791 probare

439 1798 470 1826 et
493 1795 637 1836 probari,
663 1799 770 1828 utrum
796 1797 892 1830 velint
910 1799 1016 1831 vivere
1040 1801 1134 1839 casti,
1159 1804 1189 1833 et
1205 1801 1235 1833 in
1261 1802 1315 1834 illo
1332 1812 1393 1835 non

438 1846 553 1879 debent
577 1848 616 1880 ad
641 1849 815 1882 castitatem
840 1850 986 1892 obligari3
1011 1852 1066 1884 sed
1090 1853 1148 1886 iste
1172 1858 1219 1886 est
1243 1855 1391 1887 ordinum

436 1899 639 1932 inferiorum:
665 1911 740 1943 ergo
763 1907 820 1935 etc.

525 1953 668 1986 CONTRA:
710 1957 735 1986 l.
772 1956 975 1990 Distinctione
1010 1959 1170 2000 trigesima
1206 1962 1387 1994 secunda³z

441 2006 634 2046 «Lectores,
658 2017 731 2040 cum
763 2009 803 2041 ad
827 2018 925 2042 annos
950 2011 1126 2053 pubertatis
1159 2014 1318 2054 venerint,
1343 2025 1390 2048 co-

436 2062 550 2100 gantur
575 2064 629 2091 aut
653 2070 787 2093 uxorem
814 2062 945 2102 ducere,
970 2067 1025 2096 aut
1048 2066 1271 2098 continentiam
1297 2068 1390 2109 profi-

437 2112 492 2144 teri
510 2124 543 2143 »:
570 2121 644 2154 ergo
669 2114 693 2145 si
720 2114 852 2151 lectores
876 2121 949 2148 sunt
974 2117 1003 2148 in
1022 2121 1105 2149 statu
1130 2118 1315 2152 inferiorum
1341 2130 1388 2153 or-

434 2164 560 2203 dinum,
579 2165 714 2205 videtur,
732 2168 817 2208 quod
842 2169 1072 2211 compellantur
1088 2171 1128 2203 ad
1146 2173 1385 2206 continentiam:

433 2226 507 2258 ergo
532 2221 588 2250 ete.

520 2271 548 2301 Q.
574 2270 667 2310 item,
686 2271 822 2305 minores
840 2273 944 2306 clerici
969 2275 1089 2314 statim‚
1114 2281 1149 2308 ut
1166 2281 1238 2309 sunt
1263 2278 1385 2317 clerici,

430 2323 460 2354 in
486 2326 603 2355 sortem
635 2323 690 2356 Dei
722 2328 796 2357 sunt
828 2326 945 2365 vocati,
977 2331 1008 2359 et
1032 2328 1102 2360 ideo
1126 2329 1200 2362 dicti
1233 2336 1306 2363 sunt
1330 2332 1386 2364 ele-

428 2374 513 2412 rici,
537 2375 612 2416 quia
632 2375 663 2407 in
688 2380 803 2409 sortem
823 2377 875 2410 Dei
901 2383 975 2411 sunt
991 2381 1164 2422 segregat13
1181 2383 1235 2415 sed
1261 2383 1315 2425 qui
1333 2384 1384 2416 ha-

429 2427 481 2459 bet
505 2437 639 2460 uxorem
669 2433 713 2460 est
738 2430 882 2469 divisus,
915 2432 996 2465 sieut
1020 2433 1095 2466 dicit
1125 2436 1291 2476 Apostolus
1322 2438 1384 2479 pri-

427 2489 497 2513 mae
521 2481 560 2513 ad
590 2481 766 2515 Corinthios
798 2484 931 2525 septimo
948 2486 974 2517 ¹¹:
1008 2495 1082 2528 ergo
1108 2488 1215 2521 nullus
1248 2489 1382 2524 clericus

428 2537 530 2574 potest
558 2544 616 2567 nec
640 2535 732 2568 dehet
757 2537 874 2569 habere
899 2548 1049 2572 uxorem:
1076 2550 1150 2582 ergo
1175 2546 1232 2574 etc.

515 2586 543 2617 3.
569 2587 662 2626 item,
691 2589 793 2622 omnis
822 2590 956 2623 clericus
989 2592 1019 2624 111
1043 2594 1155 2626 minori
1182 2594 1283 2628 officio
1316 2597 1380 2629 sive

425 2638 534 2670 ordine
564 2640 753 2674 constitutus
784 2646 886 2683 potest
917 2644 1035 2677 hahere
1066 2645 1253 2680 heneficium
1286 2649 1380 2682 eccle-

425 2690 603 2730 siasticum,
629 2693 767 2726 maxime
792 2695 816 2726 si
850 2695 990 2729 intendat
1020 2697 1153 2731 ulterius
1181 2703 1380 2742 promoveri,

424 2743 535 2775 saltem
560 2744 748 2778 heneficium
774 2747 840 2780 sine
865 2758 956 2788 cura3
982 2751 1037 2783 sed
1061 2752 1169 2785 nullus
1193 2755 1379 2796 coniugatus

423 2800 525 2837 potest
552 2806 608 2830 nec
644 2798 737 2831 dehet
773 2800 890 2834 habere
926 2802 1113 2836 heneficium
1150 2807 1378 2848 praebendale,

423 2849 504 2881 sieut
528 2850 643 2882 dicitur
668 2852 774 2891 Extra,
808 2853 846 2885 de
871 2854 999 2887 Clericis
1023 2858 1197 2899 coniugatis
1212 2859 1233 2898 5,
1266 2861 1377 2893 Diae-r-

421 2901 468 2932 32‘0·
498 2900 648 2943 fallaciis
680 2909 751 2937 etc:
777 2915 852 2947 ergo
884 2907 992 2941 nullus
1016 2909 1150 2943 clericus
1182 2915 1283 2953 potest
1308 2923 1376 2947 esse

421 2955 614 2997 coniugatus.

1560 910 1590 941 [ι.
1616 911 1705 951 item,
1730 914 1832 946 omnis
1848 914 1981 949 clericus
2006 917 2037 949 in
2062 919 2174 952 minori
2191 921 2292 955 officio
2316 926 2426 958 consti-

1472 964 1559 995 tutus
1583 967 1684 1004 potest
1708 966 1849 1006 gaudere
1873 968 2038 1011 privilegio
2062 972 2213 1013 clericali;
2238 976 2293 1008 sed
2317 977 2423 1011 nullus

1471 1020 1628 1048 uxoratus
1664 1021 1765 1058 potest
1799 1021 1939 1061 gaudere
1974 1023 2138 1066 privilegio
2173 1026 2324 1060 clericali:
2348 1038 2423 1072 ergo

1470 1067 1578 1100 nullus
1603 1068 1737 1103 clericus
1761 1075 1862 1112 potest
1886 1081 1954 1106 esse
1979 1080 2143 1109 uxoratus.
2164 1078 2274 1111 Maior
2298 1082 2423 1115 manife-

1469 1122 1516 1150 sta
1541 1123 1604 1159 est,
1629 1121 1739 1154 minor
1756 1127 1842 1165 patet
1858 1134 1915 1166 per
1939 1126 2128 1161 decretalem
2146 1130 2185 1162 de
2209 1131 2337 1166 Clericis
2353 1142 2422 1167 eon-

1468 1171 1583 1213 iugatis
1597 1173 1617 1212 ⁶,
1635 1174 1792 1214 Ioannes,
1810 1180 1841 1209 et
1864 1177 1959 1218 infra,
1985 1180 2038 1212 uhi
2056 1181 2182 1222 dicitur,
2206 1185 2291 1225 quod
2314 1198 2329 1215 «
2345 1196 2422 1220 uxo-

1468 1227 1557 1256 ratus
1581 1225 1675 1258 etiam
1708 1231 1891 1262 tonsuratus
1922 1240 1983 1263 non
2014 1237 2117 1274 potest
2147 1235 2311 1278 privilegio
2335 1239 2421 1272 eleri-

1467 1278 1525 1309 cali
1551 1279 1690 1320 gaudere
1707 1293 1737 1312 ».
1755 1281 1794 1314 Si
1816 1287 1851 1314 tu
1868 1284 1978 1323 dicas,
2002 1287 2086 1327 quod
2104 1287 2181 1321 istae
2206 1290 2342 1324 rationes
2358 1301 2419 1325 non

1466 1331 1588 1370 valent,
1613 1333 1688 1374 quia
1712 1334 1765 1376 qui
1790 1339 1837 1368 est
1860 1336 1994 1370 clericus
2022 1343 2125 1380 potest
2148 1350 2209 1374 non
2241 1352 2308 1376 esse
2333 1344 2420 1377 cleri-

1465 1393 1538 1423 cus,
1562 1389 1593 1417 et
1628 1386 1669 1418 ita
1693 1391 1796 1429 potest
1831 1398 1899 1422 esse
1928 1396 2103 1432 uxoratus3
2139 1400 2274 1428 eontra:
2299 1398 2418 1431 ordinis

1464 1436 1700 1471 Sacramentum
1719 1444 1766 1473 est
1782 1451 1839 1482 per
1865 1442 2101 1485 impressionem
2120 1447 2325 1481 characteris:
2343 1458 2417 1492 ergo

1462 1487 1544 1520 sicut
1568 1489 1746 1532 baptizatus
1770 1503 1832 1525 non
1856 1500 1959 1536 potest
1982 1506 2050 1530 esse
2074 1508 2134 1531 non
2160 1499 2350 1542 baptizatus,
2374 1502 2416 1535 ita

1463 1540 1599 1580 videtur,
1622 1544 1707 1584 quod
1732 1545 1866 1579 clericus
1891 1557 1952 1580 non
1977 1550 2075 1591 possit
2104 1551 2172 1584 fieri
2196 1562 2257 1585 non
2282 1554 2415 1588 clericus

1461 1594 1528 1627 sive
1552 1605 1613 1628 non
1637 1597 1811 1631 ordinatus.

1814 1714 2053 1741 CONCLUSIO.

1461 1805 1600 1839 Ordines
1625 1808 1769 1841 minores
1791 1820 1851 1852 per
1874 1822 1907 1844 se
1931 1823 1996 1845 non
2021 1814 2151 1848 obstant
2174 1819 2362 1851 contractui
2383 1824 2412 1852 et

1546 1860 1627 1892 usui
1649 1862 1861 1896 matrimonii
1867 1877 1878 1902 ;
1910 1867 1967 1898 sed
1994 1867 2218 1902 ministerium
2250 1875 2279 1903 et
2303 1871 2411 1914 benefi-

1545 1913 1653 1951 ciam,
1679 1925 1763 1957 (μιαί)
1787 1917 1853 1949 iltis
1870 1928 1935 1950 non
1951 1925 2030 1952 sum
2045 1923 2232 1955 necessario
2257 1934 2407 1964 annexa,

1544 1965 1578 1996 in
1597 1967 1742 2000 Ecclesia
1763 1970 1958 2004 occidentali
1973 1974 2204 2015 oppositionem
2227 1975 2344 2010 habent
2364 1980 2410 2011 ad

1544 2019 1797 2054 mcttt’z'n‘tom'ttm
1822 2025 1933 2065 quoad
1955 2035 2064 2058 usum.

1542 2125 1744 2159 Respo-Nono:
1770 2128 1962 2169 Dicendum,
1987 2133 2071 2174 quod
2105 2133 2136 2165 in
2164 2135 2328 2169 ordinibus
2353 2138 2406 2170 mi-
2423 2147 2483 2169 nisan

1452 2176 1583 2210 norihus
1614 2183 1661 2210 est
1693 2181 1895 2215 considerare
1927 2184 2075 2217 ordinem
2100 2191 2130 2218 et
2164 2187 2308 2230 officium
2340 2190 2405 2223 sive

1452 2229 1661 2263 ministerium
1687 2237 1717 2264 et
1735 2232 1944 2276 beneficiatam
1961 2238 2136 2270 secundum
2163 2240 2238 2272 haec
2262 2241 2322 2273 tria
2338 2251 2405 2283 pos-

1416 2299 1418 2322 1
1450 2286 1523 2313 sunt
1559 2285 1735 2326 comparari
1761 2287 1801 2319 ad
1837 2289 2084 2322 matrimonium.
2121 2292 2155 2324 Et
2190 2294 2270 2326 ordo
2295 2295 2483 2328 minorconcii

1449 2335 1569 2367 nullam
1596 2337 1689 2370 hahet
1713 2340 1940 2381 oppositionem
1957 2343 1997 2375 ad
2023 2345 2258 2379 matrimonium
2284 2348 2402 2381 ratione

1448 2388 1495 2419 sui
1522 2388 1588 2421 sive
1623 2391 1831 2431 characteris,
1864 2403 1921 2427 nec
1944 2400 2097 2437 quantum
2131 2398 2170 2430 ad
2196 2404 2401 2433 contractum

1447 2441 1636 2474 matrimonii
1670 2453 1727 2476 nec
1758 2450 1911 2486 quantum
1948 2448 1987 2480 ad
2020 2459 2144 2488 usam,-
2175 2452 2230 2484 sed
2262 2453 2401 2485 11211ῑὶ318-
2415 2464 2483 2486 conon

1446 2493 1537 2525 rium
1563 2497 1593 2526 et
1618 2495 1807 2537 beneficium
1839 2500 2014 2532 secundum
2043 2502 2208 2536 Ecclesiam
2230 2505 2400 2538 occidenta-

1446 2545 1507 2577 lem
1532 2547 1758 2588 oppositionem
1785 2550 1900 2584 hahent
1924 2553 1963 2585 ad
1986 2555 2221 2588 matrimonium
2246 2562 2398 2599 quantum

1444 2599 1483 2630 ad
1509 2609 1606 2632 usum
1633 2606 1764 2644 propter
1796 2603 2002 2638 honestatem.
2028 2607 2063 2639 Et
2094 2609 2241 2649 quoniam
2266 2610 2398 2643 clericus

1444 2651 1474 2683 in
1500 2652 1676 2686 minorihus
1707 2656 1873 2689 ordinibus
1902 2667 1962 2690 non
1988 2664 2112 2693 tenetur
2137 2671 2193 2694 nec
2224 2667 2271 2695 est
2294 2663 2397 2705 alliga-

1444 2707 1517 2737 tus7
1541 2706 1580 2739 ad
1605 2707 1749 2749 officium
1774 2719 1831 2742 nec
1854 2711 1894 2744 ad
1919 2712 2188 2753 1ηῑηῑείενῑῑωηῆ
2210 2716 2279 2749 ideo
2295 2720 2395 2759 potest
2409 2727 2483 2749 concini

1442 2759 1628 2792 contrahere
1664 2761 1730 2793 sine
1765 2762 1872 2804 aliquo
1896 2764 2130 2806 impedimento.
2156 2768 2191 2799 Et
2225 2769 2268 2801 ita
2291 2779 2395 2803 conce-

1442 2811 1581 2844 dendum
1606 2816 1666 2852 est,
1691 2815 1775 2855 quod
1801 2816 1938 2849 minores
1961 2818 2088 2851 ordines
2111 2820 2309 2854 matrimonio
2333 2832 2392 2854 non

1440 2868 1601 2904 praestant
1626 2867 1897 2907 impedimentum.

1532 2918 1558 2948 l.
1583 2918 1626 2950 Ad
1660 2919 1737 2952 illud
1771 2930 1845 2962 ergo
1880 2923 1965 2964 quod
1990 2924 2146 2965 obiicitur⁷
2182 2928 2267 2969 quod
2303 2928 2391 2961 lecto·
2416 2938 2483 2969 sonti<

1439 2977 1490 3001 res
1515 2969 1629 3002 debe-nt
1646 2972 1867 3006 continentiam
1886 2977 2083 3017 proniittere3
2101 2979 2285 3020 dicendum,
2306 2981 2390 3023 quod
2403 2967 2483 2993 ¹²⁰⁵²²⁰¹⁵

488 3177 494 3191 ¹
516 3178 562 3203 llic
581 3186 602 3203 c.
628 3180 647 3204 1.

486 3221 496 3236 2
516 3221 585 3247 Lihr.
607 3223 642 3248 tlt.
664 3225 698 3249 111.
719 3226 741 3249 3.
763 3233 783 3251 c.
806 3227 829 3251 11.

486 3263 496 3279 ³
515 3265 576 3290 Cau.
597 3267 619 3291 S.
641 3267 703 3293 Codi
723 3269 741 3293 L
761 3277 821 3295 cum
841 3274 908 3297 textu
929 3273 1047 3304 originali
1066 3282 1167 3301 timores
1181 3283 1228 3308 pro
1241 3284 1365 3304 uxorem.

485 3306 495 3321 ⁴¹
515 3308 588 3333 Vers.
609 3310 649 3334 33.
664 3324 699 3328 —
718 3312 753 3337 De
771 3313 871 3339 illatori
884 3316 928 3341 cfr.
943 3323 1021 3347 supra
1035 3318 1212 3352 lit-Magistri,
1230 3320 1254 3345 d.
1269 3321 1363 3347 XXIV.

416 3355 436 3373 c.
459 3349 480 3373 ¹i.
501 3351 524 3374 111
545 3351 602 3377 tine.

1504 3192 1515 3209 ⁵
1533 3193 1603 3219 Libr.
1626 3195 1660 3219 ΙΙΙ.
1682 3196 1716 3221 [it.
1737 3196 1760 3220 3.
1781 3203 1802 3221 C.
1823 3196 1847 3221 ὃ.

1503 3236 1514 3252 ⁶
1533 3237 1601 3262 Libr.
1621 3238 1658 3262 ΙΙΙ.
1679 3239 1713 3263 til.
1735 3240 1758 3264 3.
1778 3246 1799 3265 c.
1820 3240 1844 3265 7.

1503 3280 1514 3295 ⁷
1532 3280 1595 3306 Edd.
1616 3280 1756 3315 obliquius.

1501 3323 1512 3340 S
1532 3325 1641 3351 Videtur
1660 3327 1799 3358 legendum
1820 3336 1876 3354 csse
1896 3328 2063 3364 beneficium,
2085 3334 2178 3358 attenta
2198 3332 2324 3359 dirisione
2341 3340 2380 3359 su-

1430 3374 1475 3399 pra
1496 3369 1585 3400 posita.
