2483 3882
332 345 460 367 Notandum.

329 606 458 627 Notandum.

321 1605 356 1626 Ad
371 1605 453 1635 opposi-

308 1633 352 1652 tum
376 1638 452 1659 primo.

344 2345 448 2367 Secundo.

474 246 537 278 592

477 341 615 373 congrua
647 331 812 363 dimissum
844 332 919 362 erat.
956 329 1015 360 Nec
1048 330 1121 359 sunt
1145 327 1208 358 duo
1233 325 1425 367 legislatores

474 385 615 417 Christus
639 387 669 415 et
693 383 827 423 Spiritus
851 381 928 415 eius.

562 437 591 467 2.
617 434 645 466 3.
670 435 714 466 Ad
739 434 816 465 illud
843 432 926 474 quod
951 431 1106 469 obiicitur,
1125 430 1207 472 quod
1234 438 1289 471 per
1314 433 1424 461 semet-

473 488 598 529 ipsum:
624 486 809 523 dicendum,
835 484 919 526 quod
935 483 943 498 ¹
969 484 1035 525 ipse
1068 483 1246 515 immediate
1280 482 1425 524 loqueba-

472 544 524 572 tur
549 539 657 579 Moysi,
679 541 709 570 et
733 540 802 578 post
826 537 944 577 Moyses
968 535 1179 578 praecipiebat
1204 535 1319 576 populo
1343 535 1424 567 sicut

473 593 603 624 nuntius
628 591 680 622 Dei
706 594 735 622 et
761 590 918 627 minister;
943 589 987 621 sic
1022 588 1156 630 Spiritus
1191 591 1317 620 sanctus
1349 588 1424 629 Apo-

472 644 571 681 stolis,
597 648 627 676 et
652 644 708 685 ipsi
734 647 769 675 ut
793 642 927 674 ministri
952 642 1077 683 populis
1103 641 1311 682 exponebant.
1338 641 1423 673 Unde

470 698 744 729 Sacramentorum
778 696 1002 728 institutionem
1040 704 1101 727 non
1137 695 1340 727 attribuimus
1364 694 1420 726 nisi

474 750 535 781 Deo
560 749 609 781 vel
635 758 690 790 per
714 748 856 785 Ft'lt'tmn,
881 748 930 780 vel
966 756 1022 789 per
1058 747 1222 789 Spiritum
1257 751 1420 779 0011011110.

469 802 530 834 Nec
565 801 758 834 credendum
795 804 859 837 est,
884 809 1076 842 quemquam
1108 799 1327 841 Apostolorum
1363 799 1422 831 1100

469 864 527 896 per
551 864 584 886 se
608 854 808 891 instituisse,
826 853 880 886 sed
900 857 998 885 totum
1016 852 1200 894 collegium3
1218 852 1274 884 sed
1290 852 1421 884 Iacobus

466 906 713 948 promulfflwit,
738 907 818 938 sicut
842 906 1026 938 sententiam
1064 905 1134 937 tulit
1159 905 1197 937 de
1222 905 1421 937 observantift

470 960 633 1001 legalium,
650 962 782 991 Actuum
800 958 921 991 decimo
946 958 1055 1000 quinto
1069 957 1089 989 ².
1106 976 1149 981 —
1167 958 1201 990 Et
1218 966 1273 999 per
1295 957 1354 989 hoc
1371 966 1422 998 pa-

469 1015 512 1045 tet
529 1020 680 1054 sequens,
704 1012 792 1053 quia,
810 1011 890 1043 sicut
914 1011 997 1043 Deus
1021 1014 1170 1052 operatur
1195 1010 1419 1051 principaliter,

1231 238 1514 271 SENTENTIARUM
1539 239 1606 270 LIB.
1631 239 1678 271 IV.

1490 329 1520 358 et
1543 325 1690 358 sacerdos
1721 329 1757 357 ut
1788 325 1946 363 1ninister;
1979 325 2022 357 sic
2054 326 2204 357 institutio
2228 326 2481 365 Sacramento-Noi

1491 387 1560 409 rum
1586 377 1713 419 respicit
1737 377 1836 409 Deum
1861 381 1896 409 ut
1913 381 2100 415 auctorem,
2117 381 2147 409 et
2164 378 2323 419 Apostolos
2344 380 2435 421 respi-

1489 430 1530 462 cit
1556 434 1589 462 ut
1616 429 1787 461 ministros
1810 430 1840 461 in
1865 430 2104 471 promulgando.

1577 483 1607 514 lt.
1632 483 1674 514 Ad
1700 483 1778 514 illud
1802 483 1885 524 quod
1918 483 2082 521 obiicitur,
2107 483 2190 524 quod
2223 483 2357 524 Apostoli
2382 494 2435 516 un-

1488 536 1602 577 gebant
1625 535 1711 574 ole03
1736 536 1921 574 dicendum,
1938 536 2022 577 quod
2040 535 2081 567 ibi
2100 545 2159 567 non
2176 536 2235 567 fuit
2251 536 2309 568 hoc
2333 536 2434 569 Sacra·
2447 551 2482 574 Not

1489 592 1628 621 mentum
1654 588 1859 626 institutum,
1885 589 1939 621 sed
1964 588 2190 625 z'nsz'mtatunu
2206 591 2237 620 et
2260 588 2319 620 hoc
2343 593 2434 630 patet,

1488 642 1561 683 quia
1585 642 1690 673 unctio
1715 641 1767 673 illa
1791 641 2004 682 principaliter
2020 641 2115 673 fiebat
2131 641 2171 673 ad
2189 641 2352 673 sanitatem
2369 651 2434 674 cor-

1484 694 1649 735 poralem,
1674 703 1734 725 non
1759 694 1798 726 ad
1823 694 2015 726 curationem
2037 693 2247 735 spiritualem
2268 693 2434 736 principa-

1487 746 1569 778 liter.
1594 747 1679 779 Unde
1715 747 1795 779 sicut
1819 747 1950 787 gratiam
1984 747 2153 779 sanitatum
2180 750 2252 778 tunc
2281 746 2434 780 habebant

1487 800 1620 841 Apostoli
1646 803 1676 831 et
1701 808 1760 831 non
1785 799 1953 840 potentiam
1980 799 2096 840 ligandi
2121 803 2152 831 et
2175 799 2375 838 absolvendi3
2392 800 2434 833 sic

1486 852 1590 883 oleum
1616 852 1694 884 illud
1720 852 2006 895 deserviebatsive
2031 851 2221 892 operabatur
2238 852 2277 883 ad
2303 851 2432 884 salutem

1487 904 1656 945 corporz's;
1681 913 1763 936 nunc
1787 908 1891 936 autem
1918 904 2130 946 principaliter
2155 907 2304 945 operatur
2328 904 2368 936 ad
2392 913 2434 936 sa-

1485 956 1582 989 lutem
1608 956 1767 997 spiritus,
1793 957 1873 989 sicut
1897 957 1926 988 in
1952 957 2019 998 ipsa
2050 956 2175 988 forma3
2201 957 2361 989 evidenter
2386 966 2434 990 ex-

1484 1010 1642 1051 primitur.

1331 1161 1513 1202 QUAESTIO
1538 1161 1582 1192 Ill.

1101 1290 1191 1330 Quae
1213 1289 1257 1321 sit
1282 1290 1426 1322 materia
1451 1294 1614 1322 emcremcte
1638 1289 1812 1321 unctionis.

557 1429 661 1462 Tertio
685 1429 849 1471 quaeritur
874 1429 913 1461 de
936 1428 1033 1460 11111110
1057 1427 1249 1460 Sacramenti
1275 1427 1423 1466 materia3

468 1486 498 1515 et
522 1483 597 1515 dicit
621 1482 765 1523 Magister
780 1482 801 1520 ⁴,
826 1482 911 1523 quod
944 1480 1075 1513 materia
1103 1480 1199 1513 huius
1231 1481 1421 1512 Sacramenti

469 1539 515 1569 est
544 1536 677 1568 «oleum
701 1535 740 1567 ab
771 1535 917 1576 episcopo
949 1538 1210 1567 consecratum».
1235 1533 1294 1566 Sed
1321 1534 1423 1575 primo

468 1589 612 1628 videtur,
636 1588 720 1630 quod
747 1588 845 1630 magis
870 1588 999 1620 deberet
1022 1587 1167 1619 adbiberi
1184 1586 1279 1618 aliud
1294 1586 1423 1618 elemen-

469 1646 536 1674 tum
561 1651 655 1684 quam
680 1641 806 1674 oleum:

559 1696 585 1726 1.
611 1695 766 1732 Primum,
790 1693 864 1736 quia
888 1694 947 1726 hoc
971 1694 1207 1726 Sacramentum
1232 1695 1278 1725 est
1302 1692 1423 1734 pericli-

467 1748 599 1780 tantium
625 1751 655 1779 et
679 1747 772 1779 morti
808 1746 1145 1788 appropinquantium,
1170 1749 1200 1777 et
1224 1745 1255 1777 hi
1281 1745 1421 1777 maxime

467 1805 540 1833 sunt
564 1801 594 1832 in
619 1800 752 1832 articulo
777 1799 984 1832 necessitatis:
1003 1808 1077 1839 ergo
1094 1798 1209 1831 talibus
1227 1798 1365 1830 maxime
1383 1798 1422 1830 de

467 1854 621 1886 elemento
653 1853 812 1885 communi
848 1852 1006 1894 provideri
1043 1851 1152 1884 debet:
1178 1851 1203 1883 si
1240 1860 1314 1892 ergo
1338 1860 1421 1893 aqua

467 1907 665 1940 communior
689 1910 752 1945 est,
777 1905 903 1938 videtur
927 1909 984 1937 etc.

556 1962 585 1992 2.
610 1960 700 1998 Item,
726 1960 755 1990 in
781 1958 1035 1996 confirmatione,
1060 1957 1089 1989 in
1115 1966 1177 1998 qua
1202 1957 1296 1989 datur
1320 1957 1421 1997 gratia

467 2013 650 2051 abundans,
666 2021 727 2044 non
753 2011 855 2044 solum
873 2014 919 2043 est
936 2011 1126 2043 elementum
1152 2010 1230 2047 olet,
1248 2009 1303 2042 sed
1327 2009 1419 2042 etiam

469 2065 626 2103 balsami,
651 2065 736 2107 quod
761 2068 807 2097 est
831 2064 1004 2106 pretiosum
1019 2063 1047 2095 ⁶:
1074 2072 1147 2105 ergo
1165 2063 1309 2102 videtur,
1335 2063 1420 2105 quod

467 2119 497 2151 in
523 2119 581 2151 1100
606 2119 824 2155 Sacramento,
842 2126 912 2149 cum
932 2117 1110 2149 introducat
1135 2117 1294 2149 hominem
1319 2117 1350 2148 in
1375 2125 1420 2148 re-

467 2180 582 2213 gnum,
598 2170 683 2212 quod
707 2174 754 2202 est
778 2170 1040 2212 pretiosissimum
1065 2169 1262 2211 praemium3
1283 2169 1420 2207 videtur,

467 2224 552 2267 quod
577 2224 706 2256 deberet
729 2232 797 2255 esse
821 2222 1008 2255 balsamum.

554 2278 647 2315 ltem,
672 2276 815 2315 videtur,
840 2276 924 2317 quod
956 2284 1018 2307 non
1050 2278 1192 2317 oporteat
1216 2284 1284 2308 esse
1316 2285 1423 2307 eonse-

465 2335 597 2364 crcttttm
607 2341 616 2362 .·

553 2383 582 2415 3.
607 2383 686 2424 Quia
710 2382 886 2424 baptismus
903 2385 933 2414 et
950 2381 1157 2420 eucharistia,
1182 2381 1213 2413 in
1239 2382 1356 2424 quibus
1374 2385 1421 2415 est

465 2446 578 2479 magna
601 2436 701 2478 gratia
725 2439 755 2467 et
779 2435 933 2474 efficacia,
959 2444 1019 2467 non
1037 2434 1177 2476 indigent
1202 2435 1333 2467 materia
1351 2445 1420 2468 con-

466 2492 586 2523 secrata
621 2489 681 2521 alia
717 2488 976 2526 sanctificatione,
1002 2497 1098 2529 quam
1129 2497 1210 2530 quae
1242 2488 1277 2520 fit
1310 2488 1340 2520 in
1370 2489 1420 2520 Sa-

465 2542 616 2575 cramenti
641 2541 761 2573 forma:
787 2549 862 2582 ergo
894 2540 960 2582 pari
992 2540 1113 2573 ratione
1145 2549 1202 2573 nec
1231 2541 1336 2573 unctio
1366 2550 1421 2573 ex-

465 2600 574 2628 trema.

553 2649 583 2680 li.
608 2648 701 2686 ltem,
719 2647 758 2679 ad
783 2647 957 2689 perfectum
982 2656 1049 2679 esse
1069 2647 1261 2679 Sacramenti
1279 2647 1338 2680 ista
1355 2648 1418 2680 duo

466 2699 643 2739 sufficiunt,
668 2699 785 2732 scilicet
808 2699 1008 2741 sz'ffltz‘sz'ccttio
1033 2703 1063 2731 et
1086 2699 1308 2741 sanctificatio
1323 2699 1353 2738 ⁶,
1377 2699 1419 2731 si-

461 2751 633 2794 901βο0110
658 2755 704 2784 est
728 2761 784 2793 per
809 2751 1018 2791 elementum,
1046 2751 1267 2793 sanctificatio
1291 2755 1337 2784 est
1361 2761 1418 2794 per

463 2804 616 2843 verbum,
646 2804 700 2836 sed
733 2804 810 2836 haec
834 2804 898 2836 duo
923 2808 1012 2843 sunt,
1038 2805 1062 2837 si
1087 2805 1158 2846 quis
1182 2805 1355 2846 inungatur
1379 2805 1418 2837 de

1488 1428 1621 1469 simplici
1645 1428 1734 1460 oleo:
1760 1437 1834 1470 ergo
1859 1428 1995 1467 videtur,
2020 1429 2104 1471 quod
2129 1430 2168 1461 sit
2192 1429 2233 1461 ibi
2262 1429 2437 1462 Sacramen-

1487 1484 1555 1513 tum
1579 1481 1764 1522 perfectum.

1575 1533 1669 1571 Item,
1694 1533 1718 1565 si
1743 1537 1866 1575 oportet
1887 1534 2124 1566 Sacramentum
2142 1534 2298 1567 unctionis
2314 1534 2382 1567 fieri
2399 1535 2435 1568 de
2449 1541 2481 1588 ,33

1486 1586 1554 1618 oleo
1579 1591 1792 1624 comem-acm
1824 1595 1962 1627 quaero:
1996 1587 2047 1619 cui
2072 1587 2220 1628 competit
2243 1596 2356 1620 nomen
2388 1588 2436 1621 vel

1487 1639 1566 1671 ratio
1591 1639 1781 1671 Sacramenti
1793 1665 1800 1677 ,
1817 1648 1856 1671 an
1874 1639 1951 1677 oleo,
1969 1648 2007 1671 an
2024 1639 2175 1671 unctioni
2187 1640 2201 1671 ἵ)
2215 1659 2259 1664 —-
2271 1640 2361 1681 Quod
2381 1650 2437 1672 tm-

1486 1692 1597 1730 011001,
1612 1692 1737 1724 videtur
1751 1701 1807 1734 per
1820 1692 1919 1733 ipsam
1938 1692 2222 1725 denominationem
2237 1694 2436 1726 Sacramenti.

1576 1746 1604 1777 5.
1630 1745 1689 1777 Sed
1725 1745 1809 1786 quod
1845 1745 1914 1777 oleo
1949 1749 2157 1783 consecrato,
2192 1745 2334 1785 videtur,
2367 1746 2437 1788 quia

1486 1798 1590 1830 oleum
1615 1802 1663 1830 est
1687 1798 1830 1840 signum,
1856 1802 1886 1830 et
1910 1798 2014 1830 oleum
2032 1803 2260 1831 consecratum
2283 1811 2297 1828 «
2315 1799 2436 1840 signum

1485 1854 1533 1883 est
1557 1860 1683 1883 sacrum
1708 1860 1816 1884 sacrae
1839 1851 1932 1889 rei»,
1957 1851 2041 1893 quod
2066 1861 2127 1883 non
2155 1855 2274 1883 tantum
2292 1851 2385 1884 habet
2401 1851 2436 1884 si-

1486 1903 1734 1945 gnificationem,
1759 1904 1814 1937 sed
1839 1904 1931 1936 etiam
1954 1904 2114 1946 quoddam
2133 1913 2232 1946 genus
2249 1904 2436 1937 causalitatis

1485 1966 1542 1998 per
1565 1957 1812 1989 benedictionem
1830 1957 1860 1989 ⁷:
1885 1966 1961 1998 ergo
1990 1957 2132 1996 videtur,
2158 1958 2241 1999 quod
2273 1958 2385 1990 habeat
2407 1958 2436 1989 in

1485 2018 1518 2041 se
1543 2009 1731 2051 completam
1755 2010 1947 2042 Sacramenti
1972 2010 2135 2042 rationem.

1575 2062 1721 2100 6.110111,
1750 2063 1840 2104 panis
1872 2066 2072 2095 consecratus
2104 2067 2151 2095 est
2183 2064 2435 2103 Sacramentum,

1485 2125 1546 2147 non
1572 2116 1638 2156 ipsa
1662 2116 1880 2154 manducatio,
1898 2116 1994 2147 immo
2017 2116 2121 2158 potius
2146 2120 2192 2148 est
2217 2125 2295 2149 usus
2310 2117 2337 2148 ει;
2364 2126 2435 2158 ergo

1485 2169 1611 2201 videtur
1636 2169 1779 2201 similiter
1804 2169 1834 2200 in
1859 2169 2035 2210 proposito,
2053 2170 2136 2210 quod
2154 2169 2259 2202 oleum
2281 2178 2435 2202 consecra-

1484 2225 1552 2254 tum
1578 2222 1617 2254 sit
1641 2222 1896 2260 Sacramentum,
1920 2225 1951 2254 et
1968 2222 2074 2254 unctio
2099 2222 2139 2254 sit
2162 2231 2260 2255 usus:
2286 2232 2360 2264 ergo
2376 2232 2434 2255 non

1485 2275 1706 2307 convenienter
1739 2274 1930 2306 nominatur.
1966 2275 2056 2316 Quod
2089 2275 2114 2307 si
2145 2285 2205 2307 non
2230 2278 2277 2308 est
2308 2284 2433 2314 verum,

1484 2337 1546 2360 000
1570 2328 1697 2360 videtur
1723 2328 1772 2359 1110
1796 2328 1880 2368 exigi
1906 2328 2039 2360 materia
2063 2332 2252 2360 consecrata.
2482 2355 2483 2358 ,

1574 2382 1603 2411 7.
1627 2380 1721 2419 Item,
1746 2380 1889 2419 videtur,
1914 2380 1998 2421 quod
2023 2389 2080 2413 nec
2103 2384 2246 2422 oporteat
2276 2390 2344 2414 esse
2367 2390 2434 2413 0011-
2445 2370 2483 2411 <2⁰⁴³

1483 2438 1650 2466 secretam
1674 2433 1715 2465 ab
1740 2433 1888 2475 episcopo
1899 2459 1909 2471 ,
1927 2433 2001 2475 quia
2017 2433 2090 2475 plus
2107 2437 2153 2466 est
2170 2442 2354 2466 consecrare
2370 2433 2432 2466 sive
2482 2451 2483 2473 i

1484 2495 1599 2528 corpus
1624 2486 1746 2518 Domini
1771 2485 1941 2524 conficere,
1966 2486 2020 2517 ubi
2044 2489 2091 2518 est
2115 2485 2432 2523 transsubstantiatio,
2481 2525 2483 2527 Ι

1484 2549 1578 2582 quam
1604 2539 1726 2579 oleum,
1751 2539 1806 2571 ubi
1832 2543 1936 2571 manet
1952 2539 2061 2571 eadem
2086 2539 2202 2578 usia⁹;
2228 2540 2280 2572 sed
2300 2539 2431 2581 simplex

1483 2593 1630 2626 sacerdos
1656 2596 1754 2634 potest
1778 2592 1938 2634 primum:
1964 2601 2039 2634 ergo
2063 2595 2093 2624 et
2118 2592 2302 2624 secundum.

1571 2646 1663 2678 quta
1681 2646 1739 2678 1100
1755 2648 1802 2678 est
1818 2645 1979 2687 quaestio:
1998 2654 2096 2687 quare
2113 2645 2206 2678 debet
2222 2654 2289 2678 esse
2310 2645 2483 2684 oleumfflua*

1483 2702 1513 2731 et
1537 2707 1635 2741 quare
1660 2698 1813 2740 simplex,
1838 2708 1898 2730 000
1922 2698 2077 2735 mixtum;
2101 2702 2131 2730 et
2156 2707 2253 2740 quare
2277 2706 2431 2731 consecra-

1482 2755 1550 2784 tum
1575 2752 1614 2783 ab
1639 2751 1801 2793 episcope,
1818 2754 1848 2783 et
1872 2751 1897 2783 si
1922 2751 1974 2783 illa
1995 2751 2187 2783 consecratio
2208 2751 2313 2790 faciat,
2330 2750 2429 2782 oleum

1483 2808 1700 2836 consecratum
1725 2813 1793 2836 esse
1817 2804 2065 2836 Sacramentum.

534 3066 541 3082 ¹
563 3066 643 3092 Codd.
664 3066 704 3091 lli
731 3065 829 3090 addunt
847 3064 929 3095 sicut,
954 3065 979 3089 in
1000 3063 1057 3089 cod.
1078 3063 1101 3088 X
1121 3063 1235 3089 secunda
1254 3069 1347 3088 manus
1373 3063 1414 3087 ad-

463 3110 528 3136 didit
546 3110 614 3136 010111
634 3110 711 3135 Deus.

533 3154 544 3170 ‘2
564 3154 636 3179 Vers.
661 3154 698 3178 13.
718 3160 790 3186 seqq.
811 3153 847 3177 De
868 3153 1008 3178 cessatione
1032 3152 1153 3183 legalium
1178 3151 1221 3176 cfr.
1243 3158 1321 3183 supra
1342 3151 1368 3176 d.
1390 3151 1413 3176 3.

464 3205 488 3229 p.
509 3198 534 3222 ll.
555 3205 577 3223 a.
598 3198 621 3223 3.
642 3206 666 3230 q.
688 3198 710 3222 1.
732 3199 755 3222 2.
773 3211 803 3215 —
817 3196 879 3222 Cod.
900 3204 929 3221 aa
950 3195 1138 3222 observatione.

533 3240 544 3257 ³
564 3242 599 3267 De
623 3249 671 3273 qua
697 3242 759 3266 infra
787 3248 810 3273 q.
833 3242 855 3267 1.
875 3255 911 3260 —-
929 3242 1055 3272 Superius
1074 3247 1122 3272 pro
1146 3241 1172 3266 et
1193 3246 1248 3266 ozon
1268 3238 1414 3273 potentiam

462 3290 513 3308 non
534 3285 609 3315 pauci
634 3285 709 3309 codd.
730 3292 868 3316 perperam
888 3286 911 3310 et
931 3284 987 3310 ideo
1011 3283 1155 3317 potentiam
1176 3283 1244 3315 (cod.
1264 3283 1286 3308 Y
1303 3284 1414 3316 potesta-

464 3326 535 3359 tem).
556 3341 589 3344 —
608 3328 673 3352 Vide
692 3329 806 3354 scholion
827 3328 859 3353 ad
880 3328 1077 3360 praecedentem
1098 3331 1201 3360 quaest.¹

533 3369 543 3386 ⁴
563 3371 608 3396 llic
627 3372 651 3396 in
672 3371 705 3397 lit.
726 3378 747 3396 e.
772 3372 793 3397 l.

1549 3062 1560 3079 ⁵
1579 3062 1627 3087 Ct'r.
1650 3063 1689 3087 liic
1714 3063 1746 3088 lit.
1768 3063 1894 3094 Magistriy
1918 3069 1940 3088 c.
1963 3063 1986 3087 2.
2017 3065 2041 3087 et
2069 3069 2147 3093 supra
2176 3061 2201 3086 d.
2221 3061 2245 3086 7.
2266 3068 2289 3086 a.
2313 3061 2334 3085 ·Ι.
2355 3068 2378 3093 q.
2398 3060 2425 3090 2,

1480 3106 1523 3132 ubi
1543 3108 1619 3131 etiam
1640 3106 1672 3131 de
1692 3114 1746 3139 seq.
1769 3114 1823 3138 arg.

1549 3149 1560 3166 6
1580 3150 1645 3175 Vide
1662 3157 1740 3181 supra
1761 3150 1794 3175 lit.
1815 3150 1940 3181 Magistri,
1963 3149 1988 3174 d.
2010 3149 2025 3174 l.
2046 3156 2067 3174 c.
2089 3148 2112 3174 4.
2476 3153 2478 3169 l

1548 3193 1559 3210 ⁷
1579 3194 1676 3225 Duplex
1697 3193 1810 3219 definitio
1830 3194 1986 3219 sacramenti
2007 3200 2087 3225 supra
2107 3193 2141 3218 lit.
2158 3193 2283 3224 Magistri,
2298 3191 2322 3217 d.
2340 3190 2355 3215 I.
2369 3196 2390 3215 c.
2403 3189 2425 3213 2.
2476 3211 2477 3229 ἢ

1477 3241 1502 3263 01
1521 3237 1549 3269 4,
1570 3239 1701 3269 proposita
1722 3239 1746 3262 in
1767 3239 1806 3263 liis
1825 3239 1969 3269 respicitur.
1984 3237 2033 3263 Crr.
2048 3238 2125 3262 etiam
2141 3237 2202 3262 ibid.
2218 3236 2358 3262 Commeat.
2373 3240 2396 3265 p.
2410 3232 2424 3256 1-
2476 3238 2477 3266 l

1478 3289 1503 3314 q.
1524 3283 1547 3307 2.
1567 3282 1600 3307 ad
1621 3282 1644 3306 5.

1547 3324 1558 3341 ⁸
1578 3325 1643 3350 Vide
1662 3333 1740 3357 supra
1761 3326 1785 3351 d.
1806 3326 1830 3351 3.
1850 3333 1875 3357 p.
1896 3326 1911 3350 l.
1932 3332 1953 3350 a.
1976 3326 1998 3350 1.
2019 3332 2044 3357 q.
2068 3325 2091 3350 ’1.
2113 3324 2230 3350 fundam.
2251 3324 2273 3348 2.

1547 3368 1557 3385 ⁹
1577 3369 1673 3394 Graece
1693 3366 1768 3394 οὐσία
1788 3371 1803 3395 i.
1825 3377 1847 3395 e.
1867 3369 2009 3395 substantia
2029 3369 2084 3394 sive
2103 3369 2222 3394 essentia.
