2483 3882
682 236 775 267 DIST.
799 236 886 269 XVII.
910 236 939 267 P.
963 237 1008 268 III.
1032 237 1113 269 ART.
1139 237 1171 268 II.
1195 237 1348 278 QUAEST.
1372 237 1405 268 II.

1957 240 2020 272 459

895 408 1188 450 SOHOLION.

131 523 147 548 l.
168 523 232 548 Tota
252 523 328 548 huius
348 522 446 547 articuli
466 522 580 547 doctrina
599 522 766 547 confirmatur
785 529 798 546 a
818 521 931 547 Concilio
951 523 1008 548 Tri-

64 569 130 594 dent.
152 567 233 598 (Sess.
254 566 319 591 XIV.
340 572 361 591 c.
381 565 411 596 5,
431 569 455 591 et
474 565 568 590 celebri
589 572 644 590 can.
664 566 714 598 7.),
735 567 886 597 praesertim
907 566 1007 591 conclu-

61 612 144 637 siones
165 611 186 634 l.
206 612 230 635 et
250 611 272 634 2.
293 610 457 642 quaestionis.
479 610 576 634 Tamen
597 609 668 641 quod
687 610 711 634 in
742 610 763 634 l.
790 610 939 641 quaestione
966 617 1007 641 ge-

61 655 166 681 neratim
180 654 314 685 asseritur,
328 660 356 678 ea
373 657 475 685 peccata
490 660 546 678 esse
560 653 718 685 confitenda,
733 653 765 678 de
779 653 875 685 quibus
888 654 1007 684 ponitens

61 698 172 729 dubitat,
188 700 275 722 utrum
294 698 343 722 sint
359 697 481 728 venialia,
496 704 527 722 an
543 697 672 728 mortalia;
687 699 735 722 hoc
749 704 817 722 nunc
837 703 887 721 non
901 697 932 721 ita
953 698 1007 722 uni-

60 742 198 772 versaliter,
218 741 264 766 sed
284 748 342 766 cum
363 740 521 773 quibusdam
543 740 749 766 distinctionibus
767 740 906 772 poenitenti
926 740 1006 771 impo-

59 787 132 817 nitur,
153 785 185 810 de
204 784 299 817 quibus
318 785 378 810 vide
397 786 528 810 casuistas.

128 830 163 855 De
188 831 207 855 l.
227 833 251 855 et
270 831 293 854 2.
314 830 477 861 quaestione:
497 829 564 854 Alex.
585 829 647 860 Hah,
668 829 692 854 S.
713 836 737 860 p.
758 829 800 854 IV.
819 836 843 861 q.
866 829 905 853 ts.
930 836 963 853 m.
980 828 1003 854 4.

59 882 81 901 a.
103 875 126 900 2.
145 874 160 906 S
179 874 278 899 (18.-
291 874 365 905 Scot.‚
386 874 426 898 hic
445 881 469 905 q.
490 874 564 898 unica
585 880 608 897 n.
635 873 671 897 19.
686 887 719 890 —
733 873 757 897 S.
769 873 871 904 Thom.,
886 873 927 897 liic
941 880 964 905 q.
981 873 1004 897 3.

58 925 81 944 a.
104 918 127 943 sl.
149 918 171 942 2.
193 917 222 949 4,
245 917 268 942 d.
293 918 330 942 16.
351 924 376 949 q.
399 918 421 941 2.
442 924 464 941 a.
485 917 508 941 2.
529 918 688 948 quaestiunc.
709 917 738 947 3;
753 916 842 948 Suppl.
858 923 882 948 q.
897 917 922 941 8.
938 923 960 941 a.
986 916 1004 947 l,

58 969 82 994 q.
107 962 129 986 9.
156 968 178 986 a.
199 962 222 986 2.
242 960 265 985 4.
285 975 319 978 -
338 961 365 985 B.
387 960 495 992 Albert.,
517 961 557 985 hic
582 967 605 985 a.
625 960 666 985 36.
688 961 728 984 28.
749 974 783 977 —
804 960 867 984 Petr.
895 967 908 984 a
936 960 1004 991 Tar„

58 1006 98 1031 liic
122 1012 146 1037 q.
175 1005 197 1029 1.
223 1012 245 1029 a.
272 1004 294 1029 4.
321 1005 479 1036 quaestiunc.
502 1005 523 1029 l.
544 1005 567 1029 3.
589 1003 611 1028 4.
626 1003 794 1029 —Rieliard
820 1011 833 1028 a
862 1004 942 1035 ltled.y
965 1004 1005 1029 hie

58 1056 79 1074 a.
100 1049 123 1073 3.
144 1056 168 1080 q.
189 1048 213 1073 4.
228 1063 261 1066 —
274 1048 396 1079 Durand.,
417 1049 458 1073 hic
476 1056 501 1081 q.
525 1048 563 1072 14.
578 1062 611 1065 —-
626 1048 729 1080 Dionys.
749 1047 841 1078 Carth„
862 1048 903 1072 liic
923 1055 947 1080 q.
968 1048 991 1072 8.

126 1093 150 1118 ll.
172 1093 263 1124 Quoad
282 1093 305 1117 3.
320 1093 496 1124 quaestionem
510 1093 535 1116 in
549 1093 589 1117 cit.
610 1099 708 1117 canone
721 1092 746 1116 7.
766 1091 870 1117 Concilii
886 1092 1001 1116 Trident.

58 1137 208 1169 declaratur,
231 1137 417 1162 confessionem
431 1136 618 1161 extendendam
633 1143 689 1161 esse
702 1136 735 1161 ad
759 1145 770 1158 α
784 1136 1003 1167 circumstantias,

57 1188 122 1214 quae
146 1181 244 1212 peceati
269 1181 383 1212 speciem
409 1183 550 1205 mutant».
577 1179 642 1205 Cum
668 1180 706 1205 Ss.
731 1179 828 1204 Bonav.
854 1182 879 1204 et
909 1179 1002 1204 Thom.

1073 523 1168 556 (supra
1189 524 1213 549 d.
1235 524 1275 549 16.
1295 532 1320 557 q.
1340 525 1363 549 3.
1384 532 1406 549 a.
1427 526 1450 550 2.
1478 526 1636 557 quaestiunc.
1662 525 1699 558 5.)
1725 526 1801 551 ctiam
1827 526 1853 551 S.
1873 526 2021 558 Alphonsus

1073 567 1177 599 (Theol.
1198 569 1287 593 moral.
1309 569 1348 593 Vl.
1363 571 1392 593 tr.
1414 568 1436 594 4.
1457 569 1520 594 dub.
1537 570 1560 594 3.
1582 576 1605 594 n.
1623 568 1688 602 468)
1701 568 1866 602 probabilius
1885 577 1942 595 esse.
1964 577 2021 596 cen-

1071 614 1121 641 set,
1136 612 1340 636 circumstantias
1354 613 1430 637 etiam
1450 612 1593 638 notabiliter
1606 616 1791 645 aggravantes,
1806 613 1951 639 dummodo
1964 621 2020 646 spe-

1071 655 1136 679 ciem
1157 661 1207 679 non
1227 658 1340 687 mutant,
1370 662 1419 680 non
1443 663 1499 681 esse
1519 657 1664 681 necessario
1683 657 1708 681 in
1734 658 1894 682 consessione
1917 658 2020 682 manite-

1070 697 1187 729 standas;
1209 698 1280 730 quod
1299 699 1492 729 intelligendum
1512 702 1550 725 est
1567 706 1615 732 per
1633 706 1675 731 se,
1697 707 1757 725 cum
1777 703 1876 726 certum
1896 701 1941 732 sit,
1963 707 2019 726 eas-

1071 740 1129 765 dem
1155 748 1202 772 per
1226 741 1346 767 accidens
1364 749 1420 767 esse
1441 743 1639 768 manifestandas
1660 744 1696 775 (e.
1717 751 1742 775 g.
1762 751 1821 769 cum
1847 746 2019 771 confessarius

1071 783 1102 808 de
1128 784 1299 816 quibusdam,
1321 788 1348 810 ut
1372 784 1405 810 de
1433 787 1632 818 consuetudine,
1662 787 1770 812 discrete
1799 789 1962 821 interrogat).
1984 803 2018 807 —

1068 828 1137 853 Alex.
1158 828 1210 853 Hal.
1231 832 1255 854 et
1274 829 1346 853 multi
1365 836 1395 853 ex
1415 830 1502 854 schola
1523 832 1547 855 S.
1570 831 1687 856 Thomae
1706 834 1854 864 tenuerunt,
1875 834 2017 864 generatim

1069 873 1271 897 circumstantias
1289 872 1440 898 notabiliter
1458 876 1639 907 ayqravantes
1658 877 1682 900 in
1697 876 1857 902 consessione
1872 879 2016 903 necessario

1068 916 1221 947 aperiendas
1240 923 1297 941 esse
1317 916 1379 947 (cfr.
1395 917 1474 948 Cotti,
1490 918 1526 943 lll.
1542 921 1571 943 tr.
1593 919 1617 943 9.
1637 926 1662 951 q.
1685 920 1708 944 6.
1728 920 1743 952 ξ’,
1765 921 1811 953 4.);
1826 922 1858 946 ita
1878 922 1955 947 etiam
1969 923 2019 947 Gu-

1068 959 1117 984 1101.
1138 959 1284 991 mitissimi„
1306 960 1330 984 S.
1350 967 1376 991 p.
1398 961 1438 985 IV.
1459 964 1488 986 tr.
1509 962 1531 986 6.
1552 969 1573 986 e.
1595 963 1617 987 3.
1639 970 1663 994 q.
1685 964 1707 988 3.

1139 1004 1175 1028 De
1195 1005 1243 1028 hac
1262 1004 1309 1036 (3.)
1329 1006 1492 1036 quaestione:
1513 1006 1581 1031 Alex.
1595 1007 1658 1038 Hah,
1679 1008 1725 1032 loc.
1746 1009 1786 1033 cit.
1800 1016 1822 1033 a.
1843 1010 1866 1034 3.
1885 1010 1900 1042 {3
1921 1011 2019 1036 113.-

1069 1049 1147 1079 scot,
1168 1048 1214 1072 loe.
1235 1049 1275 1073 cit.
1296 1055 1320 1073 n.
1341 1049 1382 1073 20.
1406 1063 1440 1066 —
1458 1049 1485 1074 B.
1504 1049 1608 1081 Albert.,
1629 1057 1706 1081 supra
1727 1051 1751 1076 d.
1775 1052 1813 1077 ¹l6.
1834 1060 1855 1077 a.
1877 1053 1963 1079 24-27,
1988 1069 2022 1072 —

1068 1092 1133 1116 Petr.
1153 1099 1165 1116 a
1187 1092 1257 1123 Tar.,
1279 1092 1319 1116 liic
1338 1099 1362 1124 q.
1384 1093 1407 1117 2.
1427 1100 1449 1117 a.
1471 1092 1493 1117 4.
1513 1094 1673 1125 quaestiunc.
1695 1095 1718 1118 2.
1733 1108 1766 1112 —
1780 1095 1898 1122 llicliard.
1913 1104 1927 1122 a
1941 1097 2017 1129 Med,

1068 1136 1109 1160 1110
1137 1143 1160 1160 a.
1191 1136 1216 1160 3.
1247 1143 1272 1168 q.
1303 1135 1326 1160 5.
1347 1150 1381 1153 —
1399 1136 1521 1168 Durand.,
1541 1145 1620 1168 supra
1640 1138 1664 1163 d.
1691 1139 1727 1163 16.
1754 1146 1780 1171 q.
1813 1139 1835 1163 4.
1859 1154 1891 1157 —
1914 1141 2018 1172 Dionys.

1067 1179 1160 1211 Carth„
1181 1187 1261 1211 supra
1282 1180 1305 1205 d.
1332 1181 1370 1205 16.
1392 1188 1417 1213 q.
1439 1182 1462 1206 2.

916 1295 1099 1336 QUAESTIO
1122 1294 1155 1327 Il'.

446 1393 562 1425 Utrum
587 1396 733 1434 oporteat
757 1392 906 1434 confiteri
929 1402 1055 1424 omnem
1075 1393 1205 1434 pcccati
1228 1393 1380 1425 mortalis
1405 1393 1635 1437 differentiam.

141 1506 283 1539 Secundo
307 1506 487 1547 quaeritur,
511 1508 621 1536 utrum
646 1504 685 1536 sit
708 1503 884 1536 confitenda
900 1503 1002 1536 onmis

53 1560 168 1602 peccati
193 1558 334 1591 mortalis
359 1558 552 1596 differentia,
570 1557 687 1589 scilicet
703 1560 866 1598 peccatum
883 1556 1001 1595 cordis,

53 1613 115 1645 oris
138 1615 168 1644 et
192 1611 314 1653 operis,
338 1614 502 1652 peccatum
534 1611 627 1642 etiam
664 1610 777 1648 latens,
802 1609 852 1642 vel
877 1610 1003 1641 manife-

54 1669 146 1698 stum.
172 1665 207 1697 Et
229 1664 313 1707 quod
337 1674 463 1696 omnem
488 1663 727 1706 differentiam,
753 1663 898 1695 videtur:

142 1720 168 1750 1.
194 1718 250 1750 Per
274 1717 508 1756 decretalem1,
537 1726 617 1758 quae
642 1716 717 1749 dicit
740 1716 869 1748 cuilibet
892 1715 999 1748 fideli:

20 1778 46 1798 ia.
59 1784 74 1801 «
81 1771 199 1803 Omnia
213 1771 298 1804 solus
312 1774 438 1812 peccata
451 1779 547 1809 sua»,
558 1779 619 1802 non
633 1769 707 1802 dIcit
720 1769 832 1801 omitia.
846 1772 999 1810 quantum
1017 1770 1021 1773 '

51 1823 90 1855 ad
105 1823 271 1855 venialia:
288 1832 362 1864 ergo
379 1823 453 1855 dicit
470 1822 582 1854 omniu
599 1825 753 1863 quantum
770 1821 809 1853 ad
831 1820 998 1852 mortalia.

138 1878 167 1908 2.
191 1876 285 1915 item,
309 1875 367 1907 1100
400 1875 525 1906 videtur
549 1874 699 1906 ratione.-
724 1873 798 1915 quia
821 1882 879 1915 pro
903 1873 1001 1914 quoli-

50 1930 101 1962 bet
124 1930 239 1962 horum
263 1929 397 1961 efficitur
420 1928 515 1960 homo
539 1928 684 1959 inimicus
708 1927 764 1959 Dei
787 1930 818 1959 et
834 1930 1000 1969 separatur

49 1982 88 2015 ab
110 1983 229 2014 unitate
265 1981 439 2019 Ecclesiae,
472 1981 526 2012 sed
556 1980 708 2013 confessio
732 1980 771 2012 ad
797 1980 856 2011 hoc
881 1980 999 2012 directe

49 2035 189 2067 instituta
205 2038 268 2073 est,
286 2037 320 2066 ut
337 2034 431 2066 homo
448 2033 667 2065 reconcilietur
685 2032 837 2065 Ecclesiae
854 2036 884 2064 et
900 2036 1000 2065 osten-

49 2088 141 2121 datur
165 2087 383 2120 reconciliatus
409 2085 516 2118 De02:
542 2094 616 2127 ergo
640 2085 679 2117 de
703 2085 850 2117 omnibus
875 2088 999 2117 tenetur

49 2140 197 2173 confiteri.

135 2192 163 2224 3.
189 2192 281 2230 ltem,
306 2200 363 2233 pro
394 2191 478 2222 omni
514 2191 689 2223 differentia
715 2190 831 2232 peccati
857 2190 998 2223 mortalis

47 2246 176 2288 punitur
201 2245 271 2287 quis
294 2243 459 2276 actualiter
483 2247 513 2275 et
537 2243 737 2275 aeternaliter
761 2246 792 2275 et
813 2244 998 2276 condemna-

48 2299 152 2337 bitur,
176 2298 230 2330 sed
255 2306 313 2339 pro
336 2296 419 2328 omni
445 2305 498 2335 eo,
523 2305 581 2338 pro
616 2305 678 2338 quo
713 2296 920 2328 adducendus
951 2299 998 2328 est

49 2352 140 2384 homo
163 2352 194 2383 in
219 2350 370 2383 iudicium
395 2349 680 2387 condemnationis,
710 2349 885 2381 necessario
909 2358 997 2390 opor-

48 2408 90 2437 tet
113 2404 226 2437 adduci
244 2407 314 2435 ante
331 2403 488 2435 arbitrum
506 2402 576 2434 Iesu
593 2402 728 2433 Christi:
746 2411 821 2442 ergo
839 2411 895 2443 pro
912 2402 996 2433 omni

0 2463 1 2466 ’
48 2458 220 2490 differentia
243 2456 385 2489 mortalis
409 2459 533 2488 tenetur
557 2454 708 2487 confiteri.

0 2498 1 2507 ἵ
133 2511 163 2542 4.
187 2510 279 2548 Item,
306 2513 467 2551 peccatum
492 2508 620 2549 gravius
652 2507 751 2549 magis
786 2510 833 2539 est
865 2507 996 2548 dignum

48 2563 225 2604 punitione;
250 2562 304 2594 sed
330 2565 492 2603 peccatum
528 2560 632 2592 cordis
663 2560 832 2601 aliquando
868 2560 996 2601 gravius

48 2619 93 2648 est
115 2624 210 2657 quam
244 2618 407 2656 peccatum
440 2613 545 2655 operis
570 2613 600 2644 in
625 2613 686 2644 alio
711 2621 842 2654 genere,
867 2616 902 2644 ut
927 2613 997 2644 hae-

49 2668 124 2700 resis
155 2677 249 2709 quam
281 2667 461 2705 fornicatiO,
486 2665 630 2698 similiter
655 2669 818 2706 peccatum
850 2669 995 2706 apertum

48 2720 291 2762 gravius-quam
315 2719 494 2752 occultum:
532 2718 556 2750 si
591 2727 666 2759 ergo
700 2721 823 2759 oportet
854 2717 994 2750 confiteri

47 2776 207 2814 peccatum
242 2773 346 2814 operis
380 2776 410 2804 et
444 2771 526 2810 oris,
548 2771 691 2809 videtur,
716 2771 800 2812 quod
831 2774 995 2812 peccatum

48 2825 149 2857 cordis
184 2825 343 2863 similiter;
367 2825 391 2857 si
416 2827 579 2866 peccatum
610 2824 722 2863 latens,
747 2823 872 2856 videtur
898 2824 996 2856 multo

47 2876 164 2909 fortiori
192 2878 328 2914 ratione,
352 2877 437 2918 quod
468 2880 498 2908 et
531 2876 750 2908 manifestum:
773 2885 847 2917 ergo
871 2886 996 2909 00111010

47 2930 161 2970 peccati
187 2929 326 2962 mortalis
351 2929 558 2961 differentiam
583 2938 709 2961 necesse
733 2932 780 2961 est
804 2929 954 2961 confiteri.

1157 1506 1185 1537 5.
1210 1505 1303 1543 Item,
1327 1514 1384 1547 per
1407 1515 1532 1538 omnem
1567 1507 1685 1547 peccati
1712 1508 1854 1540 mortalis
1878 1508 2020 1541 disseren-

1069 1558 1139 1589 tiam
1166 1558 1371 1599 naufragatur
1396 1559 1507 1597 homo,
1525 1559 1579 1591 sed
1601 1560 1722 1601 patiens
1744 1561 1945 1602 naufragium
1969 1570 2020 1594 ne-

1066 1618 1152 1642 cesse
1184 1610 1278 1642 habet
1308 1610 1348 1641 ad
1381 1610 1520 1642 tabulam
1550 1620 1737 1650 recurrere;
1761 1615 1792 1644 et
1823 1622 1884 1644 non
1916 1616 2018 1655 potest

1065 1662 1106 1694 ad
1130 1662 1342 1704 baptismum:
1368 1671 1443 1704 ergo
1456 1663 1494 1695 ad
1513 1664 1750 1696 Sacramentum
1775 1666 2017 1706 poenitentiae³.

1066 1715 1125 1747 Sed
1158 1715 1395 1748 Sacramentum
1432 1716 1640 1757 poenitentiae
1676 1717 1706 1749 in
1736 1721 1890 1759 quantum
1915 1719 2020 1751 Sacra-

1066 1770 1208 1799 mentum
1232 1768 1372 1801 consistit
1396 1768 1426 1800 in
1452 1769 1664 1802 confessione:
1690 1779 1765 1812 ergo
1789 1774 1846 1803 etc.

1153 1820 1296 1852 CONTRA:
1325 1822 1352 1853 1.
1377 1821 1551 1863 Sapientiae
1586 1823 1799 1855 undecimo⁴z
1833 1824 1899 1855 Per
1935 1834 2019 1867 quac
2033 1828 2167 1875 Adt‘t’llffffl·

1061 1877 1177 1914 peccat
1199 1873 1292 1916 quis,
1316 1883 1375 1915 per
1400 1873 1478 1906 ltacc
1502 1878 1531 1906 et
1548 1878 1736 1918 torquetur:
1762 1885 1837 1918 ergo
1862 1877 1888 1909 si
1904 1877 2019 1919 aliquis
2121 1870 2126 1875 ’

1063 1924 1131 1956 soto
1155 1925 1252 1957 corde
1275 1930 1399 1967 peccat,
1421 1926 1452 1958 in
1477 1927 1543 1959 solo
1567 1927 1684 1960 scilicet
1708 1928 1821 1969 spiritu
1846 1932 1876 1961 et
1901 1939 1962 1961 non
1987 1930 2019 1962 in

1064 1986 1158 2010 carne
1182 1987 1238 2010 nec
1263 1987 1319 2020 per
1343 1988 1497 2020 organum
1522 1980 1585 2012 oris
1594 1992 1603 2019 3
1627 1989 1702 2022 ergo
1733 1981 1799 2013 sola
1834 1982 2019 2015 contritione

1064 2035 1110 2063 est
1144 2032 1342 2073 puniendus,
1366 2041 1427 2064 non
1452 2041 1527 2074 ergo
1551 2033 1763 2066 confessione:
1789 2043 1864 2077 ergo
1892 2045 1953 2067 non
1978 2040 2019 2069 te-

1063 2087 1156 2115 netur
1180 2084 1319 2117 confiteri
1345 2089 1508 2126 peccatum
1533 2086 1653 2118 cordis.

1152 2138 1182 2169 2.
1209 2138 1299 2177 item,
1324 2139 1563 2179 Augustinus⁵2
1594 2140 1681 2172 «Ubi
1706 2144 1869 2181 peccatum
1898 2142 2017 2182 oritur,

1062 2190 1105 2222 ibi
1130 2194 1291 2232 peccatum
1317 2192 1471 2223 moriatur
1487 2204 1516 2223 »:
1547 2201 1621 2234 ergo
1645 2197 1826 2234 peccatum,
1851 2195 1935 2236 quod
1959 2195 2018 2227 fuit

1063 2243 1093 2275 in
1118 2243 1184 2275 solo
1209 2244 1320 2283 corde,
1346 2245 1387 2276 ibi
1424 2245 1517 2277 debet
1548 2246 1648 2277 mori:
1681 2255 1755 2287 ergo
1788 2256 1849 2279 non
1881 2251 2017 2289 oportet,

1062 2296 1145 2338 quod
1171 2298 1313 2329 exterius
1337 2298 1521 2339 propaletur
1544 2307 1601 2339 per
1624 2298 1768 2330 verbum.

1151 2349 1180 2380 3.
1205 2350 1298 2388 Item,
1322 2350 1352 2381 in
1370 2350 1437 2382 foro
1455 2350 1592 2383 iudicIali
1619 2351 1660 2383 ita
1683 2356 1746 2389 est,
1771 2353 1855 2393 quod
1880 2362 1941 2384 non
1965 2354 2017 2385 ad-

1062 2402 1223 2434 ducuntur
1240 2402 1345 2444 aliqua
1362 2403 1399 2434 ad
1420 2403 1589 2442 iudicium,
1614 2404 1672 2436 nisi
1697 2413 1777 2445 quae
1794 2405 1900 2446 aliquo
1923 2406 2016 2437 modo

1061 2455 1225 2487 manifesta
1248 2459 1342 2493 sunt3
1367 2456 1451 2487 unde
1476 2456 1621 2488 Matthaei
1646 2456 1767 2488 decimo
1798 2461 1907 2489 octavo
1922 2457 1952 2488 ⁶:
1979 2458 2017 2490 Si

1057 2507 1243 2549 peccaberit
1274 2507 1308 2539 iit
1341 2512 1368 2539 tc
1399 2507 1508 2549 frater
1539 2512 1634 2546 tuus,
1665 2509 1794 2550 corripe
1826 2519 1899 2541 eum
1929 2510 2014 2542 iuter

1062 2564 1089 2591 te
1112 2564 1140 2591 ct
1164 2560 1273 2601 ipsum
1296 2560 1425 2591 sotum.-
1450 2569 1525 2601 ergo
1548 2560 1692 2599 videtur,
1714 2561 1825 2602 quodsi
1850 2565 2014 2603 peccatum

1062 2613 1091 2644 in
1117 2613 1182 2644 solo
1206 2613 1300 2645 eorde
1325 2612 1400 2650 fuit,
1424 2621 1496 2644 cum
1520 2612 1598 2644 nulli
1624 2613 1662 2644 sit
1687 2614 1904 2653 manifestum,
1929 2615 2012 2656 quod

1061 2674 1121 2697 non
1146 2669 1287 2706 oporteat
1311 2665 1351 2697 ad
1376 2665 1526 2697 iudicium
1553 2666 1745 2698 sacerdotale
1770 2666 1901 2700 deferre.

1149 2718 1238 2756 Item,
1264 2717 1348 2759 quod
1366 2717 1467 2749 solum
1493 2721 1654 2759 peccatum
1678 2718 1781 2750 latens
1805 2720 1844 2751 sit
1869 2721 2014 2754 confiten-

1061 2770 1156 2809 dum,
1180 2770 1326 2802 videtur:

1150 2824 1180 2855 lt.
1204 2823 1284 2864 Quia
1308 2824 1499 2864 Augustinus
1514 2823 1523 2838 ⁷
1549 2823 1701 2856 definiens
1722 2825 1946 2858 confessionem
1970 2827 2014 2859 di-

1061 2876 1118 2913 cit,
1143 2876 1227 2917 quod
1258 2888 1273 2905 «
1289 2876 1439 2908 confessio
1471 2879 1534 2914 est,
1558 2885 1614 2917 per
1638 2885 1733 2917 quam
1759 2877 1889 2909 morbus
1913 2877 2013 2910 latens

1062 2938 1116 2971 spe
1141 2929 1249 2962 veniae
1273 2929 1460 2970 aperitur».

116 3105 124 3121 1
144 3107 201 3131 Scil.
223 3105 314 3132 Omnis
327 3107 468 3140 utriusque
481 3113 581 3138 seoeus;
595 3107 638 3132 cfr.
654 3114 732 3139 supra
747 3114 768 3132 a.
785 3108 808 3132 ·1.
823 3114 847 3139 q.
862 3108 886 3132 2.
900 3114 954 3138 arg.
971 3108 994 3132 3.

47 3155 95 3179 pro
113 3153 183 3180 parte
203 3151 295 3176 affirm.

114 3192 125 3209 ²
145 3194 208 3219 Vide
227 3201 306 3226 supra
325 3202 350 3226 p.
372 3195 397 3220 ll.
418 3202 441 3220 a.
465 3196 486 3219 11.
507 3202 532 3226 q.
554 3195 577 3218 2.
597 3195 621 3219 in
643 3201 714 3226 corp.

114 3236 125 3252 ³
144 3236 193 3263 Cir.
213 3245 291 3269 supra
311 3239 335 3263 d.
358 3239 366 3262 Ἰ
376 3238 398 3263 4.
420 3245 444 3270 p.
466 3239 484 3263 l.
506 3237 568 3263 dub.
593 3239 616 3262 l.

117 3279 127 3296 ⁴
147 3281 219 3306 Vers.
241 3282 280 3306 117.

113 3323 125 3340 ⁵
144 3325 224 3350 Serm.
245 3326 286 3350 82.
307 3326 379 3357 (alias
404 3326 439 3351 16.
461 3326 493 3351 de
514 3325 607 3350 Verbis
626 3326 738 3358 Domini)
760 3333 781 3351 0.
802 3327 824 3351 8.
839 3334 863 3352 11.
884 3327 893 3351 ι1
906 3328 910 3351 l
925 3334 931 3352 ι
946 3327 993 3352 Ubi

48 3368 151 3399 contigit
178 3369 290 3401 malum,
317 3370 352 3395 ibi
382 3371 506 3395 moriatur
536 3370 640 3394 malum.
670 3369 719 3395 Cir.
740 3370 816 3401 Epist.
838 3371 879 3395 17.
900 3371 993 3403 Pelagii

1059 3107 1092 3132 ad
1113 3107 1301 3132 Demetriadem
1322 3107 1358 3138 (in
1384 3106 1498 3137 append.
1528 3107 1605 3137 Epist.
1632 3107 1761 3138 August),
1793 3113 1814 3131 0.
1836 3107 1883 3138 26,
1907 3107 1938 3132 de
1958 3114 2008 3140 qua

1059 3153 1112 3183 agit
1130 3152 1249 3182 August„
1271 3151 1287 3175 1.
1308 3151 1340 3175 de
1359 3151 1442 3175 Gratia
1463 3150 1554 3176 Christi
1574 3153 1622 3175 etc.
1645 3158 1666 3176 c.
1687 3151 1727 3175 22.
1749 3158 1772 3175 n.
1793 3151 1835 3176 23.

1128 3195 1139 3211 ⁶
1160 3195 1232 3220 Vers.
1252 3194 1294 3226 15,
1314 3194 1358 3219 ubi
1380 3194 1488 3225 Vulgata
1509 3194 1590 3219 verbo
1610 3194 1714 3227 corripe
1733 3196 1871 3226 praemittit
1889 3195 1956 3221 vade
1974 3197 2006 3221 et.

1128 3239 1139 3255 ⁷
1159 3239 1227 3263 Haec
1247 3239 1360 3263 delinitio
1380 3239 1464 3269 colligi
1485 3241 1568 3270 potest
1587 3246 1617 3264 ex
1636 3239 1747 3264 Enarrat.
1769 3240 1793 3264 in
1815 3240 1852 3264 Ps.
1874 3240 1915 3264 31.
1935 3247 2010 3265 enar-

1059 3286 1104 3307 rat.
1125 3283 1148 3306 2.
1170 3289 1192 3306 n.
1215 3282 1255 3306 =l3.
1280 3289 1367 3314 seqq.;
1387 3282 1412 3306 in
1434 3282 1472 3306 Ps.
1494 3282 1536 3306 66.
1564 3289 1588 3307 n.
1607 3282 1637 3314 7;
1658 3283 1683 3307 in
1709 3283 1747 3308 Ps.
1773 3283 1828 3308 lOl.
1854 3286 1963 3309 enarrat.
1985 3284 2008 3308 lI.

1059 3334 1084 3352 n.
1108 3327 1151 3358 403
1172 3328 1196 3351 in
1217 3327 1255 3351 Ps.
1277 3326 1335 3351 105.
1356 3333 1379 3351 n.
1401 3327 1430 3357 23
1459 3327 1540 3351 Sei-m.
1572 3328 1612 3351 20.
1634 3327 1707 3359 (alias
1726 3327 1749 3352 3.
1770 3334 1800 3353 ex
1821 3327 1964 3360 Sirmond.)
1983 3331 2008 3353 et

1059 3378 1136 3396 serm.
1157 3371 1198 3395 67.
1219 3370 1291 3402 (alias
1311 3371 1334 3395 8.
1356 3370 1388 3395 de
1408 3370 1500 3396 Verbis
1522 3371 1643 3403 Domini).
