2483 3882
697 270 790 301 DlST.
816 270 909 301 XLIII.
935 270 1016 302 ART.
1041 270 1060 301 1.
1086 270 1238 311 QUAEST.
1264 270 1311 303 Vl.
1922 273 1985 304 895

110 355 183 387 ltem
196 380 203 393 ,
227 354 309 396 quod
335 364 399 386 vox
424 354 549 387 Clio-isti
564 365 624 387 non
642 356 680 388 sit
697 365 808 396 causa,
826 357 969 390 videtur:

109 408 138 439 4.
164 407 242 448 Quia
267 407 456 439 resurrectio
480 407 515 439 fit
539 408 642 440 subito
656 409 673 448 ¹,
696 412 726 440 et
747 409 887 451 aequalis
911 410 972 442 vir-

23 460 96 493 tutis
120 462 166 492 est
190 468 304 501 corpus
329 459 502 491 reformare
524 460 604 492 sicut
621 464 651 493 et
667 462 822 500 animam3
839 463 894 495 sed
910 463 970 495 hoc

23 515 67 545 est
90 511 245 553 potentiae
269 511 423 550 infinitae,
448 514 479 543 et
502 511 556 543 illa
580 515 626 543 est
647 512 712 544 Filii
730 513 801 545 Dei:
820 522 894 555 ergo
911 517 968 546 etc.

110 565 137 596 5.
155 564 241 603 Item,
258 563 283 595 si
300 563 416 595 mortui
434 563 569 595 audiunt
586 572 704 602 vocem,
720 568 775 596 aut
790 570 967 608 antequam

22 619 203 658 resurgant,
235 619 290 649 aut
318 619 400 657 post.
433 616 462 647 Si
487 619 584 647 ame:
616 624 691 658 ergo
715 620 786 649 ante
817 619 967 658 audiunt,

22 678 114 712 quam
140 669 267 707 vivant3
292 668 316 701 si
338 672 430 710 post:
456 677 530 709 ergo
554 677 618 700 vox
642 678 703 700 non
728 673 796 701 erat
812 679 907 703 causa
923 680 968 703 re-

21 721 231 755 surrectionis.

109 775 137 806 6.
162 774 257 812 item,
281 782 376 814 super
400 773 479 805 illud
493 773 522 804 2:
547 773 647 805 Dabit
669 775 742 806 vocz'
763 785 844 807 suae
859 786 968 808 vocem

21 826 164 864 virtutis,
189 826 264 858 dicit
287 826 414 858 Glossa:
446 838 460 855 «
477 826 692 859 Resuscitandi
717 836 849 868 corpora
865 840 896 866 »;
913 829 968 860 sed

21 879 144 922 quando
167 878 273 920 aliqua
297 878 434 919 potentia
458 879 552 910 datur
575 878 686 917 alicui,
710 881 855 921 quamvis
880 881 970 913 mira-

21 931 124 964 culose
148 930 259 968 detur,
283 930 423 972 operatio
447 933 551 962 tamen
575 931 740 972 egrediens
771 932 811 963 ab
840 932 892 964 illa
923 936 970 965 est

20 983 187 1022 naturalis,
213 983 293 1015 sicut
315 986 400 1025 patet
424 983 455 1014 in
472 992 564 1016 caeco
581 983 772 1016 illuminato:
790 993 865 1026 ergo
881 985 904 1017 si
924 989 969 1018 est

19 1045 75 1079 per
97 1035 265 1077 potentiam
291 1036 395 1068 datam
421 1036 506 1074 voci,
528 1036 718 1068 resurrectio
735 1040 782 1069 est
798 1038 968 1077 naturalis,

21 1089 109 1122 cuius
132 1088 325 1121 contrarium
350 1092 509 1121 ostensum
535 1092 582 1120 est
606 1097 702 1130 supra
717 1089 738 1120 Β.

372 1220 612 1244 CONCLUSIO.

21 1334 227 1368 Resurrectio
251 1338 280 1366 et
301 1344 364 1366 voa:
391 1333 516 1366 Christi
530 1334 642 1377 aliquo
659 1335 753 1366 modo
770 1339 849 1366 szmt
863 1345 969 1368 eausa

107 1392 175 1419 tum
207 1386 405 1429 exemplaris
437 1391 505 1418 tum
534 1387 799 1418 instrumentalis
823 1397 970 1420 resurre-

106 1439 222 1471 cciom's
245 1443 387 1471 nostrae.

107 1563 302 1595 Respoansso:
328 1562 520 1601 Dicendum,
544 1563 628 1604 quod
654 1563 683 1594 in
708 1563 831 1595 Christo
855 1566 901 1595 est
924 1572 969 1596 as-

0 1634 8 1648 ι
21 1617 142 1658 signare
166 1619 291 1648 nostrae
315 1616 555 1648 resurrectionis
579 1616 736 1657 duplicem
755 1625 897 1654 causam,
914 1617 969 1649 sci-

0 1660 91 1702 ³licet
114 1669 297 1712 efficientem
316 1673 346 1701 et
362 1669 580 1711 exemplarem
594 1669 615 1700 ⁴.
643 1669 837 1712 Efficiemem
862 1673 967 1702 autem

0 1744 8 1755 ,-
22 1722 185 1765 dupliciter
216 1726 263 1754 est
290 1723 468 1764 assignare:
494 1727 549 1755 aut
573 1724 654 1755 sicut
675 1723 823 1764 primum
847 1723 969 1764 priuci-

17 1775 126 1818 pt'um,
152 1778 207 1807 aut
231 1775 311 1807 sieut
335 1775 600 1807 instrumentum.
627 1775 778 1818 Efficiens
802 1775 882 1807 sicut
900 1776 968 1817 pri-

2 1837 110 1864 ,mum
124 1827 329 1869 principium
346 1831 393 1860 θεῖ
410 1828 553 1860 Christus
575 1828 748 1861 secundum
768 1828 966 1860 Divinitatem

2 1880 50 1913 ’θῖ
79 1883 142 1912 tota
174 1880 325 1917 Trinitas;
357 1879 496 1923 efficiens
527 1880 608 1912 sicut
636 1880 892 1912 instrumentum
921 1885 968 1913 est

20 1943 81 1966 vox
112 1933 244 1972 Christi,
277 1933 317 1965 ad
349 1933 440 1965 cuius
474 1933 680 1975 prolationem
713 1938 743 1965 et
774 1934 966 1966 vocationem

1 1986 132 2018 .mortui
166 1988 331 2027 resurgent
346 1985 366 2016 ⁵.
399 2004 442 2008 —
465 1985 613 2017 Similiter
645 1994 739 2018 causa
770 1985 968 2027 exemplaris

21 2038 136 2080 duplex
161 2042 227 2070 est:
252 2047 325 2077 una,
351 2038 380 2070 in
406 2047 536 2080 quares
557 2038 767 2080 eoqnoscitur
783 2042 812 2070 et
828 2038 968 2080 disponi-

0 2107 6 2128 =‚
23 2095 84 2129 tur,
111 2094 141 2123 et
165 2091 208 2124 sio
232 2094 279 2123 est
302 2091 355 2123 Dei
389 2090 483 2123 Filius
511 2091 687 2123 seeundum
712 2091 850 2123 divinam
882 2094 969 2123 natu-

3 2144 84 2176 'ram
109 2148 139 2177 θῖ
163 2147 226 2176 tota
251 2144 407 2182 Trinitas3
431 2144 492 2176 alio
517 2144 627 2183 modo,
646 2145 675 2176 in
693 2153 755 2186 qua
771 2153 822 2176 res
838 2143 968 2176 inchoa-

22 2200 74 2229 tur
97 2200 126 2229 et
150 2196 430 2238 exemplificatur,
455 2201 485 2229 et
501 2197 545 2229 sic
562 2200 609 2229 est
626 2198 815 2229 resurrectio
832 2196 944 2229 Christi
960 2209 967 2235 ;

19 2250 106 2292 quia,
130 2254 166 2282 ut
194 2250 268 2282 dicit
300 2250 492 2291 Augustinus
524 2250 562 2282 de
587 2250 717 2282 Civitate
741 2243 795 2282 Dei
811 2250 832 2288 ⁶,
864 2262 877 2278 a
894 2249 967 2281 talia

19 2306 108 2335 erunt
131 2311 263 2344 corpora
286 2305 410 2341 nostra,
443 2302 536 2344 quale
568 2302 712 2334 Christus
744 2311 801 2334 sua
828 2310 968 2334 resurre-

19 2355 115 2388 ctione
146 2355 377 2387 monstravit».
410 2355 495 2387 Unde
518 2355 576 2387 fuit
600 2355 688 2397 quasi
714 2355 914 2396 exemplum,
936 2355 966 2386 in

20 2416 78 2449 quo
100 2411 206 2440 nostra
230 2408 419 2440 resurrectio
443 2411 489 2440 est
513 2408 675 2447 inchoata,
702 2411 848 2449 tanquam
873 2416 968 2439 mem—

19 2459 145 2492 brorum
163 2460 193 2492 in
212 2460 321 2502 capite,
334 2461 415 2493 sicut
429 2461 544 2493 dicitur
561 2461 601 2493 ad
621 2461 769 2502 Ephesios
786 2460 924 2492 secundo
939 2460 965 2491 ⁷:

23 2512 264 2555 Cotzvz'vz'fi'eavz't
280 2523 339 2545 nos
359 2512 489 2546 Christo
506 2517 535 2545 et
554 2514 766 2545 resuscitavit
783 2517 839 2545 etc.
856 2531 899 2536 —
917 2513 967 2544 Pa-

1034 361 1077 390 tet
1101 357 1213 399 igitur,
1238 358 1395 399 quomodo
1419 358 1533 391 Christi
1559 359 1749 391 resurrectio
1777 362 1808 391 et
1831 368 1893 391 vox
1918 359 1986 392 eius
2001 372 2106 399 Epilogus.

1033 415 1080 442 est
1097 419 1191 442 causa
1215 414 1339 443 nostrae
1364 411 1612 443 resurrectionis.
1640 412 1674 443 Et
1698 412 1771 453 quia
1796 413 1986 444 resurrectio

1033 466 1063 494 et
1088 472 1149 494 vox
1174 466 1220 495 est
1244 463 1307 494 Filii
1334 463 1388 495 Dei
1414 463 1444 495 in
1469 472 1579 502 carne.
1604 464 1673 496 ideo
1698 464 1772 497 dicit
1794 464 1986 505 Augustinus

1033 523 1129 556 super
1153 515 1274 547 Ioannis
1298 516 1442 556 quintum
1458 516 1486 554 Β,
1508 515 1593 557 quod
1617 525 1673 557 per
1698 517 1835 549 Verbum
1859 525 1984 549 carnem

1033 566 1149 599 factum
1174 567 1209 599 fit
1231 568 1421 600 resurrectio
1445 577 1624 610 corporum.

1125 621 1151 651 1.
1177 620 1217 652 Ad
1245 620 1321 652 illud
1348 621 1430 662 quod
1455 621 1617 660 obiicitur,
1642 622 1726 663 quod
1750 622 1827 654 alias
1844 626 1925 654 esset
1942 631 1987 655 re·
2014 633 2094 663 Soinao
2109 639 2148 660 op.

1034 673 1188 705 surrectio
1212 676 1288 711 etc.;
1313 673 1499 712 dicendum,
1523 674 1607 715 quod
1633 677 1707 706 tunc
1731 674 1814 707 Deus
1838 674 1928 706 aliter
1945 662 2127 707 t⁴a-p⁰⁵¹‘⁰¹⁰m'

1034 728 1138 763 ceretg
1163 725 1216 757 sed
1242 734 1313 757 cum
1339 726 1477 758 decrevit
1502 727 1545 758 sic
1565 726 1685 765 facere,
1703 727 1779 759 haec
1796 730 1843 760 est
1858 736 1954 760 causa
1966 728 1985 758 ⁹.

1123 779 1151 809 2.
1177 778 1220 809 Ad
1244 778 1323 810 illud
1347 779 1431 820 quod
1456 779 1619 818 obiicitur,
1642 780 1726 821 quod
1744 780 1908 822 exemplar
1925 789 1986 812 non

1034 829 1146 867 infert;
1171 829 1356 869 dicendum,
1381 831 1465 872 quod
1490 840 1600 863 verum
1627 835 1673 863 est
1690 831 1729 863 de
1745 832 1935 873 exemplari,
1953 832 1984 864 in
1999 843 2127 865 Notandum.

1035 890 1097 922 quo
1122 890 1171 914 res
1201 882 1433 924 009=noscitm²‚·
1458 886 1561 915 tamen
1586 884 1767 925 exemplar,
1793 884 1821 915 in
1847 893 1909 925 quo
1934 892 1984 917 res

1035 933 1224 973 inchoatur,
1250 935 1301 966 ubi
1328 944 1388 967 non
1413 938 1514 977 potest
1539 936 1672 977 relinqui
1692 937 1928 978 imperfectum,
1946 937 1984 969 de

1034 988 1216 1020 necessitate
1242 988 1349 1026 infert;
1376 988 1460 1020 unde
1485 989 1565 1020 sicut
1588 992 1682 1031 caput
1705 999 1766 1021 non
1792 994 1892 1032 potest
1916 999 1984 1023 esse

1034 1039 1100 1071 sine
1125 1040 1292 1078 membris,
1317 1040 1361 1072 sic
1384 1049 1441 1072 nec
1465 1041 1655 1073 resurrectio
1680 1041 1806 1083 capitis,
1823 1041 1898 1083 quin
1916 1051 1985 1074 con-

1035 1096 1186 1134 sequatur
1211 1093 1399 1125 resurrectio
1424 1093 1650 1125 membrorum.

1124 1145 1152 1176 3.
1177 1145 1218 1177 Ad
1246 1145 1323 1177 illud
1346 1146 1430 1187 quod
1454 1146 1617 1185 obiicitur,
1641 1147 1725 1188 quod
1749 1156 1810 1179 non
1834 1148 1984 1180 assimila-

1035 1201 1104 1236 tur3
1129 1198 1296 1230 dicendum
1308 1224 1315 1237 ,
1333 1199 1417 1240 quod
1434 1208 1494 1230 non
1512 1199 1648 1240 perfecte
1672 1200 1864 1232 assimilatur
1881 1209 1984 1233 resur-

1034 1250 1162 1282 rectioni
1180 1250 1336 1282 malorum
1355 1270 1394 1273 —
1416 1254 1446 1283 et
1468 1251 1537 1283 ideo
1555 1261 1614 1283 non
1633 1255 1706 1284 sunt
1723 1252 1858 1293 perfecte
1879 1261 1984 1285 exem-

1034 1302 1118 1343 plata
1133 1321 1178 1325 —
1193 1303 1385 1335 assimilatur
1410 1307 1512 1335 tamen
1538 1304 1567 1335 in
1593 1305 1733 1346 corporis
1755 1305 1865 1337 iterata
1886 1305 1984 1337 vivifi-

1035 1355 1154 1387 catione
1178 1358 1207 1387 et
1232 1355 1439 1387 indissolubili
1466 1356 1597 1395 unione;
1614 1360 1645 1388 et
1661 1357 1731 1389 ideo
1755 1361 1801 1389 est
1825 1358 1982 1399 generalis

1034 1408 1273 1439 resurrectionis
1297 1408 1460 1449 exemplar
1474 1409 1503 1439 ¹⁰.

1122 1460 1152 1491 4.
1170 1459 1212 1491 Ad
1232 1459 1309 1491 illud
1327 1460 1411 1501 quod
1428 1460 1575 1492 obiicitur
1591 1461 1630 1493 de
1646 1471 1721 1493 voce
1738 1461 1882 1500 Christi,
1899 1464 1983 1504 quod

1034 1521 1094 1543 nou
1119 1512 1158 1544 sit
1181 1521 1293 1551 causa,
1317 1512 1390 1554 quia
1415 1514 1604 1545 resurrectio
1628 1518 1675 1546 est
1698 1523 1777 1556 opus
1798 1515 1924 1548 virtutis
1943 1516 1984 1547 in-

1033 1564 1159 1603 finitae;
1183 1565 1242 1597 dici
1267 1568 1385 1606 potest,
1402 1566 1482 1597 sicut
1507 1566 1702 1607 praedictum
1727 1572 1773 1599 est
1797 1569 1925 1609 supra¹¹
1944 1568 1982 1600 de

1033 1617 1258 1655 SacramentiS,
1283 1618 1366 1659 quod
1391 1618 1475 1650 Deus
1499 1618 1615 1651 virtute
1640 1619 1758 1651 infinita
1783 1620 1889 1659 faciet,
1912 1621 1983 1653 licet

1031 1670 1071 1701 ad
1096 1670 1301 1711 prolationem
1327 1670 1428 1707 vocis;
1453 1671 1537 1703 uude
1562 1680 1622 1703 non
1639 1675 1686 1704 est
1702 1672 1743 1704 ibi
1760 1673 1895 1714 proprie
1912 1682 1982 1706 cau·
1997 1684 2125 1707 Notandum.

1032 1722 1148 1754 salitas.

1123 1776 1150 1807 5.
1176 1775 1219 1807 Ad
1244 1775 1322 1807 illud
1340 1776 1423 1817 quod
1441 1776 1602 1809 obiicitur:
1629 1778 1754 1818 quando
1779 1778 1913 1810 audiunt
1934 1788 1984 1811 vo-

1033 1830 1118 1860 cem?
1143 1828 1329 1867 dicendum,
1354 1828 1438 1870 quod
1462 1829 1563 1860 simul
1585 1833 1742 1871 tempore,
1761 1833 1862 1863 tamen
1886 1831 1983 1872 prius

1031 1885 1159 1912 natura
1183 1884 1370 1922 resurgunt,
1395 1890 1490 1922 quam
1514 1882 1665 1922 audiant3
1690 1883 1775 1915 unde
1796 1884 1881 1916 vocis
1898 1884 1984 1917 audi-

1032 1937 1083 1965 tus
1108 1942 1168 1965 non
1193 1934 1374 1972 resuscitat,
1393 1934 1447 1966 sed
1464 1934 1565 1966 virtus
1586 1943 1694 1967 vocem
1712 1936 1932 1969 concomitans.
1950 1937 1981 1968 ln

1032 1985 1228 2027 evigilatione
1252 1989 1356 2018 autem
1382 1986 1555 2028 corporali,
1577 1987 1764 2027 dicendum,
1788 1989 1873 2030 quod
1897 1989 1983 2022 audi-

1033 2042 1083 2071 tus
1108 2038 1191 2071 vocis
1222 2038 1359 2077 excitat;
1383 2039 1437 2071 sed
1464 2039 1493 2070 in
1517 2039 1628 2071 auditu
1653 2044 1726 2072 sunt
1758 2041 1838 2080 duo,
1863 2042 1980 2074 scilicet
1997 2053 2081 2083 Duo-iu
2095 2059 2131 2074 au-

1033 2091 1167 2132 receplio
1185 2091 1296 2132 speciei
1315 2091 1345 2122 in
1362 2100 1479 2132 organo
1495 2095 1526 2124 et
1542 2092 1693 2124 iudicium
1708 2093 1746 2125 de
1760 2102 1795 2125 re
1811 2098 1937 2136 recepta
1947 2095 1982 2133 ¹²3
2037 2079 2089 2100 ‘mu'

1032 2147 1183 2185 quantum
1201 2144 1239 2175 ad
1258 2144 1466 2185 receptionem
1488 2145 1647 2185 praecedit
1671 2145 1890 2179 excitationem
1902 2173 1909 2186 ,
1927 2148 1982 2180 sed

1031 2200 1184 2238 quantum
1209 2197 1248 2228 ad
1272 2196 1424 2228 iudicium
1450 2197 1601 2238 sequitur.

1121 2250 1149 2280 6.
1174 2249 1217 2281 Ad
1242 2249 1321 2281 illud
1347 2250 1429 2290 quod
1450 2250 1562 2282 ultimo
1583 2250 1729 2283 obiicitur
1746 2252 1785 2284 de
1802 2253 1981 2293 operatione

1032 2301 1117 2333 illius
1142 2301 1242 2340 vocis.
1267 2301 1350 2343 quod
1369 2306 1415 2333 est
1438 2302 1612 2341 naturalis3
1638 2303 1825 2342 dicendum,
1843 2305 1928 2345 quod
1946 2305 1982 2337 si-

1032 2358 1084 2386 cut
1109 2354 1222 2386 sanctis
1248 2354 1323 2386 viris
1341 2354 1441 2395 datur
1466 2355 1563 2395 gratia
1590 2355 1815 2388 miraculorum
1833 2362 1863 2389 et
1880 2357 1980 2390 virtus
1996 2368 2124 2390 Notandum.

1032 2407 1202 2439 suscitandi
1228 2411 1387 2446 mortuos,
1412 2417 1473 2439 non
1498 2408 1572 2449 quia
1595 2409 1653 2450 ipsi
1676 2409 1825 2441 suscitent
1849 2419 1905 2451 per
1928 2411 1981 2442 ali-

1032 2460 1125 2501 quid⁷
1158 2460 1240 2501 quod
1275 2461 1313 2492 sit
1337 2460 1366 2492 in
1392 2469 1441 2498 se,
1467 2461 1521 2493 sed
1546 2461 1618 2502 quia
1641 2461 1725 2494 Deus
1748 2462 1821 2494 facit
1844 2463 1883 2495 ad
1908 2465 1981 2505 peti-

1033 2513 1146 2544 tionem
1172 2512 1330 2554 ipsorum:
1356 2513 1399 2545 sic
1424 2514 1452 2544 {n
1472 2514 1630 2555 proposito
1654 2518 1700 2546 est
1725 2515 1979 2556 intelligendum,

90 2697 98 2714 ¹
117 2699 192 2730 Epist.
213 2699 229 2723 l.
249 2698 306 2724 Cor.
330 2699 375 2730 15,
396 2699 444 2724 52:
464 2699 489 2724 ln
509 2703 657 2731 momento,
670 2700 694 2724 in
715 2700 765 2725 ictu
786 2699 853 2724 oculi
873 2703 920 2724 etc.
933 2712 968 2716 —

22 2740 56 2766 De
73 2741 171 2768 'minori
189 2743 233 2768 cfr.
254 2750 333 2774 supra
353 2750 413 2774 pag.
437 2743 501 2775 127,
522 2746 580 2768 nota
602 2744 642 2768 10.
663 2746 687 2768 et
705 2750 765 2774 pag.
787 2744 850 2775 130,
865 2746 922 2767 nola
945 2742 967 2767 4.

22 2786 46 2809 et
62 2784 84 2810 5.
103 2786 127 2810 in
148 2786 204 2811 fine.
226 2801 260 2804 —
278 2786 350 2812 Circa
370 2787 448 2812 finem
468 2794 522 2818 arg.
543 2794 591 2819 pro
619 2786 683 2813 Filii
709 2786 757 2812 Dei
784 2787 967 2818 (respiciuntur

22 2828 98 2854 verba
117 2829 223 2861 August.
243 2837 323 2862 supra
342 2838 402 2863 pag.
425 2831 489 2862 130,
504 2833 562 2856 nota
583 2830 606 2855 4.
626 2833 651 2855 et
669 2831 733 2855 infra
754 2830 815 2855 dub.
838 2831 861 2855 1.
883 2830 965 2862 allata)

22 2871 76 2897 Vat.
94 2872 176 2899 solius
194 2873 248 2899 Dei.

89 2917 99 2933 ⁹
117 2918 207 2943 Psalm.
228 2918 276 2950 07,
299 2918 340 2944 34.
362 2918 428 2944 Vide
447 2926 526 2950 supra
546 2926 606 2951 pag.
627 2918 690 2950 894,
711 2920 769 2943 nota
789 2918 812 2942 7.

89 2960 100 2976 ³
117 2961 217 2993 Quaest.
237 2962 358 2994 praeced.

89 3003 99 3020 ⁴
118 3005 206 3031 Plures
225 3006 301 3032 codd.
321 3013 460 3038 perperam
479 3006 602 3040 finalem,
625 3007 701 3032 codd.
721 3007 741 3031 G
762 3014 790 3031 aa
809 3004 966 3038 formalem,

23 3048 74 3073 scil.
96 3050 280 3082 extrinsecam,
297 3058 363 3083 quae
383 3050 451 3076 idem
478 3053 516 3076 cst
540 3058 571 3076 ac
595 3051 757 3082 exemplaris.
783 3049 833 3075 Csr.
862 3054 923 3075 toni.
950 3050 965 3074 l.

25 3097 82 3122 pag.
95 3091 142 3124 73,
162 3097 219 3118 nota
239 3093 263 3119 7.
283 3097 308 3119 et
326 3094 388 3119 ibid.
409 3094 433 3119 d.
455 3095 495 3120 19.
516 3102 540 3126 p.
562 3095 586 3119 11.
607 3102 632 3127 (1.
654 3095 678 3119 3.
700 3094 731 3119 ad
754 3095 776 3119 2.

90 3134 101 3151 ⁵
118 3136 183 3161 Vide
203 3138 244 3162 liic
263 3138 298 3163 lit.
320 3138 446 3169 Magistri,
467 3145 488 3163 c.
509 3139 533 3163 2.
554 3153 587 3156 -
608 3139 632 3163 ln
653 3146 707 3170 seq.
727 3145 832 3169 propos
862 3137 967 3168 respici-

23 3180 96 3203 untur
113 3179 192 3205 verba
212 3181 327 3213 August„
342 3182 384 3207 Vl.
401 3182 433 3207 de
453 3182 523 3207 Trin.
544 3189 565 3207 c.
587 3182 628 3206 10.
649 3189 673 3206 n.
696 3182 735 3212 11,
755 3181 825 3213 quod
847 3180 964 3205 Verbum

23 3221 53 3245 sit
63 3229 74 3245 «
83 3229 123 3248 ars
134 3224 261 3256 quaedam
271 3226 454 3257 omnipotentis
464 3229 541 3258 alque
553 3226 674 3257 sapientis
687 3225 745 3256 Dei,
761 3225 836 3256 plena
849 3225 965 3249 omnium

23 3265 145 3291 rationum
159 3276 171 3290 ²>
194 3271 240 3293 etc.
260 3267 310 3293 Csr.
331 3269 346 3293 1.
361 3269 428 3294 Sent.
449 3269 473 3294 d.
495 3269 536 3294 35.
557 3277 581 3301 q.
603 3269 625 3293 1.
645 3276 718 3300 seqq.

89 3309 99 3325 ⁶
116 3310 182 3336 Libr.
202 3312 234 3336 X.
255 3319 275 3337 c.
296 3313 337 3337 29.
357 3319 381 3337 n.
400 3314 430 3337 2:
451 3313 542 3338 Futura
564 3317 648 3338 tamen
678 3313 834 3343 sempiterna
860 3312 966 3336 minime

0 3387 1 3392 1
24 3351 167 3379 dubitamus
186 3354 307 3388 [corpora
327 3356 508 3390 Sanctorum]‚
528 3360 552 3382 ct
572 3357 628 3381 talia
648 3356 747 3388 sutura,
770 3356 846 3388 quale
866 3362 911 3380 sua
926 3362 966 3380 re-

0 3394 1 3424 1
23 3398 174 3423 surrectione
193 3398 308 3425 Christus
328 3400 513 3426 demonstravit
541 3399 697 3431 exemplum.
718 3413 749 3417 —
772 3399 859 3424 Plures
888 3398 964 3424 codd.

1032 2702 1055 2723 et
1071 2698 1112 2723 ed.
1130 2698 1138 2722 1
1158 2697 1188 2723 cle
1204 2697 1332 2723 Trz‘msstate
1346 2698 1401 2729 (cfr.
1423 2699 1463 2723 lV.
1483 2706 1504 2723 c.
1526 2699 1549 2723 3.
1570 2706 1593 2723 n.
1615 2699 1659 2731 6.).
1680 2700 1728 2725 Pro
1747 2700 1905 2727 monstravit
1919 2708 1981 2726 non-

1032 2742 1093 2767 nulli
1114 2742 1189 2767 codd.
1208 2741 1350 2774 formavit,
1373 2742 1448 2767 codd.
1470 2743 1489 2767 H
1505 2742 1525 2767 Ο
1553 2743 1666 2769 ornavit.

1102 2786 1112 2802 ⁷
1132 2786 1204 2810 Vers.
1226 2786 1249 2810 5.
1269 2793 1336 2818 seq:
1356 2785 1552 2811 Convivilicavit
1572 2794 1618 2812 nos
1637 2788 1661 2812 in
1682 2787 1812 2813 Christo...
1839 2792 1863 2814 et
1891 2796 1981 2814 conre-

1031 2830 1164 2854 suscitavit
1183 2833 1230 2854 clc.

1100 2872 1111 2888 8
1130 2873 1203 2898 Vers.
1220 2873 1260 2898 27.
1276 2872 1318 2905 (tr.
1335 2874 1374 2898 19.
1389 2880 1412 2898 η.
1430 2873 1469 2898 15.
1484 2874 1562 2906 seq.).
1578 2874 1664 2899 Verba
1678 2875 1739 2900 vide
1753 2882 1830 2907 supra
1846 2883 1905 2908 pag.
1921 2877 1979 2908 l30,

1032 2920 1090 2941 nola
1112 2916 1134 2941 4.
1155 2916 1204 2941 Csr.
1223 2918 1299 2942 etiam
1320 2916 1382 2942 ibid.
1403 2921 1432 2942 tr.
1454 2918 1494 2942 23.
1515 2925 1538 2942 n.
1561 2918 1600 2942 13.

1100 2960 1111 2976 9
1130 2960 1179 2985 Csr.
1200 2960 1236 2985 111.
1259 2962 1326 2985 Scnt.
1347 2961 1373 2986 d.
1396 2962 1435 2985 20.
1458 2968 1481 2993 q.
1502 2962 1525 2986 G.
1555 2976 1589 2979 -—
1607 2962 1631 2986 ln
1660 2963 1787 2994 principio
1816 2964 1890 2989 solut.
1920 2964 1979 2989 edd.

1031 3004 1131 3035 legunt:
1146 3003 1217 3037 quod
1230 3004 1390 3030 resurrectio
1405 3004 1502 3030 Christi
1520 3011 1574 3031 non
1593 3007 1631 3031 est
1649 3013 1746 3039 causa,
1763 3006 1826 3040 quia
1846 3007 1913 3033 alias
1933 3012 1978 3033 otc.

1031 3048 1093 3073 Cod.
1114 3055 1143 3073 aa
1164 3048 1240 3072 refert
1260 3049 1300 3073 liic
1329 3049 1391 3073 illud
1421 3049 1481 3073 phil.
1502 3050 1531 3081 2,
1553 3050 1575 3074 8.
1596 3056 1667 3082 seq:
1695 3050 1853 3077 Hztmiliacz'l
1879 3052 1980 3078 semeli-

1026 3099 1108 3125 psum
1122 3096 1178 3123 etc.⁷
1193 3093 1323 3124 simulque
1343 3092 1467 3124 adiungit,
1485 3093 1555 3125 quod
1570 3093 1638 3119 Deus
1657 3095 1706 3119 alio
1726 3095 1805 3120 modo
1819 3096 1903 3127 ipsum
1917 3097 1980 3122 exal·

1031 3141 1083 3162 lare
1103 3137 1241 3168 potuisset,
1262 3138 1281 3161 si
1302 3137 1466 3162 decrevisset.

1101 3180 1122 3196 ¹0
1143 3181 1208 3205 Vide
1222 3180 1336 3205 fundam.
1355 3181 1415 3205 l.—
1425 3182 1481 3206 Post
1493 3181 1589 3207 unione
1600 3182 1675 3207 codd.
1685 3182 1692 3206 1
1702 3183 1720 3207 l<
1735 3183 1832 3209 addunt
1842 3185 1866 3209 et
1874 3184 1979 3211 cii-Iule.

1104 3223 1122 3238 ¹¹
1144 3223 1203 3248 Dist.
1223 3224 1259 3248 10.
1281 3231 1306 3255 p.
1329 3224 1354 3248 11.
1375 3231 1397 3249 a.
1419 3225 1441 3249 1.
1462 3232 1486 3256 q.
1508 3225 1530 3249 3.

1101 3267 1121 3282 ¹²
1143 3266 1192 3292 Cfr.
1214 3272 1275 3293 tom.
1298 3268 1322 3292 11,
1343 3274 1402 3299 pag.
1424 3269 1482 3300 2⁶21,
1503 3271 1559 3293 nola
1583 3269 1604 3294 4.
1618 3283 1653 3288 —
1666 3271 1721 3294 Mox
1737 3274 1794 3302 post
1807 3271 1977 3304 receptionem

1031 3311 1086 3336 Val.
1106 3311 1210 3342 supplet
1228 3310 1337 3336 auclttus
1355 3310 1433 3337 cocis.
1454 3312 1478 3336 ln
1499 3313 1626 3344 principio
1645 3314 1719 3338 solut.
1740 3321 1787 3345 pro
1801 3314 1907 3347 quando
1927 3317 1979 3347 plu-

1030 3362 1071 3380 res
1091 3355 1166 3380 codd.
1186 3354 1270 3388 quod,
1287 3355 1344 3380 cod.
1359 3355 1377 3379 Z
1391 3355 1462 3388 quod
1479 3356 1593 3388 mortui,
1607 3357 1665 3382 edd,
1680 3357 1752 3391 quod
1770 3359 1818 3384 aut
1830 3360 1898 3385 ante.
1913 3360 1980 3385 Sub-

1029 3398 1088 3423 inde
1108 3402 1166 3430 post
1186 3398 1271 3424 virtus
1290 3399 1346 3424 cod.
1367 3400 1384 3424 P
1404 3400 1507 3432 supplet
1527 3400 1624 3427 [licina.
