2483 3882
663 238 756 270 DlST.
782 239 842 270 XX.
867 239 897 270 P.
921 238 955 270 ll.
979 239 1061 272 ΛΒΤ.
1087 239 1217 273 UNICUS
1241 241 1393 282 QUAEST.
1418 242 1438 273 l.
1971 248 2033 279 529

0 341 56 363 iuer.
69 345 112 351 —-
125 326 225 358 Potest
240 327 344 357 tamen
362 324 438 364 dici,
455 325 539 366 quod
558 326 689 358 mortale
711 326 741 358 in
763 326 953 368 poenitentia
974 327 1018 359 di-

0 372 1 375 *
70 380 151 413 citur
169 378 237 411 fieri
254 377 385 416 veniale,
398 377 473 419 quia
496 378 538 410 ibi
564 378 603 410 de
627 387 664 411 eo
687 379 779 411 venia
795 379 984 421 impetratur
998 380 1017 412 ¹.

464 464 540 495 DUB.
558 464 618 496 VII.

155 536 230 568 Item
253 534 417 576 quaeritur
441 535 480 567 de
512 535 571 567 hoc
599 535 684 576 quod
708 535 783 568 dicit
807 536 846 568 de
870 536 1018 577 impoeni-

69 591 166 627 tente,
190 588 273 629 quod
297 587 329 619 si
349 596 477 629 semper·
500 587 636 626 viveret,
652 597 779 629 semper
801 593 959 630 peccaret.
985 590 1015 621 Si

1082 328 1166 360 enim
1192 329 1250 361 hoc
1274 338 1384 361 verum
1402 333 1463 369 est,
1480 333 1555 364 tunc
1571 331 1714 371 videtur,
1731 332 1816 374 quod
1833 332 1965 375 quilibet
1980 333 2035 366 im-

1081 381 1244 422 poenitens
1266 386 1373 424 peccet
1396 383 1551 416 continue.

1171 434 1369 467 Ruspormsso:
1395 435 1527 477 Semper
1542 440 1705 477 peccaret,
1725 437 1756 470 id
1774 440 1837 477 est,
1855 438 1886 470 in
1901 442 2033 480 peceato

1081 490 1316 526 perseveraret,
1339 491 1369 519 et
1393 487 1463 520 ideo
1487 497 1612 530 semper
1636 489 1730 522 dehet
1761 498 1966 531 perseverare
2000 491 2032 522 in

1077 547 1193 579 poena.
1210 557 1256 562 —
1277 539 1342 571 Alia
1366 543 1413 572 est
1437 544 1540 573 tamen
1565 542 1645 574 ratio
1669 542 1782 581 huius,
1807 543 1889 575 sicut
1912 544 2031 585 patebit

1081 590 1161 623 infra
1185 591 1382 625 distinctione
1406 594 1649 635 quadragesima
1673 599 1786 637 quarta
1798 596 1817 628 ².

406 771 900 827 COMMENTARIUS
939 773 1009 827 IN
1046 774 1542 837 DISTINOTIONEM
1578 779 1685 833 XX.

979 891 1060 923 PARS
1084 891 1117 923 li.

347 987 398 1024 De
435 992 588 1038 tempore
626 987 853 1038 poenitentiae
890 988 925 1025 in
963 989 1217 1039 comparatione
1255 990 1299 1027 ad
1337 990 1516 1029 arbitrium
1555 994 1751 1032 sacerdotis.

512 1093 551 1126 Si
572 1104 648 1126 vero
673 1094 849 1137 quaeritur
873 1095 911 1126 de
935 1094 989 1127 illo
1013 1095 1073 1138 qui
1092 1094 1356 1138 satisfactionem
1381 1097 1578 1131 iniunctam.

692 1215 817 1238 TEXTUM
841 1215 987 1238 iiiAclsTm
1011 1216 1082 1238 va
1106 1216 1207 1239 SUPRA
1230 1217 1302 1240 PAG.
1328 1210 1401 1241 515.

888 1317 1026 1351 DIVISIO
1050 1318 1206 1351 TEXTUS.

146 1416 248 1457 Supra
272 1414 495 1448 determinavit
526 1415 671 1456 Magister
704 1418 830 1456 tempus
854 1416 1012 1457 poeniten-

59 1468 118 1501 tiae
143 1468 172 1500 in
196 1477 239 1501 se.
275 1468 327 1500 Hic
351 1468 489 1500 secundo
514 1467 702 1500 determinat
726 1476 783 1509 per
807 1469 1012 1510 comparatio-

59 1530 129 1554 nem
153 1521 192 1553 ad
216 1520 385 1552 arbitrium
409 1520 592 1553 sacerdotis.
619 1521 653 1552 Et
677 1521 825 1562 quoniam
851 1521 882 1553 111
906 1521 1011 1563 poeni-

58 1574 152 1607 tentia
175 1582 193 1605 a
217 1573 379 1605 sacerdote
403 1572 550 1614 imposita
574 1572 634 1604 tria
658 1576 705 1605 est
722 1573 938 1612 considerare,
955 1574 1010 1606 sci-

58 1627 128 1660 licet
151 1626 451 1664 reconciliationem⁵
477 1629 507 1657 et
535 1634 655 1667 poenae
686 1625 917 1667 impositionem
943 1627 1009 1659 sive

57 1679 279 1712 iniunctionem
290 1704 298 1717 ,
314 1682 344 1711 61
361 1678 445 1710 ultra
462 1678 621 1711 iniunctae
638 1676 757 1720 poenae
774 1679 1007 1721 expletionen13

57 1731 126 1765 ideo
149 1732 226 1764 haec
249 1740 324 1773 pars
348 1731 443 1763 habet
467 1734 541 1763 tres.

144 1785 175 1817 ln
199 1784 303 1826 prima
326 1784 450 1826 quaerit
474 1784 637 1825 Magister,
669 1784 759 1825 quasi
791 1784 902 1816 ordine
927 1792 1009 1816 reso-

57 1837 171 1871 lutorio
195 1837 347 1879 incipiens
363 1846 382 1869 a
398 1836 581 1878 posteriori,
598 1840 708 1869 utrum
719 1863 726 1876 ‚
751 1846 852 1878 poena
867 1836 1007 1869 iniuncta

58 1893 289 1929 consummata,
316 1890 355 1922 sit
378 1889 541 1931 poenitens
565 1889 730 1922 absolutus
754 1890 956 1932 simpliciter3
978 1894 1009 1922 et

56 1943 114 1976 hoc
137 1943 210 1976 facit
233 1943 296 1975 ibi:
322 1942 360 1975 Si
381 1952 457 1974 vero
486 1942 662 1985 quaeritur
686 1943 724 1975 cte
748 1943 801 1975 iilo
824 1946 882 1976 etc.
906 1943 938 1975 ln
964 1952 1008 1976 se-

58 1996 175 2035 cunda,
200 1996 326 2038 quando
357 1995 547 2038 poenitentia
579 1996 769 2038 imponenda
793 1990 856 2035 est,
889 1996 1007 2029 scilicet

56 2053 162 2082 utrum
187 2050 218 2081 in
242 2052 387 2082 extremo
419 2049 529 2081 mortis
553 2049 705 2088 articulo,
730 2053 760 2082 et
784 2050 843 2082 1106
867 2049 925 2081 ibi:
954 2049 1008 2082 So-

57 2102 96 2135 let
117 2102 214 2135 etiam
246 2101 383 2145 quaeri,
408 2106 524 2134 atram
548 2100 792 2144 satisfactionis
817 2102 867 2134 ieoe
891 2105 947 2136 etc.
973 2103 1006 2135 111

1076 1417 1168 1449 tertia
1192 1417 1333 1458 quaerit,
1357 1419 1491 1450 utrum³
1507 1419 1601 1452 alicui
1625 1421 1769 1462 neganda
1789 1422 1829 1454 sit
1853 1424 2030 1456 reconcilia-

1076 1470 1135 1509 tio,
1161 1470 1219 1502 ibi:
1245 1470 1420 1502 Sciendum
1446 1475 1509 1510 est,
1534 1473 1622 1515 qaod
1645 1477 1786 1516 tempore
1816 1476 2029 1510 necessitatis,

1166 1523 1201 1555 Et
1225 1523 1279 1555 illa
1302 1533 1376 1565 pars
1408 1524 1561 1557 dividitur
1585 1526 1616 1558 in
1641 1529 1714 1559 tres.
1740 1528 1771 1559 In
1797 1528 1898 1570 prima
1930 1533 2032 1563 osten-

1076 1575 1138 1613 dit,
1163 1576 1247 1617 quod
1279 1585 1339 1608 non
1366 1580 1413 1609 est
1436 1578 1579 1619 neganda
1603 1580 1814 1613 reconciliatio
1839 1581 1870 1613 in
1894 1583 2028 1615 articulo

1076 1629 1278 1661 necessitatis.
1303 1629 1334 1661 In
1360 1630 1499 1662 secunda
1522 1632 1673 1671 ostendit,
1698 1634 1783 1674 quod
1808 1635 1956 1676 praeter*¹
1979 1645 2030 1669 ne-

1075 1682 1251 1714 cessitatem
1276 1683 1306 1714 in
1332 1683 1482 1724 gravibus
1498 1687 1621 1725 oportet
1637 1686 1803 1719 consulere
1827 1688 2028 1729 episcopum,

1074 1733 1137 1765 ibi:
1162 1733 1235 1766 Non
1260 1734 1347 1766 debet
1372 1738 1480 1767 tamen
1500 1736 1671 1779 presbyter
1696 1741 1753 1770 etc.
1771 1738 1803 1770 In
1821 1740 1913 1772 tertia
1929 1744 2028 1773 osteu-

1074 1786 1136 1825 dit,
1161 1787 1274 1828 quodsi
1302 1788 1465 1829 poenitens
1496 1789 1597 1821 voluit
1621 1791 1816 1823 reconciliari
1840 1795 1871 1824 et
1892 1802 1954 1825 non
1977 1803 2030 1835 po-

1072 1839 1149 1878 tuit,
1174 1840 1259 1881 quod
1284 1840 1450 1873 habendus
1467 1845 1514 1874 est
1530 1851 1588 1884 pro
1605 1844 1822 1883 reconciliato,
1840 1848 1870 1877 et
1887 1845 1947 1878 1106
1963 1846 2005 1878 ibi
2021 1859 2027 1878 :

1073 1892 1111 1924 Si
1133 1896 1244 1925 antem
1267 1894 1444 1936 quaeritur
1468 1894 1506 1927 de
1529 1895 1583 1927 iiio
1600 1896 1659 1938 qni
1674 1897 1721 1928 acl
1731 1897 1967 1938 poenitentiam
1983 1898 2030 1941 fe-

1072 1945 1203 1977 stinans
1227 1949 1284 1978 etc.
1301 1965 1346 1968 —
1361 1946 1577 1988 Principaliter
1603 1952 1709 1981 autem
1730 1951 1905 1991 praesentis
1929 1952 2028 1993 partis

1072 1998 1202 2030 intentio
1234 1999 1390 2037 consistit,
1412 2000 1548 2042 qualiter
1576 2002 1745 2034 satisfactio
1773 2003 1812 2035 sit
1837 2003 2028 2045 iniungenda

1071 2055 1102 2083 et
1125 2051 1261 2093 qualiter
1277 2052 1455 2094 implenda,
1471 2056 1582 2086 utrum
1603 2054 1716 2087 etiam⁵
1732 2064 1790 2097 per
1811 2056 2026 2099 interpositam

1071 2113 1257 2146 personam,
1282 2109 1313 2138 et
1336 2109 1446 2138 utrum
1471 2106 1589 2140 scilicet
1612 2110 1685 2140 tota.

785 2228 994 2260 TRACTATIO
1019 2229 1293 2271 QUAESTIONUM.

140 2339 183 2371 Ad
208 2339 444 2381 intelligentiam
470 2339 566 2371 huius
590 2339 689 2381 partis
706 2340 872 2382 quaeritur
897 2341 935 2373 de
961 2350 1006 2373 sa-

55 2391 234 2425 tisfactionis
250 2392 466 2424 diminutione.
486 2392 520 2424 Et
545 2392 628 2425 circa
644 2393 703 2425 hoc
720 2396 919 2434 quaeruntur
936 2402 1003 2426 sex.

140 2446 243 2477 Primo
266 2446 448 2487 quaeritur,
472 2449 581 2478 utrum
607 2446 705 2488 possit
729 2446 797 2478 fieri
826 2447 1006 2479 satisfactio-

54 2497 102 2530 nis
124 2498 335 2530 commutatio.

141 2551 300 2589 Secunde,
318 2553 427 2583 utrum
444 2550 542 2592 possit
559 2550 609 2583 vel
626 2550 739 2582 debeat
754 2550 823 2582 fieri
840 2550 1004 2583 relaxatio.

1158 2342 1279 2382 Tertio,
1304 2342 1377 2375 dato
1409 2343 1495 2385 quod
1526 2344 1587 2383 sic,
1615 2345 1797 2386 quaeritur,
1826 2354 1844 2377 a.
1876 2355 1938 2388 quo
1972 2355 2025 2388 po-

1070 2397 1129 2427 test
1152 2394 1231 2427 fieri.

1159 2448 1277 2488 Quarto
1301 2449 1483 2490 quaeritur,
1508 2458 1566 2491 pro
1590 2459 1653 2491 quo
1677 2453 1779 2492 potest
1803 2450 1881 2483 fieri.

1159 2499 1290 2540 Quinto,
1315 2501 1365 2532 cui
1390 2501 1501 2533 valeat.

1160 2553 1255 2584 Sexto
1279 2556 1310 2585 et
1333 2553 1462 2593 ultimo,
1487 2557 1641 2596 quantum
1667 2555 1777 2587 valeat.

802 2669 1066 2707 ARTICULUS
1094 2670 1277 2709 UNICUS.

739 2762 785 2793 De
808 2761 1051 2804 satisfactionis
1073 2763 1336 2795 commutatione.

923 2864 1106 2905 Quansrio
1130 2865 1150 2895 1,

660 2947 777 2980 Uirum
801 2958 890 2980 anus
913 2958 975 2990 pro
999 2948 1066 2981 alio
1087 2949 1192 2990 possit
1215 2948 1421 2992 satisfacere.

141 3044 309 3085 Quaeritur
332 3044 428 3086 igitur
452 3045 569 3087 primo,
593 3048 703 3077 utrum
739 3045 837 3087 possit
866 3046 934 3078 fieri
960 3055 1005 3078 sa-

55 3094 233 3129 tisfactionis
257 3097 477 3137 commutatio,
502 3101 532 3130 et
556 3098 615 3130 hoc
639 3101 685 3130 est
721 3098 913 3140 quaestionis
936 3094 1005 3131 fun-

126 3240 134 3257 1
153 3242 218 3267 Vide
237 3250 316 3274 supra
338 3243 361 3268 d.
384 3243 424 3268 47.
445 3251 469 3275 p.
491 3243 518 3268 ll.
542 3243 603 3268 dub.
625 3243 658 3275 73
678 3244 705 3269 Β.
720 3244 830 3276 Athen„
850 3246 891 3270 1116
911 3253 933 3270 a.
955 3246 1001 3278 110;

53 3283 119 3310 Petr.
140 3292 153 3310 a
173 3286 232 3312 Tar.
252 3290 276 3312 et
296 3288 415 3313 Richard.
436 3295 448 3312 a
469 3288 549 3320 Med,
570 3289 611 3313 1116
630 3289 695 3313 circa
715 3288 750 3314 lit.

123 3328 134 3346 2
152 3329 231 3356 Partis
249 3331 275 3356 ll.
296 3338 318 3357 a.
341 3332 363 3356 l.
385 3339 408 3364 q.
431 3332 453 3356 11.
474 3331 523 3357 Csr.
545 3332 570 3357 d.
591 3331 632 3356 50.
652 3339 678 3363 p.
698 3332 714 3357 l.
728 3339 752 3357 a.
769 3333 792 3358 ·1.
806 3341 831 3366 q.
847 3334 869 3358 «l.
883 3347 918 3352 —
932 3334 1001 3359 ldcm

55 3370 115 3396 dub.
135 3373 241 3399 solvitur
260 3381 274 3399 a
294 3375 321 3400 Β.
342 3374 449 3407 Albam,
470 3376 511 3400 hic
530 3382 552 3400 a.
575 3376 623 3407 Ἰ1’1;
645 3376 671 3400 S.
691 3376 798 3407 Thom.,
820 3378 861 3402 1110
880 3378 947 3403 circa
967 3378 1000 3403 lit.

192 3425 220 3452 S.
239 3427 339 3453 Bonae.
359 3442 393 3445 —
413 3428 487 3453 Tom.
508 3428 549 3453 IV.

1069 3047 1267 3086 damentum‚
1292 3047 1423 3087 scilicet,
1448 3050 1558 3080 utrum
1575 3058 1658 3081 unus
1682 3058 1739 3091 pro
1755 3050 1816 3082 alio
1841 3050 2019 3084 satisfaciat.

1069 3100 1104 3131 Et
1127 3100 1212 3141 quod
1237 3100 1295 3140 sic,
1320 3100 1455 3133 videtur.

1138 3246 1192 3271 3111
1217 3246 1278 3272 odd.
1306 3247 1410 3272 additur
1432 3246 1460 3273 in
1488 3246 1650 3274 necessitate.
1677 3248 1784 3274 Inferius
1812 3256 1860 3281 pro
1888 3249 2020 3284 yravibas

1067 3291 1124 3316 cod.
1145 3291 1165 3315 U
1183 3289 1362 3323 pravioribus.

1137 3333 1148 3350 ⁴
1167 3334 1228 3359 Cod.
1250 3341 1279 3359 aa
1298 3335 1415 3368 prepter.

1137 3377 1148 3394 ⁵
1167 3377 1248 3403 Codd.
1267 3378 1349 3403 FGK
1368 3378 1474 3405 scilicet.

1845 3435 1879 3460 67
