2483 3882
11 574 43 597 Ad
56 573 139 600 opposi-

48 602 98 622 tum.

13 1886 57 1908 ines
71 1886 82 1907 3
101 1887 137 1907 Sa-

24 1915 136 1934 eramento-

23 1945 75 1960 rum.

18 2156 28 2171 e
33 2150 142 2171 documen-

11 2179 31 2199 to
42 2177 140 2204 ipsorum.

16 2363 59 2382 exta
73 2362 136 2381 aetas.

865 263 959 294 DIST.
984 262 1016 294 11.
1039 262 1121 294 ΛΒΤ.
1147 261 1166 293 Ι.
1193 262 1346 303 QUAEST.
1370 262 1402 293 li.

152 355 215 387 rint
237 353 381 386 homines
413 353 612 385 diversarum
645 351 876 389 conditionum,
911 353 941 382 et
972 349 1103 382 morbus

152 407 341 445 invaluerit3
372 415 500 439 necesse
523 406 599 445 fuit,
628 405 857 438 medicamenta
887 404 948 436 alia
980 407 1011 436 61
1041 404 1103 436 alia

151 459 306 493 adhiberi.

240 513 299 544 SED
323 521 466 545 CONTRA:
495 513 522 543 1.
554 511 708 543 Institutio
739 511 1013 543 Sacramentorum
1045 509 1104 542 suit

152 574 212 597 non
238 574 256 597 a
280 573 496 606 quocumque,
521 563 576 596 sed
593 573 611 595 a
627 572 752 595 summo
770 562 907 601 medico,
928 562 1019 594 cuius
1035 571 1104 594 con-

152 616 283 650 silium¹
309 620 355 649 est
379 615 581 648 immutabile
612 619 642 647 61
673 619 720 648 661
750 623 873 647 61116166
902 613 1104 646 commenda-

154 669 213 701 bile
226 681 236 706 ;
261 669 315 701 sed
338 669 363 701 si
388 667 613 700 immutabile.-
638 676 713 709 ergo
730 670 760 699 et
776 667 978 698 Sacramenta
995 675 1104 698 secun-

153 722 229 754 dnm
265 721 344 753 illud
380 720 518 753 instituta
557 720 672 753 debent
707 728 775 752 esse
811 718 1041 757 immutabilia3
1077 719 1102 751 si

153 782 277 806 summe
301 773 489 805 laudabile:
513 782 587 814 ergo
612 773 726 805 debent
758 781 826 805 esse
858 772 996 814 optima:
1028 781 1103 813 ergo

154 826 328 859 secundum
354 827 429 864 1106,
451 835 523 858 cum
542 826 742 858 Sacramenta
759 825 835 866 legis
852 825 970 866 gratiae
986 825 1104 866 optima

153 879 231 917 sint,
257 887 381 920 semper
405 878 458 910 illa
483 878 662 910 debuerunt
686 887 771 917 esse,
795 887 852 910 nec
875 880 945 910 ante
962 886 1018 910 nec
1034 881 1104 919 post

153 931 214 964 alia
238 931 417 963 debuerunt
441 931 562 963 institui
587 939 643 963 nec
667 931 794 962 mutari.

243 986 272 1016 Ξ).
296 984 370 1016 Item
382 1009 389 1022 ,
415 984 545 1016 morbus
567 983 728 1025 originalis
745 983 861 1025 peccati
879 992 1004 1025 semper
1021 983 1102 1015 idem

154 1036 226 1075 suit,
251 1045 307 1068 nec
332 1036 431 1068 crevit
461 1045 517 1068 nec
542 1035 726 1074 decrevit2³
758 1040 789 1068 et
820 1035 899 1067 ratio
923 1035 1103 1068 infirmandi

154 1098 279 1130 semper
302 1089 361 1120 suit
376 1088 505 1121 eadem:
524 1098 599 1129 ergo
615 1089 750 1127 videtur,
768 1089 852 1130 quod
871 1088 1024 1121 medicina
1041 1098 1106 1121 cor-

153 1141 348 1183 respondens
372 1141 483 1173 morbo
508 1141 653 1173 debuerit
671 1150 739 1173 esse
755 1141 879 1179 eadem,
896 1150 957 1173 606
974 1145 1104 1174 mutata.

243 1195 272 1226 3.
297 1195 389 1232 11661,
414 1194 519 1226 onmia
543 1195 744 1227 Sacramenta
768 1195 884 1227 babent
901 1194 1069 1227 efficaciam
1088 1204 1105 1227 a

152 1248 297 1290 passione
321 1248 424 1289 primo
449 1252 478 1279 61
495 1257 512 1278 6
529 1247 591 1279 fide
615 1247 769 1289 passionis
786 1247 983 1286 immediate,
1000 1251 1030 1280 61
1047 1248 1106 1279 vir-

152 1303 204 1332 tus
228 1300 281 1332 illa
309 1303 355 1332 est
386 1300 425 1332 ad
458 1300 633 1332 sanandum
667 1309 723 1341 per
759 1300 908 1341 gratiam:
934 1309 1008 1341 ergo
1033 1309 1104 1333 cum

152 1353 256 1395 passio
280 1352 319 1385 sit
343 1353 470 1391 eadem,
495 1356 526 1385 et
549 1352 628 1384 fides
652 1353 780 1391 eadem,
804 1353 885 1385 sicut
909 1353 983 1386 dicit
1007 1354 1107 1394 Augu-

153 1405 294 1444 stinus³‚
320 1408 349 1437 et
374 1406 474 1446 gratia
498 1405 642 1437 similiter
666 1405 797 1437 eadem:
815 1414 890 1447 ergo
907 1406 1021 1438 debent
1038 1415 1106 1438 esse

153 1459 262 1491 eadem
288 1459 506 1497 Sacramenta,
530 1467 591 1489 non
616 1461 745 1490 mutata.

507 1571 747 1595 CONCLUSIO.

263 1667 410 1699 Diversis
435 1666 634 1708 temporibus
658 1666 790 1698 diuersa
815 1665 995 1698 debuerunt

433 1719 565 1751 iustitui
587 1719 816 1751 Sacramenta.

241 1825 443 1857 Rusrounuo:
468 1824 511 1856 Ad
537 1823 772 1865 praedictorum
796 1824 1034 1865 intelligentiam
1059 1827 1106 1856 est

150 1877 341 1916 notandum,
366 1876 451 1918 quod
476 1876 676 1908 Sacramenta
701 1880 774 1908 sunt
797 1876 827 1908 in
853 1877 1104 1916 documentum,

151 1932 224 1961 sunt
255 1929 285 1960 in
318 1929 611 1967 medicamentum,
645 1932 718 1961 sunt
742 1932 771 1961 et
796 1929 825 1961 in
852 1934 1105 1968 oruamentum;

151 1985 181 2014 et
204 1982 378 2014 secundum
402 1985 527 2014 statum
540 1981 726 2024 perfectum
744 1985 818 2014 sunt
834 1983 864 2014 in
882 1987 1036 2024 apertum
1053 1983 1106 2015 clo-

151 2038 338 2067 cumentum
362 2034 459 2067 divini
484 2035 612 2074 secreti,
637 2038 711 2067 sunt
735 2035 766 2067 in
788 2035 905 2079 efficax
922 2036 1105 2068 remedium

151 2087 253 2119 morbi
277 2090 308 2119 et
331 2087 362 2119 in
382 2087 541 2128 pulcrum
566 2092 798 2120 oruamentum
823 2097 956 2130 sponsae
980 2089 1105 2122 Christi.

151 2158 194 2162 -
217 2139 368 2180 Quoniam
394 2139 490 2181 igitur
514 2139 668 2171 revelatio
692 2144 894 2172 secretorum
918 2150 979 2172 non
1013 2141 1107 2173 debet

151 2191 217 2224 fieri
243 2201 444 2234 quocumque
474 2192 566 2224 modo
591 2201 647 2225 nec
680 2193 711 2224 in
743 2193 826 2225 omni
860 2197 1017 2235 tempore,
1051 2194 1106 2226 sed

152 2244 205 2276 illo
229 2254 291 2286 quo
315 2248 361 2277 est
390 2245 567 2278 intellectus
598 2246 735 2278 hominis
767 2246 932 2287 capacior3
964 2247 1034 2279 ideo
1058 2247 1108 2279 Sa-

153 2300 312 2329 cramenta
331 2297 482 2340 perfecta
499 2298 595 2330 dilata
612 2303 685 2330 sunt
702 2308 804 2340 usque
828 2299 868 2331 ad
892 2302 1018 2341 tempus
1034 2299 1106 2332 tale.

152 2350 212 2382 Hoc
236 2354 340 2383 autem
365 2355 507 2393 tempus,
534 2352 614 2384 sicut
638 2352 668 2383 in
688 2351 816 2383 ltomiue
833 2355 879 2384 est
897 2356 987 2384 sexta
1003 2356 1109 2391 66166,

153 2412 232 2445 quae
256 2404 433 2445 appellatur
457 2408 618 2443 senectus,
636 2405 727 2436 iuxta
744 2405 823 2437 illud
842 2405 1047 2438 Ecclesiastici
1066 2406 1110 2438 vi·

2077 264 2113 295 51

1167 350 1285 391 gesimo
1309 349 1419 391 quinto
1433 349 1462 381 ⁴:
1483 350 1591 390 Quam
1606 349 1754 391 speciosa
1775 350 1939 381 vetera-nis
1954 350 2120 391 sapientire

1167 405 1196 433 et
1216 401 1384 443 ¹qloriosus
1412 401 1590 433 intellectus
1622 406 1650 433 et
1681 401 1880 439 cousilium;
1912 402 2056 434 similiter
2089 403 2119 434 in

1167 453 1290 485 mundo
1314 457 1361 486 est
1385 457 1475 486 sexta
1499 458 1601 493 aetas,
1624 463 1705 496 quae
1729 457 1776 487 est
1800 458 1869 496 post
1892 454 2070 494 Christum,
2089 455 2120 487 in

1168 516 1230 547 qua
1254 510 1354 538 aetate
1379 506 1521 539 homines
1544 510 1618 539 61161
1646 507 1850 548 sapientiores
1875 511 1906 540 et
1930 507 2118 549 capaciores.

1167 559 1239 591 Ideo
1263 559 1359 591 dilata
1383 563 1456 591 sunt
1480 560 1680 592 Sacramenta
1703 560 1858 602 completa
1881 569 1982 602 usque
2004 561 2043 593 ad
2062 560 2120 592 1106

1168 615 1302 653 tempus.

1258 665 1407 702 Rursus,
1433 665 1507 706 quia
1532 668 1605 697 sunt
1622 666 1651 697 in
1668 666 1943 698 medicamentum
1960 667 2061 699 morbi
2080 666 2122 709 ef·
2137 672 2270 719 ”uffeng‘ffgffffl'

1167 716 1276 758 ficaac,
1301 726 1338 749 eo
1362 720 1504 758 tempore
1528 718 1643 750 debent
1667 719 1753 756 dari,
1771 719 1800 750 16
1819 729 1881 760 quo
1898 719 2055 752 efficacius
2072 729 2123 752 66-
2224 714 2229 719 ’

1169 770 1281 807 rant⁵;
1310 770 1365 802 sed
1397 770 1570 811 spiritualis
1594 771 1760 803 infirmitas
1783 771 1950 803 efficaciter
1979 782 2038 803 non
2073 782 2122 805 66-

1169 825 1275 861 ratur,
1300 822 1357 855 nisi
1383 823 1509 864 quando
1534 824 1732 864 cognoscitur
1756 827 1786 855 et
1810 824 1960 863 sentitur,
1983 825 2123 866 alioquin

1168 875 1313 907 redditur
1338 875 1432 907 homo
1460 875 1603 916 ingratus
1635 880 1665 907 et
1696 876 1794 917 peiori
1827 877 1959 909 vulnere
1988 877 2124 909 infirma-

1169 931 1221 959 tur
1235 939 1240 958 :
1260 927 1329 959 ideo
1345 936 1472 960 necesse
1489 927 1563 967 fuit,
1581 928 1781 960 Sacramenta
1798 929 1936 968 differri,
1959 938 2124 971 quousque

1169 980 1300 1012 morbus
1326 983 1447 1013 tantum
1472 980 1695 1020 invalesceret,
1720 982 1804 1024 quod
1829 982 1923 1014 homo
1948 983 2051 1024 ipsum
2077 992 2125 1015 co-

1169 1036 1332 1074 gnosceret
1354 1037 1385 1065 et
1408 1034 1584 1066 remedium
1610 1038 1785 1076 quaereret.
1810 1035 1870 1067 Hoc
1894 1039 1999 1067 autem
2018 1035 2076 1067 suit
2093 1036 2124 1068 in

1169 1089 1311 1127 tempore
1335 1086 1473 1127 gratiae:
1499 1086 1573 1128 quia
1597 1090 1737 1129 tempore
1755 1087 1834 1129 lepis
1856 1092 2000 1120 naturae
2024 1088 2126 1120 convi-

1170 1142 1239 1171 ctus
1263 1142 1310 1170 est
1333 1147 1401 1171 esse
1425 1148 1566 1178 caecus,·
1594 1143 1625 1172 et
1650 1143 1724 1172 tunc
1748 1141 1833 1173 venit
1857 1141 1922 1172 Lea:
1946 1141 2062 1174 docens
2095 1145 2126 1174 et

1170 1200 1321 1230 onerans,
1346 1195 1376 1224 et
1400 1195 1474 1224 tunc
1499 1192 1660 1225 convictus
1684 1196 1731 1225 661
1756 1193 1795 1225 de
1819 1193 2009 1235 impotentia
2024 1206 2034 1231 ;
2051 1198 2124 1226 tunc

1170 1252 1245 1285 ergo
1269 1244 1406 1276 restabat
1438 1247 1562 1286 tempus
1583 1245 1736 1287 ytaliae,
1760 1246 1791 1277 in
1816 1256 1878 1288 quo
1908 1247 2038 1279 morbus
2064 1247 2123 1279 iam

1171 1297 1314 1338 cognitus
1338 1301 1522 1337 curaretur,
1546 1301 1577 1330 et
1601 1299 1631 1330 in
1656 1299 1714 1331 hoc
1738 1299 1939 1332 Sacramenta
1971 1300 2125 1341 completa

1171 1350 1325 1382 darentur
1337 1350 1355 1381 ⁶.

1261 1403 1411 1441 Rursus,
1436 1404 1510 1445 quia
1535 1407 1609 1436 sunt
1633 1404 1663 1436 16
1684 1405 1841 1446 pulcrum
1873 1411 2124 1445 ornameutzmt,
2140 1411 2248 1457 Dlgoffige·

1172 1455 1282 1487 debuit
1312 1464 1349 1487 ea
1381 1455 1524 1488 Christus
1555 1456 1598 1488 illi
1632 1466 1765 1498 sponsae
1797 1458 1890 1497 dare,
1914 1468 1932 1491 a
1956 1469 2018 1501 qua
2049 1469 2127 1492 nun-

1172 1516 1267 1548 quam
1293 1508 1433 1548 separari
1458 1508 1608 1547 deberet3
1641 1513 1671 1541 61
1703 1510 1777 1551 quia
1808 1511 1879 1543 talis
1907 1511 1966 1543 fuit
1992 1512 2126 1544 Ecclesia

1172 1558 1301 1591 collecta
1325 1560 1364 1591 de
1388 1561 1550 1601 gentibus,
1574 1570 1635 1593 non
1661 1571 1835 1604 synagoga,
1857 1572 1938 1605 quae
1956 1564 2059 1606 ipsum
2077 1565 2127 1597 de-

1172 1613 1271 1644 seruit
1294 1616 1324 1644 et
1347 1613 1492 1653 negavit:
1517 1623 1619 1656 usque
1636 1614 1675 1646 ad
1696 1618 1819 1656 tempus
1840 1617 1959 1657 gratiae
1978 1616 2128 1658 perlecta

1171 1665 1372 1697 Sacramenta
1395 1674 1456 1697 non
1482 1666 1616 1698 instituit
1628 1667 1659 1705 ⁷3
1676 1667 1883 1701 nihilominus
1900 1672 2004 1702 tamen
2022 1670 2128 1711 aliqua

1171 1717 1371 1759 imperfecta,
1396 1719 1572 1751 secundum
1597 1720 1681 1761 quod
1707 1721 1901 1762 congruebat
1925 1722 1987 1755 illis
2011 1727 2127 1765 tempo-

1171 1770 1274 1809 ribus,
1291 1770 1322 1802 in
1341 1772 1596 1804 sustentationem
1623 1772 1718 1804 dedit.
1735 1792 1779 1796 —
1797 1774 1830 1805 Et
1854 1774 1898 1806 sic
1922 1778 2024 1816 patet,
2041 1776 2125 1817 quod
2141 1779 2260 1800 Conclusio·

1171 1833 1231 1855 non
1250 1832 1374 1866 semper
1392 1824 1520 1864 eadem,
1538 1825 1592 1857 sed
1610 1825 1670 1857 alia
1687 1830 1717 1858 et
1733 1826 1794 1858 alia
1812 1827 1979 1860 debuerint
1997 1829 2125 1861 institui.

1263 1878 1289 1908 1.
1314 1876 1358 1909 Ad
1382 1877 1461 1909 illud
1478 1886 1553 1919 ergo
1578 1878 1661 1920 quod
1686 1878 1833 1912 obiicitur
1857 1880 1896 1913 de
1921 1882 2067 1921 consilio,
2085 1883 2128 1915 di·
2152 1885 2234 1933 'senno
2249 1891 2286 1912 01³-

1171 1929 1324 1968 cendum,
1349 1930 1451 1971 quod,
1485 1931 1566 1963 sicut
1598 1931 1673 1964 dicit
1704 1933 1898 1974 Augustinus
1921 1933 1951 1965 in
1976 1934 2056 1967 libro
2089 1918 2269 1968 de¹⁰³¹⁰mm

1170 1983 1252 2015 Vera
1284 1982 1484 2024 Religione⁸‚
1518 1983 1631 2016 «sicut
1662 1994 1746 2018 unus
1778 1986 1921 2019 medicus
1953 1988 2127 2021 secundum

1171 2035 1303 2067 eandem
1335 2039 1435 2067 artem
1468 2045 1530 2068 non
1564 2040 1716 2070 mutatam
1746 2048 1804 2080 pro
1829 2040 2002 2072 mutatione
2026 2041 2128 2074 morbi

1172 2091 1273 2120 mutat
1296 2089 1437 2120 remedia
1454 2101 1484 2128 »3
1502 2090 1560 2128 sic,
1577 2090 1674 2122 immo
1691 2092 1791 2123 multo
1815 2092 1937 2132 fortius,
1963 2094 1993 2125 in
2018 2104 2130 2136 propo-

1172 2141 1239 2173 sito.
1257 2160 1301 2163 —
1318 2141 1407 2182 Quod
1425 2150 1501 2174 vero
1518 2142 1621 2175 addit:
1640 2144 1714 2185 quia
1732 2153 1855 2177 summe
1872 2145 2032 2179 laudabile
2049 2150 2124 2186 etc.;

1172 2193 1357 2232 dicendum,
1381 2194 1466 2235 quod
1491 2204 1615 2227 summe
1640 2196 1808 2229 laudabilis
1825 2201 1872 2230 est
1888 2198 1993 2230 divina
2011 2199 2130 2241 sapien-

1172 2246 1215 2278 tia
1240 2246 1269 2277 in
1295 2247 1462 2288 operibus,
1486 2257 1549 2279 non
1572 2249 1647 2290 quia
1670 2250 1775 2282 omnia
1798 2255 1872 2282 sunt
1894 2252 2027 2293 optima,
2047 2262 2128 2294 quae
2144 2254 2272 2275 Νῡῑῆῡὼῃῃ·

1173 2299 1245 2331 facit
1269 2299 1304 2330 in
1327 2309 1379 2338 se,
1404 2300 1459 2332 sed
1477 2300 1510 2331 iu
1528 2301 1653 2333 ordine.
1672 2302 1757 2335 Unde
1774 2303 1848 2335 dicit
1864 2304 2071 2346 Augustinus,
2089 2306 2127 2338 de

1175 2352 1285 2384 Libero
1310 2352 1489 2384 Arbitri09:
1516 2353 1545 2385 Si
1570 2354 1642 2395 quis
1665 2355 1809 2396 quaerit:
1835 2366 1934 2398 quare
1958 2358 2042 2390 Deus
2068 2368 2127 2391 606

1175 2406 1246 2438 fecit
1270 2406 1350 2438 (11106
1374 2407 1455 2439 soles
1470 2410 1482 2438 ἶ)
1502 2416 1564 2438 606
1582 2408 1683 2447 videt,
1701 2409 1775 2450 quia
1791 2410 1901 2442 ,fuisset
1918 2412 2126 2453 superfluum.

223 2600 231 2615 ¹
252 2599 313 2625 Cod.
334 2600 351 2624 F
370 2599 517 2631 iudicium,
536 2600 604 2625 idem
625 2600 682 2625 cod.
702 2600 719 2624 F
739 2607 799 2626 cum
824 2601 881 2625 eod.
902 2601 922 2625 11
943 2602 1021 2632 paulo
1040 2602 1104 2626 inse-

154 2643 243 2675 161166,
262 2643 350 2669 verbis
370 2644 545 2675 transpositis,
566 2650 629 2676 erqo
649 2650 711 2669 cum
738 2644 885 2670 secuudum
905 2644 954 2670 hoc
973 2652 1021 2676 pro
1040 2652 1103 2678 erqo

154 2686 300 2713 seczmdum
319 2686 379 2718 hoc,
402 2694 471 2712 cum.

223 2730 233 2746 2’
252 2729 303 2756 Cl'r.
324 2731 349 2755 11.
371 2731 438 2755 Sent.
461 2730 485 2755 (1.
507 2731 548 2755 33.
570 2738 592 2756 a.
613 2731 636 2755 2.
658 2738 682 2762 q.
704 2731 726 2755 rl.
747 2738 801 2763 seq.
831 2746 864 2749 —
883 2732 908 2757 ln
929 2732 979 2758 fine
998 2740 1052 2764 arg.
1074 2740 1103 2758 ex

154 2774 229 2799 codd.
249 2774 266 2798 F
277 2775 298 2799 G
309 2774 345 2799 Ill
359 2774 407 2799 RN
419 2774 439 2799 U
451 2774 471 2798 Y
490 2775 673 2805 supplevimus
692 2774 791 2800 eadem.

223 2818 233 2834 3
254 2819 365 2843 Enarrat.
387 2819 410 2842 in
431 2819 470 2843 ΡΞ.
491 2819 538 2849 50,
564 2818 600 2843 14.
622 2826 645 2843 n.
667 2819 712 2851 l7;
742 2820 767 2844 in
797 2820 864 2845 loan.
894 2821 991 2852 Evang.
1012 2825 1041 2846 tr.
1063 2821 1103 2846 45.

153 2868 178 2886 n.
198 2862 228 2893 9;
247 2862 334 2887 XVlll.
354 2862 386 2887 de
405 2861 459 2886 Civ.
480 2862 539 2893 Dei,
560 2869 582 2887 c.
602 2861 643 2887 47.
663 2862 713 2888 Csr.
727 2866 788 2889 tom.
802 2864 838 2889 111.
852 2871 912 2896 pag.
927 2865 992 2897 515,
1008 2867 1066 2891 6016
1081 2866 1106 2891 2.

153 2905 258 2932 etibid.
278 2905 303 2930 d.
325 2905 365 2930 23.
386 2913 408 2929 a.
430 2907 452 2930 2.
474 2913 498 2937 q.
524 2906 543 2930 i.
594 2925 597 2928 .

224 2948 234 2964 ⁴¹
255 2950 326 2974 Vers.
351 2949 381 2980 7,
408 2948 452 2973 nbi
474 2949 583 2980 Vulgata
609 2949 733 2983 qlori'osis
760 2958 806 2982 pro
830 2951 973 2985 qloriosus.
1000 2967 1033 2970 —
1059 2954 1106 2978 Sex

154 2995 248 3017 aetates
278 2994 380 3023 generis
409 2994 514 3017 humani
544 2993 665 3019 describit
690 2995 807 3026 August„
827 2996 843 3021 1.
869 2996 901 3021 de
929 2997 991 3022 Gen.
1019 3002 1107 3023 contra

155 3036 263 3060 Manich.
284 3043 305 3061 c.
327 3037 367 3060 23.
389 3043 412 3060 6.
435 3036 475 3061 35.
495 3043 576 3069 seqq.,
591 3038 623 3062 ita
644 3041 671 3062 ut
690 3039 773 3069 prima
793 3044 877 3072 aetas,
897 3041 970 3072 quasi
990 3041 1106 3073 infantia,

155 3079 275 3104 tendatur
294 3079 327 3104 ab
347 3079 429 3104 Adam
449 3087 532 3112 usqne
551 3081 583 3105 ad
603 3081 669 3112 Noe,
690 3082 803 3107 secunda
823 3086 945 3116 tanquam
966 3086 1075 3116 pueritia
1095 3092 1108 3109 a

154 3123 207 3147 Noe
232 3130 314 3155 usque
334 3123 367 3148 ad
387 3123 529 3156 Abraham,
550 3125 621 3149 tertia
641 3126 730 3151 similis
755 3127 941 3153 adolescentiae
969 3129 1002 3154 ab
1032 3129 1109 3155 Abra·

155 3166 215 3190 ham
236 3173 320 3198 usque
344 3167 377 3191 ad
398 3167 494 3198 David,
516 3172 605 3200 quarta
632 3169 721 3194 similis
746 3170 871 3196 iuventuti
891 3178 904 3196 a
924 3172 1006 3198 David
1025 3180 1109 3206 usque

156 3209 189 3234 ad
209 3211 460 3242 transmigrationem
482 3212 506 3236 in
523 3211 703 3244 Babyloniam,
724 3215 810 3246 quinta
831 3217 954 3247 tanquam
973 3216 1109 3243 declinatio

156 3260 169 3277 a
190 3254 323 3279 iuventute
348 3255 372 3279 in
399 3258 557 3280 senectutem
583 3255 616 3281 ab
645 3257 692 3281 hac
720 3259 945 3289 transmigratione
970 3267 1053 3293 usque
1076 3261 1109 3286 ad

156 3296 299 3330 Christum,
319 3301 401 3330 sexta,
422 3300 446 3324 in
477 3307 528 3332 qua
552 3303 670 3326 senectus
696 3303 790 3327 veteris
819 3303 929 3328 hominis
954 3308 1074 3337 apparet,
1095 3313 1108 3331 a

156 3340 257 3366 Christo
276 3349 359 3375 usque
379 3343 411 3368 ad
431 3343 556 3369 iudicium
576 3345 632 3369 sive
653 3345 730 3370 tinem
750 3346 848 3372 mundi.

227 3385 237 3401 ⁵
256 3385 318 3411 Cod.
339 3386 356 3410 F
376 3388 518 3419 curarent,
542 3394 591 3413 non
612 3390 688 3420 pauci
708 3389 748 3414 alii
768 3390 844 3416 codd.
863 3393 963 3417 curcul.
985 3393 1110 3424 Superius

1169 2605 1226 2627 ante
1246 2609 1275 2628 eo
1295 2604 1411 2635 tempore
1431 2604 1567 2628 omisimus
1596 2611 1655 2629 cum
1680 2605 1756 2630 codd.
1776 2605 1881 2630 EFtiL
1910 2606 1959 2639 (111
1979 2614 1993 2631 a
2013 2608 2126 2633 secunda

1169 2647 1259 2678 manu)
1279 2646 1367 2672 eliam.

1239 2690 1249 2706 ⁰
1269 2690 1319 2715 Cfr.
1340 2691 1415 2722 Hugo
1435 2698 1448 2715 a
1469 2692 1493 2716 S.
1514 2692 1587 2721 Victa
1609 2693 1624 2717 1.
1645 2693 1676 2717 (le
1696 2694 1808 2719 Sacram.
1830 2702 1855 2727 p.
1877 2696 1936 2721 Vlll.
1957 2704 1978 2721 c.
2007 2698 2030 2721 3.
2057 2700 2081 2722 et
2101 2698 2126 2723 11,

1168 2740 1193 2764 p.
1215 2733 1239 2757 ll.
1261 2741 1281 2758 c.
1307 2734 1326 2758 l.
1348 2734 1412 2759 Vide
1432 2735 1508 2759 etiam
1530 2735 1565 2760 ΙΙΙ.
1586 2736 1654 2760 Seni.
1684 2736 1707 2761 d.
1743 2738 1761 2762 l.
1791 2745 1813 2763 a.
1839 2739 1862 2763 9..
1883 2747 1907 2771 (Ι.
1930 2739 1957 2771 l,
1979 2740 2023 2765 ubi
2044 2741 2127 2766 simile

1169 2784 1224 2808 arg.
1244 2778 1356 2803 occurrit
1375 2777 1407 2803 de
1426 2781 1544 2810 tempore
1560 2780 1741 2805 incarnationis
1760 2781 1860 2806 Christi.
1874 2796 1910 2801 —
1923 2784 2048 2814 Superius
2069 2787 2128 2815 post

1168 2820 1196 2847 iu
1215 2828 1266 2855 quo
1287 2822 1344 2847 eod.
1365 2822 1382 2846 F
1402 2822 1472 2848 addit
1492 2822 1657 2849 adiutorium
1677 2827 1853 2857 quaereretur
1872 2828 1897 2852 et
1915 2827 1941 2852 in
1962 2835 2023 2861 quo.

1240 2866 1251 2882 ⁷
1271 2865 1333 2891 Cod.
1354 2867 1371 2891 Z
1392 2867 1470 2898 legit:
1490 2866 1592 2893 distulit
1610 2875 1694 2902 usque
1713 2869 1750 2895 acl
1768 2871 1870 2903 tempus
1888 2871 1992 2905 qratz'ue
2010 2873 2126 2906 perfecta

1170 2909 1355 2936 Sacrrmteulu.
1374 2910 1492 2936 Instituit
1509 2911 1685 2938 ue'ltilomiuus
1704 2917 1751 2939 etc.
1772 2915 1908 2947 Aliquanto
1935 2918 2057 2948 superius
2077 2924 2125 2949 pro

1171 2952 1274 2979 deberet
1292 2961 1342 2979 606
1364 2955 1439 2985 pauci
1461 2955 1536 2980 codd.
1557 2962 1615 2980 cum
1637 2957 1696 2982 edd.
1717 2957 1846 2984 deberent.

1241 2997 1252 3013 8
1271 2997 1332 3029 Cap.
1358 2998 1394 3022 17.
1415 3005 1438 3023 n.
1460 2998 1505 3024 34:
1526 2999 1557 3024 Ut
1576 3001 1644 3025 enim
1664 3008 1705 3025 ars
1719 3002 1876 3034 medicinae,
1892 3010 1952 3028 611111
1968 3004 2059 3029 eadem
2075 3012 2125 3030 ma-

1172 3044 1230 3066 neat
1249 3049 1334 3074 nequo
1354 3043 1405 3067 ullo
1434 3046 1508 3074 paeto
1536 3044 1590 3075 ipsa
1622 3047 1747 3077 mutetur,
1777 3050 1856 3071 mutat
1878 3050 1962 3072 tamen
1984 3051 2121 3080 praccepta

1172 3086 1367 3118 languentibus,
1398 3089 1457 3119 quia
1484 3088 1614 3113 mutabilis
1642 3092 1680 3114 est
1709 3093 1795 3115 nostra
1823 3091 1961 3123 valetudo,
1982 3093 2015 3116 ita
2036 3093 2124 3117 divina

1172 3130 1349 3163 providentia,
1370 3138 1429 3156 eum
1450 3133 1481 3157 sit
1501 3133 1555 3163 ipsa
1576 3134 1681 3158 omnino
1701 3135 1932 3164 incommutabilisv
1953 3136 2070 3161 mutabili
2091 3140 2127 3161 ta-

1172 3181 1231 3199 men
1252 3180 1383 3200 creaturae
1403 3177 1474 3200 vai-[e
1493 3176 1614 3201 subvenit
1634 3180 1679 3202 ete.
1701 3192 1735 3196 —
1748 3180 1873 3210 Superius
1888 3184 1945 3211 post
1964 3180 1995 3206 de
2015 3181 2124 3207 consilio

1173 3218 1230 3243 cod.
1252 3219 1271 3243 H
1291 3219 1363 3244 addit
1381 3219 1434 3245 sive
1453 3219 1665 3246 incommutabili
1683 3217 1788 3248 iudicio.

1243 3262 1253 3279 9
1272 3263 1340 3288 Libr.
1362 3264 1397 3288 111.
1418 3271 1439 3288 c.
1460 3265 1484 3289 9.
1505 3272 1527 3289 n.
1549 3265 1595 3290 21:
1617 3265 1715 3297 Quodsi
1736 3274 1784 3292 non
1806 3267 1879 3293 dicit:
1899 3269 1958 3293 luna
1979 3276 2028 3294 non
2049 3273 2123 3302 esset,

1173 3306 1219 3331 sed
1239 3307 1342 3338 qualem
1361 3308 1442 3332 solem
1462 3308 1544 3340 videt,
1566 3309 1641 3334 talem
1662 3310 1722 3335 dicit
1741 3311 1827 3336 1116661
1848 3319 1905 3337 esse
1926 3313 2054 3345 debuisse,
2076 3321 2125 3339 non

1173 3350 1301 3382 intelligit,
1323 3351 1383 3376 nihil
1404 3351 1472 3376 alind
1493 3359 1520 3377 se
1548 3352 1633 3378 dicere
1654 3361 1746 3386 quarn:
1773 3362 1823 3380 non
1843 3359 1911 3381 esset
1930 3357 2003 3388 luna,
2024 3357 2070 3382 sed
2089 3365 2126 3382 es·

1173 3397 1229 3419 sent
1249 3394 1316 3419 soles
1337 3395 1396 3420 (ino.
1427 3396 1451 3420 ln
1482 3403 1534 3428 quo
1562 3397 1698 3429 dupliciter
1725 3402 1805 3425 errat:
1836 3400 1906 3432 quod
1933 3408 2020 3426 rernm
2046 3402 2125 3432 perte·
