2483 3882
296 701 372 728 Opinio
387 701 406 721 2.

276 1185 413 1211 Augustinus.

267 1572 413 1599 Hieronymus.

267 1668 411 1689 Cassiodorus.

277 1910 412 1930 Confirmatio

293 1937 396 1962 Magistri.

282 2593 414 2613 Ambrosius.

286 2642 377 2662 Dubium
392 2642 413 2661 Ξ».

424 225 487 256 466

424 311 641 342 sacerdotibus.
671 309 754 346 Quod
784 310 813 338 in
840 308 1061 338 resurrectione
1090 307 1193 336 Lazari
1224 306 1374 343 signatum

424 363 574 394 asserunt,
597 366 687 397 quem
709 358 844 387 Christus
865 357 949 395 prius
971 364 1025 393 per
1047 363 1079 384 se
1095 355 1220 384 interius
1242 354 1375 383 vivitica-

425 409 481 443 vit‚
511 406 618 437 deinde
640 406 720 435 foras
748 405 831 435 exire
855 404 940 433 iussit
962 410 1092 441 cumque
1120 401 1221 432 adbuc
1250 401 1374 438 ligatum

425 455 543 485 solvere.
564 453 715 492 Apostolis
738 451 912 490 praecepit;
942 450 1028 488 quia,
1060 453 1092 479 ut
1119 450 1216 485 aiunt,
1249 449 1313 487 ipse
1336 449 1376 477 in-

426 504 519 533 terius
551 503 681 532 animam
709 509 725 530 a
757 499 884 536 caligine
912 498 1091 536 maculaque
1124 497 1241 536 peccati
1276 505 1376 526 emun-

424 552 487 587 dat,
503 549 712 580 sacerdotibus
736 556 806 577 vero
830 547 912 576 dedit
932 546 1086 576 vinculum
1108 548 1249 575 aeternae
1271 545 1376 574 mortis

423 599 548 629 solvere.

502 646 559 675 Alii
583 653 655 674 vero
679 644 797 680 dicunt,
819 643 914 673 solum
946 644 1054 677 Deum,
1081 650 1139 671 non
1167 640 1376 676 sacerdotem,

426 695 559 724 debitum
576 697 715 723 aeternae
739 692 844 722 mortis
860 692 1024 727 dimittere,
1047 691 1125 720 sicut
1140 694 1168 720 et
1190 690 1320 720 animam
1337 690 1377 718 in-

424 744 516 773 terius
539 751 593 780 per
615 750 646 771 se
670 741 814 776 vivificat3
840 749 894 770 nec
914 744 1012 769 tamen
1028 739 1193 769 diffitentur
1215 738 1377 769 sacerdoti-

423 792 480 821 bus
495 791 635 821 traditam
648 793 826 828 potestatem
843 792 969 827 peccata
984 788 1152 818 dimittendi
1170 792 1198 817 et
1214 787 1376 822 retinendi,

423 839 533 878 quibus
555 839 669 868 (lictum
692 841 748 867 est:
773 838 909 873 Quorum
923 836 1103 866 remiseritis
1124 839 1243 875 peccata
1265 839 1320 865 etc.
1337 835 1378 865 Si-

424 892 475 918 cut
497 888 575 917 enim
598 886 722 916 retinuit
744 885 801 915 sibi
825 888 1002 923 potestatem
1020 885 1176 923 baptismi,
1198 884 1236 914 ita
1260 887 1289 913 et
1310 891 1378 922 poe-

424 937 575 966 nitentiae.
598 936 634 964 Et
662 934 745 970 ideo,
768 935 847 964 sicut
874 934 1000 963 interius
1032 934 1127 971 gratia
1159 941 1213 963 sua
1246 933 1376 962 animam

424 985 586 1019 illuminat,
610 984 648 1013 ita
666 987 695 1012 et
709 983 797 1012 simul
815 982 949 1012 debitum
974 985 1113 1011 aeternae
1129 981 1234 1011 mortis
1252 980 1377 1010 relaxat.

424 1034 492 1072 Ipse
514 1034 591 1062 enim
609 1040 663 1070 per
677 1040 708 1061 se
731 1032 828 1070 ipsum
852 1034 977 1069 peccata
1002 1030 1218 1069 poenitentium
1242 1029 1326 1066 tegit,
1351 1032 1380 1057 et

425 1085 495 1111 tunc
517 1082 602 1119 tegit,
618 1080 739 1118 quando
762 1079 800 1109 ad
817 1087 945 1118 poenam
969 1087 1025 1107 non
1043 1081 1186 1107 reservat..
1209 1077 1292 1106 Tunc
1308 1083 1378 1112 ergo

425 1130 510 1167 tegit,
533 1129 654 1168 quando
678 1128 814 1158 debitum
837 1135 953 1165 poenae
975 1126 1073 1155 solvit.
1092 1125 1175 1160 Quod
1192 1128 1291 1154 autem
1315 1124 1380 1159 ipse

425 1182 519 1216 tegat,
542 1181 646 1216 aperte
669 1177 742 1206 dicit
764 1176 964 1214 Augustinus,
991 1182 1146 1212 exponens
1172 1173 1256 1203 illum
1280 1172 1379 1202 locum

424 1226 532 1256 Psalmi
550 1226 574 1255 ¹:
599 1226 735 1261 Quorum
759 1228 830 1254 lecca
845 1227 916 1253 szmc
934 1227 1072 1262 peccata,
1095 1222 1123 1251 id
1139 1225 1184 1252 est
1212 1225 1380 1260 «cooperta

426 1279 454 1305 et
477 1275 597 1305 abolita.
625 1274 654 1303 Si
683 1274 760 1302 enim
784 1272 859 1302 texit
885 1272 964 1301 Deus
985 1274 1129 1309 peccata.
1156 1270 1251 1300 noluit
1274 1270 1382 1299 adver—

425 1328 502 1359 tere;
524 1324 549 1352 si
575 1323 669 1352 noluit
692 1322 863 1356 advertere,
886 1320 981 1350 noluit
1003 1320 1260 1355 animadvertere,
1284 1319 1313 1348 id
1337 1322 1381 1347 est

425 1372 547 1410 punire,
571 1371 622 1401 sed
647 1371 810 1406 ignoscere.
840 1369 881 1399 lta
904 1377 974 1406 crgo
1001 1368 1074 1397 dicit
1101 1377 1119 1397 a.
1150 1368 1208 1397 Deo
1232 1371 1320 1401 ceeia,
1348 1370 1381 1396 ut

426 1421 506 1450 Deus
530 1428 586 1449 non
610 1418 724 1450 videat.
748 1418 776 1447 id
807 1421 851 1447 est
880 1417 1071 1446 aeternaliter
1100 1416 1246 1454 puniat».
1276 1414 1381 1445 Videre

426 1469 506 1499 enim
528 1467 585 1497 Dei
604 1471 723 1506 peccalo
746 1470 789 1496 est
822 1466 859 1496 ad
892 1474 1019 1504 poenam
1055 1466 1224 1503 imputare3
1248 1468 1381 1493 (avertere

425 1522 526 1547 cautem
547 1515 654 1555 faciem
677 1525 695 1545 a
716 1513 859 1554 pcccatis,
884 1515 941 1544 iioc
964 1517 1008 1543 est
1036 1522 1069 1543 ea
1100 1513 1136 1543 ad
1160 1520 1288 1551 poenam
1322 1520 1379 1541 non

426 1574 591 1596 reservare.
620 1565 691 1594 item
715 1562 954 1601 Hieronymus²z
985 1562 1126 1597 «Quibus
1152 1562 1231 1591 Deus
1258 1561 1381 1590 dimittit

425 1618 565 1653 peccata,
589 1613 672 1650 tegit,
697 1621 732 1642 ne
756 1612 783 1641 in
808 1612 921 1641 iudicio
944 1611 1154 1640 revelentur».
1177 1610 1248 1639 Item
1265 1609 1382 1639 Cassio-

427 1663 537 1692 dorus:
566 1662 647 1697 «Qui
672 1661 775 1698 gravia
798 1660 910 1690 habent
932 1662 1071 1697 peccata,
1094 1658 1160 1688 aliis
1186 1659 1265 1687 Deus
1288 1658 1382 1696 impu-

427 1715 482 1747 tat,
505 1711 570 1741 aliis
593 1718 647 1748 per
670 1709 908 1739 misericordiam
933 1716 991 1737 non
1015 1708 1179 1745 imputat».

506 1759 549 1788 Ex
573 1758 619 1787 bis
642 1762 745 1796 aperte
776 1757 952 1791 ostenditur,
975 1756 1057 1794 quod
1086 1756 1164 1785 Deus
1192 1756 1256 1793 ipse
1282 1754 1382 1793 poeni-

428 1811 537 1837 tentem
560 1806 649 1836 solvit
672 1814 688 1836 a
715 1805 811 1835 debito
830 1814 963 1844 poenae,
987 1808 1015 1834 et
1043 1808 1113 1833 tunc
1134 1803 1237 1838 solvit,
1260 1802 1381 1841 quando

428 1856 509 1885 intus
533 1855 693 1890 illuminat,
718 1853 893 1892 inspirando
916 1861 1018 1882 verani
1039 1852 1140 1881 eordIs
1162 1852 1382 1881 contritionem.

429 1904 481 1934 Cui
497 1904 662 1933 sententiae
683 1903 759 1932 ratio
777 1902 967 1939 suffragatur,
984 1904 1013 1931 et
1029 1901 1223 1930 auctoritates
1247 1903 1385 1929 attestan-

425 1957 483 1983 tur.
507 1952 601 1982 Nemo
624 1952 702 1981 enim
726 1951 763 1981 de
783 1954 908 1989 peccato
933 1958 1002 1979 vere
1018 1950 1246 1988 compungitur,
1270 1948 1383 1978 babens

427 2011 477 2031 cor
499 1999 664 2030 contritum
687 2004 712 2029 oc
734 1998 949 2032 lrumz'lz'almo,
974 1999 1027 2027 nisi
1047 1998 1075 2027 in
1099 1998 1243 2034 caritate,
1260 1997 1310 2034 qui
1334 2005 1383 2026 au-

427 2054 484 2080 tem
502 2049 658 2079 caritatem
682 2047 773 2077 habet
789 2047 897 2084 (lignus
913 2050 957 2076 est
980 2047 1053 2081 vita,
1071 2054 1157 2075 nemo
1175 2049 1273 2075 autem
1293 2046 1382 2075 simul

427 2099 535 2135 dignus
558 2101 602 2127 est
630 2098 689 2126 vita
717 2100 745 2126 et
768 2099 881 2125 morte:
910 2103 966 2124 non
991 2098 1035 2124 est
1057 2095 1147 2131 igitur
1181 2098 1251 2124 tunc
1274 2094 1382 2131 ligatus

427 2147 528 2176 debito
544 2150 684 2175 aeternae
706 2145 819 2174 mortis.
836 2143 938 2174 Filius
958 2144 1036 2173 enim
1054 2142 1118 2172 irae
1141 2143 1230 2172 desiit
1251 2151 1329 2177 esse,
1346 2151 1383 2172 ex

427 2204 487 2234 quo
510 2194 633 2232 (tingere
656 2198 685 2223 et
701 2194 856 2231 poenitere
873 2193 982 2230 coepit.
998 2192 1043 2222 Ex
1067 2195 1137 2221 tunc
1154 2192 1244 2227 igitur
1266 2191 1382 2221 solutus

428 2247 472 2273 est
494 2243 531 2272 ab
556 2243 613 2278 ira,
637 2250 715 2280 quae
738 2250 796 2270 non
820 2245 920 2270 manet
942 2249 1034 2279 super
1056 2240 1139 2269 illum
1163 2240 1213 2278 qui
1238 2240 1335 2269 credit
1354 2240 1382 2269 in

427 2292 592 2327 Christum,
616 2291 667 2320 sed
690 2299 782 2328 super
806 2290 889 2319 illum
913 2289 963 2327 qui
993 2298 1049 2318 non
1074 2288 1177 2318 credit.
1205 2288 1269 2317 Non
1294 2289 1383 2326 igitur

427 2340 619 2379 postmodum
643 2348 698 2377 per
720 2338 925 2372 sacerdotem,
949 2338 997 2367 cui
1022 2337 1190 2369 confitetur.
1212 2336 1250 2366 ab
1273 2337 1316 2365 ira
1339 2345 1384 2366 ae-

429 2393 511 2419 terna
534 2388 690 2421 liberatur,
713 2395 727 2416 a
745 2395 803 2425 qua
828 2387 886 2416 iam
904 2386 1049 2415 liberatus
1071 2389 1113 2415 est
1132 2394 1186 2423 per
1208 2385 1382 2421 Dominum,

428 2447 464 2468 cx
487 2446 547 2476 quo
571 2437 666 2467 dixit:
684 2434 854 2475 confitebor.
878 2435 964 2465 Solus
981 2443 1050 2471 crgo
1074 2435 1153 2464 Deus
1176 2435 1326 2464 bominem
1344 2435 1383 2463 in<

428 2487 520 2516 terius
549 2486 673 2515 inundat
706 2493 720 2514 a
745 2484 863 2514 macula
887 2484 1003 2522 peceati
1028 2487 1056 2512 et
1079 2492 1093 2512 a
1118 2483 1220 2513 debito
1244 2487 1383 2512 aeternae

428 2542 545 2573 poenae
567 2534 674 2569 solvit,
706 2533 756 2571 qui
782 2541 835 2570 per
850 2532 1031 2571 Propiietam
1045 2532 1055 2545 ³
1078 2532 1132 2561 ait:
1156 2532 1218 2569 Eoo
1241 2531 1323 2560 solus
1339 2530 1384 2560 ‹te-

432 2582 475 2612 leo
508 2581 683 2620 iiiiqw'toles
718 2585 744 2609 et
774 2584 893 2619 peccam
928 2579 1044 2618 populi.
1077 2579 1149 2609 Item
1183 2579 1382 2608 Ambrosius:

436 2631 597 2660 «Verbum
632 2630 681 2659 Dei
706 2629 830 2658 dimittit
861 2632 1006 2666 peccata;
1032 2627 1174 2657 sacerdos
1207 2631 1251 2656 est
1284 2627 1381 2656 iudex.

429 2680 577 2709 Sacerdos
607 2678 729 2717 (pridem
757 2677 888 2707 cilicium
919 2686 1006 2707 suum
1030 2677 1167 2711 exbibet,
1197 2676 1249 2706 sed
1274 2676 1384 2705 nullius

429 2728 586 2766 potestatis
621 2728 685 2756 iura
709 2730 829 2756 exercet
852 2739 877 2755 ».
910 2725 1028 2755 tuenti:
1058 2738 1068 2751 υ
1085 2725 1136 2755 lile
1158 2726 1239 2755 solus
1262 2725 1385 2755 dimittit

430 2779 570 2813 peccata,
593 2776 642 2812 qui
668 2775 749 2803 solus
772 2782 826 2812 pro
849 2774 983 2811 peccatis
1006 2774 1115 2802 nostris
1138 2777 1274 2802 mortuus
1298 2777 1341 2802 est
1357 2785 1381 2801 ».

1184 219 1468 251 SENTENTIARUM
1492 219 1560 250 LIB.
1585 219 1632 251 IV.

1440 306 1511 334 Item
1528 305 1725 342 Augustinus:
1754 317 1766 330 «
1780 305 1875 334 Nemo
1891 305 1967 334 tollit
1988 308 2112 343 peccata
2129 306 2185 335 nisi
2201 305 2282 335 solus
2296 306 2389 343 Deus,
2400 313 2483 345 August..

1441 354 1491 392 qui
1515 356 1559 382 est
1579 357 1681 390 Agnus
1704 352 1809 382 tollens
1831 356 1957 391 peccata
1984 353 2107 390 mundi;
2131 353 2207 383 tollit
2239 358 2338 384 autem
2363 359 2391 385 et

1440 401 1618 430 dimittendo
1651 409 1730 439 quae
1761 401 1839 430 facta
1865 404 1949 437 sunt,
1972 405 2001 431 et
2023 401 2211 437 adiuvando,
2234 410 2270 432 ne
2302 402 2388 439 fiant,

1441 453 1469 478 ct
1491 448 1686 487 perducendo
1719 448 1755 478 ad
1781 449 1885 484 vitam,
1918 449 1968 478 ubi
2002 449 2124 479 omnino
2146 449 2209 479 fieri
2241 458 2299 479 non
2327 459 2392 488 pos-

1440 501 1552 527 sunt».
1573 514 1613 518 —
1639 497 1691 526 His
1722 497 1851 535 aliisque
1873 497 2012 535 pluribus
2046 498 2223 527 testimoniis
2255 498 2391 535 docetur,

1440 545 1534 575 Deum
1560 545 1656 575 solum
1690 553 1744 583 per
1765 553 1797 575 se
1829 549 1955 583 peccata
1988 545 2158 580 (limittere;
2191 549 2220 575 et
2251 546 2330 576 sicut
2352 547 2392 576 di-

1440 594 1531 623 mittit
1556 593 1758 633 quibusdam,
1782 594 1821 623 ita
1851 598 1880 624 et
1901 594 2028 624 aliorum
2052 594 2241 633 quorundam
2268 599 2393 633 peccata

1440 642 1557 672 retinet.

1855 739 1922 768 CAP.
1946 739 1980 768 V.
2474 744 2477 766 t

1565 835 1718 871 Quomodo
1740 834 1905 865 sacerdotes
1926 833 2085 864 dimittunt
2104 838 2275 874 peccatum,

1812 884 1862 913 vel
1886 882 2025 913 retinent.

1523 980 1585 1010 Nec
1608 980 1675 1009 ideo
1699 983 1797 1009 tamen
1820 988 1978 1017 negamus,
1999 980 2207 1010 sacerdotibus
2222 987 2395 1010 concessam

1444 1032 1623 1067 potestatem
1646 1028 1815 1058 dimittendi
1839 1033 1868 1058 et
1897 1028 2045 1058 retinendi
2076 1032 2214 1066 peccata,
2245 1036 2313 1058 cum
2340 1028 2397 1058 hoc
2477 1035 2478 1051 l

1443 1078 1562 1107 Veritas
1584 1078 1612 1106 in
1645 1077 1807 1115 Evangelio
1831 1080 1935 1115 aperte
1957 1077 2072 1106 doceat.
2089 1077 2163 1106 Hinc
2185 1076 2368 1114 Augustinus
2386 1076 2483 1114 ⁵Augusl.

1445 1126 1504 1155 ait:
1533 1139 1545 1151 (ι
1565 1125 1719 1155 Ecclesiae
1748 1126 1873 1161 caritas,
1900 1124 1981 1163 quac'
2003 1134 2056 1163 per
2078 1124 2229 1164 Spiritum
2260 1129 2397 1154 sanctum
2411 1134 2483 1159 nubiut

1444 1173 1633 1213 diffitendum
1648 1173 1681 1203 m
1697 1173 1854 1208 cordibus,
1869 1182 1973 1203 eorum
1997 1174 2047 1212 qui
2067 1174 2230 1211 participes
2253 1173 2297 1202 sui
2314 1177 2396 1209 sunt,

1445 1225 1569 1261 peccata
1593 1222 1734 1257 dimittit,
1757 1230 1860 1251 eorum
1884 1222 1935 1260 qui
1959 1230 2016 1251 non
2043 1225 2130 1256 sunt,
2154 1225 2273 1251 tenet».
2297 1221 2396 1250 Idem:

1451 1271 1653 1301 «Sacerdotes
1670 1274 1795 1308 possunt
1810 1270 2022 1300 confitentibus
2038 1278 2177 1308 parcere,
2194 1269 2303 1308 quibus
2320 1269 2396 1298 enim

1446 1320 1615 1354 remittunt,
1632 1319 1755 1349 remittit
1777 1320 1864 1348 Deus.
1881 1319 2027 1348 Lazarum
2052 1319 2129 1347 enin]
2147 1318 2183 1348 (lc
2205 1321 2397 1348 monumento

1445 1369 1620 1398 suscitatum
1645 1368 1752 1397 obtulit
1767 1367 1926 1405 discipulis
1941 1366 2133 1401 solvendum,
2158 1375 2211 1404 per
2231 1367 2289 1396 boc
2305 1370 2399 1395 osten-

1445 1416 1534 1453 dens,
1556 1419 1735 1454 potestatem
1759 1415 1893 1445 solvendi
1917 1423 2092 1444 concessam
2116 1414 2333 1444 sacerdotibus.
2354 1414 2398 1443 Di-

1445 1465 1488 1494 xit
1520 1465 1618 1494 enim:
1645 1463 1857 1502 Quodcmnqzoe
1885 1462 2036 1493 solveritis
2068 1472 2160 1501 super
2187 1467 2319 1497 terream,
2344 1461 2400 1491 erit

1445 1513 1578 1543 solutum
1601 1517 1626 1542 ec
1648 1512 1682 1542 in
1704 1513 1783 1542 coelo
1807 1516 1872 1547 etc„
1896 1512 1953 1541 hoc
1976 1516 2036 1547 est,
2060 1520 2113 1548 ego
2147 1512 2224 1541 Deus
2247 1515 2275 1540 et
2297 1519 2399 1541 omnes

1446 1562 1584 1592 caelestis
1605 1563 1709 1592 curiae
1724 1561 1845 1591 ordines
1868 1565 1897 1591 et
1919 1569 2022 1590 omnes
2044 1561 2143 1590 Sancti
2167 1561 2195 1589 in
2218 1560 2310 1598 gloria
2334 1568 2399 1590 mea

1446 1611 1569 1641 laudant
1592 1610 1747 1640 vobiscum
1770 1614 1799 1639 et
1814 1609 1992 1639 confirmant
2015 1618 2090 1647 quos
2114 1608 2214 1648 [ieritis
2230 1613 2257 1638 et
2273 1607 2398 1638 solvitis.

1445 1660 1510 1689 Non
1534 1659 1628 1689 dixit:
1652 1668 1728 1697 quos
1742 1658 1856 1698 putatis
1879 1658 1973 1696 ligare
1995 1662 2023 1687 et
2038 1658 2174 1693 solvere,
2197 1657 2263 1694 sed,
2280 1658 2307 1686 in
2325 1665 2399 1696 quos

1446 1708 1595 1737 exercetis
1612 1716 1688 1745 opus
1711 1708 1842 1736 iustitiae
1859 1707 1904 1736 vel
1922 1706 2158 1736 misericordiae.
2182 1706 2276 1735 Aliter
2301 1709 2399 1735 autem

1447 1757 1493 1785 vel
1517 1756 1573 1786 alia
1598 1764 1689 1794 opera
1726 1759 1824 1785 vestra
1848 1756 1875 1784 in
1909 1758 2086 1793 peccatores
2119 1763 2175 1784 non
2208 1762 2357 1792 cognosco
2372 1766 2398 1783 ».

1446 1805 1526 1834 Idem
1543 1804 1572 1833 G:
1603 1817 1614 1829 α
1631 1804 1703 1833 Cum
1738 1804 1887 1833 veraciter
1919 1804 1956 1833 ad
1980 1804 2073 1832 Deum
2107 1811 2253 1833 converso
2276 1805 2399 1841 peccata

1447 1852 1647 1888 dimittuntur,
1670 1852 1707 1881 ab
1724 1853 1767 1881 eis
1783 1852 1983 1887 dimittuntur,
2000 1851 2111 1890 quibus
2133 1852 2198 1889 ipsc
2219 1851 2318 1880 veraci
2335 1859 2401 1880 con-

1447 1901 1585 1930 versione
1608 1901 1808 1937 coniungitur.
1832 1900 1962 1938 Spiritus
1984 1903 2105 1929 sanctus
2129 1908 2162 1929 ea
2185 1899 2322 1933 dimittit,
2350 1899 2399 1936 qui

1447 1949 1535 1979 datus
1558 1953 1601 1978 est
1627 1948 1766 1978 omnibus
1788 1948 1906 1978 Sanctis
1921 1948 1977 1977 sibi
2002 1948 2127 1977 caritate
2150 1946 2400 1982 cohaerentibus,

1447 1998 1510 2027 sive
1532 2006 1564 2027 se
1587 1998 1724 2027 noverint
1752 1997 1960 2035 corporaliter,
1983 1997 2047 2026 sive
2069 2005 2135 2025 non.
2160 1996 2303 2026 Similiter
2332 2003 2400 2025 cum

1447 2046 1576 2076 alicuius
1599 2050 1736 2075 tenentur
1768 2049 1913 2084 peccata,
1936 2045 1974 2074 ab
2007 2045 2049 2074 eis
2073 2048 2219 2079 tenentur,
2253 2053 2269 2074 a
2292 2044 2401 2082 quibus

1448 2095 1496 2124 ille
1523 2094 1624 2124 cordis
1652 2094 1803 2132 pravitate
1835 2094 2016 2130 disiungitur
2042 2094 2104 2122 sive
2132 2093 2208 2122 notis
2240 2093 2401 2130 corporali-

1449 2146 1505 2178 ter,
1528 2143 1591 2172 sive
1615 2143 1764 2180 ignotis».
1794 2142 1929 2171 «Omnes
1952 2141 2021 2171 mali
2048 2141 2245 2179 spiritualiter
2270 2149 2285 2170 a
2317 2141 2401 2170 bonis
2481 2169 2483 2185 A

1447 2192 1575 2221 seiuncti
1597 2194 1667 2220 sunt
1682 2204 1708 2219 ».
1724 2208 1763 2212 —
1788 2191 1867 2220 Ecce
1889 2191 1939 2219 hic
1962 2190 2051 2224 dicit,
2074 2193 2197 2227 peccata
2223 2189 2330 2218 dimitti
2355 2190 2399 2219 vel
2481 2190 2483 2219 1

1449 2240 1541 2269 teneri
1560 2248 1575 2269 a
1593 2239 1664 2268 viris
1680 2239 1807 2273 sanctis,
1829 2242 1857 2268 et
1878 2242 1974 2267 tamen
1998 2238 2141 2276 Spiritum
2159 2241 2294 2268 sanctum
2311 2245 2344 2266 ea
2360 2237 2400 2266 di-

1449 2288 1567 2317 mittere
1589 2287 1671 2316 dicit.
1694 2287 1729 2316 Et
1762 2286 1841 2325 quod
1866 2286 1973 2315 maiori
2007 2285 2249 2315 consideratione
2279 2284 2399 2323 dignum
2482 2279 2483 2322 1

1449 2340 1506 2371 est,
1530 2336 1608 2365 idem
1633 2336 1720 2365 etiam
1738 2335 1824 2371 dicit,
1847 2335 1926 2373 quod
1951 2335 2029 2364 Deus
2045 2342 2099 2372 per
2121 2342 2171 2369 se,
2195 2333 2240 2363 vel
2265 2341 2319 2371 per
2333 2332 2402 2362 San-
2482 2349 2483 2383 1

1448 2389 1512 2414 ctos
1544 2392 1615 2414 suos
1649 2387 1761 2413 tantuin
1796 2386 1920 2421 peccata
1957 2382 2088 2412 dimittit.
2122 2382 2169 2412 Ait
2202 2382 2279 2411 enim
2313 2381 2483 2419 sic⁷:1›,ugus¹

1455 2433 1712 2462 «Socramentmn
1745 2432 1858 2469 gratiae
1891 2431 1942 2460 (lat
1974 2431 2053 2460 Deus
2086 2431 2174 2460 etiam
2208 2438 2262 2468 per
2288 2429 2400 2465 malos,
2482 2426 2483 2430 ’

1450 2481 1545 2519 ipsam
1569 2488 1639 2509 vero
1667 2479 1800 2519 yrcitz'oxnz
1823 2487 1880 2508 non
1910 2479 1965 2508 nisi
1989 2487 2043 2516 per
2072 2487 2103 2508 se
2126 2479 2240 2516 ipsum,
2271 2477 2318 2507 vei
2349 2485 2400 2515 per

1450 2529 1575 2559 Sanctos
1597 2537 1676 2558 suos.
1700 2529 1735 2557 Et
1753 2528 1819 2557 ideo
1842 2528 2261 2565 remissionempeccatorum
2286 2525 2330 2555 vel
2347 2534 2400 2564 per
2482 2519 2483 2549 1

1448 2586 1480 2608 se
1502 2579 1600 2616 ipsum
1624 2578 1709 2612 facit,
1727 2577 1771 2606 vel
1795 2585 1848 2614 per
1873 2577 1967 2614 ipsius
1989 2575 2148 2605 columbae
2171 2574 2322 2610 membra,
2339 2574 2400 2613 qui-

1449 2626 1505 2656 bus
1539 2626 1598 2655 ait:
1622 2625 1659 2655 Si
1687 2625 1738 2655 cui
1768 2624 1964 2658 dimiseritis,
1987 2623 2218 2653 dimittentur».
2243 2640 2283 2645 -—
2309 2624 2399 2658 Ecce,
2482 2656 2483 2662 1

1448 2683 1538 2713 quam
1564 2675 1644 2703 varia
1676 2683 1692 2703 a
1715 2673 1890 2703 doctoribus
1921 2672 2078 2702 traduntur
2101 2681 2192 2710 super
2222 2672 2287 2709 his,
2317 2675 2345 2701 et
2374 2671 2402 2700 in
2482 2670 2483 2722 1

1448 2724 1506 2753 hac
1530 2726 1610 2752 tanta
1634 2722 1798 2756 varietate,
1821 2720 1892 2759 quid
1919 2720 2103 2749 tenendum?
2126 2720 2188 2749 Hoc
2208 2727 2280 2749 sane
2302 2719 2401 2748 dicere
2482 2723 2483 2729 ¹

1449 2780 1484 2801 ac
1506 2771 1617 2801 sentire
1639 2777 1815 2808 possumus,
1833 2768 1912 2806 quod
1937 2768 2018 2798 solus
2042 2769 2118 2797 Deus
2134 2768 2256 2797 dimittit.
2278 2770 2401 2806 peecata

502 2971 509 2986 ¹
532 2971 624 2995 l'saln).
647 2971 693 3000 31,
719 2971 743 3001 1;
766 2971 878 2995 Enarrnt.
899 2971 922 2994 2.
943 2977 966 2993 n.
983 2971 1011 2999 n;
1033 2970 1077 2993 cl'r.
1098 2970 1210 2993 Enarrat.
1232 2970 1255 2993 in
1278 2970 1315 2993 l's.
1336 2969 1383 2999 50,

431 3022 453 3039 n.
480 3014 521 3045 ti,
543 3015 586 3039 ubi
607 3015 766 3045 explicantur
786 3021 853 3046 quae
872 3017 1024 3045 sequuntur.

502 3059 511 3074 2
532 3059 577 3083 llic
597 3059 668 3083 loeus
688 3061 712 3083 et
731 3065 786 3090 seq.
809 3057 953 3082 (lussiodori
969 3060 1025 3081 sunt
1047 3058 1070 3081 in
1086 3057 1176 3081 Glossa
1194 3056 1227 3081 ad
1243 3057 1282 3081 Ps.
1304 3057 1345 3086 31,
1361 3057 1383 3080 2.

502 3102 513 3117 3
535 3102 589 3126 lsai.
614 3102 658 3133 ta,
681 3102 723 3126 ⁶255.
738 3115 770 3118 —
784 3101 867 3126 Locus
887 3100 1014 3125 Ambrosii
1040 3104 1077 3125 est
1099 3101 1125 3124 ll.
1147 3100 1179 3124 de
1199 3099 1258 3125 Cain
1278 3103 1302 3124 et
1321 3099 1383 3124 Abel

434 3153 454 3170 c.
477 3146 500 3170 i..
523 3153 545 3170 n.
572 3146 614 3175 155,
637 3147 682 3170 sed
705 3146 792 3170 verbis
820 3149 845 3170 et
872 3146 994 3169 sententia
1021 3145 1182 3176 aliquatenus
1202 3144 1326 3175 diversis3
1347 3148 1385 3168 ast

433 3188 592 3213 verbotenus
613 3190 636 3213 in
657 3188 683 3213 C.
703 3188 815 3214 Verbum
837 3188 884 3214 Dei
904 3189 976 3219 (bi),
992 3195 1069 3219 supra
1089 3189 1178 3213 611-
1192 3188 1239 3212 Pro
1253 3188 1290 3212 est
1303 3186 1385 3211 indm·

435 3232 510 3257 codd.
532 3237 555 3257 et
575 3233 643 3259 edd..
660 3235 773 3264 exceptis
788 3233 816 3263 4,
832 3234 858 3262 6,
876 3234 905 3264 S,
924 3234 950 3263 f»,
966 3234 988 3257 el
1002 3232 1096 3263 itidem,
1114 3233 1258 3263 refragante
1278 3238 1384 3256 canone.

505 3275 514 3291 4
535 3277 643 3307 Exposit.
657 3278 679 3301 in
699 3278 795 3308 tivang.
807 3278 890 3302 Lucae.
906 3277 962 3301 libr.
975 3277 1015 3301 Vl.
1030 3284 1052 3301 n.
1069 3277 1122 3301 109.
1136 3290 1168 3293 -
1180 3276 1262 3301 Lot-us
1277 3278 1383 3306 August.

434 3323 471 3344 est
482 3320 496 3344 1.
511 3320 541 3343 de
554 3320 679 3344 l‘eerator.
693 3322 774 3345 merit.
786 3324 809 3346 et
824 3323 982 3351 remissione,
994 3328 1024 3345 ex
1039 3328 1075 3346 ce.
1088 3321 1128 3346 23.
1141 3321 1181 3345 ⁶28.
1197 3321 1237 3345 35).
1250 3321 1384 3350 colle‹:ttis;

434 3364 466 3388 ad
493 3364 604 3389 verbuni
625 3365 648 3388 in
670 3364 696 3388 C.
717 3365 799 3390 Nemo
820 3364 887 3389 tollit
908 3365 1005 3395 (tir),
1027 3365 1058 3389 de
1079 3364 1223 3389 Consecrat.
1244 3363 1269 3388 d.
1290 3363 1313 3388 li.

1518 2967 1529 2984 5
1550 2968 1573 2992 Ιιι
1596 2968 1661 2991 toan.
1683 2967 1779 2997 Evang.
1795 2968 1863 2990 tract.
1884 2966 1938 2989 121.
1958 2972 1981 2989 ιι.
1998 2964 2026 2996 4,
2042 2964 2067 2989 C.
2082 2964 2216 2990 Ecclesiae
2237 2964 2318 2996 (140),
2340 2962 2400 2988 ibid.

1449 3012 1507 3043 Seq.
1529 3011 1600 3035 locus
1624 3012 1662 3035 est
1682 3010 1712 3034 dc
1734 3010 1800 3034 Vera
1821 3013 1845 3034 et
1864 3009 1923 3033 salsa
1952 3009 2045 3033 poenit.
2067 3016 2087 3033 e.
2113 3009 2150 3033 10.
2173 3016 2196 3032 n.
2218 3009 2262 3039 25,
2284 3007 2327 3032 ubi
2354 3012 2399 3037 pro

1449 3055 1566 3081 caelestis
1586 3053 1677 3080 ceti-irie
1699 3054 1774 3078 codd.
1797 3053 1842 3078 DC
1855 3053 1914 3084 DE,
1934 3053 1974 3077 cd.
2000 3053 2005 3077 1
2030 3056 2053 3077 et
2074 3053 2197 3084 originale
2217 3050 2333 3077 caelestis
2353 3049 2400 3074 mi-

1450 3098 1528 3124 litiae.
1549 3098 1644 3123 Deinde
1665 3097 1801 3128 originale,
1825 3097 1880 3121 Vat.
1900 3102 1924 3121 et
1943 3097 1983 3121 ed.
2004 3098 2018 3120 6
2040 3098 2158 3121 omittunt
2177 3095 2218 3121 vel
2236 3095 2299 3121 alio.
2482 3086 2483 3119 1

1520 3143 1530 3159 ⁶
1550 3142 1618 3167 Libr.
1643 3143 1681 3166 Vt.
1702 3142 1734 3166 dc
1754 3142 1884 3172 Baptisnm
1905 3144 1991 3165 contra
2013 3141 2134 3165 Donatist.
2155 3148 2176 3165 c.
2199 3140 2223 3165 li.
2246 3147 2270 3164 n.
2293 3141 2316 3164 6.
2339 3140 2397 3170 Seq.
2482 3129 2483 3172 1

1449 3188 1520 3212 loeus
1541 3187 1601 3211 ibid.
1624 3193 1643 3210 c.
1667 3187 1690 3211 ’3.
1711 3194 1734 3210 ιι.
1755 3186 1779 3210 7.
1799 3200 1832 3203 —
1852 3186 1958 3209 inferius
1978 3192 2025 3216 pro
2046 3184 2129 3209 teneri?
2152 3184 2221 3215 edd,
2243 3186 2347 3214 excepta
2368 3183 2395 3213 l,
2482 3173 2483 3187 ³

1450 3231 1567 3262 retineri,
1591 3230 1779 3261 refragantibus
1799 3230 1874 3254 codd.
2482 3233 2483 3264 1

1520 3274 1607 3299 7lbitl.
1628 3275 1659 3299 V.
1682 3282 1702 3299 c.
1733 3275 1773 3298 ΩΙ,
1799 3281 1821 3297 n.
1852 3274 1897 3303 293
1925 3273 1951 3297 t).
1975 3272 2111 3303 Quomodo
2141 3271 2252 3297 eoertuclit‘
2276 3270 2348 3302 (ir),
2369 3269 2399 3293 de
2482 3273 2483 3304 1

1450 3319 1596 3344 t'lmisecrat.
1618 3319 1643 3343 d.
1666 3319 1692 3349 4,
1715 3319 1757 3343 nbi
1779 3321 1802 3342 et
1822 3325 1901 3349 supra
1932 3317 1998 3342 dicta
2026 3318 2196 3348 reperiuntur.
2218 3315 2313 3341 Citatur
2334 3315 2397 3338 loun.

1451 3363 1496 3394 20,
1518 3363 1558 3387 23.
2482 3354 2483 3394 1
