2483 3882
0 562 2 571 .
14 556 48 578 op-

0 584 30 599 lm.

0 605 44 626 lum.

0 1075 44 1097 ctio.

684 238 777 270 DIST.
803 238 902 271 XXIV.
928 238 957 270 P.
983 238 1003 269 l.
1028 238 1110 270 ART.
1135 238 1167 269 ΙΙ.
1192 237 1344 279 ΩΠΑΕΞΤ.
1369 236 1401 268 ΙΙ.

63 328 200 363 cundum
224 326 296 368 plus
320 330 350 358 et
374 325 478 358 minus
502 325 710 358 ecclesiastica
733 325 834 358 officia
866 329 897 358 et
927 329 1010 368 pote-

64 385 157 415 states
180 378 387 417 distribuere,
411 381 446 410 ut
471 378 606 410 Ecclesia
641 381 769 419 regatur
800 381 830 410 et
854 378 1010 419 dirigatur

63 435 127 467 sine
142 440 249 465 errore
261 431 280 462 ¹.
297 449 340 454 —
357 431 391 462 Et
407 430 624 462 concedendae
641 434 715 462 sunt
731 431 866 463 rationes
883 431 921 463 ad
940 431 1008 463 hoc.

152 485 178 516 1.
202 483 245 515 Ad
268 483 348 514 illud
372 491 446 523 ergo
470 482 555 523 quod
579 482 726 514 obiicitur
749 482 788 514 de
812 483 941 520 unitate,
966 483 1010 514 di-

62 537 210 574 cendum,
235 535 319 576 quod
348 534 428 566 sicut
451 534 482 565 in
507 542 638 574 corpore
669 537 776 566 nostro
801 537 848 566 est
872 534 1009 566 conside-

61 598 129 624 rare
152 591 314 626 naturam,
332 595 388 628 per
404 596 500 628 quam
524 590 571 619 est
594 586 708 618 unitas
724 590 755 618 et
779 587 1008 625 convenientia,

61 646 91 675 et
112 645 274 679 naturam,
292 639 466 672 secundum
491 648 586 681 quam
611 642 658 671 est
681 639 847 671 distinctio
872 639 937 671 sive
955 639 1009 671 dif-

59 694 187 728 ferentia
210 711 254 716 -
276 693 378 735 prima
401 696 448 724 est
471 691 665 734 complexio,
691 692 829 724 secunda
852 695 899 724 est
922 701 1009 732 orga-

61 747 170 781 nizatio
193 765 238 770 —
261 746 305 778 sic
336 745 366 777 iu
395 754 544 787 corpore,
573 745 655 786 quod
693 748 740 777 est
774 745 915 777 Ecclesia.
952 745 1008 776 Per

60 803 203 833 naturam
219 798 302 830 enim
320 797 457 830 caritatis
474 806 583 830 omnes
598 797 750 835 unimur,
768 797 822 829 sed
847 806 903 838 per
927 797 1009 829 dona

59 852 117 885 alia
141 851 328 892 gratiarum,
346 859 426 891 quae
451 849 614 891 Apostolus
634 852 799 881 enumerat
823 849 944 890 primae
968 849 1007 881 ad

59 904 231 937 Corinthios
255 903 442 935 duodecimo
456 902 477 941 ²,
495 902 736 944 distinguimur
759 906 790 934 et
811 902 1006 934 ordinamur.

144 958 173 988 2.
199 956 241 987 Ad
267 955 345 987 illud
370 955 455 996 quod
489 954 654 993 obiicitur,
679 954 762 996 quod
788 954 1008 995 unusquisque

59 1018 91 1042 se
114 1009 205 1041 debet
228 1012 376 1049 reputare
402 1007 596 1045 inferiorem,
613 1007 797 1045 dicendum,
815 1007 899 1048 quod
918 1015 1009 1048 repu-

60 1067 124 1095 tare
146 1071 179 1094 se
204 1061 381 1093 inferiorem
417 1064 464 1092 est
498 1060 681 1101 dupliciter:
708 1059 757 1092 vel
790 1063 942 1101 quantum
968 1060 1007 1091 ad

58 1115 141 1148 vitae
164 1114 334 1151 meritum,
360 1113 409 1145 vel
433 1117 587 1155 quantum
612 1113 652 1145 ad
677 1112 830 1155 officium.
848 1113 1007 1153 Quantum

59 1169 97 1201 ad
119 1168 205 1200 vitae
236 1167 410 1204 meritum,
434 1166 508 1207 quia
540 1175 632 1198 nemo
664 1166 739 1205 scit,
764 1166 870 1207 quanti
904 1165 1008 1197 meriti

59 1221 113 1259 sit,
138 1220 181 1252 sic
205 1220 298 1252 debet
322 1228 354 1251 se
380 1222 528 1259 reputare
553 1218 747 1257 inferiorem3
773 1218 828 1250 sed
853 1221 1006 1260 quant-um

59 1274 97 1306 ad
121 1273 263 1316 officium
287 1281 347 1304 non
372 1274 511 1313 oportet,
533 1275 563 1303 et
587 1274 741 1312 quantum
765 1271 804 1303 ad
830 1271 888 1302 hoc
912 1273 1008 1302 atten-

59 1327 142 1359 ditur
166 1325 252 1357 ordo.

145 1378 174 1410 3.
198 1378 241 1410 Ad
266 1378 343 1410 illud
369 1377 452 1419 quod
478 1377 624 1409 obiicitur
654 1377 693 1408 de
718 1376 880 1415 libertate,
906 1376 1009 1408 dicen-

1964 238 2026 269 615

1075 326 1169 365 dum,
1194 325 1278 367 quod
1303 325 1431 357 libertas
1447 324 1525 357 haec
1542 333 1602 356 non
1619 324 1760 356 excludit
1776 323 2021 361 subiectionem,
2039 336 2168 357 Notandum.

1075 387 1146 410 cum
1172 378 1238 419 ipse
1262 377 1426 419 Apostolus
1451 377 1533 409 dicat
1549 377 1588 409 ad
1607 377 1761 409 Hebraeos
1783 377 1893 409 ultimo
1907 376 1934 408 ³:
1956 376 2029 408 Obe-

1075 431 1139 462 dite
1169 430 1371 472 praepositis
1402 429 1520 461 vestris
1555 438 1612 471 per
1648 430 1769 468 omnia3
1794 430 1849 462 sed
1886 429 2028 462 excludit

1075 483 1292 525 iquominiam
1316 482 1503 521 servitutis,
1529 483 1559 514 in
1583 492 1646 524 qua
1671 486 1718 515 est
1741 482 1794 515 ille
1817 483 1871 524 qui
1896 485 1943 514 est
1962 491 2027 514 ser-

1074 545 1135 575 vus
1156 535 1300 576 peccati,
1325 539 1356 568 et
1380 535 1422 567 ita
1455 545 1517 567 non
1553 536 1695 568 excludit
1723 536 1877 568 ordinem.
1902 552 1946 558 ——
1969 535 2025 567 Vel
2040 547 2117 568 Aiaer.

1076 588 1260 627 dicendum,
1284 588 1368 630 quod
1401 588 1453 620 alii
1482 588 1593 620 subiici
1621 592 1668 621 est
1701 588 1884 629 dupliciter,
1909 587 2027 620 scilicet

1075 639 1190 671 timore
1213 643 1244 672 et
1267 649 1389 671 amore.
1414 640 1472 680 Qui
1497 640 1664 672 subiicitur
1687 649 1819 678 amore,
1837 639 1979 671 ambulat
1995 639 2026 671 in

1074 691 1217 724 libertate
1242 692 1395 733 spiritus*
1422 693 1502 724 sicut
1526 692 1627 731 filius3
1652 693 1706 734 qui
1743 701 1783 725 ex
1818 692 1952 730 tunore,
1981 694 2029 724 est

1073 745 1211 785 quodam
1235 745 1328 776 modo
1352 754 1480 784 servus3
1505 749 1535 777 et
1559 746 1589 777 in
1615 745 1703 778 bonis
1727 749 1758 777 et
1783 746 1872 778 iustis
1896 754 1957 777 nou
1982 748 2030 777 est

1073 797 1225 829 subiectio
1259 806 1316 838 per
1352 797 1514 836 timorem,
1540 798 1594 830 sed
1631 807 1687 839 per
1718 807 1877 835 amorem;
1902 801 1933 829 et
1957 797 2028 830 talis

1074 849 1225 882 subiectio
1257 853 1288 881 et
1323 850 1473 890 praelatio
1496 853 1526 882 et
1550 850 1627 882 ordo
1663 851 1693 882 in
1718 850 1806 882 nullo
1831 850 2027 892 praeiudicat

1075 901 1220 934 libertati.

1163 955 1193 986 [ι.
1225 955 1268 986 Ad
1300 954 1379 987 illud
1412 955 1493 996 quod
1529 955 1710 997 quaeritur,
1740 955 1915 988 secundum
1948 963 2028 996 quae

1074 1007 1156 1039 dona
1180 1007 1360 1039 attendatur
1396 1007 1491 1046 ordo;
1516 1007 1703 1047 dicendum,
1733 1008 1815 1050 quod
1853 1008 2027 1040 secundum

1073 1060 1156 1092 dona
1180 1060 1297 1101 gratiae
1319 1060 1430 1102 qratia
1453 1061 1569 1098 datae,
1587 1070 1668 1102 quae
1685 1061 1812 1102 quidem
1830 1065 1876 1093 est
1892 1064 2029 1102 potestas

1074 1113 1113 1144 ad
1138 1112 1264 1153 aliquod
1290 1112 1428 1145 officium
1453 1113 1620 1154 deputata;
1637 1116 1667 1145 et
1684 1107 1723 1145 de
1740 1113 1798 1145 hac
1815 1114 1891 1146 certi
1917 1122 2028 1146 sumus

1074 1165 1262 1197 certitudine
1286 1165 1533 1206 probabilitatis,
1558 1168 1588 1198 et
1613 1166 1689 1198 haec
1706 1169 1767 1198 stat
1790 1169 1820 1198 et
1844 1175 1905 1197 non
1930 1166 2030 1198 varia-

1074 1221 1143 1255 tur,
1168 1218 1261 1250 etiam
1287 1219 1386 1260 gratia
1407 1222 1545 1260 qratiam
1573 1217 1714 1260 faciente
1741 1219 1946 1258 abscedente3
1971 1219 2029 1251 etsi

1073 1271 1155 1302 enim
1181 1271 1281 1312 gratia
1302 1275 1441 1313 qratiam
1464 1270 1592 1314 faciens
1617 1272 1729 1304 reddat
1758 1271 1907 1313 dignum,
1933 1271 2028 1304 talis⁵

1073 1323 1173 1364 gratia
1194 1323 1305 1365 yr‘atis
1330 1324 1410 1356 slata
1446 1324 1576 1357 collocat
1605 1324 1636 1356 iu
1668 1324 1778 1356 ordine
1802 1327 1832 1356 et
1856 1325 1967 1366 gradu.
1994 1325 2028 1357 Et

1072 1377 1116 1408 sic
1141 1380 1225 1418 patet
1249 1380 1358 1409 totum.

893 1523 1189 1564 SOHOLION.

126 1659 141 1683 l.
162 1658 236 1690 Quod
256 1659 280 1682 in
300 1658 409 1682 Ecclesia
430 1657 522 1682 debeat
546 1664 602 1682 esse
627 1656 707 1687 ordo,
731 1660 857 1688 quatenus
882 1656 1009 1687 significat

58 1702 156 1736 qradus
176 1702 323 1733 distinctos,
345 1701 510 1732 disponentes
529 1701 562 1726 ad
582 1704 649 1726 certa
666 1701 804 1725 ministeria
824 1701 1007 1731 ecelesiastica,

57 1747 81 1771 S.
101 1747 197 1771 Bonav.
220 1745 324 1770 duabus
343 1745 485 1770 rationibus
499 1745 696 1775 congruentiae,
712 1751 778 1776 quae
792 1748 892 1768 sumtac
906 1747 964 1768 sunt
978 1750 1008 1767 ex

58 1788 234 1823 pulcritudine
253 1792 278 1813 ct
296 1788 453 1814 rectitudine
473 1789 611 1819 Ecclesiae,
633 1788 739 1819 egregie
760 1787 852 1818 probat
876 1787 931 1818 (cfr.
953 1787 1008 1811 Bre-

57 1834 133 1866 viloq.
154 1841 178 1865 p.
201 1833 240 1858 Vl.
260 1840 282 1858 c.
309 1834 348 1865 12;
370 1840 416 1858 nec
437 1840 487 1857 uon
501 1832 596 1858 Concil.
617 1832 732 1857 Triclent.
749 1832 815 1856 Sess.
838 1831 926 1856 XXlll.
947 1838 968 1856 c.
984 1830 1007 1855 4.

57 1881 81 1903 et
98 1885 152 1902 can.
174 1878 216 1908 2.).

126 1922 161 1946 De
179 1922 197 1946 1.
213 1922 376 1953 quaestione:
392 1922 466 1951 Scot,
482 1921 523 1945 hic
534 1927 557 1952 q.
572 1921 647 1945 unica
658 1927 683 1945 n.
701 1921 723 1944 2.
738 1927 810 1952 seqq.
822 1920 892 1944 ——S.
906 1919 1007 1951 Tuom„

58 1967 97 1991 bic
116 1974 141 1999 q.
164 1967 186 1991 rl.
212 1973 234 1991 a.
260 1967 278 1990 1.
305 1966 464 1998 quaestiunc.
490 1965 514 1990 rl.
543 1966 572 1997 2,
594 1972 618 1997 q.
648 1966 672 1989 2.
694 1972 716 1989 a.
749 1965 769 1989 l.
798 1964 957 1996 quaestiunc.
980 1964 1007 1994 ll;

58 2011 144 2042 Suppl.
166 2018 190 2042 q.
210 2010 250 2034 34.
272 2018 293 2034 a.
320 2010 344 2041 1,
365 2017 389 2041 q.
411 2010 451 2034 37.
473 2016 494 2033 a.
520 2010 540 2034 1.
562 2023 597 2026 ——
617 2009 642 2033 Β.
663 2008 757 2033 Albert.
783 2015 837 2033 rem
860 2008 939 2038 tangit
968 2008 1009 2032 nie

59 2062 80 2079 a.
95 2055 117 2079 2.
137 2054 159 2078 5.
175 2068 208 2071 —
223 2055 286 2079 Deir.
307 2062 318 2078 a
341 2054 407 2082 Tar..
427 2054 467 2078 liic
488 2060 512 2085 q.
532 2054 555 2077 ⁴2.
576 2060 598 2077 a.
619 2053 636 2077 1,
653 2067 685 2070 -
699 2052 819 2077 Ricliard.
840 2059 852 2076 a
873 2051 946 2083 Med„
968 2052 1008 2076 nic

57 2105 81 2123 a.
102 2099 125 2122 3.
144 2105 168 2130 q.
194 2099 212 2122 1.
227 2112 261 2115 -
276 2098 377 2128 Dionys.
398 2097 491 2128 Carth„
512 2097 552 2121 liic
572 2104 595 2128 q.
617 2096 641 2121 5.

127 2142 153 2167 ll.
168 2142 258 2174 Quoad
272 2143 295 2166 ⁶2.
307 2142 484 2173 quaestionem
498 2148 510 2165 a
523 2140 635 2165 Concilio
650 2140 763 2165 Trident.
779 2140 841 2170 (loc.
854 2141 893 2164 cit.
906 2146 961 2164 can.
973 2140 1007 2171 3.)

59 2186 192 2211 damnatur
205 2194 277 2211 error
298 2186 449 2215 dicentium,
468 2195 479 2207 (ι
494 2186 611 2210 ordinem
632 2186 686 2210 sive
700 2192 799 2210 sacram
821 2185 1008 2209 ordinationem

57 2238 106 2255 non
126 2238 182 2255 esse
200 2237 260 2256 vere
280 2234 300 2255 et
321 2230 428 2263 proprie
449 2230 643 2254 Sacramentum
664 2237 676 2253 a
692 2228 792 2254 Christo
812 2229 921 2253 Domino
942 2229 1008 2253 insti-

58 2278 138 2300 tutum
153 2283 181 2307 1›;
202 2282 252 2299 non
273 2278 357 2299 tamen
378 2275 511 2299 definitum
532 2277 582 2303 est,
603 2280 694 2299 omnes
719 2273 837 2304 ordines,
864 2274 940 2297 etiam
960 2272 1010 2298 mi-

58 2325 133 2345 nores
153 2319 247 2344 habere
274 2320 398 2344 rationem
425 2319 596 2349 Sacramenti,
624 2318 695 2350 quod
723 2318 826 2349 plurimi
854 2318 1009 2342 recentiores

60 2367 143 2388 contra
168 2363 306 2395 plerosque
331 2364 450 2395 antiquos
475 2362 551 2387 valde
577 2361 746 2393 probabiliter
766 2365 868 2393 negant.
888 2375 922 2380 --
942 2362 1007 2385 Scot.

61 2407 121 2437 (loc.
142 2408 181 2432 cit.
203 2414 225 2432 n.
247 2408 269 2432 2.
290 2407 357 2439 seq.)
376 2408 462 2438 arguit
487 2409 573 2431 contra
601 2406 775 2431 definitionem
802 2405 911 2436 ordinis,
938 2405 1008 2437 quod

60 2451 90 2475 sit
108 2450 230 2476 ordinata
248 2451 362 2483 potestas
382 2454 443 2482 cte,
465 2457 543 2482 quam
563 2451 604 2475 bic
623 2449 728 2475 exbibet
741 2450 765 2474 S.
786 2450 897 2481 Bonav.;
919 2449 964 2474 sed
984 2450 1009 2473 in

925 2576 1108 2618 QUAESTIO
1125 2576 1158 2607 Il.

1972 1571 2025 1583 *⁰43

1901 1620 1961 1629 samm

1073 1657 1128 1687 ipsa
1149 1663 1175 1681 re
1195 1657 1238 1681 vix
1256 1659 1295 1682 est
1314 1656 1446 1682 dissensus
1467 1656 1528 1688 (cfr.
1550 1657 1614 1682 infra
1633 1664 1656 1688 p.
1677 1657 1703 1682 ll.
1725 1657 1787 1682 dub.
1807 1658 1836 1689 6,
1858 1656 1901 1682 ubi
1921 1657 2030 1688 explica-

1074 1703 1115 1725 tur
1134 1700 1248 1725 definitio
1268 1701 1402 1732 Magistri).

1145 1744 1181 1769 De
1195 1744 1286 1769 eadem
1301 1745 1324 1768 2.
1339 1745 1489 1775 quaestione
1503 1747 1605 1775 practer
1619 1744 1738 1769 Scotum:
1750 1745 1776 1769 S.
1793 1744 1895 1775 Tliom„
1910 1745 1950 1769 liic
1964 1751 1988 1776 q.
2010 1745 2028 1768 l.

1073 1796 1095 1813 a.
1117 1789 1140 1813 i.
1161 1789 1319 1820 quaestiunc.
1335 1789 1361 1819 33
1378 1788 1467 1819 Suppl.
1488 1795 1512 1820 q.
1527 1788 1568 1813 34.
1588 1796 1610 1813 a.
1627 1789 1650 1812 3.
1665 1802 1698 1805 —
1712 1788 1738 1813 B.
1759 1788 1854 1813 Albert.
1874 1795 1930 1812 rem
1951 1789 2031 1819 tangit

1073 1839 1097 1857 a.
1125 1833 1142 1857 l.
1163 1839 1235 1864 seqq.
1257 1846 1291 1850 —
1310 1833 1373 1857 Petr.
1394 1839 1408 1856 a
1429 1833 1498 1864 Tar„
1521 1833 1567 1857 loc.
1582 1833 1622 1857 cit.
1643 1839 1665 1857 a.
1684 1833 1707 1856 2.
1727 1846 1760 1849 —
1779 1832 1898 1856 Ricbard.
1919 1839 1931 1856 n
1953 1832 2027 1863 Med,

1073 1883 1095 1901 a.
1117 1876 1140 1901 3.
1162 1884 1186 1908 q.
1201 1877 1226 1901 2.
1244 1890 1279 1894 —
1294 1876 1415 1908 Durand.‚
1436 1877 1477 1901 bio
1497 1884 1521 1908 q.
1544 1877 1565 1901 il.
1581 1876 1731 1908 —Dionya
1758 1876 1852 1908 Carth„
1875 1876 1907 1901 de
1932 1877 1981 1901 bac
2006 1878 2030 1901 et

1072 1927 1126 1953 seq.
1148 1927 1173 1952 q.
1195 1921 1236 1945 liic
1255 1927 1279 1952 q.
1301 1921 1324 1945 lt.

1146 1965 1181 1989 lli.
1202 1965 1277 1989 Pauci
1297 1965 1320 1989 3.
1338 1965 1515 1996 quaestionem
1537 1967 1657 1995 tractant,
1675 1964 1770 1989 scilicet
1796 1967 1897 1995 praeter
1924 1965 2028 1996 Dionys.

1073 2008 1166 2037 Carta„
1188 2009 1213 2032 B.
1229 2008 1332 2040 Albert„
1348 2009 1388 2033 hic
1408 2015 1430 2033 a.
1451 2008 1497 2039 33;
1513 2009 1576 2033 Petr.
1592 2015 1605 2032 a
1626 2008 1694 2039 Tar„
1709 2008 1756 2033 loc.
1775 2009 1816 2033 cit.
1831 2009 1990 2040 quaestiunc.
2006 2009 2029 2033 2.

1144 2052 1184 2076 lV.
1199 2052 1382 2083 Quaestionem
1395 2051 1417 2076 4.
1429 2059 1489 2077 cum
1503 2052 1557 2076 aliis
1571 2052 1677 2077 resolvit
1687 2052 1711 2076 S.
1727 2052 1820 2076 Tliom.
1833 2052 1884 2083 (liic
1898 2060 1922 2084 q.
1935 2053 1958 2076 2.
1969 2059 1991 2076 a.
2008 2052 2028 2076 l.

1074 2096 1234 2127 quaestiunc.
1258 2096 1279 2120 l.
1300 2095 1333 2120 ad
1353 2097 1381 2126 23
1402 2096 1492 2126 Suppl.
1514 2103 1538 2127 q.
1565 2096 1606 2120 37.
1627 2103 1649 2120 a.
1674 2096 1695 2120 1.
1717 2095 1750 2120 ad
1771 2097 1805 2127 2.)
1832 2095 1925 2120 eodem
1951 2095 2030 2120 modo

1074 2141 1166 2172 bisque
1183 2139 1287 2164 verbis:
1304 2140 1456 2165 «Distinctio
1476 2140 1597 2164 ordinum
1618 2147 1668 2164 non
1688 2143 1726 2164 cst
1745 2139 1825 2165 totius
1844 2138 1983 2172 inteqralis
2005 2140 2029 2163 in

1075 2187 1175 2215 partes,
1198 2191 1281 2216 neque
1301 2183 1381 2209 tocius
1401 2183 1579 2215 uniuersalis,
1602 2183 1647 2208 sed
1672 2183 1751 2208 totius
1769 2183 1932 2216 potestativi,
1956 2184 2030 2208 cuius

1074 2229 1137 2253 baec
1151 2231 1189 2253 est
1203 2232 1306 2259 natura,
1322 2228 1392 2260 quod
1406 2231 1487 2253 totum
1506 2227 1651 2252 secundum
1672 2227 1827 2258 completam
1847 2228 1971 2252 rationem
1991 2230 2030 2253 est

1073 2273 1098 2296 in
1113 2279 1172 2303 uuo,
1184 2273 1208 2296 in
1220 2272 1274 2296 aliis
1288 2275 1374 2296 autem
1388 2274 1426 2296 est
1439 2272 1524 2304 aliqua
1538 2272 1699 2303 participatio
1713 2272 1808 2303 ipsius;
1820 2275 1844 2297 et
1857 2272 1890 2296 ita
1904 2276 1941 2297 est
1956 2273 2028 2297 hic».

1144 2316 1180 2340 De
1201 2315 1223 2340 4.
1245 2316 1408 2347 quaestione:
1429 2316 1504 2345 scot„
1525 2315 1572 2340 loc.
1594 2316 1633 2340 cit.
1654 2322 1679 2340 n.
1706 2316 1743 2340 10.
1767 2315 1808 2340 tt.
1825 2329 1859 2332 —
1878 2315 1904 2339 B.
1925 2315 2028 2347 Albert.‚

1074 2361 1115 2384 hic
1133 2366 1155 2384 a.
1177 2359 1229 2384 2-4.
1250 2374 1284 2377 —
1301 2360 1365 2384 petr.
1385 2366 1399 2384 a
1420 2359 1488 2390 Tar„
1509 2359 1557 2384 loc.
1580 2360 1619 2383 cit.
1640 2360 1799 2391 quaestiunc.
1821 2359 1845 2383 3.
1862 2373 1895 2376 ——
1908 2359 2028 2383 Ricliurd.

1073 2412 1087 2429 a
1113 2404 1186 2435 Med,
1207 2405 1248 2429 hic
1266 2411 1289 2429 a.
1311 2404 1334 2428 3.
1355 2411 1379 2436 q.
1400 2405 1423 2428 2,
1450 2403 1483 2428 ad
1503 2404 1526 2428 3.
1547 2418 1581 2420 —
1601 2403 1722 2435 Durand.⁷
1743 2404 1783 2429 liic
1808 2411 1834 2435 q.
1862 2404 1885 2428 2.
1906 2410 1929 2428 n.
1951 2404 1974 2428 9.
1995 2417 2028 2421 -—

1073 2448 1177 2479 Dionys.
1198 2446 1294 2479 Carth.,
1315 2448 1356 2472 hic
1376 2455 1400 2480 q.
1422 2448 1445 2473 5.

756 2688 873 2719 Utrum
898 2687 978 2719 ordo
1002 2687 1046 2718 sic
1070 2687 1334 2719 Sacrcmzentmn.

147 2814 288 2846 Secundo
313 2814 491 2855 quaeritur,
516 2817 623 2844 utrum
650 2812 727 2844 ordo
760 2812 799 2844 sit
831 2812 1010 2844 Sacramen-

58 2869 137 2898 tum.
164 2867 196 2898 Et
220 2867 303 2908 quod
329 2867 390 2905 sic,
415 2866 608 2898 ostenditur:

150 2921 176 2951 1.
200 2920 257 2951 Per
281 2919 466 2951 divisionem
484 2919 757 2951 Sacramentorum
770 2943 777 2956 ‚
794 2926 874 2959 quae
891 2926 1010 2959 ponun-

1074 2814 1126 2842 tur
1150 2819 1217 2842 esse
1242 2814 1379 2851 septem,
1404 2810 1484 2842 inter
1508 2818 1589 2851 quae
1613 2813 1643 2841 et
1667 2810 1745 2842 ordo
1769 2814 2189 2849 connumeraturffiundamem

1074 2872 1154 2905 quae
1179 2863 1289 2895 divisio
1315 2872 1411 2904 supra
1435 2863 1540 2894 habita
1558 2867 1620 2902 est,
1639 2863 1835 2895 distinctione
1853 2863 1991 2895 secunda
2006 2863 2027 2895 ⁵.

1163 2918 1191 2948 Q.
1218 2917 1306 2955 Item,
1330 2916 1361 2947 in
1382 2916 1521 2948 Ecclesia
1545 2919 1591 2948 est
1615 2916 1758 2948 ordinata
1774 2920 1928 2957 potestas,
1946 2925 2026 2958 quae

132 3094 140 3110 ¹
160 3095 227 3120 Haec
246 3097 309 3121 ratio
328 3097 471 3121 insinuatur
490 3097 515 3120 in
535 3095 561 3121 C.
582 3095 623 3121 Act
642 3094 690 3121 hoc
714 3094 917 3127 dispensationis
937 3095 1007 3127 (7.)‚

65 3137 88 3162 d.
109 3138 147 3163 89.
168 3138 217 3164 Csr.
237 3141 312 3164 etiam
335 3140 416 3171 Plato,
445 3140 494 3164 Vll.
517 3139 548 3164 de
569 3139 698 3170 Legibus,
720 3138 763 3163 ubi
785 3139 874 3169 docety
889 3139 1011 3170 reipubli-

61 3188 108 3206 cae
134 3184 242 3207 maxima
268 3185 407 3215 provenire
427 3183 493 3208 bona
520 3190 550 3207 ex
569 3183 676 3213 ordine,
703 3183 842 3207 maximam
868 3189 931 3207 vero
957 3189 1011 3213 per-

64 3225 219 3251 tubationem
239 3227 369 3259 accidere,
392 3229 411 3252 si
432 3227 516 3252 nullus
536 3227 601 3251 adsit
620 3226 684 3251 ordo
704 3226 764 3258 (ed.
786 3226 887 3250 Serran.
908 3229 968 3250 tom.
984 3226 1010 3251 ll.

65 3276 123 3301 pag.
143 3270 212 3303 780).

134 3312 144 3328 ²
164 3315 235 3339 Vers.
257 3315 278 3339 4.
298 3322 372 3347 seqq.
394 3330 428 3333 —
448 3315 495 3340 l‘ro
514 3314 569 3339 alia
588 3313 646 3338 cod.
667 3313 685 3337 L
706 3312 833 3338 aliarum.

134 3356 145 3373 ³
164 3358 236 3383 Vers.
258 3359 296 3384 17.
317 3359 402 3384 Verba
427 3366 474 3392 per
494 3358 583 3384 omnia
602 3361 686 3383 sumta
706 3362 764 3383 sunt
784 3365 813 3383 cx
839 3357 891 3382 Col.
913 3359 942 3389 3,
963 3359 1009 3383 20:

1075 3095 1127 3119 Filii
1154 3094 1256 3119 obedite
1281 3092 1431 3125 parentibus
1451 3100 1497 3124 per
1522 3093 1616 3117 omnia.
1638 3091 1687 3117 Csr.
1708 3092 1769 3117 ibid.
1791 3099 1815 3116 v.
1843 3093 1883 3117 22.
1905 3106 1940 3110 —
1963 3092 2026 3118 Sub-

1075 3138 1135 3163 inde
1163 3139 1298 3169 respicitur
1327 3138 1392 3162 loan.
1419 3137 1447 3167 8,
1468 3136 1520 3161 34:
1547 3137 1595 3168 Qui
1621 3137 1678 3162 tacit
1706 3140 1841 3167 peccatum
1871 3143 1963 3161 servus
1988 3138 2026 3161 est

1075 3183 1180 3214 pcccati.
1201 3182 1250 3207 Csr.
1270 3182 1344 3206 Rom.
1365 3182 1393 3211 6,
1417 3181 1456 3205 16.
1476 3188 1549 3213 seqq.
1569 3184 1593 3205 et
1616 3181 1641 3205 ll.
1663 3181 1726 3205 Petr.
1747 3182 1775 3211 2,
1798 3182 1836 3206 te.

1146 3225 1155 3242 ⁴
1176 3227 1252 3257 Epist.
1279 3226 1304 3250 lt.
1331 3224 1387 3250 Cor.
1409 3225 1438 3256 3,
1463 3225 1508 3249 17:
1534 3225 1581 3250 Ubi
1608 3228 1693 3250 autem
1719 3226 1824 3256 spiritus
1850 3225 1965 3257 Domini,
1989 3225 2025 3251 ibi

1075 3269 1187 3294 libertas.

1146 3313 1157 3329 ⁵
1175 3312 1237 3338 Cod.
1257 3313 1274 3336 L
1296 3312 1329 3343 (F
1343 3319 1355 3337 a
1376 3311 1488 3337 secunda
1509 3312 1606 3344 mauu)
1627 3313 1722 3338 [anien.

1144 3357 1155 3373 6
1175 3358 1225 3381 Art.
1251 3357 1270 3381 1.
1291 3363 1315 3388 q.
1336 3356 1359 3381 3.
1379 3360 1403 3381 et
1424 3356 1484 3381 dub.
1510 3356 1529 3381 l.
