2483 3882
327 2122 457 2143 Notandum.

480 251 543 281 76⁶2

479 338 566 376 licet,
591 347 662 370 cum
688 337 861 379 perdiderit
886 338 953 375 ius,
978 337 1165 375 dicendum,
1190 338 1273 378 quod
1292 347 1353 369 non
1378 338 1430 369 ha-

479 391 531 423 bet
554 391 602 422 ius
632 389 809 431 repetendi,
843 393 1007 431 postquam
1042 390 1229 431 repudiavit.
1262 390 1291 422 Si
1324 394 1429 423 tamen

478 452 561 475 uxor
586 443 676 478 velit,
702 442 740 474 de
765 442 833 474 eius
858 442 1019 474 voluntate
1036 446 1065 474 et
1082 451 1236 475 consensu
1260 447 1362 485 potest
1379 444 1431 476 ite-

478 504 549 527 rum
575 495 656 526 licite
681 494 758 526 [ieri.
986 506 989 508 ·

565 549 594 579 [ι.
619 548 660 579 Ad
688 547 765 579 illud
791 548 875 589 quod
901 547 1064 587 obiicitur,
1089 548 1173 589 quod
1198 549 1351 581 sententia
1368 549 1430 581 lata

477 600 651 632 secundum
684 600 783 641 legem
818 609 878 632 non
911 604 957 633 est
989 601 1209 640 retractanda,
1242 601 1429 640 dicendum,

1238 251 1522 284 SENTENTIARUM
1548 251 1614 283 LIB.
1640 252 1687 284 lV.

1493 339 1577 380 quod
1610 339 1661 371 lex
1695 341 1848 382 quaedam
1878 342 2059 383 praecipit,
2091 344 2244 384 quaedam
2275 346 2483 386 permittitur

1494 392 1651 424 Sententia
1665 392 1726 424 lata
1739 394 1914 426 secuudum
1934 394 2033 436 legem
2048 396 2302 437 praecipientem
2317 399 2441 432 omnino

1494 444 1576 476 iusta
1600 448 1646 477 est
1675 449 1705 477 et
1733 447 1932 478 retractanda
1964 456 2024 479 non
2056 452 2122 486 est;
2148 448 2171 480 si
2202 450 2376 482 secundum
2404 451 2442 488 le-

1494 505 1564 538 gem
1585 498 1842 538 permittentem,
1872 508 1944 530 cum
1969 499 2010 531 ibi
2036 500 2075 532 sit
2099 500 2217 542 aliquid
2244 502 2411 536 iniustitiae
2424 504 2441 544 ¹,

1495 558 1560 581 sine
1585 559 1667 581 0111111
1698 555 1824 591 peccato
1850 552 1989 583 revocari
2022 556 2140 594 potest,
2167 555 2261 585 immo
2287 555 2441 589 meritorie

1494 606 1524 634 et
1549 602 1630 634 licite
1642 602 1662 634 ἵ.
1698 602 1701 605 “

1133 753 1243 785 ΒΗΒΙᾹ
1268 753 1373 785 Clam
1398 753 1584 785 LITTERAM
1609 754 1792 786 MAGISTRL

890 895 965 927 DUB.
996 895 1016 926 l.

564 1004 595 1034 ln
620 1006 708 1044 parte
741 1002 800 1034 ista
832 1006 905 1034 sunt
931 1001 1142 1033 dubitationes
1168 1001 1250 1033 circa
1276 1001 1429 1039 litteram,

474 1060 504 1088 et
527 1057 630 1098 primo
662 1055 827 1097 quaeritur
858 1055 897 1087 de
929 1055 988 1086 hoc
1020 1054 1103 1095 quod
1134 1054 1229 1086 dicit:
1256 1054 1429 1085 Maledicta

474 1113 547 1141 erat
569 1108 713 1146 sterilis,
743 1118 827 1151 quae.
854 1117 921 1139 vion
949 1106 1153 1149 relinquebat
1176 1110 1232 1139 etc.
1258 1108 1316 1139 Aut
1345 1107 1427 1139 enim

474 1163 535 1195 hoc
559 1162 745 1203 intelligitur
769 1164 922 1202 quantum
948 1160 986 1192 ad
1013 1159 1264 1192 maledictionem
1290 1169 1427 1201 poenae,

474 1219 530 1247 aut
562 1214 685 1256 calpae.
711 1214 740 1245 Si
766 1217 919 1255 quantum
945 1213 985 1245 ad
1010 1212 1261 1245 maledictionem
1285 1222 1427 1253 poeitae,

474 1269 579 1300 adhuc
602 1277 713 1299 verum
733 1270 779 1299 est
797 1266 892 1305 illud,
911 1265 995 1307 quod
1021 1265 1168 1297 sterilitas
1193 1274 1254 1297 non
1280 1265 1354 1297 dicit
1378 1275 1429 1297 na-

473 1326 596 1359 turam,
633 1321 687 1353 sed
721 1320 877 1352 defectum
912 1323 941 1351 et
974 1319 1111 1357 malum,
1144 1322 1173 1350 et
1206 1327 1266 1350 non
1299 1318 1428 1360 culpae,

473 1384 548 1416 ergo
579 1382 706 1416 poenae.
740 1373 770 1404 Si
802 1372 1053 1404 maledictionem
1087 1371 1224 1413 culpae.-
1257 1380 1332 1412 ergo
1360 1380 1429 1403 esse

473 1427 613 1460 sterilem
637 1430 704 1459 erat
729 1426 843 1467 culpa3
868 1425 951 1467 quod
977 1425 1140 1457 manifeste
1165 1424 1278 1457 falsum
1304 1428 1360 1457 est.

562 1481 757 1512 Rnsponnsso:
775 1479 965 1518 Dicendum,
983 1478 1065 1520 quod
1086 1478 1168 1510 istud
1187 1478 1371 1519 intelligitur
1389 1478 1428 1510 de

473 1534 692 1567 maledictione
712 1542 854 1575 poenae,
880 1535 975 1574 prout
1000 1540 1100 1573 poena
1124 1540 1186 1563 non
1210 1535 1331 1563 tantum
1354 1530 1429 1563 dicit

473 1588 629 1620 defectum
655 1590 805 1624 naturae,
831 1586 927 1617 immo
952 1586 1045 1617 etiam
1071 1584 1226 1626 amplius,
1245 1583 1429 1624 scilicetop-

473 1641 638 1683 probrium
665 1640 830 1678 infamiae3
854 1642 928 1670 tunc
954 1638 1036 1670 enim
1062 1642 1130 1670 erat
1154 1637 1278 1669 infamis
1302 1640 1333 1669 et
1357 1637 1428 1669 vilis

472 1693 680 1735 reputabatur
705 1696 734 1725 et
759 1692 981 1733 ignominiosa,
1007 1691 1096 1732 quasi
1114 1690 1277 1722 Dominus
1293 1689 1425 1721 vulvam

473 1746 543 1778 etus
567 1746 777 1778 conclu-sisset
801 1764 844 1768 —
869 1744 1052 1786 exemplum
1085 1747 1131 1776 est
1160 1744 1199 1776 de
1223 1744 1308 1775 Anna.
1333 1743 1426 1784 primi

473 1801 591 1841 Regum
616 1798 743 1840 primo⁵
772 1817 816 1822 —
844 1798 929 1830 unde
961 1798 1084 1830 steriles
1108 1797 1275 1835 mulieres,
1301 1796 1427 1838 quando

475 1862 534 1884 non
551 1852 813 1889 fecundabantur,
832 1850 1033 1892 reputabant,
1052 1850 1110 1882 sibi
1128 1858 1196 1881 esse
1214 1849 1425 1891 ignominiam.

473 1906 552 1947 Quia
577 1914 651 1947 ergo
676 1909 750 1936 tunc
774 1912 883 1936 omnes
907 1903 983 1935 viris
1008 1903 1239 1944 copulabantur
1256 1907 1286 1934 et
1304 1902 1425 1943 prolem

473 1958 684 2000 quaerebant,
701 1960 731 1989 et
749 1957 773 1989 si
791 1966 852 1988 non
877 1956 1053 1995 habebant,
1079 1955 1302 1997 ignominiOsae
1320 1958 1424 1990 erant;

474 2012 543 2044 ideo
568 2020 676 2043 omnes
701 2010 823 2043 steriles
848 2009 1033 2041 maledictae
1058 2012 1164 2047 erant,
1190 2008 1262 2050 quia
1288 2008 1426 2039 fructum

472 2064 591 2097 ventris
622 2073 684 2096 non
716 2063 892 2101 habebant,
917 2071 1011 2104 quem
1036 2061 1114 2093 illud
1141 2065 1265 2102 tempus
1290 2060 1428 2101 require-

473 2118 535 2150 bat.
554 2137 597 2141 —-
613 2117 700 2149 Nunc
724 2120 828 2148 autem
854 2116 1018 2157 quaeritur
1042 2115 1164 2146 fructus
1181 2114 1335 2146 bonorum
1358 2122 1428 2155 ope-

474 2171 586 2209 rum43
611 2171 699 2208 ideo,
724 2169 780 2201 etsi
808 2169 921 2201 mulier
946 2172 1050 2201 careat
1075 2168 1148 2199 filiis
1173 2176 1229 2208 per
1254 2167 1428 2208 vti-qimai,-

475 2229 554 2262 tem,
580 2223 634 2255 ubi
659 2226 705 2255 est
730 2222 878 2254 sterilitas
902 2221 1097 2260 voluntaria,
1122 2230 1183 2252 non
1208 2220 1425 2258 maledicitur,

473 2277 528 2310 sed
554 2277 724 2314 laudatur3
750 2276 774 2308 si
800 2285 875 2308 vero
900 2278 1004 2307 careat
1029 2277 1158 2316 propter
1187 2272 1346 2315 defectum
1371 2282 1428 2304 mt-

475 2330 636 2369 taralem,
661 2339 721 2361 non
748 2328 964 2367 maledicitur,
990 2328 1043 2360 sed
1069 2327 1263 2365 sustinetur,
1288 2326 1426 2358 maxime

473 2385 496 2417 si
522 2393 585 2416 non
609 2388 656 2416 est
680 2383 710 2415 iu
736 2391 772 2414 ea
797 2381 944 2415 sterilitas
968 2381 1124 2413 bonorum
1149 2388 1292 2421 operum.

882 2488 957 2519 Duss.
982 2487 1015 2518 11.

561 2595 636 2627 Item
663 2593 828 2636 quaeritur
852 2593 890 2625 de
915 2594 973 2625 hoc
995 2593 1079 2634 quod
1098 2592 1172 2624 dicit
1190 2592 1371 2623 Ambrosius
1389 2591 1427 2623 de

475 2649 601 2681 filiabus
626 2648 721 2686 Loth,
747 2647 830 2688 quod
853 2646 980 2688 publice?
1006 2646 1156 2677 numeris
1178 2645 1294 2686 pyreum
1315 2645 1429 2685 priva-

476 2706 543 2733 tam
569 2700 701 2742 eulpam
725 2700 898 2741 praeterit.
922 2699 1054 2731 Videtur
1080 2699 1160 2730 enim
1179 2698 1293 2730 salsum
1313 2698 1427 2733 dicere,

475 2755 566 2796 quia,
592 2754 615 2786 si
641 2754 712 2795 quis
736 2754 877 2791 furetur,
902 2756 937 2783 ut
959 2752 1011 2784 det
1028 2751 1239 2793 pauperibus,
1256 2760 1316 2782 nou
1335 2759 1429 2782 excu-
1459 2768 1460 2772 =

475 2811 563 2839 satur
588 2815 605 2838 a
630 2810 756 2847 peccato
780 2805 854 2837 furti
871 2817 877 2836 :
896 2815 970 2847 ergo
987 2814 1043 2837 nec
1061 2805 1132 2837 illae
1150 2804 1189 2836 ab
1206 2806 1336 2841 incestu,
1355 2812 1426 2835 cum

474 2869 492 2891 a
523 2863 611 2900 patre
645 2859 785 2900 cognitae
816 2859 941 2890 suerint.
975 2877 1017 2880 —
1053 2858 1125 2889 item
1164 2857 1306 2894 videtur,
1343 2856 1425 2897 quod

476 2912 691 2954 multipliciter
716 2915 942 2953 peccaverunt:
971 2911 1089 2952 primo,
1115 2911 1188 2951 (ilua
1213 2915 1333 2951 patrem
1368 2910 1427 2941 ine-

1495 895 1701 934 briaverunt3
1719 897 1870 935 secunde,
1896 898 1969 939 quia
1993 898 2104 931 ambae
2129 908 2201 931 cum
2226 900 2335 932 eodem
2362 901 2441 940 viro;

1495 949 1603 988 tertio,
1628 950 1702 991 quia
1726 959 1798 982 cum
1823 954 1912 992 patre
1937 960 1993 983 suo
2018 956 2237 992 peccaverunt.

1585 1002 1782 1034 RuspoNonoz
1802 1003 1990 1042 Dicendum,
2007 1004 2091 1045 quod
2109 1005 2253 1045 quamvis
2270 1004 2352 1037 filiae
2368 1006 2443 1038 Loth

1495 1054 1663 1087 videantur
1688 1064 1728 1087 ex
1753 1056 1867 1096 pietate
1893 1060 1994 1088 motae
2011 1057 2125 1095 fuisse,
2143 1057 2216 1099 quia
2241 1067 2300 1089 non
2319 1062 2443 1100 propter

1495 1107 1732 1140 delectationem
1766 1108 1886 1147 carnis,
1923 1109 1977 1141 sed
2014 1113 2141 1151 propter
2178 1111 2442 1144 conservationem

1495 1160 1624 1191 humani
1643 1161 1766 1201 generis
1783 1165 1882 1193 artem
1901 1161 1986 1193 illam
2012 1162 2245 1203 cogitaverunt;
2263 1167 2366 1195 tamen
2384 1173 2442 1196 non
2456 1174 2483 1197 uo

1494 1216 1688 1244 excusantur
1712 1213 1752 1245 ab
1776 1214 1917 1246 incestu:
1943 1215 2017 1256 quia
2034 1214 2168 1247 scienter
2185 1220 2292 1247 contra
2310 1216 2442 1257 primam

1495 1266 1721 1298 institutionem
1746 1267 1954 1305 matrimonii,
1980 1268 2009 1299 in
2035 1277 2097 1309 qua
2125 1268 2330 1309 excipiuntur
2358 1273 2442 1309 pater

1493 1323 1523 1350 et
1540 1324 1640 1351 mater
1655 1319 1683 1357 ⁵,
1702 1320 1866 1352 iacuerunt
1883 1329 1954 1352 cum
1975 1324 2083 1362 patre3
2101 1321 2239 1353 secundo
2263 1329 2355 1357 vero,
2372 1322 2442 1363 quia

1493 1381 1589 1414 super
1614 1372 1724 1405 salsam
1757 1374 2020 1406 existimationem
2047 1374 2239 1406 voluntatem
2265 1383 2355 1406 suam
2380 1375 2443 1407 fun-

1493 1426 1667 1465 daverunt3
1685 1430 1714 1458 et
1738 1426 1826 1465 ideo,
1844 1427 1900 1458 etsi
1926 1427 2100 1467 ignorantia
2124 1430 2153 1458 et
2178 1427 2331 1459 naturalis
2348 1427 2442 1468 pietas

1492 1479 1597 1520 aliquo
1623 1479 1716 1511 modo
1740 1483 1872 1512 excuset
1896 1480 2039 1521 culpam,
2065 1489 2125 1511 non
2145 1484 2246 1511 tamen
2265 1489 2283 1511 a
2300 1484 2372 1519 toto,
2390 1480 2442 1513 sed

1492 1542 1509 1563 a
1534 1535 1641 1571 tanto,
1666 1542 1722 1565 nec
1746 1532 1824 1565 adeo
1849 1537 1997 1571 excusat,
2022 1533 2097 1574 quin
2137 1532 2310 1564 mortaliter
2343 1541 2442 1574 pecca-

1493 1586 1611 1623 verint,
1644 1585 1715 1618 licet
1747 1586 1785 1617 de
1818 1589 1906 1626 patre
1938 1586 2097 1627 praesumi
2129 1586 2243 1627 possit,
2268 1586 2351 1626 quod
2384 1595 2441 1617 non

1492 1638 1669 1679 peccaverit
1694 1637 1879 1669 mortaliter.
1907 1638 1940 1669 Et
1964 1638 2023 1670 hoc
2040 1638 2108 1670 vult
2125 1638 2306 1669 Ambrosius
2323 1638 2441 1676 dicere,

1492 1692 1575 1733 quod
1609 1691 1738 1723 intentio
1768 1691 1838 1729 illa,
1863 1699 1926 1732 qua
1950 1691 2067 1722 honum
2093 1699 2278 1729 commune,
2305 1699 2363 1722 non
2396 1699 2442 1722 vo-

1492 1745 1644 1787 luptatem
1663 1744 1823 1786 propriam
1841 1744 2060 1782 intendebant,
2084 1756 2099 1772 «
2116 1744 2273 1785 praetexit
2290 1744 2440 1785 privatam

1493 1798 1618 1839 culpam
1637 1810 1665 1828 ›>.
1692 1797 1759 1828 Fuit
1784 1797 1867 1828 enim
1885 1796 1975 1838 culpa
1996 1805 2029 1828 re
2048 1805 2138 1835 vera,
2157 1797 2210 1828 sed
2229 1801 2332 1828 tamen
2350 1805 2442 1837 quan-

1492 1851 1563 1883 dam
1589 1850 1801 1883 excusationis
1826 1850 1961 1891 speciem
1987 1849 2097 1881 habuit
2122 1858 2160 1882 ex
2188 1850 2240 1881 illa
2258 1849 2439 1888 intentione,

1492 1912 1571 1945 quae
1596 1903 1763 1935 videbatur
1788 1911 1855 1935 esse
1880 1902 1940 1943 pia.
1966 1902 2037 1933 Plus
2062 1906 2165 1933 tamen
2189 1902 2298 1933 habuit
2316 1901 2353 1933 de
2370 1901 2442 1933 stul-

1492 1957 1557 1988 titia
1582 1960 1611 1988 et
1637 1956 1675 1988 de
1702 1956 1873 1988 temeritate
1899 1964 1994 1997 quam
2020 1955 2058 1987 de
2084 1955 2216 1996 pietate:
2243 1955 2355 1995 primo,
2370 1954 2441 1995 quia

1491 2013 1612 2050 patrem
1640 2012 1782 2041 sanctuni
1798 2008 1809 2023 ‘³
1827 2008 1983 2040 debebant
2000 2007 2180 2044 consulere;
2200 2008 2337 2039 secundo
2356 2016 2439 2046 vero,

1492 2063 1582 2104 quia,
1607 2062 1662 2094 etsi
1698 2070 1809 2093 verum
1843 2065 1940 2100 essct,
1970 2061 2053 2102 quod
2079 2065 2178 2092 totum
2205 2070 2304 2102 genus
2336 2061 2441 2092 huma-

1492 2125 1567 2147 num
1594 2119 1675 2147 esset
1699 2118 1917 2152 consun'itum,
1942 2123 2003 2145 non
2028 2117 2131 2146 tamen
2150 2114 2332 2146 debuissent
2349 2117 2441 2146 atten-

1492 2172 1558 2200 tare
1591 2172 1652 2200 tam
1688 2167 1852 2199 l‘iorridum
1886 2167 2019 2205 sactum,
2053 2167 2110 2198 nisi
2142 2167 2345 2198 interveniret
2370 2166 2441 2198 divi·
2482 2203 2483 2214 γ

1491 2231 1567 2253 1111111
1594 2221 1787 2253 mandatum.
1813 2239 1856 2242 —
1880 2220 1938 2251 Sed
1965 2220 1993 2251 in
2024 2220 2083 2251 hoc
2116 2219 2347 2251 manifestatum
2380 2222 2440 2256 est,
2467 2228 2483 2262 ii

1492 2274 1575 2316 quod
1602 2274 1631 2305 in
1659 2273 1745 2305 nulla
1769 2273 1903 2305 muliere
1928 2272 2151 2304 confidendum
2176 2276 2241 2311 est,
2265 2272 2338 2314 quia
2359 2254 2483 2304 dece-‘¹⁰³‘

1491 2330 1606 2369 perunt
1631 2335 1703 2358 eum
1729 2326 1820 2357 cuius
1844 2325 1969 2358 castitas
1986 2325 2121 2366 gloriosa
2140 2325 2349 2366 praedicatur,
2366 2324 2438 2356 dum
2480 2331 2481 2337 ¹

1493 2380 1572 2412 inter
1598 2383 1659 2411 tam
1687 2378 1798 2420 impios
1822 2382 1885 2410 tam
1911 2382 2016 2409 sancte
2040 2381 2070 2409 et
2094 2377 2293 2409 laudabiliter
2318 2377 2427 2409 vixit⁷.
2479 2384 2480 2399 ³

1895 2483 1970 2514 Don.
1996 2482 2041 2513 111.

1581 2591 1655 2622 ltem
1681 2590 1846 2632 quaeritur
1870 2589 1909 2621 de
1934 2590 1992 2620 hoc
2017 2589 2101 2630 quod
2125 2589 2213 2626 dicit,
2239 2588 2322 2630 quod
2347 2587 2438 2619 conti-

1492 2644 1637 2676 nentiam
1664 2644 1804 2676 Ioannes
1830 2643 1862 2674 in
1889 2652 2001 2684 opere,
2032 2641 2206 2674 Abraham
2232 2642 2267 2673 iit
2290 2641 2356 2673 solo
2387 2639 2438 2672 lta·
2473 2634 2475 2686 ξ

1494 2697 1584 2729 bebai?
1608 2696 1731 2729 habitu.
1766 2697 1897 2729 Videtur
1922 2696 2003 2728 enim
2031 2695 2111 2727 male
2136 2695 2259 2727 dicere:
2286 2694 2358 2736 quia
2387 2696 2437 2725 aut
2472 2687 2474 2738 J

1493 2750 1633 2792 loquitur
1658 2749 1696 2781 de
1721 2749 1909 2781 continentia
1940 2748 2133 2790 viminalis
2155 2752 2209 2779 aut
2241 2746 2435 2788 simpliciter.
2472 2762 2473 2766 =

1493 2804 1521 2834 Si
1559 2803 1597 2835 de
1630 2802 1818 2835 continentia
1850 2801 2066 2842 stmpttez'(e›·;
2098 2805 2172 2833 tunc
2205 2800 2317 2832 falsum
2350 2798 2435 2836 dicit,
2471 2807 2472 2816 ³

1493 2856 1566 2896 quia
1590 2855 1745 2886 Abraham
1772 2863 1877 2886 reram
1904 2854 2124 2885 continentiam
2151 2853 2286 2885 habebat
2310 2852 2343 2883 tn
2366 2860 2433 2883 usu.
2469 2855 2471 2898 s

1493 2909 1521 2939 Si
1540 2909 1579 2940 de
1595 2907 1779 2949 viminali,-
1802 2916 1872 2939 cuni
1900 2907 1952 2938 illa
1976 2907 2015 2938 sit
2037 2905 2312 2947 «incorruptionis
2336 2911 2435 2946 perpe·
2469 2902 2470 2905 ’

2467 2951 2469 2973 t

546 3131 552 3147 ¹
575 3131 637 3156 Edd.
658 3130 773 3156 iustiliae
792 3133 817 3155 et
837 3137 895 3155 mox
915 3129 1085 3155 recmicdiari
1103 3137 1151 3161 pro
1170 3128 1300 3155 revocari.

543 3175 553 3190 2
575 3175 640 3199 Vide
660 3176 774 3200 scholion
795 3175 828 3200 ad
851 3176 872 3199 lt.
893 3175 970 3199 huius
990 3174 1088 3198 articuli
1108 3177 1207 3205 quaest.

543 3218 554 3234 3
574 3219 648 3244 Vers.
671 3219 694 3243 5.
716 3233 749 3235 —
770 3218 831 3243 ibid.
851 3226 877 3242 v.
898 3219 921 3242 6.
942 3219 1072 3242 invenitur
1091 3221 1174 3242 textus
1194 3216 1359 3248 praecedens.

545 3262 554 3278 ⁴
575 3262 627 3287 Col.
653 3264 658 3287 1
675 3283 679 3293 ‚
704 3263 746 3287 1οῑ
774 3263 804 3287 Ut
824 3262 961 3287 ambuletis
981 3262 1058 3292 digne
1079 3262 1131 3286 Deo
1152 3268 1199 3292 per
1218 3262 1303 3285 omnia
1325 3261 1427 3291 placen-

475 3308 524 3335 tes,
546 3307 569 3329 in
590 3308 660 3330 omni
690 3313 768 3337 opere
789 3306 857 3331 bono
877 3306 1058 3330 fructificantes
1086 3308 1132 3330 etc.
1155 3319 1187 3322 α
1208 3305 1277 3329 idem
1299 3304 1359 3329 dubv
1381 3304 1426 3329 sol-

475 3352 540 3373 vunt
558 3349 582 3373 S.
604 3349 712 3380 Tuom,
736 3351 797 3375 Petr.
819 3358 831 3373 a
853 3351 912 3375 Tur.
933 3353 957 3375 ct
977 3350 1096 3375 {lit-hard.
1117 3356 1130 3374 a
1151 3349 1230 3379 Med,
1251 3349 1292 3373 hic
1310 3349 1375 3373 circa
1392 3349 1426 3372 lit.

546 3391 556 3407 ⁵
577 3393 641 3417 Vide
661 3400 737 3424 supra
759 3400 818 3424 pag.
839 3393 903 3424 664,
925 3397 981 3418 110111
1004 3394 1027 3418 3.

1562 3127 1572 3143 ⁶
1590 3127 1671 3152 Codd.
1692 3127 1709 3151 Ε
1721 3127 1737 3151 L
1750 3127 1770 3151 Y
1790 3126 1888 3151 addunt
1906 3124 2004 3150 cirtem„

1560 3172 1570 3187 ⁷
1589 3172 1638 3197 Csr.
1659 3172 1774 3201 Hieron.‚
1797 3171 1872 3195 Liber
1892 3170 2003 3194 hobi-aie.
2025 3169 2126 3200 Quaest.
2142 3169 2165 3193 in
2187 3168 2248 3193 Gen.
2271 3168 2314 3198 19,
2330 3167 2374 3196 30;
2387 3166 2433 3189 Au-

1490 3220 1573 3248 gust,
1596 3216 1673 3241 xxii.
1695 3220 1780 3241 contra
1802 3215 1937 3243 Faustum,
1958 3221 1978 3238 c.
2002 3213 2040 3238 41.
2062 3220 2144 3245 seqq„
2161 3216 2185 3237 et
2200 3213 2314 3237 Glossam
2335 3208 2432 3236 ordina-

1490 3259 1560 3285 riam
1580 3260 1649 3291 apud
1671 3260 1790 3284 Strabum
1812 3264 1836 3283 et
1856 3259 1984 3290 Lyrnnum
2006 3258 2029 3281 in
2050 3257 2111 3281 Gen.
2133 3257 2174 3287 19,
2190 3257 2230 3281 31.
2246 3271 2277 3274 -
2292 3256 2358 3280 idem
2372 3252 2429 3278 dub.

1490 3305 1597 3329 solvitur
1616 3312 1628 3329 a
1651 3305 1676 3328 B.
1697 3304 1812 3334 Alberto,
1834 3303 1873 3327 hic
1892 3309 1913 3326 a.
1935 3302 1962 3331 ὃς
1985 3302 2009 3325 S.
2031 3301 2138 3332 Thom.²
2161 3301 2223 3325 ΡυῑΓ.
2244 3308 2257 3325 a
2279 3301 2336 3324 Tar.
2356 3300 2379 3323 et
2394 3296 2431 3321 Ri-
2460 3315 2462 3333 t

1490 3348 1577 3372 chard.
1599 3356 1610 3372 u
1632 3347 1712 3379 Med,
1733 3348 1773 3372 hic
1793 3347 1859 3372 circa
1880 3346 1913 3371 lit.
2460 3340 2461 3347 ¹
