2483 3882
10 396 28 417 2.

0 766 28 788 >p-

711 246 803 278 DIST.
830 246 930 279 xxvi.
954 247 1034 278 ART.
1060 246 1092 278 11.
1117 245 1268 287 QUAEST.
1294 247 1326 278 ΙΙ.

128 335 171 368 Ad
193 334 271 366 illud
289 333 372 375 quod
390 333 568 374 quaeritur,
585 333 661 375 quid
677 334 716 366 sit
732 333 774 365 ihi
796 333 965 375 siqncttttm
975 346 987 371 ;

43 388 226 424 dic-endum,
257 386 341 428 quod
376 395 475 418 unum
511 389 558 417 est
593 386 750 427 signatum
780 386 985 427 principale,

43 441 156 475 scilicet
180 439 355 472 coniunctio
379 438 492 470 Christi
521 442 551 470 et
576 438 746 477 Ecclesiae3
770 442 800 470 et
832 439 905 480 quia
927 439 985 471 ista

42 492 213 527 coniunctio
236 495 283 524 est
314 490 492 532 dupliciter,
521 490 639 525 scilicet
670 500 726 532 per
750 491 924 523 caritatem
955 494 985 523 et

41 555 94 588 per
116 548 259 576 naturae
291 541 574 584 conformitatem,
599 542 766 584 dupliciter
799 543 829 574 in
854 543 912 574 hoc
936 543 985 574 Sa-

41 600 196 633 cramento
220 596 426 637 significatur:
452 596 554 636 prima
578 604 634 637 per
658 604 844 627 consensum
869 596 985 627 animo-

40 660 126 689 rum,
149 649 286 682 secunda
311 657 367 690 per
391 648 646 681 commixtionem
672 657 808 680 sexuum
825 648 843 678 ¹.

126 702 154 734 3.
177 701 219 733 Ad
247 701 324 733 illud
356 701 440 742 quod
465 700 625 739 obiicitur,
651 700 674 733 si
700 701 793 732 homo
818 709 878 732 non
903 703 985 732 esset

40 756 142 797 lapsus
177 757 256 792 etc.;
292 753 481 791 dicendum,
517 753 600 794 quod
641 753 746 785 adhuc
781 752 985 794 significasset

4 803 8 808 '
38 808 182 841 unionem
213 806 326 838 Christi
359 806 424 838 sive
454 806 509 838 Dei
547 815 619 838 cum
645 805 796 844 Ecclesia,
822 805 892 837 licet
923 813 984 836 non

0 2513 24 2532 ta.

39 861 80 893 ita
103 867 269 900 expresse,
301 862 330 891 et
354 858 603 890 coniunctionem
635 867 706 890 cum
739 857 824 889 fideli
859 857 984 896 anima3

1937 249 1998 280 667

1051 334 1105 366 sed
1130 337 1233 366 tamen
1258 334 1409 366 Dominus
1434 334 1646 376 praeviderat,
1675 334 1717 366 ita
1740 334 1882 367 futurum
1908 343 1995 367 esse:

1050 390 1080 418 et
1103 386 1173 419 ideo
1205 387 1248 419 sic
1272 387 1459 420 instituerat.
1487 387 1516 419 Si
1542 391 1645 420 tamen
1670 388 1763 420 homo
1792 397 1852 420 non
1877 396 1999 430 peccas-

1050 442 1110 478 set,
1127 439 1364 472 Sacramentum
1381 449 1398 471 a
1416 440 1639 481 significatione
1657 449 1791 473 vacuum
1806 449 1866 472 non
1884 444 1965 473 esset
1977 441 1996 472 ².

1139 493 1167 523 5.
1192 492 1236 524 Ad
1260 492 1339 524 illud
1363 493 1447 534 quod
1476 493 1631 531 obiicitur,
1656 493 1741 534 quod
1773 493 1912 534 primum
1937 502 1997 525 non

1049 547 1095 576 est
1119 553 1214 577 causa
1236 545 1384 583 secundi;
1408 545 1595 584 dicendum,
1628 546 1711 587 quod
1736 545 1790 577 ubi
1814 549 1861 578 est
1885 546 1998 587 signifi·
2014 552 2143 573 Notandum·

1049 597 1128 628 catio
1152 597 1327 629 secundum
1351 597 1606 635 institucionem,
1633 598 1773 639 primum
1804 601 1906 639 potest
1929 607 1997 630 esse

1049 657 1144 680 causa
1175 649 1322 688 secundi,
1347 650 1401 681 sed
1433 650 1487 681 ubi
1519 659 1575 691 per
1598 654 1778 688 naturam,
1804 650 1997 689 secundum,

1049 701 1133 742 quod
1156 705 1203 733 est
1226 701 1385 740 interius,
1414 706 1460 734 est
1483 712 1588 734 causa
1612 703 1800 740 exterioris,
1833 703 1907 745 quia
1930 701 1997 745 effe-

1048 757 1120 784 ctus
1143 753 1285 785 exterior
1308 754 1441 796 signum
1459 758 1505 787 est
1530 765 1652 787 causae
1676 755 1860 793 interioris,
1878 759 1913 787 ut
1930 765 1997 788 ver-

1048 804 1125 836 bum
1149 805 1361 838 consentiendi
1400 806 1555 838 interioris
1590 816 1760 840 consensus
1784 811 1830 839 est
1854 808 1998 849 signum,

1048 857 1129 889 sicut
1152 857 1184 889 in
1208 858 1397 899 poenitentia
1422 859 1523 891 visum
1550 863 1595 891 est
1610 860 1630 890 ³.

870 986 1165 1026 SOHOLION.

108 1116 124 1140 l.
146 1115 181 1139 De
205 1115 225 1140 l.
247 1115 397 1146 quaestione
416 1115 461 1139 cfr.
482 1114 546 1139 infra
567 1114 592 1138 d.
613 1114 654 1139 27.
673 1121 695 1139 a.
722 1115 740 1138 l.
760 1121 784 1146 q.
801 1114 809 1138 t
824 1134 829 1145 ,
846 1121 868 1138 a.
883 1115 906 1138 2.
921 1121 944 1145 q.
962 1114 984 1138 ’1.

38 1159 146 1186 Eandem
168 1159 311 1184 doctrinam
340 1159 381 1183 atii
411 1158 559 1183 scholastici
587 1157 740 1189 profitentur
768 1158 793 1182 in
819 1158 982 1190 quaestione,

37 1206 121 1230 utrum
141 1203 333 1228 matrimonium
355 1203 386 1227 sit
405 1202 610 1227 Sacramentum.

105 1247 139 1271 De
150 1246 240 1271 eadem
253 1246 416 1278 quaestione:
431 1246 505 1277 Scot.,
522 1246 562 1270 hic
576 1252 600 1277 q.
616 1245 691 1270 unica
705 1252 730 1269 n.
748 1244 787 1269 ¹14.
798 1258 832 1263 ——
842 1245 866 1269 S.
879 1245 981 1277 Thoar,

36 1292 77 1316 liic
96 1297 120 1322 q.
143 1291 167 1315 2.
189 1297 212 1315 a.
236 1290 266 1321 t,
287 1289 376 1320 Suppl.
398 1296 422 1321 q.
444 1289 484 1314 42.
507 1296 530 1314 a.
554 1290 576 1314 ¹t.
597 1303 630 1306 -
655 1289 682 1313 B.
702 1288 812 1321 Albert.,
836 1289 867 1313 de
887 1290 934 1313 hae
959 1292 983 1314 et

35 1341 104 1367 seqq.
119 1341 162 1366 qq.
176 1334 217 1358 hic
231 1341 254 1358 a.
278 1332 317 1358 ῚῚ14,
331 1346 367 1351 -
380 1334 443 1358 Petr.
458 1340 471 1357 a
493 1333 568 1365 Tar.,
588 1333 629 1358 liic
649 1340 675 1365 q.
697 1333 720 1358 3.
740 1340 763 1358 a.
779 1333 800 1357 l.
816 1347 849 1350 —
862 1333 982 1358 Richard.

35 1385 48 1404 a
67 1378 144 1409 Med.,
165 1379 206 1402 hic
225 1385 248 1402 a.
269 1377 292 1402 4.
313 1384 337 1409 q.
360 1378 382 1402 rl.
397 1391 430 1394 —
444 1377 480 1402 De
500 1378 547 1402 hac
561 1380 585 1402 et
599 1378 614 1402 2
634 1384 706 1409 seqq.
729 1384 772 1409 qq.
794 1377 921 1408 Durand„
942 1378 982 1402 hic

35 1430 59 1455 q.
80 1423 110 1454 3;
132 1422 221 1452 Diony.
242 1421 340 1452 Carth.,
362 1422 403 1446 hie
423 1428 447 1453 q.
468 1422 491 1445 2.

101 1466 127 1492 ll.
147 1465 238 1497 Quoad
258 1466 281 1490 2.
302 1466 479 1497 quaestionem
508 1465 568 1490 dicit
596 1464 708 1489 Durand.
734 1464 793 1496 (loc.
816 1464 882 1497 cit),
911 1464 981 1496 quod

35 1511 103 1536 aliter
121 1511 258 1541 opinentur
277 1509 405 1540 theologi,
427 1509 499 1534 aliter
518 1509 637 1540 iuristae,
658 1508 753 1540 quibus
773 1508 861 1533 tribuit
885 1510 982 1540 opinio-

33 1561 90 1580 nem
111 1555 132 1579 ¹l.
153 1554 194 1579 hic
213 1554 334 1585 relatam,
361 1553 432 1585 quod
457 1553 553 1578 scilicet
575 1554 769 1578 matrimonium
789 1559 843 1578 non
862 1552 982 1585 conserat

33 1597 148 1631 qratiam
158 1607 168 1629 ,·
187 1600 212 1622 et.
231 1597 302 1629 quod
328 1597 369 1621 liic
395 1596 509 1622 desectus
529 1597 560 1621 sit
578 1597 656 1628 ratio,
676 1604 757 1628 quare
777 1597 801 1621 in
822 1600 896 1627 pacto
916 1597 981 1621 eius-

34 1642 91 1668 dem
109 1642 262 1667 intervenire
282 1642 362 1672 possit
382 1642 490 1672 pecunia
512 1640 569 1672 (csr.
591 1641 665 1666 solut.
686 1640 718 1665 ad
737 1640 780 1672 4.).
796 1641 842 1665 Pro
857 1642 904 1665 hac
918 1641 980 1665 salsa

34 1687 148 1718 opinione
167 1686 207 1710 ille
227 1686 286 1711 citat
309 1694 320 1708 :r
334 1685 493 1710 Gaut'redum
522 1686 547 1709 in
576 1692 622 1710 sua
651 1685 757 1709 Summa
783 1686 818 1710 tit.
839 1685 871 1709 de
891 1685 981 1709 Sacra-

33 1731 121 1756 mentis
140 1737 190 1755 non
211 1729 334 1754 iterandis
349 1738 361 1752 »
382 1732 407 1754 et
430 1739 440 1751 τι
456 1728 599 1754 Ostiensem
612 1730 636 1753 in
653 1729 760 1753 Summa
775 1738 785 1751 n
804 1729 907 1760 (eodem
922 1729 979 1760 tit.).

33 1774 183 1799 auctoritate
203 1774 277 1798 nixus
296 1773 502 1804 canonistarum,
521 1779 633 1804 quorum
654 1772 732 1804 aliqui
751 1772 844 1796 fuerint
863 1771 980 1796 cardina-

34 1817 67 1842 les
84 1817 124 1842 vel
144 1817 263 1849 praelati,
288 1824 427 1849 «quorum
456 1820 493 1841 est
517 1817 661 1848 specialiter
680 1817 759 1847 scire,
780 1815 843 1848 quid
868 1816 978 1840 Ecclesia

33 1861 145 1886 Romana
165 1860 296 1892 praedicat
315 1863 340 1885 et
363 1860 522 1892 observatu,
551 1860 678 1892 Durand.,
709 1859 899 1891 refragantibus
925 1860 979 1885 aliis

33 1905 203 1936 Scholasticis,
223 1905 291 1929 illam
312 1906 460 1936 opinionem
479 1906 547 1930 tenet
566 1908 689 1936 tanquam
708 1910 807 1929 veram.
822 1904 873 1928 Sed
886 1911 899 1928 a
914 1903 980 1929 Con-

33 1949 86 1975 cilio
107 1949 219 1974 Trident.
241 1948 319 1981 (Sess.
340 1949 432 1974 XXIV.
459 1955 514 1973 can.
541 1949 575 1980 l.)
604 1950 632 1973 ut
659 1949 779 1973 haeretici
807 1947 979 1979 reprobantur

1048 1115 1092 1146 qui
1112 1114 1213 1145 dicunt,
1238 1123 1248 1137 α
1263 1115 1457 1140 matrimonium
1477 1122 1527 1139 non
1548 1122 1604 1140 esse
1623 1122 1685 1140 rere
1704 1119 1728 1141 et
1748 1117 1853 1147 proprie
1873 1124 1954 1142 unum
1968 1124 1998 1142 ex

1048 1160 1146 1189 septem
1166 1158 1230 1189 legis
1250 1158 1415 1189 evangelicae
1435 1159 1620 1191 Sacramentis,
1641 1167 1654 1184 a
1675 1159 1775 1185 Christo
1796 1160 1904 1186 Domino
1931 1162 1998 1186 insti-

1048 1204 1144 1233 tutum,
1165 1202 1211 1227 sed
1230 1202 1262 1227 ab
1282 1202 1432 1227 hominibus
1451 1204 1476 1227 in
1491 1203 1600 1228 Ecclesia
1615 1204 1763 1235 inventum,
1784 1211 1867 1237 neque
1879 1204 1997 1237 qratiam.

1048 1245 1168 1279 conferre
1181 1256 1205 1271 n.
1218 1260 1254 1265 —
1266 1247 1286 1271 A
1297 1247 1321 1272 S.
1334 1247 1432 1271 Thoma
1447 1250 1471 1272 et
1485 1248 1558 1272 Petro
1572 1254 1585 1272 a
1600 1248 1659 1272 Tar.
1674 1249 1779 1273 affertur
1792 1249 1868 1273 etiam
1883 1249 1930 1274 alia
1945 1250 1998 1280 opi-

1047 1291 1104 1322 nio,
1127 1297 1193 1322 quae
1212 1291 1261 1322 ipsi
1281 1291 1445 1315 matrimonio
1465 1298 1548 1316 novae
1574 1292 1638 1322 legis
1664 1292 1734 1316 illum
1760 1295 1858 1317 tantum
1878 1293 1997 1318 effectum

1047 1334 1148 1366 tribuit,
1171 1341 1250 1367 quem
1270 1335 1294 1359 S.
1315 1335 1411 1360 Bonav.
1436 1336 1606 1360 matrimoniis
1631 1338 1689 1360 ante
1715 1335 1844 1361 Christum
1869 1336 1996 1368 vindicat,

1046 1379 1141 1403 scilicet
1161 1378 1232 1410 quod
1251 1377 1361 1404 declinet
1379 1385 1396 1404 α
1415 1378 1502 1410 malo,
1524 1380 1671 1404 excusando
1691 1383 1776 1405 actum
1798 1381 1971 1411 coniugalem.

1117 1421 1152 1446 De
1173 1423 1196 1446 2.
1217 1423 1380 1454 quaestione:
1401 1422 1482 1453 Scot.,
1503 1423 1549 1447 loc.
1570 1423 1610 1448 cit.
1632 1430 1655 1447 n.
1681 1424 1717 1448 11.
1743 1424 1779 1448 1·“3.
1801 1438 1834 1440 -
1856 1425 1879 1448 S.
1895 1424 1996 1454 Thom.,

1047 1467 1087 1491 hic
1107 1473 1131 1498 q.
1152 1467 1175 1491 2.
1196 1473 1218 1490 a.
1240 1467 1271 1498 33
1292 1467 1383 1497 Suppl.
1405 1474 1430 1499 q.
1452 1467 1491 1491 42¹.
1512 1474 1534 1491 a.
1556 1467 1596 1498 3.;
1617 1468 1641 1492 S.
1662 1474 1682 1492 c.
1704 1468 1776 1493 Gcnt.
1800 1468 1840 1492 lV.
1860 1475 1882 1493 c.
1901 1469 1942 1493 78.
1964 1483 1997 1486 κ

1046 1509 1110 1534 Petr.
1130 1516 1143 1533 a
1164 1509 1237 1540 Tar.,
1258 1510 1305 1534 loc.
1326 1510 1366 1534 cit.
1387 1517 1409 1534 a.
1430 1510 1453 1534 2.
1468 1524 1501 1527 —
1515 1510 1635 1535 Richard.
1657 1517 1670 1534 a
1692 1510 1770 1541 Med.,
1786 1512 1826 1536 hic
1839 1518 1861 1535 a.
1883 1511 1906 1536 li.
1927 1518 1951 1543 q.
1973 1512 1996 1536 2.

1116 1553 1152 1578 ΙΙΙ.
1174 1552 1309 1578 Conclusio
1330 1554 1486 1585 quaestionis
1498 1554 1520 1578 3.
1533 1561 1547 1578 a
1562 1554 1687 1585 theologis
1700 1555 1797 1579 auctori
1812 1556 1915 1580 coaevis
1930 1562 1997 1580 com-

1046 1598 1157 1622 muniter
1185 1597 1372 1629 approbantur.
1402 1599 1522 1629 Magister
1550 1600 1635 1622 tamen
1657 1598 1708 1627 (hic
1728 1605 1748 1623 c.
1770 1599 1805 1631 6.)
1824 1600 1902 1625 refert
1921 1599 1996 1624 aliam

1044 1642 1207 1673 opinionem,
1234 1645 1316 1666 ortam
1336 1648 1366 1666 ex
1386 1641 1544 1673 quibusdam
1565 1642 1627 1666 locis
1646 1643 1748 1667 Patrum
1768 1643 1808 1667 vet
1831 1643 1994 1675 depravatis,

1044 1686 1084 1710 vel
1104 1685 1170 1710 male
1190 1685 1335 1715 intellectis,
1356 1688 1383 1710 ut
1402 1692 1462 1716 pag.
1483 1686 1548 1716 660,
1569 1689 1628 1710 nota
1648 1686 1671 1710 3.
1692 1686 1860 1711 observatum
1879 1690 1925 1711 est.
1953 1688 1998 1711 Ea-

1044 1729 1103 1754 dem
1123 1730 1209 1760 opinio
1229 1729 1367 1760 singularis
1394 1730 1486 1754 iterum
1508 1736 1590 1760 nuper
1610 1731 1706 1754 invenit
1726 1730 1857 1762 quendam
1877 1730 1995 1755 defenso-

1043 1780 1107 1798 rem.
1127 1772 1176 1798 Csr.
1197 1773 1261 1797 intra
1281 1773 1305 1797 d.
1327 1773 1367 1797 27.
1390 1773 1451 1798 dub.
1473 1773 1496 1797 5.

1114 1817 1150 1841 De
1169 1817 1278 1842 eadem:
1299 1817 1380 1849 Scot.,
1402 1818 1426 1841 in
1447 1821 1558 1849 utroque
1578 1818 1679 1849 Scripto
1699 1818 1761 1842 infra
1783 1817 1807 1842 d.
1829 1818 1869 1842 30.
1884 1825 1908 1850 q.
1924 1819 1946 1843 2.
1963 1833 1996 1836 —

1043 1861 1069 1886 S.
1092 1861 1200 1892 Thom„
1228 1861 1290 1886 locc.
1317 1862 1367 1886 citt.
1395 1868 1416 1887 a.
1444 1861 1475 1891 4;
1502 1861 1593 1892 Suppl,
1619 1868 1641 1886 a.
1663 1860 1686 1886 4.
1706 1875 1740 1878 -—
1761 1861 1786 1886 B.
1815 1861 1926 1893 Albert.,
1956 1862 1997 1887 hic

1043 1911 1064 1929 a.
1091 1905 1186 1929 .15‚-
1211 1904 1275 1929 Petr.
1301 1911 1315 1928 a
1342 1904 1417 1936 Tar.,
1442 1904 1489 1929 loc.
1516 1905 1556 1929 cit.
1583 1911 1605 1929 a.
1632 1904 1655 1929 3.
1677 1919 1709 1922 —
1729 1904 1849 1930 Richard.
1876 1912 1889 1929 a
1915 1905 1995 1936 Med.,

1043 1948 1090 1973 loc.
1110 1949 1150 1973 cit.
1171 1955 1195 1980 q.
1215 1948 1239 1973 3.

893 2063 1076 2105 QUAEsrio
1093 2063 1126 2094 11.

461 2175 548 2215 Quid
571 2176 615 2207 δίε
638 2175 673 2207 in
698 2174 756 2207 hoc
781 2175 996 2207 Sacramento
1022 2184 1188 2212 causans,
1213 2179 1243 2206 et
1266 2174 1348 2217 quid
1370 2179 1558 2207 causatum.

114 2300 254 2332 Secundo
278 2300 452 2341 quaeritur,
478 2300 554 2341 quid
578 2299 617 2332 sit
640 2300 670 2331 in
696 2300 755 2332 hoc
772 2300 972 2332 Sacramento

31 2361 171 2392 causans,
187 2356 217 2385 et
233 2353 309 2394 quid
326 2356 500 2385 causatum.
528 2352 561 2384 Et
584 2352 668 2394 quod
686 2352 816 2395 aliquid
838 2351 972 2395 efficiat,

30 2405 195 2447 probatur:

118 2459 143 2489 1.
167 2458 259 2499 Quia,
276 2462 311 2490 ut
328 2458 402 2490 dicit
426 2458 634 2499 Augustinus,
660 2461 690 2489 et
714 2457 848 2489 habetur
874 2458 903 2489 in
929 2457 974 2489 lit-

32 2513 94 2542 tera
107 2510 128 2550 ⁴,
152 2511 235 2552 quod
266 2511 380 2543 «sanis
404 2514 471 2542 erat
495 2510 535 2542 ad
560 2509 704 2553 officium
735 2510 837 2552 aegris
859 2513 906 2542 est
933 2511 972 2542 ad

30 2563 203 2595 remedium
221 2576 258 2602 »,·
282 2564 337 2596 sed
361 2563 446 2605 quod
471 2563 590 2595 nullam
607 2563 702 2595 habet
725 2563 894 2595 efficaciam
912 2573 972 2596 non

31 2619 162 2655 praestat
189 2616 388 2648 remedium.-
413 2624 488 2657 ergo
513 2616 537 2647 si
570 2615 806 2647 matrimonium
835 2618 973 2656 praestat

30 2668 214 2707 remedium,
238 2669 357 2710 aliquid
382 2668 485 2700 efficit.

114 2722 142 2752 9.
167 2721 258 2760 Item,
283 2722 306 2753 si
325 2725 371 2753 est
388 2721 625 2753 Sacramentum
649 2729 748 2752 novae
776 2719 868 2761 legis:
898 2728 972 2761 ergo

30 2772 119 2805 efficit
142 2774 224 2815 quod
249 2774 398 2815 figurat⁵.

1128 2299 1156 2330 3.
1182 2299 1271 2338 ltem,
1290 2299 1525 2331 matrimonium
1550 2302 1595 2330 est
1611 2308 1771 2340 magnum
1796 2298 1991 2331 Sacramen-

1039 2352 1131 2384 tztmss
1158 2352 1187 2383 in
1219 2361 1301 2384 nova
1324 2352 1406 2393 lege,
1438 2361 1512 2393 ergo
1536 2361 1597 2383 non
1622 2355 1742 2383 tantum
1776 2356 1990 2393 repraesenta-

1039 2405 1172 2444 tionem,
1197 2406 1251 2438 sed
1276 2405 1368 2437 etiam
1393 2405 1620 2437 institutionem
1648 2408 1678 2437 et
1713 2404 1991 2437 sanctificationem

1039 2458 1191 2497 continet,
1215 2458 1269 2490 sed
1302 2458 1539 2490 Sacramentum
1573 2457 1770 2490 sanctificans
1803 2457 1896 2489 donat
1921 2467 1989 2499 gra-

1039 2511 1130 2542 tiam:
1156 2520 1231 2552 ergo
1255 2515 1313 2543 etc.

1127 2564 1156 2595 lt.
1181 2563 1274 2602 Item,
1306 2563 1387 2595 sicut
1421 2563 1657 2595 Sacramentum
1692 2566 1918 2604 repraesentat
1950 2571 1989 2595 ex

1039 2615 1260 2653 similitudine,
1284 2615 1327 2646 ita
1349 2614 1478 2657 fiyttrctt
1500 2624 1540 2647 ex
1561 2615 1774 2653 institutione,
1798 2618 1828 2647 et
1853 2615 1894 2647 ita
1917 2624 1992 2647 scm-

1038 2667 1162 2709 ctz'ficctt
1183 2676 1224 2699 ex
1248 2667 1463 2699 benedictione
1472 2681 1480 2705 3
1505 2667 1559 2699 sed
1585 2667 1614 2698 in
1641 2676 1720 2699 nova
1737 2667 1804 2708 lege
1829 2671 1875 2699 est
1898 2667 1991 2700 bene-

1039 2720 1132 2752 dictio
1156 2720 1378 2761 nuptiarum⁷z
1411 2729 1485 2761 ergo
1517 2720 1652 2758 videtur,
1677 2720 1760 2761 quod
1794 2720 1833 2752 sit
1858 2720 1991 2753 sanctifi-

1039 2773 1131 2805 catio:
1158 2772 1200 2804 sic
1225 2775 1281 2804 etc.

96 2953 104 2970 ¹
125 2954 154 2980 Ut
172 2956 313 2980 insinuatur
332 2957 373 2980 hic
392 2957 415 2980 in
436 2956 469 2980 lit.
491 2956 616 2987 Magistri,
637 2963 658 2980 c.
679 2956 704 2980 G.

95 2997 105 3012 ²
124 2998 266 3029 Explicatur
278 2999 313 3023 lll.
328 3000 395 3024 Sent.
411 2999 436 3024 (1,
456 3001 474 3024 l.
489 3007 511 3024 a.
526 3000 550 3024 2.
570 3007 594 3031 q.
610 3001 634 3024 2.
651 3000 683 3024 ad
697 3000 720 3024 8.
736 3013 769 3017 ——
783 3000 908 3030 Superius
923 3007 970 3030 pro

30 3037 86 3065 licet
103 3047 155 3066 non
174 3041 210 3067 ita
229 3049 367 3076 eoepresse,
390 3044 427 3075 et,
449 3043 521 3075 quod
540 3043 647 3074 praebet
667 3043 724 3068 cod.
745 3044 760 3074 l,
782 3044 822 3068 alii
848 3043 925 3068 codd.
947 3046 971 3068 ct

29 3082 85 3108 edd.
104 3090 237 3115 perperam
259 3085 316 3112 licet
335 3093 389 3112 uon
408 3093 532 3120 ewpresse
551 3086 676 3119 (secunda
704 3094 795 3111 manus
819 3088 842 3111 in
869 3087 926 3112 cod.
953 3087 971 3111 E

28 3124 91 3151 bene
109 3134 211 3153 sensum
231 3131 350 3160 exprimit
368 3130 489 3155 addendo
508 3129 585 3163 quia,
609 3131 632 3154 in
653 3130 709 3154 cod.
731 3130 765 3154 bb
785 3129 873 3161 sicut).

95 3169 106 3186 3
124 3171 184 3196 Dist.
207 3173 247 3197 22.
268 3180 289 3197 a.
311 3174 336 3197 2.
355 3180 379 3205 q.
402 3175 423 3197 2.
445 3187 478 3191 —-
499 3174 557 3197 Post
581 3172 760 3199 consentiendi
787 3173 847 3198 odd.
873 3173 972 3198 addunt

28 3213 156 3246 caterius,
177 3216 233 3240 cod.
253 3217 271 3240 Z
290 3216 438 3242 eoeterioris.
461 3217 585 3248 Superius
612 3216 699 3241 verbis
719 3216 879 3248 secundum,
901 3217 973 3249 quod

29 3256 101 3281 codd.
120 3258 209 3284 FLW
230 3261 382 3286 interserunt
401 3262 432 3286 et.

97 3299 107 3315 ⁴
125 3301 169 3326 Hic
188 3309 208 3326 c.
230 3304 258 3334 2,
278 3310 308 3328 ex
327 3305 444 3335 August„
466 3304 507 3328 tx.
537 3303 569 3328 de
598 3304 660 3328 Gen.
690 3303 722 3328 ad
743 3304 776 3328 lit.
798 3310 819 3328 c.
839 3304 864 3328 7.
885 3311 908 3328 n.
934 3305 971 3329 12.

27 3355 61 3360 —
79 3344 199 3375 Superius
219 3350 275 3377 post
294 3347 326 3372 Et
345 3347 416 3380 quod
436 3348 491 3372 Vat.
512 3348 615 3379 supplet
635 3347 683 3373 hoc
703 3346 918 3373 Sacramentum.

1106 2955 1117 2971 ⁵
1138 2955 1202 2980 Vide
1221 2961 1298 2986 supra
1320 2954 1343 2979 d.
1369 2955 1388 2979 l.
1408 2962 1433 2985 p.
1454 2955 1470 2979 Ι.
1490 2962 1514 2986 q.
1535 2954 1558 2986 ὃ,
1579 2958 1603 2979 et
1622 2955 1655 2979 lit.
1676 2955 1801 2985 Magistri,
1817 2954 1842 2979 d.
1859 2954 1898 2978 lV.
1921 2961 1944 2979 c.
1965 2955 1985 2979 1.

1036 3013 1069 3016 —
1090 3000 1145 3024 Vat.
1165 3006 1195 3023 ex
1215 3000 1263 3023 hoc
1283 3005 1336 3029 arg.
1357 3003 1381 3023 et
1409 3005 1462 3030 seq.
1489 3005 1570 3022 unum
1599 2998 1668 3029 tacit,
1689 3000 1713 3022 in
1735 2999 1782 3022 hoc
1802 3005 1856 3029 arg.
1884 2999 1989 3023 omissis

1036 3043 1124 3068 verbis
1144 3049 1206 3075 erqo
1226 3042 1304 3076 efficit
1321 3042 1393 3075 quod
1409 3041 1524 3075 βψω-αῖ,
1547 3043 1608 3067 etin
1623 3049 1677 3074 seq.
1690 3042 1780 3067 Item...
1800 3041 1827 3067 ἱιι
1841 3048 1909 3067 nova
1925 3041 1988 3074 [eye.

1106 3087 1117 3103 ⁶
1137 3087 1199 3118 Eph.
1220 3087 1249 3118 ὅ,
1270 3087 1317 3111 32:
1339 3087 1532 3111 Sacramentum
1554 3087 1601 3111 hoc
1620 3093 1744 3117 magnum
1765 3089 1811 3110 est.
1832 3100 1866 3103 ——-
1886 3086 1920 3110 De
1936 3087 1984 3110 hoc

1037 3134 1061 3155 et
1080 3137 1134 3162 seq.
1154 3137 1209 3161 arg.
1229 3131 1393 3155 conserantur
1412 3130 1491 3154 verba
1512 3130 1578 3161 llug.
1598 3137 1612 3154 a
1627 3130 1651 3154 S.
1667 3130 1730 3155 Vict.
1746 3137 1824 3161 supra
1846 3129 1872 3154 d.
1898 3130 1915 3154 1.
1932 3137 1957 3161 p.
1971 3130 1988 3154 Ι.

1037 3182 1062 3206 q.
1083 3175 1106 3198 2.
1127 3174 1160 3198 ad
1180 3174 1203 3198 5.
1224 3174 1340 3205 allegata.

1107 3217 1118 3234 7
1137 3218 1230 3242 Saltem
1250 3218 1465 3248 primm-amesia
1486 3218 1549 3242 intra
1565 3218 1598 3241 lit.
1613 3218 1738 3249 Magistri,
1756 3217 1780 3241 d.
1795 3217 1865 3241 XLll.
1887 3219 1909 3241 in
1927 3217 1985 3248 tine,

1037 3264 1061 3285 et
1079 3260 1221 3285 Coniment.
1242 3267 1264 3285 a.
1286 3261 1308 3285 3.
1329 3267 1353 3291 q.
1380 3261 1397 3284 Ι.
1425 3268 1496 3292 seqq.
1517 3274 1550 3277 -—
1572 3261 1618 3285 Pro
1638 3260 1674 3286 stc
1694 3262 1739 3286 etc.
1761 3260 1837 3285 codd.
1860 3261 1899 3285 ΙΚ
1920 3260 1988 3286 sicut

1038 3305 1065 3330 in
1085 3304 1185 3330 ceteris.
