<?xml version="1.0" encoding="UTF-8"?>
<!DOCTYPE html PUBLIC "-//W3C//DTD XHTML 1.0 Transitional//EN"
    "http://www.w3.org/TR/xhtml1/DTD/xhtml1-transitional.dtd">
<html xmlns="http://www.w3.org/1999/xhtml" xml:lang="en" lang="en">
 <head>
  <title>
</title>
<meta http-equiv="Content-Type" content="text/html;charset=utf-8" />
  <meta name='ocr-system' content='tesseract 3.04.00' />
  <meta name='ocr-capabilities' content='ocr_page ocr_carea ocr_par ocr_line ocrx_word'/>
</head>
<body>
  <div class='ocr_page' id='page_1' title='image "./doctorisseraphic04bona_0260.png"; bbox 0 0 2483 3882; ppageno 0'>
   <div class='ocr_carea' id='block_1_1' title="bbox 375 227 438 259">
    <p class='ocr_par' dir='ltr' id='par_1_1' title="bbox 375 227 438 259">
     <span class='ocr_line' id='line_1_1' title="bbox 375 227 438 259; baseline 0 0"><span class='ocrx_word' id='word_1_1' title='bbox 375 227 438 259; x_wconf 70' lang='lat'>240</span> 
     </span>
    </p>
   </div>
   <div class='ocr_carea' id='block_1_2' title="bbox 210 315 1325 1711">
    <p class='ocr_par' dir='ltr' id='par_1_2' title="bbox 210 315 1325 1662">
     <span class='ocr_line' id='line_1_2' title="bbox 376 315 1320 348; baseline -0.001 -4"><span class='ocrx_word' id='word_1_2' title='bbox 376 315 538 345; x_wconf 75' lang='lat' dir='ltr'>humanam</span> <span class='ocrx_word' id='word_1_3' title='bbox 571 318 707 344; x_wconf 87' lang='lat' dir='ltr'>naturam</span> <span class='ocrx_word' id='word_1_4' title='bbox 742 315 934 348; x_wconf 86' lang='lat' dir='ltr'>assumsisse,</span> <span class='ocrx_word' id='word_1_5' title='bbox 966 318 998 343; x_wconf 94' lang='lat' dir='ltr'>ut</span> <span class='ocrx_word' id='word_1_6' title='bbox 1028 318 1118 344; x_wconf 86' lang='lat' dir='ltr'>totam</span> <span class='ocrx_word' id='word_1_7' title='bbox 1150 315 1320 344; x_wconf 71' lang='lat' dir='ltr'>redimeret.</span> 
     </span>
     <span class='ocr_line' id='line_1_3' title="bbox 230 362 1324 399; baseline 0.001 -8"><span class='ocrx_word' id='word_1_8' title='bbox 230 371 323 392; x_wconf 73' lang='lat' dir='ltr'>numum</span> <span class='ocrx_word' id='word_1_9' title='bbox 337 371 358 392; x_wconf 70' lang='lat'>2.</span> <span class='ocrx_word' id='word_1_10' title='bbox 374 362 462 392; x_wconf 84' lang='lat' dir='ltr'>Panis</span> <span class='ocrx_word' id='word_1_11' title='bbox 491 363 569 392; x_wconf 85' lang='lat' dir='ltr'>euim</span> <span class='ocrx_word' id='word_1_12' title='bbox 601 363 636 392; x_wconf 89' lang='lat' dir='ltr'>ad</span> <span class='ocrx_word' id='word_1_13' title='bbox 671 371 791 392; x_wconf 84' lang='lat' dir='ltr'>carnem</span> <span class='ocrx_word' id='word_1_14' title='bbox 824 362 961 399; x_wconf 86' lang='lat' dir='ltr'>refertur,</span> <span class='ocrx_word' id='word_1_15' title='bbox 992 363 1094 392; x_wconf 84' lang='lat' dir='ltr'>vinnm</span> <span class='ocrx_word' id='word_1_16' title='bbox 1117 362 1153 392; x_wconf 84' lang='lat' dir='ltr'>ad</span> <span class='ocrx_word' id='word_1_17' title='bbox 1177 363 1324 398; x_wconf 82' lang='lat' dir='ltr'>animam,</span> 
     </span>
     <span class='ocr_line' id='line_1_4' title="bbox 373 411 1324 448; baseline 0.002 -9"><span class='ocrx_word' id='word_1_18' title='bbox 373 411 443 448; x_wconf 86' lang='lat' dir='ltr'>quia</span> <span class='ocrx_word' id='word_1_19' title='bbox 469 411 569 440; x_wconf 85' lang='lat' dir='ltr'>vinum</span> <span class='ocrx_word' id='word_1_20' title='bbox 593 415 738 448; x_wconf 84' lang='lat' dir='ltr'>operatur</span> <span class='ocrx_word' id='word_1_21' title='bbox 759 411 951 448; x_wconf 75' lang='lat' dir='ltr'>sangumem,</span> <span class='ocrx_word' id='word_1_22' title='bbox 976 411 1003 440; x_wconf 92' lang='lat' dir='ltr'>in</span> <span class='ocrx_word' id='word_1_23' title='bbox 1026 419 1086 448; x_wconf 82' lang='lat' dir='ltr'>quo</span> <span class='ocrx_word' id='word_1_24' title='bbox 1103 411 1190 440; x_wconf 81' lang='lat' dir='ltr'>sedes</span> <span class='ocrx_word' id='word_1_25' title='bbox 1207 412 1324 441; x_wconf 68' lang='lat' dir='ltr'>intimae</span> 
     </span>
     <span class='ocr_line' id='line_1_5' title="bbox 374 459 1325 497; baseline 0.002 -10"><span class='ocrx_word' id='word_1_26' title='bbox 374 467 390 488; x_wconf 87' lang='lat' dir='ltr'>a</span> <span class='ocrx_word' id='word_1_27' title='bbox 415 459 549 497; x_wconf 73' lang='lat' dir='ltr'>physicis</span> <span class='ocrx_word' id='word_1_28' title='bbox 572 467 637 488; x_wconf 82' lang='lat' dir='ltr'>esse</span> <span class='ocrx_word' id='word_1_29' title='bbox 659 459 779 488; x_wconf 87' lang='lat' dir='ltr'>dicitnr.</span> <span class='ocrx_word' id='word_1_30' title='bbox 796 459 863 489; x_wconf 87' lang='lat' dir='ltr'>Ideo</span> <span class='ocrx_word' id='word_1_31' title='bbox 880 467 950 496; x_wconf 74' lang='lat' dir='ltr'>ergo</span> <span class='ocrx_word' id='word_1_32' title='bbox 974 460 1002 488; x_wconf 93' lang='lat' dir='ltr'>in</span> <span class='ocrx_word' id='word_1_33' title='bbox 1026 459 1144 489; x_wconf 86' lang='lat' dir='ltr'>duabus</span> <span class='ocrx_word' id='word_1_34' title='bbox 1164 460 1325 497; x_wconf 82' lang='lat' dir='ltr'>speciebus</span> 
     </span>
     <span class='ocr_line' id='line_1_6' title="bbox 374 507 1323 545; baseline 0.002 -9"><span class='ocrx_word' id='word_1_35' title='bbox 374 507 554 541; x_wconf 78' lang='lat' dir='ltr'>celebratur,</span> <span class='ocrx_word' id='word_1_36' title='bbox 582 511 613 536; x_wconf 90' lang='grc' dir='ltr'>ιιι</span> <span class='ocrx_word' id='word_1_37' title='bbox 640 508 757 536; x_wconf 87' lang='lat' dir='ltr'>animae</span> <span class='ocrx_word' id='word_1_38' title='bbox 787 512 815 537; x_wconf 89' lang='lat' dir='ltr'>et</span> <span class='ocrx_word' id='word_1_39' title='bbox 847 508 947 537; x_wconf 85' lang='lat' dir='ltr'>carnis</span> <span class='ocrx_word' id='word_1_40' title='bbox 976 508 1129 545; x_wconf 82' lang='lat' dir='ltr'>susceptio</span> <span class='ocrx_word' id='word_1_41' title='bbox 1153 508 1181 536; x_wconf 84' lang='lat' dir='ltr'>in</span> <span class='ocrx_word' id='word_1_42' title='bbox 1206 508 1323 538; x_wconf 78' lang='lat' dir='ltr'>Christo</span> 
     </span>
     <span class='ocr_line' id='line_1_7' title="bbox 374 555 1325 594; baseline 0.003 -10"><span class='ocrx_word' id='word_1_43' title='bbox 374 559 402 584; x_wconf 80' lang='lat' dir='ltr'>et</span> <span class='ocrx_word' id='word_1_44' title='bbox 426 555 582 594; x_wconf 85' lang='lat' dir='ltr'>utriusque</span> <span class='ocrx_word' id='word_1_45' title='bbox 616 555 753 585; x_wconf 78' lang='lat' dir='ltr'>liberatio</span> <span class='ocrx_word' id='word_1_46' title='bbox 788 557 814 585; x_wconf 88' lang='lat' dir='ltr'>in</span> <span class='ocrx_word' id='word_1_47' title='bbox 848 557 934 586; x_wconf 89' lang='lat' dir='ltr'>nobis</span> <span class='ocrx_word' id='word_1_48' title='bbox 967 556 1215 593; x_wconf 71' lang='lat' dir='ltr'>significetui-¹».</span> <span class='ocrx_word' id='word_1_49' title='bbox 1238 557 1325 587; x_wconf 78' lang='lat' dir='ltr'>Valet</span> 
     </span>
     <span class='ocr_line' id='line_1_8' title="bbox 374 603 1324 645; baseline 0.004 -14"><span class='ocrx_word' id='word_1_50' title='bbox 374 603 468 639; x_wconf 85' lang='lat' dir='ltr'>enim,</span> <span class='ocrx_word' id='word_1_51' title='bbox 493 608 524 633; x_wconf 89' lang='lat' dir='ltr'>ut</span> <span class='ocrx_word' id='word_1_52' title='bbox 547 603 724 634; x_wconf 77' lang='lat' dir='ltr'>Ambrosius</span> <span class='ocrx_word' id='word_1_53' title='bbox 740 604 750 618; x_wconf 74' lang='lat'><strong>²</strong></span> <span class='ocrx_word' id='word_1_54' title='bbox 773 605 827 645; x_wconf 60' lang='lat' dir='ltr'>ait,</span> <span class='ocrx_word' id='word_1_55' title='bbox 855 617 866 630; x_wconf 75' lang='grc' dir='ltr'>α</span> <span class='ocrx_word' id='word_1_56' title='bbox 883 605 920 634; x_wconf 89' lang='lat' dir='ltr'>ad</span> <span class='ocrx_word' id='word_1_57' title='bbox 951 605 1105 634; x_wconf 82' lang='lat' dir='ltr'>tuitionem</span> <span class='ocrx_word' id='word_1_58' title='bbox 1135 606 1272 643; x_wconf 82' lang='lat' dir='ltr'>corporis</span> <span class='ocrx_word' id='word_1_59' title='bbox 1297 610 1324 635; x_wconf 86' lang='lat' dir='ltr'>et</span> 
     </span>
     <span class='ocr_line' id='line_1_9' title="bbox 373 652 1324 692; baseline 0.004 -12"><span class='ocrx_word' id='word_1_60' title='bbox 373 652 489 681; x_wconf 87' lang='lat' dir='ltr'>animae</span> <span class='ocrx_word' id='word_1_61' title='bbox 512 652 592 690; x_wconf 85' lang='lat' dir='ltr'>quod</span> <span class='ocrx_word' id='word_1_62' title='bbox 617 653 818 690; x_wconf 72' lang='lat' dir='ltr'>percipimus3</span> <span class='ocrx_word' id='word_1_63' title='bbox 842 654 911 691; x_wconf 84' lang='lat' dir='ltr'>quia</span> <span class='ocrx_word' id='word_1_64' title='bbox 936 662 1007 683; x_wconf 89' lang='lat' dir='ltr'>caro</span> <span class='ocrx_word' id='word_1_65' title='bbox 1024 653 1132 683; x_wconf 82' lang='lat' dir='ltr'>Christi</span> <span class='ocrx_word' id='word_1_66' title='bbox 1157 662 1211 692; x_wconf 86' lang='lat' dir='ltr'>pro</span> <span class='ocrx_word' id='word_1_67' title='bbox 1227 654 1324 684; x_wconf 84' lang='lat' dir='ltr'>salute</span> 
     </span>
     <span class='ocr_line' id='line_1_10' title="bbox 372 700 1324 739; baseline 0.004 -10"><span class='ocrx_word' id='word_1_68' title='bbox 372 700 525 737; x_wconf 80' lang='lat' dir='ltr'>corporis,</span> <span class='ocrx_word' id='word_1_69' title='bbox 548 701 669 737; x_wconf 70' lang='lat' dir='ltr'>sangnis</span> <span class='ocrx_word' id='word_1_70' title='bbox 691 710 761 730; x_wconf 74' lang='lat' dir='ltr'>vero</span> <span class='ocrx_word' id='word_1_71' title='bbox 784 710 838 739; x_wconf 86' lang='lat' dir='ltr'>pro</span> <span class='ocrx_word' id='word_1_72' title='bbox 862 703 959 731; x_wconf 86' lang='lat' dir='ltr'>anima</span> <span class='ocrx_word' id='word_1_73' title='bbox 983 706 1081 731; x_wconf 88' lang='lat' dir='ltr'>nostra</span> <span class='ocrx_word' id='word_1_74' title='bbox 1099 702 1229 735; x_wconf 74' lang='lat' dir='ltr'>offertur,</span> <span class='ocrx_word' id='word_1_75' title='bbox 1246 704 1324 733; x_wconf 86' lang='lat' dir='ltr'>sicut</span> 
     </span>
     <span class='ocr_line' id='line_1_11' title="bbox 372 748 1323 789; baseline 0.005 -13"><span class='ocrx_word' id='word_1_76' title='bbox 372 748 589 786; x_wconf 70' lang='lat' dir='ltr'>praefiguravit</span> <span class='ocrx_word' id='word_1_77' title='bbox 609 749 744 787; x_wconf 71' lang='lat' dir='ltr'>Moyses:</span> <span class='ocrx_word' id='word_1_78' title='bbox 761 749 852 786; x_wconf 80' lang='lat' dir='ltr'>Caro,</span> <span class='ocrx_word' id='word_1_79' title='bbox 869 750 981 787; x_wconf 76' lang='lat' dir='ltr'>inquit,</span> <span class='ocrx_word' id='word_1_80' title='bbox 997 759 1051 788; x_wconf 89' lang='lat' dir='ltr'>pro</span> <span class='ocrx_word' id='word_1_81' title='bbox 1073 759 1201 789; x_wconf 79' lang='lat' dir='ltr'>corpore</span> <span class='ocrx_word' id='word_1_82' title='bbox 1223 756 1323 782; x_wconf 81' lang='lat' dir='ltr'>nostro</span> 
     </span>
     <span class='ocr_line' id='line_1_12' title="bbox 372 796 1323 835; baseline 0.005 -11"><span class='ocrx_word' id='word_1_83' title='bbox 372 796 510 831; x_wconf 78' lang='lat' dir='ltr'>ott&#39;ertnr,</span> <span class='ocrx_word' id='word_1_84' title='bbox 533 797 655 833; x_wconf 69' lang='lat' dir='ltr'>sanguis</span> <span class='ocrx_word' id='word_1_85' title='bbox 691 806 760 827; x_wconf 68' lang='lat' dir='ltr'>xero</span> <span class='ocrx_word' id='word_1_86' title='bbox 792 807 844 835; x_wconf 87' lang='lat' dir='ltr'>pro</span> <span class='ocrx_word' id='word_1_87' title='bbox 875 799 974 827; x_wconf 78' lang='lat' dir='ltr'>anima</span> <span class='ocrx_word' id='word_1_88' title='bbox 988 809 1013 834; x_wconf 85' lang='lat'>»;</span> <span class='ocrx_word' id='word_1_89' title='bbox 1035 799 1086 828; x_wconf 81' lang='lat' dir='ltr'>sed</span> <span class='ocrx_word' id='word_1_90' title='bbox 1112 803 1209 829; x_wconf 86' lang='lat' dir='ltr'>tamen</span> <span class='ocrx_word' id='word_1_91' title='bbox 1244 800 1323 829; x_wconf 85' lang='lat' dir='ltr'>«sub</span> 
     </span>
     <span class='ocr_line' id='line_1_13' title="bbox 373 840 1322 886; baseline 0.005 -14"><span class='ocrx_word' id='word_1_92' title='bbox 373 848 500 882; x_wconf 82' lang='lat' dir='ltr'>utraque</span> <span class='ocrx_word' id='word_1_93' title='bbox 522 846 624 882; x_wconf 81' lang='lat' dir='ltr'>specie</span> <span class='ocrx_word' id='word_1_94' title='bbox 646 847 790 880; x_wconf 79' lang='lat' dir='ltr'>sumitur,</span> <span class='ocrx_word' id='word_1_95' title='bbox 808 846 887 884; x_wconf 82' lang='lat' dir='ltr'>quod</span> <span class='ocrx_word' id='word_1_96' title='bbox 911 846 947 876; x_wconf 89' lang='lat' dir='ltr'>ad</span> <span class='ocrx_word' id='word_1_97' title='bbox 969 851 1131 885; x_wconf 79' lang='lat' dir='ltr'>utrumque</span> <span class='ocrx_word' id='word_1_98' title='bbox 1148 840 1234 884; x_wconf 75' lang='lat' dir='ltr'>valet„</span> <span class='ocrx_word' id='word_1_99' title='bbox 1252 849 1322 886; x_wconf 80' lang='lat' dir='ltr'>quia</span> 
     </span>
     <span class='ocr_line' id='line_1_14' title="bbox 372 892 1322 931; baseline 0.005 -10"><span class='ocrx_word' id='word_1_100' title='bbox 372 892 428 921; x_wconf 84' lang='lat' dir='ltr'>sub</span> <span class='ocrx_word' id='word_1_101' title='bbox 452 897 579 931; x_wconf 81' lang='lat' dir='ltr'>utraque</span> <span class='ocrx_word' id='word_1_102' title='bbox 607 895 736 923; x_wconf 87' lang='lat' dir='ltr'>sumitur</span> <span class='ocrx_word' id='word_1_103' title='bbox 767 898 845 924; x_wconf 81' lang='lat' dir='ltr'>totus</span> <span class='ocrx_word' id='word_1_104' title='bbox 875 895 1019 925; x_wconf 83' lang='lat' dir='ltr'>Christus.</span> <span class='ocrx_word' id='word_1_105' title='bbox 1043 896 1098 926; x_wconf 83' lang='lat' dir='ltr'>Sed</span> <span class='ocrx_word' id='word_1_106' title='bbox 1122 897 1145 926; x_wconf 88' lang='lat' dir='ltr'>si</span> <span class='ocrx_word' id='word_1_107' title='bbox 1172 898 1199 926; x_wconf 90' lang='lat' dir='ltr'>in</span> <span class='ocrx_word' id='word_1_108' title='bbox 1229 897 1322 927; x_wconf 83' lang='lat' dir='ltr'>altera</span> 
     </span>
     <span class='ocr_line' id='line_1_15' title="bbox 373 943 1324 983; baseline 0.005 -14"><span class='ocrx_word' id='word_1_109' title='bbox 373 944 486 970; x_wconf 87' lang='lat' dir='ltr'>tantum</span> <span class='ocrx_word' id='word_1_110' title='bbox 510 946 695 978; x_wconf 76' lang='lat' dir='ltr'>sumeretur,</span> <span class='ocrx_word' id='word_1_111' title='bbox 718 943 754 972; x_wconf 88' lang='lat' dir='ltr'>ad</span> <span class='ocrx_word' id='word_1_112' title='bbox 779 943 901 973; x_wconf 87' lang='lat' dir='ltr'>alterius</span> <span class='ocrx_word' id='word_1_113' title='bbox 925 948 1052 980; x_wconf 81' lang='lat' dir='ltr'>tantum,</span> <span class='ocrx_word' id='word_1_114' title='bbox 1076 945 1103 974; x_wconf 88' lang='lat' dir='ltr'>id</span> <span class='ocrx_word' id='word_1_115' title='bbox 1127 949 1171 975; x_wconf 90' lang='lat' dir='ltr'>est</span> <span class='ocrx_word' id='word_1_116' title='bbox 1187 946 1324 983; x_wconf 84' lang='lat' dir='ltr'>corporis</span> 
     </span>
     <span class='ocr_line' id='line_1_16' title="bbox 372 989 1323 1030; baseline 0.004 -12"><span class='ocrx_word' id='word_1_117' title='bbox 372 989 416 1018; x_wconf 75' lang='lat' dir='ltr'>vel</span> <span class='ocrx_word' id='word_1_118' title='bbox 439 990 569 1026; x_wconf 80' lang='lat' dir='ltr'>animae,</span> <span class='ocrx_word' id='word_1_119' title='bbox 593 1000 649 1020; x_wconf 85' lang='lat' dir='ltr'>non</span> <span class='ocrx_word' id='word_1_120' title='bbox 674 993 831 1030; x_wconf 80' lang='lat' dir='ltr'>utriusque</span> <span class='ocrx_word' id='word_1_121' title='bbox 853 993 966 1030; x_wconf 85' lang='lat' dir='ltr'>pariter</span> <span class='ocrx_word' id='word_1_122' title='bbox 989 994 1143 1023; x_wconf 81' lang='lat' dir='ltr'>tuitionem</span> <span class='ocrx_word' id='word_1_123' title='bbox 1163 994 1261 1023; x_wconf 72' lang='lat' dir='ltr'>valere.</span> <span class='ocrx_word' id='word_1_124' title='bbox 1285 994 1323 1022; x_wconf 88' lang='lat' dir='ltr'>si-</span> 
     </span>
     <span class='ocr_line' id='line_1_17' title="bbox 369 1039 1323 1080; baseline 0.004 -13"><span class='ocrx_word' id='word_1_125' title='bbox 369 1039 572 1073; x_wconf 55' lang='lat' dir='ltr'>gnificaretur.</span> <span class='ocrx_word' id='word_1_126' title='bbox 597 1040 657 1069; x_wconf 82' lang='lat' dir='ltr'>Sub</span> <span class='ocrx_word' id='word_1_127' title='bbox 686 1044 812 1078; x_wconf 72' lang='lat' dir='ltr'>utraque</span> <span class='ocrx_word' id='word_1_128' title='bbox 844 1045 940 1070; x_wconf 81' lang='lat' dir='ltr'>tamen</span> <span class='ocrx_word' id='word_1_129' title='bbox 965 1043 1066 1080; x_wconf 81' lang='lat' dir='ltr'>specie</span> <span class='ocrx_word' id='word_1_130' title='bbox 1090 1046 1167 1072; x_wconf 85' lang='lat' dir='ltr'>totus</span> <span class='ocrx_word' id='word_1_131' title='bbox 1194 1043 1323 1071; x_wconf 88' lang='lat' dir='ltr'>sumitur</span> 
     </span>
     <span class='ocr_line' id='line_1_18' title="bbox 370 1086 1322 1128; baseline 0.005 -13"><span class='ocrx_word' id='word_1_132' title='bbox 370 1086 520 1123; x_wconf 79' lang='lat' dir='ltr'>Christus3</span> <span class='ocrx_word' id='word_1_133' title='bbox 545 1096 599 1117; x_wconf 81' lang='lat' dir='ltr'>nec</span> <span class='ocrx_word' id='word_1_134' title='bbox 622 1089 689 1126; x_wconf 88' lang='lat' dir='ltr'>plus</span> <span class='ocrx_word' id='word_1_135' title='bbox 711 1089 767 1118; x_wconf 81' lang='lat' dir='ltr'>sub</span> <span class='ocrx_word' id='word_1_136' title='bbox 791 1093 928 1128; x_wconf 80' lang='lat' dir='ltr'>utraque,</span> <span class='ocrx_word' id='word_1_137' title='bbox 952 1098 1007 1120; x_wconf 87' lang='lat' dir='ltr'>nec</span> <span class='ocrx_word' id='word_1_138' title='bbox 1030 1091 1127 1121; x_wconf 80' lang='lat' dir='ltr'>minus</span> <span class='ocrx_word' id='word_1_139' title='bbox 1149 1091 1205 1121; x_wconf 84' lang='lat' dir='ltr'>snb</span> <span class='ocrx_word' id='word_1_140' title='bbox 1229 1091 1322 1120; x_wconf 85' lang='lat' dir='ltr'>altera</span> 
     </span>
     <span class='ocr_line' id='line_1_19' title="bbox 372 1137 1323 1175; baseline 0.005 -12"><span class='ocrx_word' id='word_1_141' title='bbox 372 1138 485 1164; x_wconf 88' lang='lat' dir='ltr'>tantum</span> <span class='ocrx_word' id='word_1_142' title='bbox 509 1137 636 1166; x_wconf 84' lang='lat' dir='ltr'>sumitur</span> <span class='ocrx_word' id='word_1_143' title='bbox 650 1150 674 1165; x_wconf 70' lang='grc' dir='ltr'>ιι.</span> <span class='ocrx_word' id='word_1_144' title='bbox 704 1150 715 1162; x_wconf 91' lang='lat'>«</span> <span class='ocrx_word' id='word_1_145' title='bbox 728 1138 840 1167; x_wconf 83' lang='lat' dir='ltr'>Eadem</span> <span class='ocrx_word' id='word_1_146' title='bbox 864 1139 941 1167; x_wconf 87' lang='lat' dir='ltr'>enim</span> <span class='ocrx_word' id='word_1_147' title='bbox 973 1140 1049 1169; x_wconf 88' lang='lat' dir='ltr'>ratio</span> <span class='ocrx_word' id='word_1_148' title='bbox 1079 1144 1135 1175; x_wconf 78' lang='lat' dir='ltr'>est,</span> <span class='ocrx_word' id='word_1_149' title='bbox 1159 1143 1190 1168; x_wconf 87' lang='lat' dir='ltr'>ut</span> <span class='ocrx_word' id='word_1_150' title='bbox 1213 1140 1253 1168; x_wconf 85' lang='lat' dir='ltr'>ait</span> <span class='ocrx_word' id='word_1_151' title='bbox 1276 1139 1323 1168; x_wconf 87' lang='lat' dir='ltr'>Hi-</span> 
     </span>
     <span class='ocr_line' id='line_1_20' title="bbox 210 1183 1321 1225; baseline 0.009 -17"><span class='ocrx_word' id='word_1_152' title='bbox 210 1188 304 1209; x_wconf 81' lang='lat' dir='ltr'>Hilarius</span> <span class='ocrx_word' id='word_1_153' title='bbox 319 1195 354 1214; x_wconf 76' lang='lat' dir='ltr'>pa·</span> <span class='ocrx_word' id='word_1_154' title='bbox 370 1183 462 1213; x_wconf 80' lang='lat' dir='ltr'>larius</span> <span class='ocrx_word' id='word_1_155' title='bbox 478 1184 497 1219; x_wconf 73' lang='lat'>³,</span> <span class='ocrx_word' id='word_1_156' title='bbox 519 1185 546 1213; x_wconf 89' lang='lat' dir='ltr'>in</span> <span class='ocrx_word' id='word_1_157' title='bbox 570 1193 698 1223; x_wconf 83' lang='lat' dir='ltr'>corpore</span> <span class='ocrx_word' id='word_1_158' title='bbox 722 1186 934 1225; x_wconf 71' lang='lat' dir='ltr'>Clii‘isti,(1tiae</span> <span class='ocrx_word' id='word_1_159' title='bbox 958 1189 985 1217; x_wconf 91' lang='lat' dir='ltr'>in</span> <span class='ocrx_word' id='word_1_160' title='bbox 1010 1197 1116 1217; x_wconf 83' lang='lat' dir='ltr'>inanna</span> <span class='ocrx_word' id='word_1_161' title='bbox 1141 1188 1321 1225; x_wconf 68' lang='lat' dir='ltr'>praecessit,</span> 
     </span>
     <span class='ocr_line' id='line_1_21' title="bbox 264 1221 1323 1275; baseline 0.005 -15"><span class='ocrx_word' id='word_1_162' title='bbox 264 1221 297 1241; x_wconf 63' lang='lat'>¹³³*</span> <span class='ocrx_word' id='word_1_163' title='bbox 369 1232 405 1261; x_wconf 89' lang='lat' dir='ltr'>de</span> <span class='ocrx_word' id='word_1_164' title='bbox 436 1242 495 1271; x_wconf 78' lang='lat' dir='ltr'>quo</span> <span class='ocrx_word' id='word_1_165' title='bbox 518 1234 643 1263; x_wconf 87' lang='lat' dir='ltr'>dicitur:</span> <span class='ocrx_word' id='word_1_166' title='bbox 669 1234 727 1270; x_wconf 60' lang='lat' dir='ltr'>Qua·</span> <span class='ocrx_word' id='word_1_167' title='bbox 753 1235 824 1274; x_wconf 69' lang='lat' dir='ltr'>plus</span> <span class='ocrx_word' id='word_1_168' title='bbox 854 1236 1013 1275; x_wconf 64' lang='lat' dir='ltr'>eolleyeruc</span> <span class='ocrx_word' id='word_1_169' title='bbox 1042 1246 1103 1265; x_wconf 68' lang='lat' dir='ltr'>iton</span> <span class='ocrx_word' id='word_1_170' title='bbox 1134 1236 1239 1265; x_wconf 72' lang='lat' dir='ltr'>lictbiiz&#39;c</span> <span class='ocrx_word' id='word_1_171' title='bbox 1261 1246 1323 1266; x_wconf 67' lang='lat' dir='ltr'>(mi.-</span> 
     </span>
     <span class='ocr_line' id='line_1_22' title="bbox 366 1280 1322 1323; baseline 0.005 -14"><span class='ocrx_word' id='word_1_172' title='bbox 366 1280 468 1318; x_wconf 63' lang='lat' dir='ltr'>plius,</span> <span class='ocrx_word' id='word_1_173' title='bbox 497 1290 551 1311; x_wconf 67' lang='lat' dir='ltr'>nec</span> <span class='ocrx_word' id='word_1_174' title='bbox 579 1282 634 1321; x_wconf 68' lang='lat' dir='ltr'>(sici</span> <span class='ocrx_word' id='word_1_175' title='bbox 660 1292 765 1313; x_wconf 68' lang='lat' dir='ltr'>ominus</span> <span class='ocrx_word' id='word_1_176' title='bbox 794 1290 958 1323; x_wconf 69' lang='lat' dir='ltr'>qim-(iverat</span> <span class='ocrx_word' id='word_1_177' title='bbox 988 1283 1093 1314; x_wconf 60' lang='lat' dir='ltr'>siaonia</span> <span class='ocrx_word' id='word_1_178' title='bbox 1115 1284 1218 1314; x_wconf 64' lang='lat' dir='ltr'>mimas</span> <span class='ocrx_word' id='word_1_179' title='bbox 1236 1297 1261 1314; x_wconf 87' lang='lat'>».</span> <span class='ocrx_word' id='word_1_180' title='bbox 1286 1286 1322 1314; x_wconf 82' lang='lat' dir='ltr'>Et</span> 
     </span>
     <span class='ocr_line' id='line_1_23' title="bbox 367 1329 1319 1369; baseline 0.005 -11"><span class='ocrx_word' id='word_1_181' title='bbox 367 1329 436 1358; x_wconf 89' lang='lat' dir='ltr'>licet</span> <span class='ocrx_word' id='word_1_182' title='bbox 452 1330 508 1359; x_wconf 86' lang='lat' dir='ltr'>sul)</span> <span class='ocrx_word' id='word_1_183' title='bbox 525 1334 652 1368; x_wconf 67' lang='lat' dir='ltr'>utraque</span> <span class='ocrx_word' id='word_1_184' title='bbox 675 1333 777 1369; x_wconf 78' lang='lat' dir='ltr'>specie.</span> <span class='ocrx_word' id='word_1_185' title='bbox 801 1336 879 1362; x_wconf 88' lang='lat' dir='ltr'>totus</span> <span class='ocrx_word' id='word_1_186' title='bbox 895 1333 1030 1363; x_wconf 81' lang='lat' dir='ltr'>Christus</span> <span class='ocrx_word' id='word_1_187' title='bbox 1050 1338 1195 1367; x_wconf 81' lang='lat' dir='ltr'>sumatur,</span> <span class='ocrx_word' id='word_1_188' title='bbox 1221 1337 1319 1363; x_wconf 81' lang='lat' dir='ltr'>tamen</span> 
     </span>
     <span class='ocr_line' id='line_1_24' title="bbox 368 1379 1319 1418; baseline 0.005 -12"><span class='ocrx_word' id='word_1_189' title='bbox 368 1387 424 1407; x_wconf 92' lang='lat' dir='ltr'>non</span> <span class='ocrx_word' id='word_1_190' title='bbox 449 1379 479 1407; x_wconf 88' lang='lat' dir='ltr'>tit</span> <span class='ocrx_word' id='word_1_191' title='bbox 501 1380 659 1409; x_wconf 78' lang='lat' dir='ltr'>conversio</span> <span class='ocrx_word' id='word_1_192' title='bbox 683 1381 768 1418; x_wconf 84' lang='lat' dir='ltr'>panis</span> <span class='ocrx_word' id='word_1_193' title='bbox 793 1382 846 1410; x_wconf 82' lang='lat' dir='ltr'>nisi</span> <span class='ocrx_word' id='word_1_194' title='bbox 872 1383 899 1410; x_wconf 93' lang='lat' dir='ltr'>in</span> <span class='ocrx_word' id='word_1_195' title='bbox 923 1390 1054 1415; x_wconf 77' lang='lat' dir='ltr'>carnem,</span> <span class='ocrx_word' id='word_1_196' title='bbox 1086 1390 1140 1411; x_wconf 85' lang='lat' dir='ltr'>nec</span> <span class='ocrx_word' id='word_1_197' title='bbox 1169 1382 1227 1411; x_wconf 73' lang='lat' dir='ltr'>vini</span> <span class='ocrx_word' id='word_1_198' title='bbox 1264 1383 1319 1411; x_wconf 81' lang='lat' dir='ltr'>nisi</span> 
     </span>
     <span class='ocr_line' id='line_1_25' title="bbox 368 1427 1316 1465; baseline 0.005 -10"><span class='ocrx_word' id='word_1_199' title='bbox 368 1427 395 1455; x_wconf 92' lang='lat' dir='ltr'>in</span> <span class='ocrx_word' id='word_1_200' title='bbox 419 1428 610 1465; x_wconf 71' lang='lat' dir='ltr'>saiigtiiiieni;</span> <span class='ocrx_word' id='word_1_201' title='bbox 635 1438 689 1458; x_wconf 89' lang='lat' dir='ltr'>nec</span> <span class='ocrx_word' id='word_1_202' title='bbox 719 1429 830 1459; x_wconf 77' lang='lat' dir='ltr'>debent,</span> <span class='ocrx_word' id='word_1_203' title='bbox 855 1430 913 1460; x_wconf 87' lang='lat' dir='ltr'>dici</span> <span class='ocrx_word' id='word_1_204' title='bbox 944 1430 1003 1459; x_wconf 55' lang='lat' dir='ltr'>&lt;lfao</span> <span class='ocrx_word' id='word_1_205' title='bbox 1031 1430 1242 1465; x_wconf 71' lang='lat' dir='ltr'>Sacramenta,</span> <span class='ocrx_word' id='word_1_206' title='bbox 1265 1431 1316 1460; x_wconf 71' lang='lat' dir='ltr'>sed</span> 
     </span>
     <span class='ocr_line' id='line_1_26' title="bbox 367 1477 1318 1518; baseline 0.004 -14"><span class='ocrx_word' id='word_1_207' title='bbox 367 1484 475 1511; x_wconf 86' lang='lat' dir='ltr'>unum,</span> <span class='ocrx_word' id='word_1_208' title='bbox 498 1477 567 1514; x_wconf 73' lang='lat' dir='ltr'>quia</span> <span class='ocrx_word' id='word_1_209' title='bbox 592 1477 648 1506; x_wconf 81' lang='lat' dir='ltr'>sub</span> <span class='ocrx_word' id='word_1_210' title='bbox 672 1482 799 1516; x_wconf 79' lang='lat' dir='ltr'>utraque</span> <span class='ocrx_word' id='word_1_211' title='bbox 823 1479 923 1516; x_wconf 82' lang='lat' dir='ltr'>specie</span> <span class='ocrx_word' id='word_1_212' title='bbox 952 1479 1028 1508; x_wconf 84' lang='lat' dir='ltr'>idem</span> <span class='ocrx_word' id='word_1_213' title='bbox 1051 1480 1197 1515; x_wconf 56' lang='lat' dir='ltr'>sumtum</span> <span class='ocrx_word' id='word_1_214' title='bbox 1221 1488 1318 1518; x_wconf 80' lang='lat' dir='ltr'>neque</span> 
     </span>
     <span class='ocr_line' id='line_1_27' title="bbox 366 1523 1319 1566; baseline 0.005 -14"><span class='ocrx_word' id='word_1_215' title='bbox 366 1523 496 1553; x_wconf 48' lang='lat' dir='ltr'>z&#39;lerarffi</span> <span class='ocrx_word' id='word_1_216' title='bbox 519 1524 763 1562; x_wconf 69' lang='lat' dir='ltr'>Sacramentum,</span> <span class='ocrx_word' id='word_1_217' title='bbox 787 1528 857 1565; x_wconf 78' lang='lat' dir='ltr'>quia</span> <span class='ocrx_word' id='word_1_218' title='bbox 892 1527 1060 1557; x_wconf 85' lang='lat' dir='ltr'>benedictio</span> <span class='ocrx_word' id='word_1_219' title='bbox 1087 1536 1144 1557; x_wconf 90' lang='lat' dir='ltr'>non</span> <span class='ocrx_word' id='word_1_220' title='bbox 1172 1529 1319 1566; x_wconf 84' lang='lat' dir='ltr'>repetitur</span> 
     </span>
     <span class='ocr_line' id='line_1_28' title="bbox 366 1573 1318 1613; baseline 0.005 -13"><span class='ocrx_word' id='word_1_221' title='bbox 366 1580 458 1610; x_wconf 83' lang='lat' dir='ltr'>super</span> <span class='ocrx_word' id='word_1_222' title='bbox 490 1573 615 1603; x_wconf 82' lang='lat' dir='ltr'>eandem</span> <span class='ocrx_word' id='word_1_223' title='bbox 646 1576 793 1611; x_wconf 73' lang='lat' dir='ltr'>speciem3</span> <span class='ocrx_word' id='word_1_224' title='bbox 826 1584 922 1613; x_wconf 76' lang='lat' dir='ltr'>neque</span> <span class='ocrx_word' id='word_1_225' title='bbox 955 1575 1031 1605; x_wconf 85' lang='lat' dir='ltr'>aliac</span> <span class='ocrx_word' id='word_1_226' title='bbox 1068 1575 1254 1606; x_wconf 85' lang='lat' dir='ltr'>substantiae</span> <span class='ocrx_word' id='word_1_227' title='bbox 1290 1576 1318 1606; x_wconf 86' lang='lat' dir='ltr'>in</span> 
     </span>
     <span class='ocr_line' id='line_1_29' title="bbox 365 1621 1318 1662; baseline 0.005 -13"><span class='ocrx_word' id='word_1_228' title='bbox 365 1621 549 1650; x_wconf 78' lang='lat' dir='ltr'>sacrificium</span> <span class='ocrx_word' id='word_1_229' title='bbox 575 1623 709 1652; x_wconf 83' lang='lat' dir='ltr'>veritatis</span> <span class='ocrx_word' id='word_1_230' title='bbox 731 1624 829 1653; x_wconf 77' lang='lat' dir='ltr'>oll&#39;erri</span> <span class='ocrx_word' id='word_1_231' title='bbox 853 1623 976 1659; x_wconf 78' lang='lat' dir='ltr'>debent,</span> <span class='ocrx_word' id='word_1_232' title='bbox 999 1624 1070 1662; x_wconf 76' lang='lat' dir='ltr'>quia</span> <span class='ocrx_word' id='word_1_233' title='bbox 1094 1624 1131 1654; x_wconf 85' lang='lat' dir='ltr'>de</span> <span class='ocrx_word' id='word_1_234' title='bbox 1160 1624 1227 1654; x_wconf 84' lang='lat' dir='ltr'>aliis</span> <span class='ocrx_word' id='word_1_235' title='bbox 1261 1633 1318 1654; x_wconf 89' lang='lat' dir='ltr'>non</span> 
     </span>
    </p>

    <p class='ocr_par' dir='ltr' id='par_1_3' title="bbox 367 1672 1148 1711">
     <span class='ocr_line' id='line_1_30' title="bbox 367 1672 1148 1711; baseline 0.005 -13"><span class='ocrx_word' id='word_1_236' title='bbox 367 1673 464 1707; x_wconf 87' lang='lat' dir='ltr'>potest</span> <span class='ocrx_word' id='word_1_237' title='bbox 487 1672 658 1700; x_wconf 81' lang='lat' dir='ltr'>consecrari</span> <span class='ocrx_word' id='word_1_238' title='bbox 681 1680 792 1710; x_wconf 79' lang='lat' dir='ltr'>corpus</span> <span class='ocrx_word' id='word_1_239' title='bbox 814 1672 922 1702; x_wconf 79' lang='lat' dir='ltr'>Christi</span> <span class='ocrx_word' id='word_1_240' title='bbox 949 1672 1006 1702; x_wconf 60' lang='lat' dir='ltr'>vcl‘</span> <span class='ocrx_word' id='word_1_241' title='bbox 1017 1673 1148 1711; x_wconf 76' lang='lat' dir='ltr'>sanguis.</span> 
     </span>
    </p>
   </div>
   <div class='ocr_carea' id='block_1_3' title="bbox 226 608 357 629">
    <p class='ocr_par' dir='ltr' id='par_1_4' title="bbox 226 608 357 629">
     <span class='ocr_line' id='line_1_31' title="bbox 226 608 357 629; baseline -0.008 0"><span class='ocrx_word' id='word_1_242' title='bbox 226 608 357 629; x_wconf 77' lang='lat' dir='ltr'>Ambrosius.</span> 
     </span>
    </p>
   </div>
   <div class='ocr_carea' id='block_1_4' title="bbox 230 661 356 681">
    <p class='ocr_par' dir='ltr' id='par_1_5' title="bbox 230 661 356 681">
     <span class='ocr_line' id='line_1_32' title="bbox 230 661 356 681; baseline 0 0"><span class='ocrx_word' id='word_1_243' title='bbox 230 661 322 681; x_wconf 82' lang='lat' dir='ltr'>Dubium</span> <span class='ocrx_word' id='word_1_244' title='bbox 337 661 356 681; x_wconf 82' lang='lat'>3.</span> 
     </span>
    </p>
   </div>
   <div class='ocr_carea' id='block_1_5' title="bbox 287 803 355 830">
    <p class='ocr_par' dir='ltr' id='par_1_6' title="bbox 287 803 355 830">
     <span class='ocr_line' id='line_1_33' title="bbox 287 803 355 830; baseline 0.015 -7"><span class='ocrx_word' id='word_1_245' title='bbox 287 803 355 830; x_wconf 75' lang='lat' dir='ltr'>Ilugo.</span> 
     </span>
    </p>
   </div>
   <div class='ocr_carea' id='block_1_6' title="bbox 629 1787 1063 1937">
    <p class='ocr_par' dir='ltr' id='par_1_7' title="bbox 629 1787 1063 1937">
     <span class='ocr_line' id='line_1_34' title="bbox 781 1787 905 1817; baseline 0 -1"><span class='ocrx_word' id='word_1_246' title='bbox 781 1787 848 1817; x_wconf 62' lang='lat' dir='ltr'>CAP.</span> <span class='ocrx_word' id='word_1_247' title='bbox 873 1788 905 1817; x_wconf 57' lang='lat' dir='ltr'>Y.</span> 
     </span>
     <span class='ocr_line' id='line_1_35' title="bbox 629 1898 1063 1937; baseline 0.007 -11"><span class='ocrx_word' id='word_1_248' title='bbox 629 1898 727 1933; x_wconf 67' lang='lat' dir='ltr'>Quare</span> <span class='ocrx_word' id='word_1_249' title='bbox 749 1908 829 1937; x_wconf 64' lang='lat' dir='ltr'>(iqua</span> <span class='ocrx_word' id='word_1_250' title='bbox 850 1898 1063 1929; x_wconf 68' lang='lat' dir='ltr'>admisceatur.</span> 
     </span>
    </p>
   </div>
   <div class='ocr_carea' id='block_1_7' title="bbox 221 2011 1320 2587">
    <p class='ocr_par' dir='ltr' id='par_1_8' title="bbox 221 2011 1320 2491">
     <span class='ocr_line' id='line_1_36' title="bbox 445 2011 1319 2053; baseline 0.006 -13"><span class='ocrx_word' id='word_1_251' title='bbox 445 2011 531 2050; x_wconf 83' lang='lat' dir='ltr'>Aqua</span> <span class='ocrx_word' id='word_1_252' title='bbox 556 2020 625 2041; x_wconf 63' lang='lat' dir='ltr'>vero</span> <span class='ocrx_word' id='word_1_253' title='bbox 649 2012 843 2042; x_wconf 81' lang='lat' dir='ltr'>admiscenda</span> <span class='ocrx_word' id='word_1_254' title='bbox 875 2017 916 2042; x_wconf 86' lang='lat' dir='ltr'>est</span> <span class='ocrx_word' id='word_1_255' title='bbox 948 2013 1032 2049; x_wconf 77' lang='lat' dir='ltr'>vino,</span> <span class='ocrx_word' id='word_1_256' title='bbox 1056 2014 1127 2052; x_wconf 82' lang='lat' dir='ltr'>qnia</span> <span class='ocrx_word' id='word_1_257' title='bbox 1159 2023 1238 2053; x_wconf 85' lang='lat' dir='ltr'>aqua</span> <span class='ocrx_word' id='word_1_258' title='bbox 1268 2024 1319 2053; x_wconf 86' lang='lat' dir='ltr'>po-</span> 
     </span>
     <span class='ocr_line' id='line_1_37' title="bbox 221 2059 1320 2101; baseline 0.008 -16"><span class='ocrx_word' id='word_1_259' title='bbox 221 2065 313 2086; x_wconf 80' lang='lat' dir='ltr'>Dubium</span> <span class='ocrx_word' id='word_1_260' title='bbox 330 2067 348 2086; x_wconf 30' lang='lat' dir='ltr'>a.</span> <span class='ocrx_word' id='word_1_261' title='bbox 368 2059 470 2097; x_wconf 86' lang='lat' dir='ltr'>pulum</span> <span class='ocrx_word' id='word_1_262' title='bbox 501 2060 684 2097; x_wconf 72' lang='lat' dir='ltr'>signiticat·⁵.</span> <span class='ocrx_word' id='word_1_263' title='bbox 712 2061 761 2098; x_wconf 79' lang='lat' dir='ltr'>qui</span> <span class='ocrx_word' id='word_1_264' title='bbox 792 2069 846 2099; x_wconf 87' lang='lat' dir='ltr'>per</span> <span class='ocrx_word' id='word_1_265' title='bbox 875 2061 983 2091; x_wconf 84' lang='lat' dir='ltr'>Christi</span> <span class='ocrx_word' id='word_1_266' title='bbox 1008 2063 1181 2101; x_wconf 73' lang='lat' dir='ltr'>passionem</span> <span class='ocrx_word' id='word_1_267' title='bbox 1204 2064 1320 2094; x_wconf 81' lang='lat' dir='ltr'>redem-</span> 
     </span>
     <span class='ocr_line' id='line_1_38' title="bbox 270 2108 1320 2151; baseline 0.007 -15"><span class='ocrx_word' id='word_1_268' title='bbox 270 2110 341 2131; x_wconf 79' lang='lat' dir='ltr'>Canon</span> <span class='ocrx_word' id='word_1_269' title='bbox 366 2112 434 2146; x_wconf 86' lang='lat' dir='ltr'>ptus</span> <span class='ocrx_word' id='word_1_270' title='bbox 457 2113 509 2138; x_wconf 82' lang='lat' dir='ltr'>est.</span> <span class='ocrx_word' id='word_1_271' title='bbox 538 2121 549 2134; x_wconf 89' lang='lat'>«</span> <span class='ocrx_word' id='word_1_272' title='bbox 566 2108 648 2138; x_wconf 75' lang='lat' dir='ltr'>Calix</span> <span class='ocrx_word' id='word_1_273' title='bbox 671 2118 741 2146; x_wconf 63' lang='lat' dir='ltr'>ergo</span> <span class='ocrx_word' id='word_1_274' title='bbox 764 2110 934 2140; x_wconf 82' lang='lat' dir='ltr'>dominicus</span> <span class='ocrx_word' id='word_1_275' title='bbox 958 2112 1038 2141; x_wconf 86' lang='lat' dir='ltr'>iuxta</span> <span class='ocrx_word' id='word_1_276' title='bbox 1063 2120 1212 2142; x_wconf 83' lang='lat' dir='ltr'>canonum</span> <span class='ocrx_word' id='word_1_277' title='bbox 1236 2121 1320 2151; x_wconf 90' lang='lat' dir='ltr'>prae-</span> 
     </span>
     <span class='ocr_line' id='line_1_39' title="bbox 365 2159 1320 2200; baseline 0.006 -14"><span class='ocrx_word' id='word_1_278' title='bbox 365 2161 486 2195; x_wconf 86' lang='lat' dir='ltr'>ceptum</span> <span class='ocrx_word' id='word_1_279' title='bbox 510 2165 588 2195; x_wconf 80' lang='lat' dir='ltr'>aqua</span> <span class='ocrx_word' id='word_1_280' title='bbox 612 2161 640 2187; x_wconf 85' lang='lat' dir='ltr'>et</span> <span class='ocrx_word' id='word_1_281' title='bbox 662 2159 731 2187; x_wconf 82' lang='lat' dir='ltr'>vlno</span> <span class='ocrx_word' id='word_1_282' title='bbox 754 2159 865 2189; x_wconf 80' lang='lat' dir='ltr'>mixtus</span> <span class='ocrx_word' id='word_1_283' title='bbox 895 2159 984 2189; x_wconf 85' lang='lat' dir='ltr'>debet</span> <span class='ocrx_word' id='word_1_284' title='bbox 1006 2161 1121 2198; x_wconf 76' lang='lat' dir='ltr'>offerri3</span> <span class='ocrx_word' id='word_1_285' title='bbox 1145 2162 1215 2200; x_wconf 74' lang='lat' dir='ltr'>quia</span> <span class='ocrx_word' id='word_1_286' title='bbox 1239 2163 1320 2192; x_wconf 88' lang='lat' dir='ltr'>vide-</span> 
     </span>
     <span class='ocr_line' id='line_1_40' title="bbox 365 2206 1319 2247; baseline 0.007 -13"><span class='ocrx_word' id='word_1_287' title='bbox 365 2213 441 2241; x_wconf 88' lang='lat' dir='ltr'>mus,</span> <span class='ocrx_word' id='word_1_288' title='bbox 464 2206 491 2235; x_wconf 89' lang='lat' dir='ltr'>in</span> <span class='ocrx_word' id='word_1_289' title='bbox 515 2214 593 2244; x_wconf 83' lang='lat' dir='ltr'>aqua</span> <span class='ocrx_word' id='word_1_290' title='bbox 618 2207 762 2245; x_wconf 87' lang='lat' dir='ltr'>populum</span> <span class='ocrx_word' id='word_1_291' title='bbox 788 2208 928 2247; x_wconf 74' lang='lat' dir='ltr'>intelligi,</span> <span class='ocrx_word' id='word_1_292' title='bbox 958 2209 986 2238; x_wconf 88' lang='lat' dir='ltr'>in</span> <span class='ocrx_word' id='word_1_293' title='bbox 1018 2210 1086 2239; x_wconf 82' lang='lat' dir='ltr'>vino</span> <span class='ocrx_word' id='word_1_294' title='bbox 1115 2211 1230 2240; x_wconf 86' lang='lat' dir='ltr'>ostendi</span> <span class='ocrx_word' id='word_1_295' title='bbox 1255 2219 1319 2241; x_wconf 81' lang='lat' dir='ltr'>san-</span> 
     </span>
     <span class='ocr_line' id='line_1_41' title="bbox 364 2254 1318 2296; baseline 0.006 -13"><span class='ocrx_word' id='word_1_296' title='bbox 364 2254 485 2292; x_wconf 80' lang='lat' dir='ltr'>guinem</span> <span class='ocrx_word' id='word_1_297' title='bbox 501 2254 620 2285; x_wconf 85' lang='lat' dir='ltr'>Christi.</span> <span class='ocrx_word' id='word_1_298' title='bbox 635 2255 707 2285; x_wconf 86' lang='lat' dir='ltr'>Cum</span> <span class='ocrx_word' id='word_1_299' title='bbox 724 2256 814 2292; x_wconf 58' lang='lat' dir='ltr'>igitur</span> <span class='ocrx_word' id='word_1_300' title='bbox 831 2256 857 2285; x_wconf 87' lang='lat' dir='ltr'>in</span> <span class='ocrx_word' id='word_1_301' title='bbox 875 2257 970 2286; x_wconf 82' lang='lat' dir='ltr'>calice</span> <span class='ocrx_word' id='word_1_302' title='bbox 984 2258 1051 2287; x_wconf 84' lang='lat' dir='ltr'>vino</span> <span class='ocrx_word' id='word_1_303' title='bbox 1068 2266 1146 2296; x_wconf 79' lang='lat' dir='ltr'>aqua</span> <span class='ocrx_word' id='word_1_304' title='bbox 1163 2259 1318 2294; x_wconf 83' lang='lat' dir='ltr'>miscetur,</span> 
     </span>
     <span class='ocr_line' id='line_1_42' title="bbox 365 2302 1317 2345; baseline 0.007 -14"><span class='ocrx_word' id='word_1_305' title='bbox 365 2302 482 2332; x_wconf 84' lang='lat' dir='ltr'>Christo</span> <span class='ocrx_word' id='word_1_306' title='bbox 504 2303 635 2342; x_wconf 85' lang='lat' dir='ltr'>populus</span> <span class='ocrx_word' id='word_1_307' title='bbox 657 2304 820 2340; x_wconf 87' lang='lat' dir='ltr'>adunatur,</span> <span class='ocrx_word' id='word_1_308' title='bbox 851 2309 880 2334; x_wconf 84' lang='lat' dir='ltr'>et</span> <span class='ocrx_word' id='word_1_309' title='bbox 901 2305 1088 2336; x_wconf 81' lang='lat' dir='ltr'>credentium</span> <span class='ocrx_word' id='word_1_310' title='bbox 1114 2307 1199 2345; x_wconf 80' lang='lat' dir='ltr'>plebs</span> <span class='ocrx_word' id='word_1_311' title='bbox 1222 2308 1266 2342; x_wconf 90' lang='lat' dir='ltr'>ei,</span> <span class='ocrx_word' id='word_1_312' title='bbox 1289 2309 1317 2338; x_wconf 88' lang='lat' dir='ltr'>in</span> 
     </span>
     <span class='ocr_line' id='line_1_43' title="bbox 364 2351 1313 2394; baseline 0.006 -14"><span class='ocrx_word' id='word_1_313' title='bbox 364 2360 453 2389; x_wconf 85' lang='lat' dir='ltr'>quem</span> <span class='ocrx_word' id='word_1_314' title='bbox 476 2351 588 2388; x_wconf 81' lang='lat' dir='ltr'>credit,</span> <span class='ocrx_word' id='word_1_315' title='bbox 611 2352 787 2390; x_wconf 56' lang='lat' dir='ltr'>copulatum</span> <span class='ocrx_word' id='word_1_316' title='bbox 810 2361 888 2390; x_wconf 71' lang='lat' dir='ltr'>quae</span> <span class='ocrx_word' id='word_1_317' title='bbox 911 2354 1064 2392; x_wconf 82' lang='lat' dir='ltr'>copulatio</span> <span class='ocrx_word' id='word_1_318' title='bbox 1087 2363 1185 2394; x_wconf 84' lang='lat' dir='ltr'>aquae</span> <span class='ocrx_word' id='word_1_319' title='bbox 1207 2357 1313 2386; x_wconf 83' lang='lat' dir='ltr'>etvini</span> 
     </span>
     <span class='ocr_line' id='line_1_44' title="bbox 221 2400 1318 2443; baseline 0.006 -15"><span class='ocrx_word' id='word_1_320' title='bbox 221 2402 312 2423; x_wconf 81' lang='lat' dir='ltr'>Dubium</span> <span class='ocrx_word' id='word_1_321' title='bbox 327 2402 346 2423; x_wconf 60' lang='lat'>5&gt;</span> <span class='ocrx_word' id='word_1_322' title='bbox 363 2400 407 2429; x_wconf 88' lang='lat' dir='ltr'>sic</span> <span class='ocrx_word' id='word_1_323' title='bbox 430 2400 574 2430; x_wconf 86' lang='lat' dir='ltr'>miscetur</span> <span class='ocrx_word' id='word_1_324' title='bbox 596 2401 624 2430; x_wconf 90' lang='lat' dir='ltr'>in</span> <span class='ocrx_word' id='word_1_325' title='bbox 646 2401 741 2430; x_wconf 84' lang='lat' dir='ltr'>calice</span> <span class='ocrx_word' id='word_1_326' title='bbox 763 2401 889 2438; x_wconf 88' lang='lat' dir='ltr'>Christi,</span> <span class='ocrx_word' id='word_1_327' title='bbox 906 2406 937 2431; x_wconf 92' lang='lat' dir='ltr'>ut</span> <span class='ocrx_word' id='word_1_328' title='bbox 953 2403 1057 2433; x_wconf 79' lang='lat' dir='ltr'>mixtio</span> <span class='ocrx_word' id='word_1_329' title='bbox 1075 2404 1124 2434; x_wconf 87' lang='lat' dir='ltr'>illa</span> <span class='ocrx_word' id='word_1_330' title='bbox 1141 2413 1199 2434; x_wconf 84' lang='lat' dir='ltr'>non</span> <span class='ocrx_word' id='word_1_331' title='bbox 1223 2405 1318 2443; x_wconf 79' lang='lat' dir='ltr'>possit</span> 
     </span>
     <span class='ocr_line' id='line_1_45' title="bbox 361 2448 1315 2491; baseline 0.006 -14"><span class='ocrx_word' id='word_1_332' title='bbox 361 2449 507 2486; x_wconf 88' lang='lat' dir='ltr'>separari.</span> <span class='ocrx_word' id='word_1_333' title='bbox 530 2448 604 2478; x_wconf 86' lang='lat' dir='ltr'>Nam</span> <span class='ocrx_word' id='word_1_334' title='bbox 627 2449 651 2478; x_wconf 87' lang='lat' dir='ltr'>si</span> <span class='ocrx_word' id='word_1_335' title='bbox 676 2450 777 2478; x_wconf 88' lang='lat' dir='ltr'>vinnm</span> <span class='ocrx_word' id='word_1_336' title='bbox 802 2453 915 2479; x_wconf 82' lang='lat' dir='ltr'>tantum</span> <span class='ocrx_word' id='word_1_337' title='bbox 948 2451 1016 2489; x_wconf 84' lang='lat' dir='ltr'>quis</span> <span class='ocrx_word' id='word_1_338' title='bbox 1048 2452 1168 2487; x_wconf 76' lang='lat' dir='ltr'>offerat,</span> <span class='ocrx_word' id='word_1_339' title='bbox 1191 2454 1315 2491; x_wconf 80' lang='lat' dir='ltr'>sanguis</span> 
     </span>
    </p>

    <p class='ocr_par' dir='ltr' id='par_1_9' title="bbox 364 2496 1316 2587">
     <span class='ocr_line' id='line_1_46' title="bbox 364 2496 924 2535; baseline 0.004 -9"><span class='ocrx_word' id='word_1_340' title='bbox 364 2496 471 2526; x_wconf 85' lang='lat' dir='ltr'>Christi</span> <span class='ocrx_word' id='word_1_341' title='bbox 496 2497 601 2535; x_wconf 77' lang='lat' dir='ltr'>incipit</span> <span class='ocrx_word' id='word_1_342' title='bbox 624 2506 690 2527; x_wconf 83' lang='lat' dir='ltr'>esse</span> <span class='ocrx_word' id='word_1_343' title='bbox 712 2498 775 2527; x_wconf 74' lang='lat' dir='ltr'>sine</span> <span class='ocrx_word' id='word_1_344' title='bbox 799 2498 924 2529; x_wconf 82' lang='lat' dir='ltr'>nobis».</span> 
     </span>
     <span class='ocr_line' id='line_1_47' title="bbox 443 2545 1316 2587; baseline 0.007 -13"><span class='ocrx_word' id='word_1_345' title='bbox 443 2545 472 2575; x_wconf 84' lang='lat' dir='ltr'>Si</span> <span class='ocrx_word' id='word_1_346' title='bbox 498 2554 567 2575; x_wconf 84' lang='lat' dir='ltr'>vero</span> <span class='ocrx_word' id='word_1_347' title='bbox 590 2547 756 2584; x_wconf 82' lang='lat' dir='ltr'>quaeritur,</span> <span class='ocrx_word' id='word_1_348' title='bbox 780 2556 815 2576; x_wconf 91' lang='lat' dir='ltr'>an</span> <span class='ocrx_word' id='word_1_349' title='bbox 841 2547 957 2577; x_wconf 87' lang='lat' dir='ltr'>irritum</span> <span class='ocrx_word' id='word_1_350' title='bbox 980 2549 1018 2577; x_wconf 90' lang='lat' dir='ltr'>sit</span> <span class='ocrx_word' id='word_1_351' title='bbox 1040 2550 1121 2587; x_wconf 82' lang='lat' dir='ltr'>quod</span> <span class='ocrx_word' id='word_1_352' title='bbox 1144 2551 1269 2587; x_wconf 77' lang='lat' dir='ltr'>geritur,</span> <span class='ocrx_word' id='word_1_353' title='bbox 1292 2551 1316 2580; x_wconf 89' lang='lat' dir='ltr'>si</span> 
     </span>
    </p>
   </div>
   <div class='ocr_carea' id='block_1_8' title="bbox 1134 227 1580 261">
    <p class='ocr_par' dir='ltr' id='par_1_10' title="bbox 1134 227 1580 261">
     <span class='ocr_line' id='line_1_48' title="bbox 1134 227 1580 261; baseline 0 -2"><span class='ocrx_word' id='word_1_354' title='bbox 1134 227 1417 260; x_wconf 70' lang='lat' dir='ltr'>SENTENTtARUM</span> <span class='ocrx_word' id='word_1_355' title='bbox 1441 228 1508 260; x_wconf 78' lang='lat' dir='ltr'>Ltss.</span> <span class='ocrx_word' id='word_1_356' title='bbox 1534 229 1580 261; x_wconf 75' lang='lat' dir='ltr'>tv.</span> 
     </span>
    </p>
   </div>
   <div class='ocr_carea' id='block_1_9' title="bbox 1349 324 1360 2591">
    <p class='ocr_par' dir='ltr' id='par_1_11' title="bbox 1349 324 1360 2591">
     <span class='ocr_line' id='line_1_49' title="bbox 1349 324 1360 2591; baseline 0 0"><span class='ocrx_word' id='word_1_357' title='bbox 1349 324 1360 2591; x_wconf 95' lang='lat' dir='ltr'> </span> 
     </span>
    </p>
   </div>
   <div class='ocr_carea' id='block_1_10' title="bbox 1383 317 2475 1573">
    <p class='ocr_par' dir='ltr' id='par_1_12' title="bbox 1389 317 2343 356">
     <span class='ocr_line' id='line_1_50' title="bbox 1389 317 2343 356; baseline 0.006 -12"><span class='ocrx_word' id='word_1_358' title='bbox 1389 322 1467 353; x_wconf 82' lang='lat' dir='ltr'>aqna</span> <span class='ocrx_word' id='word_1_359' title='bbox 1490 317 1763 353; x_wconf 80' lang='lat' dir='ltr'>praetermittatur;</span> <span class='ocrx_word' id='word_1_360' title='bbox 1780 317 1850 347; x_wconf 82' lang='lat' dir='ltr'>audi</span> <span class='ocrx_word' id='word_1_361' title='bbox 1867 317 1947 355; x_wconf 84' lang='lat' dir='ltr'>qnod</span> <span class='ocrx_word' id='word_1_362' title='bbox 1964 319 2102 356; x_wconf 85' lang='lat' dir='ltr'>sequitur</span> <span class='ocrx_word' id='word_1_363' title='bbox 2125 319 2153 348; x_wconf 88' lang='lat' dir='ltr'>in</span> <span class='ocrx_word' id='word_1_364' title='bbox 2175 320 2279 350; x_wconf 88' lang='lat' dir='ltr'>eodem</span> <span class='ocrx_word' id='word_1_365' title='bbox 2296 329 2343 350; x_wconf 85' lang='lat' dir='ltr'>ca-</span> 
     </span>
    </p>

    <p class='ocr_par' dir='ltr' id='par_1_13' title="bbox 1389 364 2465 500">
     <span class='ocr_line' id='line_1_51' title="bbox 1390 364 2434 406; baseline 0.007 -14"><span class='ocrx_word' id='word_1_366' title='bbox 1390 372 1481 392; x_wconf 87' lang='lat' dir='ltr'>none:</span> <span class='ocrx_word' id='word_1_367' title='bbox 1511 377 1522 389; x_wconf 87' lang='lat'>«</span> <span class='ocrx_word' id='word_1_368' title='bbox 1535 364 1598 394; x_wconf 84' lang='lat' dir='ltr'>Non</span> <span class='ocrx_word' id='word_1_369' title='bbox 1615 369 1723 402; x_wconf 78' lang='lat' dir='ltr'>potest,</span> <span class='ocrx_word' id='word_1_370' title='bbox 1741 365 1845 403; x_wconf 82' lang='lat' dir='ltr'>inquit,</span> <span class='ocrx_word' id='word_1_371' title='bbox 1862 365 1942 395; x_wconf 79' lang='lat' dir='ltr'>calix</span> <span class='ocrx_word' id='word_1_372' title='bbox 1959 366 2074 395; x_wconf 85' lang='lat' dir='ltr'>Domini</span> <span class='ocrx_word' id='word_1_373' title='bbox 2092 375 2156 397; x_wconf 84' lang='lat' dir='ltr'>esse</span> <span class='ocrx_word' id='word_1_374' title='bbox 2173 376 2251 406; x_wconf 86' lang='lat' dir='ltr'>aqua</span> <span class='ocrx_word' id='word_1_375' title='bbox 2266 369 2340 405; x_wconf 82' lang='lat' dir='ltr'>sola⁷</span> <span class='ocrx_word' id='word_1_376' title='bbox 2355 376 2434 399; x_wconf 77' lang='lat' dir='ltr'>Canon.</span> 
     </span>
     <span class='ocr_line' id='line_1_52' title="bbox 1389 412 2465 456; baseline 0.008 -16"><span class='ocrx_word' id='word_1_377' title='bbox 1389 414 1439 440; x_wconf 89' lang='lat' dir='ltr'>aut</span> <span class='ocrx_word' id='word_1_378' title='bbox 1453 412 1552 442; x_wconf 83' lang='lat' dir='ltr'>vinum</span> <span class='ocrx_word' id='word_1_379' title='bbox 1565 412 1672 447; x_wconf 83' lang='lat' dir='ltr'>solum,</span> <span class='ocrx_word' id='word_1_380' title='bbox 1686 413 1740 442; x_wconf 86' lang='lat' dir='ltr'>nisi</span> <span class='ocrx_word' id='word_1_381' title='bbox 1756 417 1916 451; x_wconf 84' lang='lat' dir='ltr'>utrumque</span> <span class='ocrx_word' id='word_1_382' title='bbox 1930 415 2092 445; x_wconf 78' lang='lat' dir='ltr'>misceatur</span> <span class='ocrx_word' id='word_1_383' title='bbox 2101 416 2206 446; x_wconf 81' lang='lat' dir='ltr'>».Item</span> <span class='ocrx_word' id='word_1_384' title='bbox 2220 416 2341 456; x_wconf 84' lang='lat' dir='ltr'>Cypria-</span> <span class='ocrx_word' id='word_1_385' title='bbox 2355 425 2465 452; x_wconf 63' lang='lat' dir='ltr'>cyprianus</span> 
     </span>
     <span class='ocr_line' id='line_1_53' title="bbox 1389 459 2340 500; baseline 0.006 -11"><span class='ocrx_word' id='word_1_386' title='bbox 1389 469 1443 489; x_wconf 89' lang='lat' dir='ltr'>nus</span> <span class='ocrx_word' id='word_1_387' title='bbox 1460 459 1485 489; x_wconf 55' lang='grc' dir='ltr'>δε</span> <span class='ocrx_word' id='word_1_388' title='bbox 1503 473 1515 486; x_wconf 86' lang='lat'>«</span> <span class='ocrx_word' id='word_1_389' title='bbox 1528 460 1611 491; x_wconf 79' lang='lat' dir='ltr'>Calix</span> <span class='ocrx_word' id='word_1_390' title='bbox 1635 461 1750 490; x_wconf 83' lang='lat' dir='ltr'>Domini</span> <span class='ocrx_word' id='word_1_391' title='bbox 1777 470 1832 491; x_wconf 86' lang='lat' dir='ltr'>non</span> <span class='ocrx_word' id='word_1_392' title='bbox 1856 466 1901 491; x_wconf 88' lang='lat' dir='ltr'>est</span> <span class='ocrx_word' id='word_1_393' title='bbox 1915 470 1991 500; x_wconf 83' lang='lat' dir='ltr'>aqua</span> <span class='ocrx_word' id='word_1_394' title='bbox 2016 464 2092 500; x_wconf 88' lang='lat' dir='ltr'>sola,</span> <span class='ocrx_word' id='word_1_395' title='bbox 2108 469 2159 494; x_wconf 87' lang='lat' dir='ltr'>aut</span> <span class='ocrx_word' id='word_1_396' title='bbox 2176 465 2276 495; x_wconf 85' lang='lat' dir='ltr'>vinum</span> <span class='ocrx_word' id='word_1_397' title='bbox 2293 475 2340 495; x_wconf 88' lang='lat' dir='ltr'>so-</span> 
     </span>
    </p>

    <p class='ocr_par' dir='ltr' id='par_1_14' title="bbox 1388 508 2339 551">
     <span class='ocr_line' id='line_1_54' title="bbox 1388 508 2339 551; baseline 0.007 -14"><span class='ocrx_word' id='word_1_398' title='bbox 1388 508 1458 543; x_wconf 89' lang='lat' dir='ltr'>lum,</span> <span class='ocrx_word' id='word_1_399' title='bbox 1476 509 1529 538; x_wconf 88' lang='lat' dir='ltr'>nisi</span> <span class='ocrx_word' id='word_1_400' title='bbox 1556 513 1716 547; x_wconf 83' lang='lat' dir='ltr'>utrumque</span> <span class='ocrx_word' id='word_1_401' title='bbox 1733 510 1910 545; x_wconf 86' lang='lat' dir='ltr'>misceatnr;</span> <span class='ocrx_word' id='word_1_402' title='bbox 1927 512 2005 540; x_wconf 90' lang='lat' dir='ltr'>sicut</span> <span class='ocrx_word' id='word_1_403' title='bbox 2021 520 2075 542; x_wconf 82' lang='lat' dir='ltr'>nec</span> <span class='ocrx_word' id='word_1_404' title='bbox 2092 521 2203 551; x_wconf 88' lang='lat' dir='ltr'>corpus</span> <span class='ocrx_word' id='word_1_405' title='bbox 2223 514 2339 544; x_wconf 83' lang='lat' dir='ltr'>Domini</span> 
     </span>
    </p>

    <p class='ocr_par' dir='ltr' id='par_1_15' title="bbox 1390 558 2340 602">
     <span class='ocr_line' id='line_1_55' title="bbox 1390 558 2340 602; baseline 0.007 -17"><span class='ocrx_word' id='word_1_406' title='bbox 1390 561 1486 594; x_wconf 82' lang='lat' dir='ltr'>potest</span> <span class='ocrx_word' id='word_1_407' title='bbox 1519 566 1583 586; x_wconf 87' lang='lat' dir='ltr'>esse</span> <span class='ocrx_word' id='word_1_408' title='bbox 1607 558 1699 586; x_wconf 71' lang='lat' dir='ltr'>farina</span> <span class='ocrx_word' id='word_1_409' title='bbox 1724 558 1796 594; x_wconf 84' lang='lat' dir='ltr'>sola,</span> <span class='ocrx_word' id='word_1_410' title='bbox 1821 566 1875 588; x_wconf 87' lang='lat' dir='ltr'>nec</span> <span class='ocrx_word' id='word_1_411' title='bbox 1897 567 1974 597; x_wconf 76' lang='lat' dir='ltr'>aqua</span> <span class='ocrx_word' id='word_1_412' title='bbox 1998 560 2075 595; x_wconf 84' lang='lat' dir='ltr'>sola,</span> <span class='ocrx_word' id='word_1_413' title='bbox 2099 561 2153 590; x_wconf 86' lang='lat' dir='ltr'>nisi</span> <span class='ocrx_word' id='word_1_414' title='bbox 2179 566 2340 602; x_wconf 84' lang='lat' dir='ltr'>utrumque</span> 
     </span>
    </p>

    <p class='ocr_par' dir='ltr' id='par_1_16' title="bbox 1389 606 2339 648">
     <span class='ocr_line' id='line_1_56' title="bbox 1389 606 2339 648; baseline 0.008 -15"><span class='ocrx_word' id='word_1_415' title='bbox 1389 606 1476 634; x_wconf 80' lang='lat' dir='ltr'>tuerit</span> <span class='ocrx_word' id='word_1_416' title='bbox 1499 606 1662 635; x_wconf 86' lang='lat' dir='ltr'>adunatum</span> <span class='ocrx_word' id='word_1_417' title='bbox 1688 609 1715 635; x_wconf 86' lang='lat' dir='ltr'>et</span> <span class='ocrx_word' id='word_1_418' title='bbox 1738 607 1824 644; x_wconf 82' lang='lat' dir='ltr'>panis</span> <span class='ocrx_word' id='word_1_419' title='bbox 1852 608 1940 637; x_wconf 86' lang='lat' dir='ltr'>unius</span> <span class='ocrx_word' id='word_1_420' title='bbox 1966 617 2111 648; x_wconf 79' lang='lat' dir='ltr'>compage</span> <span class='ocrx_word' id='word_1_421' title='bbox 2138 610 2298 641; x_wconf 85' lang='lat' dir='ltr'>solidatum</span> <span class='ocrx_word' id='word_1_422' title='bbox 2312 624 2339 643; x_wconf 59' lang='grc' dir='ltr'>ι».</span> 
     </span>
    </p>

    <p class='ocr_par' dir='ltr' id='par_1_17' title="bbox 1389 654 2339 793">
     <span class='ocr_line' id='line_1_57' title="bbox 1389 654 2338 698; baseline 0.006 -14"><span class='ocrx_word' id='word_1_423' title='bbox 1389 654 1416 684; x_wconf 83' lang='lat' dir='ltr'>Si</span> <span class='ocrx_word' id='word_1_424' title='bbox 1441 655 1508 692; x_wconf 83' lang='lat' dir='ltr'>quis</span> <span class='ocrx_word' id='word_1_425' title='bbox 1532 658 1645 691; x_wconf 79' lang='lat' dir='ltr'>tamen,</span> <span class='ocrx_word' id='word_1_426' title='bbox 1669 663 1725 684; x_wconf 86' lang='lat' dir='ltr'>non</span> <span class='ocrx_word' id='word_1_427' title='bbox 1761 655 1916 685; x_wconf 87' lang='lat' dir='ltr'>intendens</span> <span class='ocrx_word' id='word_1_428' title='bbox 1949 657 2140 688; x_wconf 72' lang='lat' dir='ltr'>introducere</span> <span class='ocrx_word' id='word_1_429' title='bbox 2174 659 2338 698; x_wconf 77' lang='lat' dir='ltr'>haeresim,</span> 
     </span>
     <span class='ocr_line' id='line_1_58' title="bbox 1389 702 2337 744; baseline 0.007 -13"><span class='ocrx_word' id='word_1_430' title='bbox 1389 702 1539 731; x_wconf 82' lang='lat' dir='ltr'>obhvione</span> <span class='ocrx_word' id='word_1_431' title='bbox 1576 702 1621 731; x_wconf 78' lang='lat' dir='ltr'>vel</span> <span class='ocrx_word' id='word_1_432' title='bbox 1656 703 1821 739; x_wconf 69' lang='lat' dir='ltr'>ignorantia</span> <span class='ocrx_word' id='word_1_433' title='bbox 1855 712 1963 742; x_wconf 83' lang='lat' dir='ltr'>aquam</span> <span class='ocrx_word' id='word_1_434' title='bbox 1997 707 2247 744; x_wconf 70' lang='lat' dir='ltr'>praetermiserit,</span> <span class='ocrx_word' id='word_1_435' title='bbox 2282 717 2337 738; x_wconf 90' lang='lat' dir='ltr'>non</span> 
     </span>
     <span class='ocr_line' id='line_1_59' title="bbox 1390 750 2339 793; baseline 0.007 -14"><span class='ocrx_word' id='word_1_436' title='bbox 1390 750 1507 779; x_wconf 77' lang='lat' dir='ltr'>videtur</span> <span class='ocrx_word' id='word_1_437' title='bbox 1534 758 1598 780; x_wconf 85' lang='lat' dir='ltr'>esse</span> <span class='ocrx_word' id='word_1_438' title='bbox 1633 751 1748 780; x_wconf 88' lang='lat' dir='ltr'>irritum</span> <span class='ocrx_word' id='word_1_439' title='bbox 1782 752 2027 789; x_wconf 55' lang='lat' dir='ltr'>Sacramentum</span> <span class='ocrx_word' id='word_1_440' title='bbox 2049 755 2100 784; x_wconf 83' lang='lat' dir='ltr'>sed</span> <span class='ocrx_word' id='word_1_441' title='bbox 2136 755 2184 785; x_wconf 87' lang='lat' dir='ltr'>ille</span> <span class='ocrx_word' id='word_1_442' title='bbox 2206 757 2339 793; x_wconf 73' lang='lat' dir='ltr'>graviter</span> 
     </span>
    </p>

    <p class='ocr_par' dir='ltr' id='par_1_18' title="bbox 1387 799 2411 989">
     <span class='ocr_line' id='line_1_60' title="bbox 1389 799 2339 837; baseline 0.008 -10"><span class='ocrx_word' id='word_1_443' title='bbox 1389 803 1432 828; x_wconf 84' lang='lat' dir='ltr'>est</span> <span class='ocrx_word' id='word_1_444' title='bbox 1463 799 1690 837; x_wconf 79' lang='lat' dir='ltr'>corripiendus3</span> <span class='ocrx_word' id='word_1_445' title='bbox 1723 809 1790 830; x_wconf 76' lang='lat' dir='ltr'>nan]</span> <span class='ocrx_word' id='word_1_446' title='bbox 1820 806 1848 830; x_wconf 86' lang='lat' dir='ltr'>et</span> <span class='ocrx_word' id='word_1_447' title='bbox 1888 801 2071 832; x_wconf 84' lang='lat' dir='ltr'>Graecorum</span> <span class='ocrx_word' id='word_1_448' title='bbox 2108 804 2242 834; x_wconf 81' lang='lat' dir='ltr'>Ecclesia</span> <span class='ocrx_word' id='word_1_449' title='bbox 2281 814 2339 835; x_wconf 86' lang='lat' dir='ltr'>non</span> 
     </span>
     <span class='ocr_line' id='line_1_61' title="bbox 1388 849 2341 893; baseline 0.008 -17"><span class='ocrx_word' id='word_1_450' title='bbox 1388 855 1542 885; x_wconf 83' lang='lat' dir='ltr'>apponere</span> <span class='ocrx_word' id='word_1_451' title='bbox 1575 855 1684 886; x_wconf 75' lang='lat' dir='ltr'>aquam</span> <span class='ocrx_word' id='word_1_452' title='bbox 1718 849 1837 880; x_wconf 86' lang='lat' dir='ltr'>dicitur.</span> <span class='ocrx_word' id='word_1_453' title='bbox 1866 850 1950 885; x_wconf 84' lang='lat' dir='ltr'>Quod</span> <span class='ocrx_word' id='word_1_454' title='bbox 1985 851 2073 881; x_wconf 89' lang='lat' dir='ltr'>etiam</span> <span class='ocrx_word' id='word_1_455' title='bbox 2107 861 2144 882; x_wconf 86' lang='lat' dir='ltr'>ex</span> <span class='ocrx_word' id='word_1_456' title='bbox 2177 854 2265 884; x_wconf 87' lang='lat' dir='ltr'>dictis</span> <span class='ocrx_word' id='word_1_457' title='bbox 2287 855 2341 893; x_wconf 86' lang='lat' dir='ltr'>Cy-</span> 
     </span>
     <span class='ocr_line' id='line_1_62' title="bbox 1389 896 2411 940; baseline 0.01 -17"><span class='ocrx_word' id='word_1_458' title='bbox 1389 896 1484 933; x_wconf 76' lang='lat' dir='ltr'>priani</span> <span class='ocrx_word' id='word_1_459' title='bbox 1519 896 1638 926; x_wconf 75' lang='lat' dir='ltr'>videtur</span> <span class='ocrx_word' id='word_1_460' title='bbox 1668 906 1756 934; x_wconf 88' lang='lat' dir='ltr'>posse</span> <span class='ocrx_word' id='word_1_461' title='bbox 1782 898 1891 936; x_wconf 77' lang='lat' dir='ltr'>colligi.</span> <span class='ocrx_word' id='word_1_462' title='bbox 1915 900 1962 928; x_wconf 81' lang='lat' dir='ltr'>Ait</span> <span class='ocrx_word' id='word_1_463' title='bbox 1992 900 2085 930; x_wconf 85' lang='lat' dir='ltr'>enim:</span> <span class='ocrx_word' id='word_1_464' title='bbox 2120 901 2174 931; x_wconf 84' lang='lat' dir='ltr'>«Si</span> <span class='ocrx_word' id='word_1_465' title='bbox 2203 903 2271 940; x_wconf 81' lang='lat' dir='ltr'>quis</span> <span class='ocrx_word' id='word_1_466' title='bbox 2300 903 2337 932; x_wconf 86' lang='lat' dir='ltr'>de</span> <span class='ocrx_word' id='word_1_467' title='bbox 2353 907 2411 928; x_wconf 79' lang='lat' dir='ltr'>Item-</span> 
     </span>
     <span class='ocr_line' id='line_1_63' title="bbox 1387 945 2340 989; baseline 0.009 -17"><span class='ocrx_word' id='word_1_468' title='bbox 1387 945 1629 974; x_wconf 83' lang='lat' dir='ltr'>antecessoribus</span> <span class='ocrx_word' id='word_1_469' title='bbox 1661 947 1771 976; x_wconf 77' lang='lat' dir='ltr'>nostris</span> <span class='ocrx_word' id='word_1_470' title='bbox 1804 947 1850 977; x_wconf 88' lang='lat' dir='ltr'>vel</span> <span class='ocrx_word' id='word_1_471' title='bbox 1884 948 2056 986; x_wconf 75' lang='lat' dir='ltr'>ignoranter</span> <span class='ocrx_word' id='word_1_472' title='bbox 2086 950 2131 979; x_wconf 74' lang='lat' dir='ltr'>vel</span> <span class='ocrx_word' id='word_1_473' title='bbox 2161 951 2340 989; x_wconf 82' lang='lat' dir='ltr'>simplicitet·</span> 
     </span>
    </p>

    <p class='ocr_par' dir='ltr' id='par_1_19' title="bbox 1389 993 2339 1033">
     <span class='ocr_line' id='line_1_64' title="bbox 1389 993 2339 1033; baseline 0.011 -13"><span class='ocrx_word' id='word_1_474' title='bbox 1389 1000 1446 1021; x_wconf 89' lang='lat' dir='ltr'>non</span> <span class='ocrx_word' id='word_1_475' title='bbox 1470 993 1527 1022; x_wconf 91' lang='lat' dir='ltr'>hoc</span> <span class='ocrx_word' id='word_1_476' title='bbox 1548 995 1730 1029; x_wconf 76' lang='lat' dir='ltr'>servaverit,</span> <span class='ocrx_word' id='word_1_477' title='bbox 1753 995 1833 1033; x_wconf 84' lang='lat' dir='ltr'>quod</span> <span class='ocrx_word' id='word_1_478' title='bbox 1867 1004 1921 1025; x_wconf 85' lang='lat' dir='ltr'>nos</span> <span class='ocrx_word' id='word_1_479' title='bbox 1954 997 2096 1027; x_wconf 82' lang='lat' dir='ltr'>Dominus</span> <span class='ocrx_word' id='word_1_480' title='bbox 2120 999 2218 1028; x_wconf 77' lang='lat' dir='ltr'>facere</span> <span class='ocrx_word' id='word_1_481' title='bbox 2242 1003 2270 1028; x_wconf 86' lang='lat' dir='ltr'>ct</span> <span class='ocrx_word' id='word_1_482' title='bbox 2292 1009 2339 1030; x_wconf 85' lang='lat' dir='ltr'>ex-</span> 
     </span>
    </p>

    <p class='ocr_par' dir='ltr' id='par_1_20' title="bbox 1383 1041 2475 1573">
     <span class='ocr_line' id='line_1_65' title="bbox 1388 1041 2338 1085; baseline 0.011 -16"><span class='ocrx_word' id='word_1_483' title='bbox 1388 1041 1486 1078; x_wconf 84' lang='lat' dir='ltr'>emplo</span> <span class='ocrx_word' id='word_1_484' title='bbox 1520 1046 1548 1070; x_wconf 87' lang='lat' dir='ltr'>et</span> <span class='ocrx_word' id='word_1_485' title='bbox 1577 1043 1749 1079; x_wconf 72' lang='lat' dir='ltr'>magisterio</span> <span class='ocrx_word' id='word_1_486' title='bbox 1782 1044 1901 1078; x_wconf 83' lang='lat' dir='ltr'>docuit;</span> <span class='ocrx_word' id='word_1_487' title='bbox 1936 1050 2031 1083; x_wconf 82' lang='lat' dir='ltr'>potest</span> <span class='ocrx_word' id='word_1_488' title='bbox 2066 1047 2250 1085; x_wconf 71' lang='lat' dir='ltr'>simplicitati</span> <span class='ocrx_word' id='word_1_489' title='bbox 2274 1049 2338 1079; x_wconf 86' lang='lat' dir='ltr'>cius</span> 
     </span>
     <span class='ocr_line' id='line_1_66' title="bbox 1389 1090 2468 1136; baseline 0.009 -18"><span class='ocrx_word' id='word_1_490' title='bbox 1389 1090 1571 1126; x_wconf 67' lang='lat' dir='ltr'>indulgentia</span> <span class='ocrx_word' id='word_1_491' title='bbox 1596 1091 1711 1120; x_wconf 84' lang='lat' dir='ltr'>Domini</span> <span class='ocrx_word' id='word_1_492' title='bbox 1738 1093 1823 1122; x_wconf 72' lang='lat' dir='ltr'>venia</span> <span class='ocrx_word' id='word_1_493' title='bbox 1846 1095 1981 1124; x_wconf 85' lang='lat' dir='ltr'>concedi.</span> <span class='ocrx_word' id='word_1_494' title='bbox 2004 1095 2097 1125; x_wconf 85' lang='lat' dir='ltr'>Nobis</span> <span class='ocrx_word' id='word_1_495' title='bbox 2120 1105 2190 1126; x_wconf 86' lang='lat' dir='ltr'>vero</span> <span class='ocrx_word' id='word_1_496' title='bbox 2214 1106 2270 1127; x_wconf 90' lang='lat' dir='ltr'>non</span> <span class='ocrx_word' id='word_1_497' title='bbox 2289 1107 2337 1136; x_wconf 87' lang='lat' dir='ltr'>po·</span> <span class='ocrx_word' id='word_1_498' title='bbox 2353 1105 2468 1128; x_wconf 84' lang='lat' dir='ltr'>Dubium6</span> 
     </span>
     <span class='ocr_line' id='line_1_67' title="bbox 1388 1139 2340 1183; baseline 0.011 -17"><span class='ocrx_word' id='word_1_499' title='bbox 1388 1142 1443 1168; x_wconf 84' lang='lat' dir='ltr'>test</span> <span class='ocrx_word' id='word_1_500' title='bbox 1466 1139 1593 1176; x_wconf 65' lang='lat' dir='ltr'>ignosci,</span> <span class='ocrx_word' id='word_1_501' title='bbox 1626 1141 1676 1178; x_wconf 73' lang='lat' dir='ltr'>qui</span> <span class='ocrx_word' id='word_1_502' title='bbox 1708 1149 1787 1170; x_wconf 86' lang='lat' dir='ltr'>nunc</span> <span class='ocrx_word' id='word_1_503' title='bbox 1811 1150 1826 1171; x_wconf 88' lang='lat' dir='ltr'>a</span> <span class='ocrx_word' id='word_1_504' title='bbox 1850 1142 1975 1172; x_wconf 85' lang='lat' dir='ltr'>Domino</span> <span class='ocrx_word' id='word_1_505' title='bbox 1999 1144 2135 1173; x_wconf 87' lang='lat' dir='ltr'>instructi</span> <span class='ocrx_word' id='word_1_506' title='bbox 2159 1154 2278 1183; x_wconf 78' lang='lat' dir='ltr'>sumus,</span> <span class='ocrx_word' id='word_1_507' title='bbox 2307 1150 2340 1176; x_wconf 86' lang='grc' dir='ltr'>ιιι</span> 
     </span>
     <span class='ocr_line' id='line_1_68' title="bbox 1387 1187 2338 1233; baseline 0.009 -17"><span class='ocrx_word' id='word_1_508' title='bbox 1387 1187 1512 1217; x_wconf 76' lang='lat' dir='ltr'>calicem</span> <span class='ocrx_word' id='word_1_509' title='bbox 1548 1188 1662 1218; x_wconf 82' lang='lat' dir='ltr'>Domini</span> <span class='ocrx_word' id='word_1_510' title='bbox 1693 1198 1761 1218; x_wconf 83' lang='lat' dir='ltr'>cum</span> <span class='ocrx_word' id='word_1_511' title='bbox 1793 1191 1861 1220; x_wconf 70' lang='lat' dir='ltr'>vino</span> <span class='ocrx_word' id='word_1_512' title='bbox 1895 1192 2038 1225; x_wconf 83' lang='lat' dir='ltr'>mixtum,</span> <span class='ocrx_word' id='word_1_513' title='bbox 2068 1194 2234 1223; x_wconf 82' lang='lat' dir='ltr'>secundum</span> <span class='ocrx_word' id='word_1_514' title='bbox 2258 1196 2338 1233; x_wconf 80' lang='lat' dir='ltr'>quod</span> 
     </span>
     <span class='ocr_line' id='line_1_69' title="bbox 1386 1236 2474 1282; baseline 0.008 -17"><span class='ocrx_word' id='word_1_515' title='bbox 1386 1236 1531 1266; x_wconf 87' lang='lat' dir='ltr'>Dominus</span> <span class='ocrx_word' id='word_1_516' title='bbox 1554 1237 1675 1271; x_wconf 81' lang='lat' dir='ltr'>obtulit,</span> <span class='ocrx_word' id='word_1_517' title='bbox 1698 1238 1858 1269; x_wconf 76' lang='lat' dir='ltr'>offeramus</span> <span class='ocrx_word' id='word_1_518' title='bbox 1874 1252 1901 1269; x_wconf 73' lang='lat'>».</span> <span class='ocrx_word' id='word_1_519' title='bbox 1917 1257 1956 1261; x_wconf 85' lang='lat'><strong>—</strong></span> <span class='ocrx_word' id='word_1_520' title='bbox 1980 1241 2024 1270; x_wconf 75' lang='lat' dir='ltr'>Ex</span> <span class='ocrx_word' id='word_1_521' title='bbox 2039 1242 2097 1271; x_wconf 91' lang='lat' dir='ltr'>hoc</span> <span class='ocrx_word' id='word_1_522' title='bbox 2114 1242 2241 1279; x_wconf 81' lang='lat' dir='ltr'>videtur,</span> <span class='ocrx_word' id='word_1_523' title='bbox 2258 1244 2338 1282; x_wconf 87' lang='lat' dir='ltr'>quod</span> <span class='ocrx_word' id='word_1_524' title='bbox 2472 1275 2474 1282; x_wconf 69' lang='grc'><strong>,</strong></span> 
     </span>
     <span class='ocr_line' id='line_1_70' title="bbox 1386 1284 2475 1331; baseline 0.009 -18"><span class='ocrx_word' id='word_1_525' title='bbox 1386 1284 1409 1313; x_wconf 90' lang='lat' dir='ltr'>si</span> <span class='ocrx_word' id='word_1_526' title='bbox 1434 1285 1502 1323; x_wconf 78' lang='lat' dir='ltr'>quis</span> <span class='ocrx_word' id='word_1_527' title='bbox 1534 1285 1712 1324; x_wconf 87' lang='lat' dir='ltr'>simpliciter</span> <span class='ocrx_word' id='word_1_528' title='bbox 1740 1287 1785 1316; x_wconf 69' lang='lat' dir='ltr'>vel</span> <span class='ocrx_word' id='word_1_529' title='bbox 1819 1288 1990 1325; x_wconf 69' lang='lat' dir='ltr'>ignoranter</span> <span class='ocrx_word' id='word_1_530' title='bbox 2022 1290 2123 1320; x_wconf 89' lang='lat' dir='ltr'>vinum</span> <span class='ocrx_word' id='word_1_531' title='bbox 2148 1292 2252 1321; x_wconf 77' lang='lat' dir='ltr'>offerat</span> <span class='ocrx_word' id='word_1_532' title='bbox 2276 1293 2339 1322; x_wconf 72' lang='lat' dir='ltr'>sine</span> <span class='ocrx_word' id='word_1_533' title='bbox 2472 1307 2475 1331; x_wconf 63' lang='grc' dir='ltr'>ς</span> 
     </span>
     <span class='ocr_line' id='line_1_71' title="bbox 1386 1333 2475 1376; baseline 0.009 -14"><span class='ocrx_word' id='word_1_534' title='bbox 1386 1341 1474 1371; x_wconf 79' lang='lat' dir='ltr'>aqua,</span> <span class='ocrx_word' id='word_1_535' title='bbox 1502 1333 1729 1364; x_wconf 80' lang='lat' dir='ltr'>Sacramentum</span> <span class='ocrx_word' id='word_1_536' title='bbox 1764 1337 1912 1366; x_wconf 80' lang='lat' dir='ltr'>conficiat.</span> <span class='ocrx_word' id='word_1_537' title='bbox 1946 1340 2031 1376; x_wconf 77' lang='lat' dir='ltr'>Aqua</span> <span class='ocrx_word' id='word_1_538' title='bbox 2066 1347 2136 1368; x_wconf 82' lang='lat' dir='ltr'>vero</span> <span class='ocrx_word' id='word_1_539' title='bbox 2170 1340 2338 1371; x_wconf 82' lang='lat' dir='ltr'>nullatenus</span> <span class='ocrx_word' id='word_1_540' title='bbox 2355 1345 2446 1366; x_wconf 80' lang='lat' dir='ltr'>Dubium</span> <span class='ocrx_word' id='word_1_541' title='bbox 2459 1333 2475 1367; x_wconf 63' lang='lat'>7⁴</span> 
     </span>
     <span class='ocr_line' id='line_1_72' title="bbox 1386 1379 2475 1427; baseline 0.01 -18"><span class='ocrx_word' id='word_1_542' title='bbox 1386 1381 1449 1410; x_wconf 84' lang='lat' dir='ltr'>sine</span> <span class='ocrx_word' id='word_1_543' title='bbox 1471 1382 1540 1411; x_wconf 78' lang='lat' dir='ltr'>vino</span> <span class='ocrx_word' id='word_1_544' title='bbox 1565 1387 1661 1420; x_wconf 78' lang='lat' dir='ltr'>potest</span> <span class='ocrx_word' id='word_1_545' title='bbox 1683 1384 1781 1413; x_wconf 74' lang='lat' dir='ltr'>offerri</span> <span class='ocrx_word' id='word_1_546' title='bbox 1812 1385 1840 1413; x_wconf 91' lang='lat' dir='ltr'>in</span> <span class='ocrx_word' id='word_1_547' title='bbox 1869 1386 2062 1421; x_wconf 81' lang='lat' dir='ltr'>sacrificium,</span> <span class='ocrx_word' id='word_1_548' title='bbox 2096 1396 2150 1417; x_wconf 84' lang='lat' dir='ltr'>nec</span> <span class='ocrx_word' id='word_1_549' title='bbox 2173 1389 2259 1427; x_wconf 84' lang='lat' dir='ltr'>panis</span> <span class='ocrx_word' id='word_1_550' title='bbox 2282 1389 2337 1419; x_wconf 89' lang='lat' dir='ltr'>nisi</span> <span class='ocrx_word' id='word_1_551' title='bbox 2472 1379 2475 1399; x_wconf 70' lang='lat'><em>⁹</em></span> 
     </span>
     <span class='ocr_line' id='line_1_73' title="bbox 1386 1430 2340 1471; baseline 0.009 -12"><span class='ocrx_word' id='word_1_552' title='bbox 1386 1430 1422 1459; x_wconf 87' lang='lat' dir='ltr'>de</span> <span class='ocrx_word' id='word_1_553' title='bbox 1445 1430 1610 1467; x_wconf 78' lang='lat' dir='ltr'>frumento,</span> <span class='ocrx_word' id='word_1_554' title='bbox 1626 1440 1681 1462; x_wconf 90' lang='lat' dir='ltr'>ncc</span> <span class='ocrx_word' id='word_1_555' title='bbox 1703 1441 1828 1470; x_wconf 80' lang='lat' dir='ltr'>granum</span> <span class='ocrx_word' id='word_1_556' title='bbox 1853 1434 2008 1471; x_wconf 80' lang='lat' dir='ltr'>frumeuti,</span> <span class='ocrx_word' id='word_1_557' title='bbox 2027 1436 2080 1466; x_wconf 85' lang='lat' dir='ltr'>uisi</span> <span class='ocrx_word' id='word_1_558' title='bbox 2101 1437 2257 1467; x_wconf 86' lang='lat' dir='ltr'>redactum</span> <span class='ocrx_word' id='word_1_559' title='bbox 2282 1439 2340 1469; x_wconf 84' lang='lat' dir='ltr'>sue-</span> 
     </span>
     <span class='ocr_line' id='line_1_74' title="bbox 1385 1479 2339 1523; baseline 0.01 -16"><span class='ocrx_word' id='word_1_560' title='bbox 1385 1479 1423 1507; x_wconf 88' lang='lat' dir='ltr'>rit</span> <span class='ocrx_word' id='word_1_561' title='bbox 1455 1480 1483 1508; x_wconf 88' lang='lat' dir='ltr'>in</span> <span class='ocrx_word' id='word_1_562' title='bbox 1515 1488 1639 1517; x_wconf 86' lang='lat' dir='ltr'>panem⁷</span> <span class='ocrx_word' id='word_1_563' title='bbox 1673 1482 1743 1519; x_wconf 82' lang='lat' dir='ltr'>quia</span> <span class='ocrx_word' id='word_1_564' title='bbox 1774 1481 1909 1512; x_wconf 87' lang='lat' dir='ltr'>Christus</span> <span class='ocrx_word' id='word_1_565' title='bbox 1945 1488 1973 1513; x_wconf 83' lang='lat' dir='ltr'>et</span> <span class='ocrx_word' id='word_1_566' title='bbox 2000 1493 2114 1523; x_wconf 69' lang='lat' dir='ltr'>panem</span> <span class='ocrx_word' id='word_1_567' title='bbox 2146 1494 2178 1515; x_wconf 85' lang='lat' dir='ltr'>se.</span> <span class='ocrx_word' id='word_1_568' title='bbox 2209 1487 2282 1516; x_wconf 87' lang='lat' dir='ltr'>dicit</span> <span class='ocrx_word' id='word_1_569' title='bbox 2311 1491 2339 1517; x_wconf 86' lang='lat' dir='ltr'>et</span> 
     </span>
     <span class='ocr_line' id='line_1_75' title="bbox 1383 1527 2340 1573; baseline 0.011 -18"><span class='ocrx_word' id='word_1_570' title='bbox 1383 1536 1481 1565; x_wconf 60' lang='lat' dir='ltr'>r(so-cmo</span> <span class='ocrx_word' id='word_1_571' title='bbox 1508 1527 1660 1567; x_wconf 63' lang='lat' dir='ltr'>frumenti</span> <span class='ocrx_word' id='word_1_572' title='bbox 1684 1538 1716 1559; x_wconf 85' lang='lat' dir='ltr'>se</span> <span class='ocrx_word' id='word_1_573' title='bbox 1749 1532 1937 1569; x_wconf 82' lang='lat' dir='ltr'>comparat⁷.</span> <span class='ocrx_word' id='word_1_574' title='bbox 1971 1532 2054 1568; x_wconf 86' lang='lat' dir='ltr'>Quod</span> <span class='ocrx_word' id='word_1_575' title='bbox 2086 1542 2156 1571; x_wconf 69' lang='lat' dir='ltr'>ergo</span> <span class='ocrx_word' id='word_1_576' title='bbox 2179 1544 2271 1573; x_wconf 87' lang='lat' dir='ltr'>supra</span> <span class='ocrx_word' id='word_1_577' title='bbox 2295 1536 2340 1565; x_wconf 90' lang='lat' dir='ltr'>di-</span> 
     </span>
    </p>
   </div>
   <div class='ocr_carea' id='block_1_11' title="bbox 2462 226 2481 1622">
    <p class='ocr_par' dir='ltr' id='par_1_21' title="bbox 2462 226 2481 1622">
     <span class='ocr_line' id='line_1_76' title="bbox 2462 226 2481 1622; baseline 0 0"><span class='ocrx_word' id='word_1_578' title='bbox 2462 226 2481 1622; x_wconf 95' lang='lat' dir='ltr'> </span> 
     </span>
    </p>
   </div>
   <div class='ocr_carea' id='block_1_12' title="bbox 1384 1579 2340 1800">
    <p class='ocr_par' dir='ltr' id='par_1_22' title="bbox 1384 1579 2340 1800">
     <span class='ocr_line' id='line_1_77' title="bbox 1385 1579 2337 1618; baseline 0.011 -14"><span class='ocrx_word' id='word_1_579' title='bbox 1385 1579 1465 1605; x_wconf 86' lang='lat' dir='ltr'>ctum</span> <span class='ocrx_word' id='word_1_580' title='bbox 1490 1580 1542 1610; x_wconf 80' lang='lat' dir='ltr'>est,</span> <span class='ocrx_word' id='word_1_581' title='bbox 1566 1585 1622 1606; x_wconf 88' lang='lat' dir='ltr'>non</span> <span class='ocrx_word' id='word_1_582' title='bbox 1648 1586 1735 1615; x_wconf 83' lang='lat' dir='ltr'>posse</span> <span class='ocrx_word' id='word_1_583' title='bbox 1759 1579 1860 1608; x_wconf 84' lang='lat' dir='ltr'>vinum</span> <span class='ocrx_word' id='word_1_584' title='bbox 1883 1580 1980 1610; x_wconf 89' lang='lat' dir='ltr'>solum</span> <span class='ocrx_word' id='word_1_585' title='bbox 2004 1582 2119 1618; x_wconf 75' lang='lat' dir='ltr'>offerri,</span> <span class='ocrx_word' id='word_1_586' title='bbox 2142 1583 2337 1614; x_wconf 85' lang='lat' dir='ltr'>determinari</span> 
     </span>
     <span class='ocr_line' id='line_1_78' title="bbox 1385 1627 2336 1670; baseline 0.009 -17"><span class='ocrx_word' id='word_1_587' title='bbox 1385 1628 1517 1662; x_wconf 84' lang='lat' dir='ltr'>oportet;</span> <span class='ocrx_word' id='word_1_588' title='bbox 1548 1627 1658 1664; x_wconf 82' lang='lat' dir='ltr'>recipit</span> <span class='ocrx_word' id='word_1_589' title='bbox 1687 1627 1764 1656; x_wconf 86' lang='lat' dir='ltr'>enim</span> <span class='ocrx_word' id='word_1_590' title='bbox 1795 1629 2020 1666; x_wconf 77' lang='lat' dir='ltr'>exceptionem:</span> <span class='ocrx_word' id='word_1_591' title='bbox 2051 1639 2114 1660; x_wconf 72' lang='lat' dir='ltr'>non</span> <span class='ocrx_word' id='word_1_592' title='bbox 2140 1636 2256 1670; x_wconf 67' lang='lat' dir='ltr'>potest,</span> <span class='ocrx_word' id='word_1_593' title='bbox 2280 1633 2336 1662; x_wconf 86' lang='lat' dir='ltr'>uisi</span> 
     </span>
     <span class='ocr_line' id='line_1_79' title="bbox 1384 1673 2339 1719; baseline 0.009 -17"><span class='ocrx_word' id='word_1_594' title='bbox 1384 1673 1563 1711; x_wconf 78' lang='lat' dir='ltr'>simpliciter</span> <span class='ocrx_word' id='word_1_595' title='bbox 1586 1675 1631 1704; x_wconf 86' lang='lat' dir='ltr'>vel</span> <span class='ocrx_word' id='word_1_596' title='bbox 1655 1675 1828 1712; x_wconf 72' lang='lat' dir='ltr'>ignoranter</span> <span class='ocrx_word' id='word_1_597' title='bbox 1849 1677 1916 1712; x_wconf 86' lang='lat' dir='ltr'>fiat;</span> <span class='ocrx_word' id='word_1_598' title='bbox 1948 1678 1993 1707; x_wconf 85' lang='lat' dir='ltr'>vel</span> <span class='ocrx_word' id='word_1_599' title='bbox 2022 1688 2086 1709; x_wconf 72' lang='lat' dir='ltr'>non</span> <span class='ocrx_word' id='word_1_600' title='bbox 2106 1684 2219 1719; x_wconf 75' lang='lat' dir='ltr'>potest,</span> <span class='ocrx_word' id='word_1_601' title='bbox 2244 1681 2271 1710; x_wconf 85' lang='lat' dir='ltr'>id</span> <span class='ocrx_word' id='word_1_602' title='bbox 2295 1685 2339 1711; x_wconf 87' lang='lat' dir='ltr'>est</span> 
     </span>
     <span class='ocr_line' id='line_1_80' title="bbox 1385 1722 2340 1766; baseline 0.01 -16"><span class='ocrx_word' id='word_1_603' title='bbox 1385 1730 1442 1751; x_wconf 89' lang='lat' dir='ltr'>non</span> <span class='ocrx_word' id='word_1_604' title='bbox 1466 1722 1565 1752; x_wconf 88' lang='lat' dir='ltr'>debet.</span> <span class='ocrx_word' id='word_1_605' title='bbox 1588 1723 1774 1758; x_wconf 84' lang='lat' dir='ltr'>Quibusdam</span> <span class='ocrx_word' id='word_1_606' title='bbox 1806 1729 1903 1755; x_wconf 87' lang='lat' dir='ltr'>tamen</span> <span class='ocrx_word' id='word_1_607' title='bbox 1933 1727 2052 1757; x_wconf 84' lang='lat' dir='ltr'>videtur</span> <span class='ocrx_word' id='word_1_608' title='bbox 2080 1728 2137 1758; x_wconf 91' lang='lat' dir='ltr'>hoc</span> <span class='ocrx_word' id='word_1_609' title='bbox 2158 1730 2340 1766; x_wconf 77' lang='lat' dir='ltr'>generaliter</span> 
     </span>
     <span class='ocr_line' id='line_1_81' title="bbox 1385 1778 1499 1800; baseline 0.018 -2"><span class='ocrx_word' id='word_1_610' title='bbox 1385 1778 1499 1800; x_wconf 81' lang='lat' dir='ltr'>verum.</span> 
     </span>
    </p>
   </div>
   <div class='ocr_carea' id='block_1_13' title="bbox 1435 1871 2288 2011">
    <p class='ocr_par' dir='ltr' id='par_1_23' title="bbox 1435 1871 2288 2011">
     <span class='ocr_line' id='line_1_82' title="bbox 1793 1871 1931 1902; baseline 0.007 -1"><span class='ocrx_word' id='word_1_611' title='bbox 1793 1871 1862 1901; x_wconf 74' lang='lat' dir='ltr'>CAP.</span> <span class='ocrx_word' id='word_1_612' title='bbox 1884 1873 1931 1902; x_wconf 83' lang='lat' dir='ltr'>Vt.</span> 
     </span>
     <span class='ocr_line' id='line_1_83' title="bbox 1435 1966 2288 2011; baseline 0.009 -16"><span class='ocrx_word' id='word_1_613' title='bbox 1435 1966 1528 2002; x_wconf 69' lang='lat' dir='ltr'>Quale</span> <span class='ocrx_word' id='word_1_614' title='bbox 1550 1976 1658 2007; x_wconf 61' lang='lat' dir='ltr'>corpas</span> <span class='ocrx_word' id='word_1_615' title='bbox 1680 1967 1762 1998; x_wconf 63' lang='lat' dir='ltr'>dedic</span> <span class='ocrx_word' id='word_1_616' title='bbox 1786 1968 1924 2000; x_wconf 69' lang='lat' dir='ltr'>Christus</span> <span class='ocrx_word' id='word_1_617' title='bbox 1946 1970 2107 2011; x_wconf 53' lang='lat' dir='ltr'>discilimlc&#39;s</span> <span class='ocrx_word' id='word_1_618' title='bbox 2130 1973 2163 2003; x_wconf 77' lang='grc' dir='ltr'>ίη</span> <span class='ocrx_word' id='word_1_619' title='bbox 2190 1983 2288 2004; x_wconf 62' lang='lat' dir='ltr'>coemo.</span> 
     </span>
    </p>
   </div>
   <div class='ocr_carea' id='block_1_14' title="bbox 1382 2063 2471 2592">
    <p class='ocr_par' dir='ltr' id='par_1_24' title="bbox 1382 2063 2471 2592">
     <span class='ocr_line' id='line_1_84' title="bbox 1465 2063 2337 2107; baseline 0.01 -14"><span class='ocrx_word' id='word_1_620' title='bbox 1465 2063 1619 2102; x_wconf 79' lang='lat' dir='ltr'>Colligitur</span> <span class='ocrx_word' id='word_1_621' title='bbox 1642 2066 1731 2096; x_wconf 85' lang='lat' dir='ltr'>etiam</span> <span class='ocrx_word' id='word_1_622' title='bbox 1756 2075 1793 2096; x_wconf 81' lang='lat' dir='ltr'>ex</span> <span class='ocrx_word' id='word_1_623' title='bbox 1815 2068 1996 2105; x_wconf 80' lang='lat' dir='ltr'>praedietis,</span> <span class='ocrx_word' id='word_1_624' title='bbox 2027 2070 2107 2107; x_wconf 86' lang='lat' dir='ltr'>quod</span> <span class='ocrx_word' id='word_1_625' title='bbox 2138 2070 2274 2101; x_wconf 86' lang='lat' dir='ltr'>Christus</span> <span class='ocrx_word' id='word_1_626' title='bbox 2298 2072 2337 2101; x_wconf 84' lang='lat' dir='ltr'>vi-</span> 
     </span>
     <span class='ocr_line' id='line_1_85' title="bbox 1385 2115 2338 2157; baseline 0.008 -15"><span class='ocrx_word' id='word_1_627' title='bbox 1385 2121 1455 2143; x_wconf 89' lang='lat' dir='ltr'>num</span> <span class='ocrx_word' id='word_1_628' title='bbox 1479 2121 1558 2152; x_wconf 80' lang='lat' dir='ltr'>aqua</span> <span class='ocrx_word' id='word_1_629' title='bbox 1586 2115 1714 2144; x_wconf 77' lang='lat' dir='ltr'>mixtum</span> <span class='ocrx_word' id='word_1_630' title='bbox 1745 2115 1827 2145; x_wconf 87' lang='lat' dir='ltr'>dedit</span> <span class='ocrx_word' id='word_1_631' title='bbox 1856 2116 2022 2155; x_wconf 84' lang='lat' dir='ltr'>discipulis.</span> <span class='ocrx_word' id='word_1_632' title='bbox 2046 2118 2162 2157; x_wconf 87' lang='lat' dir='ltr'>Corpus</span> <span class='ocrx_word' id='word_1_633' title='bbox 2186 2128 2256 2150; x_wconf 86' lang='lat' dir='ltr'>vero</span> <span class='ocrx_word' id='word_1_634' title='bbox 2281 2121 2338 2151; x_wconf 88' lang='lat' dir='ltr'>tale</span> 
     </span>
     <span class='ocr_line' id='line_1_86' title="bbox 1384 2161 2335 2206; baseline 0.009 -16"><span class='ocrx_word' id='word_1_635' title='bbox 1384 2161 1482 2199; x_wconf 83' lang='lat' dir='ltr'>dedit,</span> <span class='ocrx_word' id='word_1_636' title='bbox 1505 2163 1594 2200; x_wconf 82' lang='lat' dir='ltr'>quale</span> <span class='ocrx_word' id='word_1_637' title='bbox 1618 2167 1689 2193; x_wconf 86' lang='lat' dir='ltr'>tunc</span> <span class='ocrx_word' id='word_1_638' title='bbox 1711 2164 1830 2199; x_wconf 83' lang='lat' dir='ltr'>habuit,</span> <span class='ocrx_word' id='word_1_639' title='bbox 1854 2165 1882 2194; x_wconf 93' lang='lat' dir='ltr'>id</span> <span class='ocrx_word' id='word_1_640' title='bbox 1907 2169 1951 2195; x_wconf 83' lang='lat' dir='ltr'>est</span> <span class='ocrx_word' id='word_1_641' title='bbox 1973 2167 2098 2196; x_wconf 86' lang='lat' dir='ltr'>mortale</span> <span class='ocrx_word' id='word_1_642' title='bbox 2122 2172 2150 2197; x_wconf 88' lang='lat' dir='ltr'>et</span> <span class='ocrx_word' id='word_1_643' title='bbox 2172 2169 2335 2206; x_wconf 86' lang='lat' dir='ltr'>passibile;</span> 
     </span>
     <span class='ocr_line' id='line_1_87' title="bbox 1383 2212 2335 2254; baseline 0.008 -15"><span class='ocrx_word' id='word_1_644' title='bbox 1383 2219 1463 2240; x_wconf 84' lang='lat' dir='ltr'>nunc</span> <span class='ocrx_word' id='word_1_645' title='bbox 1486 2219 1557 2241; x_wconf 83' lang='lat' dir='ltr'>vero</span> <span class='ocrx_word' id='word_1_646' title='bbox 1579 2212 1709 2242; x_wconf 82' lang='lat' dir='ltr'>sumitur</span> <span class='ocrx_word' id='word_1_647' title='bbox 1731 2221 1747 2243; x_wconf 90' lang='lat' dir='ltr'>a</span> <span class='ocrx_word' id='word_1_648' title='bbox 1769 2213 1857 2243; x_wconf 87' lang='lat' dir='ltr'>nobis</span> <span class='ocrx_word' id='word_1_649' title='bbox 1880 2214 2048 2245; x_wconf 84' lang='lat' dir='ltr'>immortale</span> <span class='ocrx_word' id='word_1_650' title='bbox 2081 2219 2110 2245; x_wconf 86' lang='lat' dir='ltr'>et</span> <span class='ocrx_word' id='word_1_651' title='bbox 2132 2217 2335 2254; x_wconf 85' lang='lat' dir='ltr'>impassibilc;</span> 
     </span>
     <span class='ocr_line' id='line_1_88' title="bbox 1385 2261 2336 2296; baseline 0.008 -8"><span class='ocrx_word' id='word_1_652' title='bbox 1385 2267 1439 2289; x_wconf 87' lang='lat' dir='ltr'>nec</span> <span class='ocrx_word' id='word_1_653' title='bbox 1472 2263 1570 2289; x_wconf 82' lang='lat' dir='ltr'>tamen</span> <span class='ocrx_word' id='word_1_654' title='bbox 1603 2261 1748 2290; x_wconf 87' lang='lat' dir='ltr'>maiorem</span> <span class='ocrx_word' id='word_1_655' title='bbox 1788 2262 1878 2292; x_wconf 84' lang='lat' dir='ltr'>habet</span> <span class='ocrx_word' id='word_1_656' title='bbox 1911 2262 2112 2294; x_wconf 80' lang='lat' dir='ltr'>efficientiam.</span> <span class='ocrx_word' id='word_1_657' title='bbox 2145 2265 2336 2296; x_wconf 85' lang='lat' dir='ltr'>Eucharistia</span> 
     </span>
     <span class='ocr_line' id='line_1_89' title="bbox 1383 2309 2337 2353; baseline 0.007 -16"><span class='ocrx_word' id='word_1_658' title='bbox 1383 2316 1505 2347; x_wconf 83' lang='lat' dir='ltr'>quoque</span> <span class='ocrx_word' id='word_1_659' title='bbox 1528 2309 1652 2339; x_wconf 86' lang='lat' dir='ltr'>intincta</span> <span class='ocrx_word' id='word_1_660' title='bbox 1686 2318 1743 2339; x_wconf 91' lang='lat' dir='ltr'>non</span> <span class='ocrx_word' id='word_1_661' title='bbox 1777 2309 1866 2340; x_wconf 86' lang='lat' dir='ltr'>debet</span> <span class='ocrx_word' id='word_1_662' title='bbox 1898 2311 1962 2341; x_wconf 87' lang='lat' dir='ltr'>dari</span> <span class='ocrx_word' id='word_1_663' title='bbox 1996 2313 2109 2350; x_wconf 85' lang='lat' dir='ltr'>populo</span> <span class='ocrx_word' id='word_1_664' title='bbox 2138 2314 2337 2353; x_wconf 80' lang='lat' dir='ltr'>prosupple-</span> 
     </span>
     <span class='ocr_line' id='line_1_90' title="bbox 1382 2357 2335 2397; baseline 0.007 -12"><span class='ocrx_word' id='word_1_665' title='bbox 1382 2361 1482 2386; x_wconf 81' lang='lat' dir='ltr'>mento</span> <span class='ocrx_word' id='word_1_666' title='bbox 1505 2358 1727 2387; x_wconf 87' lang='lat' dir='ltr'>communionis</span> <span class='ocrx_word' id='word_1_667' title='bbox 1740 2357 1760 2395; x_wconf 56' lang='grc' dir='ltr'>Β,</span> <span class='ocrx_word' id='word_1_668' title='bbox 1783 2359 1854 2397; x_wconf 84' lang='lat' dir='ltr'>quia</span> <span class='ocrx_word' id='word_1_669' title='bbox 1877 2367 1935 2389; x_wconf 86' lang='lat' dir='ltr'>non</span> <span class='ocrx_word' id='word_1_670' title='bbox 1958 2360 2068 2397; x_wconf 73' lang='lat' dir='ltr'>legitur</span> <span class='ocrx_word' id='word_1_671' title='bbox 2084 2361 2221 2392; x_wconf 84' lang='lat' dir='ltr'>Christus</span> <span class='ocrx_word' id='word_1_672' title='bbox 2243 2362 2335 2392; x_wconf 89' lang='lat' dir='ltr'>alicui</span> 
     </span>
     <span class='ocr_line' id='line_1_91' title="bbox 1383 2405 2335 2445; baseline 0.007 -11"><span class='ocrx_word' id='word_1_673' title='bbox 1383 2405 1602 2444; x_wconf 85' lang='lat' dir='ltr'>discipulorum</span> <span class='ocrx_word' id='word_1_674' title='bbox 1625 2407 1802 2444; x_wconf 82' lang='lat' dir='ltr'>praebuisse</span> <span class='ocrx_word' id='word_1_675' title='bbox 1832 2416 1940 2445; x_wconf 83' lang='lat' dir='ltr'>panem</span> <span class='ocrx_word' id='word_1_676' title='bbox 1974 2409 2131 2439; x_wconf 85' lang='lat' dir='ltr'>intinctum</span> <span class='ocrx_word' id='word_1_677' title='bbox 2155 2411 2212 2440; x_wconf 86' lang='lat' dir='ltr'>nisi</span> <span class='ocrx_word' id='word_1_678' title='bbox 2234 2411 2335 2442; x_wconf 82' lang='lat' dir='ltr'>Iudae.</span> 
     </span>
     <span class='ocr_line' id='line_1_92' title="bbox 1382 2454 2337 2495; baseline 0.007 -12"><span class='ocrx_word' id='word_1_679' title='bbox 1382 2454 1465 2484; x_wconf 70' lang='lat' dir='ltr'>&#39;l&#39;unc</span> <span class='ocrx_word' id='word_1_680' title='bbox 1488 2462 1558 2484; x_wconf 85' lang='lat' dir='ltr'>vero</span> <span class='ocrx_word' id='word_1_681' title='bbox 1581 2463 1639 2484; x_wconf 91' lang='lat' dir='ltr'>nou</span> <span class='ocrx_word' id='word_1_682' title='bbox 1662 2456 1782 2494; x_wconf 85' lang='lat' dir='ltr'>accepit</span> <span class='ocrx_word' id='word_1_683' title='bbox 1803 2456 1891 2486; x_wconf 84' lang='lat' dir='ltr'>Iudas</span> <span class='ocrx_word' id='word_1_684' title='bbox 1915 2465 2026 2495; x_wconf 83' lang='lat' dir='ltr'>corpus</span> <span class='ocrx_word' id='word_1_685' title='bbox 2048 2458 2174 2495; x_wconf 83' lang='lat' dir='ltr'>Christi,</span> <span class='ocrx_word' id='word_1_686' title='bbox 2197 2460 2250 2490; x_wconf 84' lang='lat' dir='ltr'>sed</span> <span class='ocrx_word' id='word_1_687' title='bbox 2274 2464 2337 2490; x_wconf 87' lang='lat' dir='ltr'>tan-</span> 
     </span>
     <span class='ocr_line' id='line_1_93' title="bbox 1385 2507 2471 2544; baseline 0.006 -11"><span class='ocrx_word' id='word_1_688' title='bbox 1385 2507 1445 2533; x_wconf 83' lang='lat' dir='ltr'>tum</span> <span class='ocrx_word' id='word_1_689' title='bbox 1470 2511 1595 2542; x_wconf 89' lang='lat' dir='ltr'>panem,</span> <span class='ocrx_word' id='word_1_690' title='bbox 1625 2512 1736 2542; x_wconf 84' lang='lat' dir='ltr'>corpus</span> <span class='ocrx_word' id='word_1_691' title='bbox 1770 2513 1840 2535; x_wconf 86' lang='lat' dir='ltr'>vero</span> <span class='ocrx_word' id='word_1_692' title='bbox 1873 2509 1902 2535; x_wconf 87' lang='lat' dir='ltr'>et</span> <span class='ocrx_word' id='word_1_693' title='bbox 1934 2507 2111 2544; x_wconf 79' lang='lat' dir='ltr'>sanguinem</span> <span class='ocrx_word' id='word_1_694' title='bbox 2135 2507 2243 2538; x_wconf 83' lang='lat' dir='ltr'>Christi</span> <span class='ocrx_word' id='word_1_695' title='bbox 2267 2512 2336 2539; x_wconf 87' lang='lat' dir='ltr'>ante</span> <span class='ocrx_word' id='word_1_696' title='bbox 2352 2512 2443 2534; x_wconf 74' lang='lat' dir='ltr'>Dubium</span> <span class='ocrx_word' id='word_1_697' title='bbox 2459 2512 2471 2534; x_wconf 85' lang='lat'><em>8</em></span> 
     </span>
     <span class='ocr_line' id='line_1_94' title="bbox 1383 2551 1935 2592; baseline 0.005 -12"><span class='ocrx_word' id='word_1_698' title='bbox 1383 2560 1453 2581; x_wconf 90' lang='lat' dir='ltr'>cum</span> <span class='ocrx_word' id='word_1_699' title='bbox 1476 2551 1543 2581; x_wconf 65' lang='lat' dir='ltr'>aliis</span> <span class='ocrx_word' id='word_1_700' title='bbox 1566 2552 1725 2590; x_wconf 83' lang='lat' dir='ltr'>discipulis</span> <span class='ocrx_word' id='word_1_701' title='bbox 1748 2558 1935 2592; x_wconf 83' lang='lat' dir='ltr'>perceperat.</span> 
     </span>
    </p>
   </div>
   <div class='ocr_carea' id='block_1_15' title="bbox 1085 2802 1645 2807">
    <p class='ocr_par' dir='ltr' id='par_1_25' title="bbox 1085 2802 1645 2807">
     <span class='ocr_line' id='line_1_95' title="bbox 1085 2802 1645 2807; baseline 0 0"><span class='ocrx_word' id='word_1_702' title='bbox 1085 2802 1645 2807; x_wconf 95' lang='lat' dir='ltr'> </span> 
     </span>
    </p>
   </div>
   <div class='ocr_carea' id='block_1_16' title="bbox 361 3016 1315 3401">
    <p class='ocr_par' dir='ltr' id='par_1_26' title="bbox 435 3016 1096 3052">
     <span class='ocr_line' id='line_1_96' title="bbox 435 3016 1096 3052; baseline 0.006 -11"><span class='ocrx_word' id='word_1_703' title='bbox 435 3016 441 3032; x_wconf 82' lang='lat'>¹</span> <span class='ocrx_word' id='word_1_704' title='bbox 461 3017 550 3042; x_wconf 81' lang='lat' dir='ltr'>Glossa</span> <span class='ocrx_word' id='word_1_705' title='bbox 569 3018 601 3043; x_wconf 84' lang='lat' dir='ltr'>ad</span> <span class='ocrx_word' id='word_1_706' title='bbox 624 3018 638 3042; x_wconf 93' lang='lat' dir='ltr'>l.</span> <span class='ocrx_word' id='word_1_707' title='bbox 659 3018 717 3044; x_wconf 85' lang='lat' dir='ltr'>Cor.</span> <span class='ocrx_word' id='word_1_708' title='bbox 742 3020 778 3051; x_wconf 70' lang='lat' dir='ltr'>ll,</span> <span class='ocrx_word' id='word_1_709' title='bbox 799 3020 845 3051; x_wconf 74' lang='lat'>26,</span> <span class='ocrx_word' id='word_1_710' title='bbox 867 3020 936 3051; x_wconf 82' lang='lat' dir='ltr'>apud</span> <span class='ocrx_word' id='word_1_711' title='bbox 957 3021 1096 3052; x_wconf 79' lang='lat' dir='ltr'>Lyranum.</span> 
     </span>
    </p>

    <p class='ocr_par' dir='ltr' id='par_1_27' title="bbox 361 3061 1315 3268">
     <span class='ocr_line' id='line_1_97' title="bbox 432 3061 1314 3097; baseline 0.008 -12"><span class='ocrx_word' id='word_1_712' title='bbox 432 3061 442 3076; x_wconf 75' lang='lat'>‘³</span> <span class='ocrx_word' id='word_1_713' title='bbox 462 3061 605 3087; x_wconf 75' lang='lat' dir='ltr'>Commeat.</span> <span class='ocrx_word' id='word_1_714' title='bbox 626 3064 649 3087; x_wconf 93' lang='lat' dir='ltr'>in</span> <span class='ocrx_word' id='word_1_715' title='bbox 670 3063 685 3088; x_wconf 90' lang='lat' dir='ltr'>l.</span> <span class='ocrx_word' id='word_1_716' title='bbox 700 3063 757 3089; x_wconf 74' lang='lat' dir='ltr'>Cor.</span> <span class='ocrx_word' id='word_1_717' title='bbox 777 3064 799 3088; x_wconf 92' lang='grc'>11</span> <span class='ocrx_word' id='word_1_718' title='bbox 813 3084 818 3095; x_wconf 75' lang='lat'>‚</span> <span class='ocrx_word' id='word_1_719' title='bbox 833 3065 865 3089; x_wconf 81' lang='lat'>-26</span> <span class='ocrx_word' id='word_1_720' title='bbox 878 3073 883 3093; x_wconf 78' lang='grc'>;</span> <span class='ocrx_word' id='word_1_721' title='bbox 898 3065 940 3089; x_wconf 85' lang='lat' dir='ltr'>ubi</span> <span class='ocrx_word' id='word_1_722' title='bbox 956 3066 1091 3096; x_wconf 80' lang='lat' dir='ltr'>respicitur</span> <span class='ocrx_word' id='word_1_723' title='bbox 1111 3066 1211 3091; x_wconf 81' lang='lat' dir='ltr'>Denter.</span> <span class='ocrx_word' id='word_1_724' title='bbox 1231 3067 1267 3097; x_wconf 80' lang='lat'>12,</span> <span class='ocrx_word' id='word_1_725' title='bbox 1283 3068 1314 3092; x_wconf 77' lang='lat'>23</span> 
     </span>
     <span class='ocr_line' id='line_1_98' title="bbox 363 3105 1315 3143; baseline 0.007 -14"><span class='ocrx_word' id='word_1_726' title='bbox 363 3105 416 3129; x_wconf 69' lang='lat' dir='ltr'>scir,</span> <span class='ocrx_word' id='word_1_727' title='bbox 441 3105 519 3130; x_wconf 78' lang='lat' dir='ltr'>Levit.</span> <span class='ocrx_word' id='word_1_728' title='bbox 546 3107 585 3138; x_wconf 67' lang='grc' dir='ltr'>Π,</span> <span class='ocrx_word' id='word_1_729' title='bbox 618 3108 680 3139; x_wconf 86' lang='grc' dir='ltr'>ΙΙ.);</span> <span class='ocrx_word' id='word_1_730' title='bbox 706 3108 788 3140; x_wconf 70' lang='lat' dir='ltr'>Cave,</span> <span class='ocrx_word' id='word_1_731' title='bbox 816 3116 847 3133; x_wconf 80' lang='lat' dir='ltr'>ne</span> <span class='ocrx_word' id='word_1_732' title='bbox 872 3110 1027 3141; x_wconf 80' lang='lat' dir='ltr'>sanguinem</span> <span class='ocrx_word' id='word_1_733' title='bbox 1052 3110 1187 3141; x_wconf 86' lang='lat' dir='ltr'>comedas;</span> <span class='ocrx_word' id='word_1_734' title='bbox 1208 3113 1315 3143; x_wconf 80' lang='lat' dir='ltr'>sanguis</span> 
     </span>
     <span class='ocr_line' id='line_1_99' title="bbox 361 3149 1315 3187; baseline 0.009 -16"><span class='ocrx_word' id='word_1_735' title='bbox 361 3149 429 3172; x_wconf 83' lang='lat' dir='ltr'>enim</span> <span class='ocrx_word' id='word_1_736' title='bbox 450 3156 539 3174; x_wconf 82' lang='lat' dir='ltr'>eorum</span> <span class='ocrx_word' id='word_1_737' title='bbox 561 3157 609 3180; x_wconf 76' lang='lat' dir='ltr'>pro</span> <span class='ocrx_word' id='word_1_738' title='bbox 629 3152 713 3176; x_wconf 76' lang='lat' dir='ltr'>anima</span> <span class='ocrx_word' id='word_1_739' title='bbox 734 3155 779 3177; x_wconf 79' lang='lat' dir='ltr'>est.</span> <span class='ocrx_word' id='word_1_740' title='bbox 803 3153 899 3178; x_wconf 83' lang='lat' dir='ltr'>Deinde</span> <span class='ocrx_word' id='word_1_741' title='bbox 923 3160 970 3184; x_wconf 82' lang='lat' dir='ltr'>pro</span> <span class='ocrx_word' id='word_1_742' title='bbox 994 3155 1139 3187; x_wconf 73' lang='lat' dir='ltr'>utriunque</span> <span class='ocrx_word' id='word_1_743' title='bbox 1158 3153 1240 3185; x_wconf 74' lang='lat' dir='ltr'>valet,</span> <span class='ocrx_word' id='word_1_744' title='bbox 1262 3156 1315 3185; x_wconf 86' lang='lat' dir='ltr'>plu-</span> 
     </span>
     <span class='ocr_line' id='line_1_100' title="bbox 361 3192 1313 3230; baseline 0.009 -15"><span class='ocrx_word' id='word_1_745' title='bbox 361 3192 441 3216; x_wconf 69' lang='lat' dir='ltr'>rimae</span> <span class='ocrx_word' id='word_1_746' title='bbox 461 3193 520 3217; x_wconf 84' lang='lat' dir='ltr'>edd.</span> <span class='ocrx_word' id='word_1_747' title='bbox 535 3201 584 3218; x_wconf 85' lang='lat' dir='ltr'>non</span> <span class='ocrx_word' id='word_1_748' title='bbox 606 3194 670 3219; x_wconf 76' lang='lat' dir='ltr'>bene</span> <span class='ocrx_word' id='word_1_749' title='bbox 690 3197 833 3229; x_wconf 64' lang='lat' dir='ltr'>utrmque</span> <span class='ocrx_word' id='word_1_750' title='bbox 848 3196 930 3229; x_wconf 73' lang='lat' dir='ltr'>valet,</span> <span class='ocrx_word' id='word_1_751' title='bbox 948 3199 1092 3229; x_wconf 75' lang='lat' dir='ltr'>refragante</span> <span class='ocrx_word' id='word_1_752' title='bbox 1105 3199 1181 3223; x_wconf 85' lang='lat' dir='ltr'>etiam</span> <span class='ocrx_word' id='word_1_753' title='bbox 1198 3199 1313 3230; x_wconf 76' lang='lat' dir='ltr'>tlugone,</span> 
     </span>
     <span class='ocr_line' id='line_1_101' title="bbox 363 3235 900 3268; baseline 0.013 -9"><span class='ocrx_word' id='word_1_754' title='bbox 363 3235 408 3259; x_wconf 78' lang='lat' dir='ltr'>loc.</span> <span class='ocrx_word' id='word_1_755' title='bbox 429 3237 468 3260; x_wconf 77' lang='lat' dir='ltr'>cit.</span> <span class='ocrx_word' id='word_1_756' title='bbox 489 3243 509 3261; x_wconf 85' lang='lat' dir='ltr'>e.</span> <span class='ocrx_word' id='word_1_757' title='bbox 531 3238 553 3268; x_wconf 78' lang='lat'>6,</span> <span class='ocrx_word' id='word_1_758' title='bbox 575 3238 643 3263; x_wconf 79' lang='lat' dir='ltr'>unde</span> <span class='ocrx_word' id='word_1_759' title='bbox 663 3240 707 3263; x_wconf 79' lang='lat' dir='ltr'>ista</span> <span class='ocrx_word' id='word_1_760' title='bbox 729 3244 811 3265; x_wconf 82' lang='lat' dir='ltr'>sumta</span> <span class='ocrx_word' id='word_1_761' title='bbox 834 3245 900 3266; x_wconf 84' lang='lat' dir='ltr'>sunt.</span> 
     </span>
    </p>

    <p class='ocr_par' dir='ltr' id='par_1_28' title="bbox 361 3279 1315 3401">
     <span class='ocr_line' id='line_1_102' title="bbox 431 3279 1315 3316; baseline 0.01 -12"><span class='ocrx_word' id='word_1_762' title='bbox 431 3279 441 3295; x_wconf 84' lang='grc'>3</span> <span class='ocrx_word' id='word_1_763' title='bbox 462 3279 521 3305; x_wconf 82' lang='lat' dir='ltr'>Can.</span> <span class='ocrx_word' id='word_1_764' title='bbox 550 3280 596 3306; x_wconf 78' lang='lat' dir='ltr'>Ubi</span> <span class='ocrx_word' id='word_1_765' title='bbox 616 3288 683 3314; x_wconf 71' lang='lat' dir='ltr'>pars</span> <span class='ocrx_word' id='word_1_766' title='bbox 711 3284 787 3315; x_wconf 46' lang='lat'>(782),</span> <span class='ocrx_word' id='word_1_767' title='bbox 817 3285 897 3316; x_wconf 80' lang='lat' dir='ltr'>ibid.;</span> <span class='ocrx_word' id='word_1_768' title='bbox 918 3286 1008 3311; x_wconf 74' lang='lat' dir='ltr'>eadem</span> <span class='ocrx_word' id='word_1_769' title='bbox 1034 3288 1157 3312; x_wconf 81' lang='lat' dir='ltr'>sententia</span> <span class='ocrx_word' id='word_1_770' title='bbox 1184 3288 1315 3313; x_wconf 85' lang='lat' dir='ltr'>iuvenitur</span> 
     </span>
     <span class='ocr_line' id='line_1_103' title="bbox 361 3324 1314 3362; baseline 0.01 -15"><span class='ocrx_word' id='word_1_771' title='bbox 361 3324 430 3353; x_wconf 84' lang='lat' dir='ltr'>apud</span> <span class='ocrx_word' id='word_1_772' title='bbox 454 3324 550 3355; x_wconf 77' lang='lat' dir='ltr'>tsiclor.,</span> <span class='ocrx_word' id='word_1_773' title='bbox 573 3325 654 3350; x_wconf 68' lang='lat' dir='ltr'>Serui.</span> <span class='ocrx_word' id='word_1_774' title='bbox 676 3326 698 3350; x_wconf 69' lang='lat'>4.</span> <span class='ocrx_word' id='word_1_775' title='bbox 719 3327 750 3351; x_wconf 76' lang='lat' dir='ltr'>de</span> <span class='ocrx_word' id='word_1_776' title='bbox 771 3327 846 3359; x_wconf 86' lang='lat' dir='ltr'>Corp.</span> <span class='ocrx_word' id='word_1_777' title='bbox 867 3333 891 3354; x_wconf 91' lang='lat' dir='ltr'>et</span> <span class='ocrx_word' id='word_1_778' title='bbox 910 3337 982 3362; x_wconf 79' lang='lat' dir='ltr'>sang.</span> <span class='ocrx_word' id='word_1_779' title='bbox 1005 3331 1078 3356; x_wconf 87' lang='lat' dir='ltr'>Dom.</span> <span class='ocrx_word' id='word_1_780' title='bbox 1099 3338 1123 3356; x_wconf 85' lang='lat' dir='ltr'>n.</span> <span class='ocrx_word' id='word_1_781' title='bbox 1145 3332 1168 3356; x_wconf 74' lang='lat'>8.</span> <span class='ocrx_word' id='word_1_782' title='bbox 1183 3332 1314 3357; x_wconf 88' lang='lat' dir='ltr'>—Locus</span> 
     </span>
     <span class='ocr_line' id='line_1_104' title="bbox 361 3368 786 3401; baseline 0.007 -10"><span class='ocrx_word' id='word_1_783' title='bbox 361 3368 508 3398; x_wconf 77' lang='lat' dir='ltr'>Scripturae</span> <span class='ocrx_word' id='word_1_784' title='bbox 528 3371 565 3392; x_wconf 87' lang='lat' dir='ltr'>est</span> <span class='ocrx_word' id='word_1_785' title='bbox 585 3369 661 3393; x_wconf 75' lang='lat' dir='ltr'>Exod.</span> <span class='ocrx_word' id='word_1_786' title='bbox 686 3371 724 3401; x_wconf 70' lang='lat' dir='ltr'>to,</span> <span class='ocrx_word' id='word_1_787' title='bbox 750 3371 786 3395; x_wconf 69' lang='lat' dir='ltr'>ta.</span> 
     </span>
    </p>
   </div>
   <div class='ocr_carea' id='block_1_17' title="bbox 1379 3023 2334 3410">
    <p class='ocr_par' dir='ltr' id='par_1_29' title="bbox 1380 3023 2334 3101">
     <span class='ocr_line' id='line_1_105' title="bbox 1451 3023 2334 3058; baseline 0.005 -9"><span class='ocrx_word' id='word_1_788' title='bbox 1451 3023 1460 3040; x_wconf 78' lang='lat'>⁴¹</span> <span class='ocrx_word' id='word_1_789' title='bbox 1480 3023 1541 3050; x_wconf 86' lang='lat' dir='ltr'>Cod.</span> <span class='ocrx_word' id='word_1_790' title='bbox 1563 3026 1580 3049; x_wconf 85' lang='lat' dir='ltr'>E</span> <span class='ocrx_word' id='word_1_791' title='bbox 1600 3028 1624 3049; x_wconf 86' lang='lat' dir='ltr'>et</span> <span class='ocrx_word' id='word_1_792' title='bbox 1644 3025 1713 3057; x_wconf 59' lang='lat' dir='ltr'>edd„</span> <span class='ocrx_word' id='word_1_793' title='bbox 1733 3029 1839 3058; x_wconf 68' lang='lat' dir='ltr'>excepta</span> <span class='ocrx_word' id='word_1_794' title='bbox 1870 3028 1892 3058; x_wconf 64' lang='grc' dir='ltr'>ἰ,</span> <span class='ocrx_word' id='word_1_795' title='bbox 1922 3027 2069 3058; x_wconf 77' lang='lat' dir='ltr'>praefigunt</span> <span class='ocrx_word' id='word_1_796' title='bbox 2096 3026 2176 3053; x_wconf 78' lang='lat' dir='ltr'>debet.</span> <span class='ocrx_word' id='word_1_797' title='bbox 2206 3028 2334 3054; x_wconf 84' lang='lat' dir='ltr'>Sententia</span> 
     </span>
     <span class='ocr_line' id='line_1_106' title="bbox 1380 3069 1742 3101; baseline 0.006 -9"><span class='ocrx_word' id='word_1_798' title='bbox 1380 3071 1418 3093; x_wconf 86' lang='lat' dir='ltr'>est</span> <span class='ocrx_word' id='word_1_799' title='bbox 1436 3076 1466 3093; x_wconf 75' lang='lat' dir='ltr'>cx</span> <span class='ocrx_word' id='word_1_800' title='bbox 1487 3069 1612 3101; x_wconf 79' lang='lat' dir='ltr'>Hugone,</span> <span class='ocrx_word' id='word_1_801' title='bbox 1635 3070 1681 3094; x_wconf 85' lang='lat' dir='ltr'>loc.</span> <span class='ocrx_word' id='word_1_802' title='bbox 1702 3071 1742 3095; x_wconf 88' lang='lat' dir='ltr'>cit.</span> 
     </span>
    </p>

    <p class='ocr_par' dir='ltr' id='par_1_30' title="bbox 1379 3112 2334 3191">
     <span class='ocr_line' id='line_1_107' title="bbox 1450 3112 2334 3148; baseline 0.006 -12"><span class='ocrx_word' id='word_1_803' title='bbox 1450 3112 1461 3128; x_wconf 78' lang='lat'>5</span> <span class='ocrx_word' id='word_1_804' title='bbox 1480 3114 1560 3144; x_wconf 80' lang='lat' dir='ltr'>Apoc.</span> <span class='ocrx_word' id='word_1_805' title='bbox 1582 3113 1622 3144; x_wconf 73' lang='grc'>17,</span> <span class='ocrx_word' id='word_1_806' title='bbox 1649 3113 1685 3138; x_wconf 76' lang='grc'>15.</span> <span class='ocrx_word' id='word_1_807' title='bbox 1706 3114 1789 3139; x_wconf 84' lang='lat' dir='ltr'>Locus</span> <span class='ocrx_word' id='word_1_808' title='bbox 1817 3121 1872 3146; x_wconf 78' lang='lat' dir='ltr'>seq.</span> <span class='ocrx_word' id='word_1_809' title='bbox 1892 3118 1929 3139; x_wconf 62' lang='lat' dir='ltr'>est</span> <span class='ocrx_word' id='word_1_810' title='bbox 1955 3113 1981 3139; x_wconf 78' lang='lat' dir='ltr'>C.</span> <span class='ocrx_word' id='word_1_811' title='bbox 2003 3113 2070 3140; x_wconf 76' lang='lat' dir='ltr'>Cum</span> <span class='ocrx_word' id='word_1_812' title='bbox 2095 3121 2172 3141; x_wconf 77' lang='lat' dir='ltr'>omne</span> <span class='ocrx_word' id='word_1_813' title='bbox 2195 3115 2249 3148; x_wconf 76' lang='grc'>(7.),</span> <span class='ocrx_word' id='word_1_814' title='bbox 2272 3116 2334 3141; x_wconf 89' lang='lat' dir='ltr'>ibid.</span> 
     </span>
     <span class='ocr_line' id='line_1_108' title="bbox 1379 3156 2333 3191; baseline 0.005 -11"><span class='ocrx_word' id='word_1_815' title='bbox 1379 3156 1394 3188; x_wconf 65' lang='lat' dir='ltr'>S</span> <span class='ocrx_word' id='word_1_816' title='bbox 1420 3158 1442 3187; x_wconf 75' lang='lat'>¹3</span> <span class='ocrx_word' id='word_1_817' title='bbox 1465 3157 1508 3181; x_wconf 80' lang='lat' dir='ltr'>cfr.</span> <span class='ocrx_word' id='word_1_818' title='bbox 1530 3157 1613 3182; x_wconf 81' lang='lat' dir='ltr'>innoc.</span> <span class='ocrx_word' id='word_1_819' title='bbox 1634 3158 1678 3189; x_wconf 88' lang='lat' dir='ltr'>ttt.‚</span> <span class='ocrx_word' id='word_1_820' title='bbox 1699 3158 1755 3183; x_wconf 88' lang='lat' dir='ltr'>libr.</span> <span class='ocrx_word' id='word_1_821' title='bbox 1777 3159 1818 3183; x_wconf 87' lang='lat' dir='ltr'>lV.</span> <span class='ocrx_word' id='word_1_822' title='bbox 1841 3158 1873 3183; x_wconf 81' lang='lat' dir='ltr'>do</span> <span class='ocrx_word' id='word_1_823' title='bbox 1893 3160 1972 3184; x_wconf 85' lang='lat' dir='ltr'>Sacro</span> <span class='ocrx_word' id='word_1_824' title='bbox 1991 3159 2082 3184; x_wconf 79' lang='lat' dir='ltr'>Altaris</span> <span class='ocrx_word' id='word_1_825' title='bbox 2103 3161 2224 3191; x_wconf 84' lang='lat' dir='ltr'>mysterio</span> <span class='ocrx_word' id='word_1_826' title='bbox 2249 3167 2270 3185; x_wconf 87' lang='lat' dir='ltr'>c.</span> <span class='ocrx_word' id='word_1_827' title='bbox 2291 3162 2333 3186; x_wconf 79' lang='lat'>29.</span> 
     </span>
    </p>

    <p class='ocr_par' dir='ltr' id='par_1_31' title="bbox 1379 3200 2332 3279">
     <span class='ocr_line' id='line_1_109' title="bbox 1451 3200 2332 3236; baseline 0.005 -12"><span class='ocrx_word' id='word_1_828' title='bbox 1451 3200 1461 3216; x_wconf 77' lang='grc'>6</span> <span class='ocrx_word' id='word_1_829' title='bbox 1480 3201 1558 3232; x_wconf 78' lang='lat' dir='ltr'>Epist.</span> <span class='ocrx_word' id='word_1_830' title='bbox 1579 3202 1620 3226; x_wconf 83' lang='lat'>63.</span> <span class='ocrx_word' id='word_1_831' title='bbox 1642 3209 1664 3226; x_wconf 81' lang='lat' dir='ltr'>n.</span> <span class='ocrx_word' id='word_1_832' title='bbox 1689 3203 1726 3234; x_wconf 82' lang='lat'>13,</span> <span class='ocrx_word' id='word_1_833' title='bbox 1740 3205 1764 3227; x_wconf 85' lang='lat' dir='ltr'>et</span> <span class='ocrx_word' id='word_1_834' title='bbox 1784 3202 1809 3228; x_wconf 92' lang='lat' dir='ltr'>C.</span> <span class='ocrx_word' id='word_1_835' title='bbox 1824 3202 1868 3229; x_wconf 79' lang='lat' dir='ltr'>Sic</span> <span class='ocrx_word' id='word_1_836' title='bbox 1887 3201 1915 3228; x_wconf 72' lang='lat' dir='ltr'>iit</span> <span class='ocrx_word' id='word_1_837' title='bbox 1933 3202 2124 3236; x_wconf 72' lang='lat' dir='ltr'>sanctificando</span> <span class='ocrx_word' id='word_1_838' title='bbox 2145 3203 2199 3236; x_wconf 75' lang='grc'>(2.),</span> <span class='ocrx_word' id='word_1_839' title='bbox 2215 3203 2277 3229; x_wconf 83' lang='lat' dir='ltr'>ibid.</span> <span class='ocrx_word' id='word_1_840' title='bbox 2297 3204 2332 3228; x_wconf 84' lang='lat' dir='ltr'>tn-</span> 
     </span>
     <span class='ocr_line' id='line_1_110' title="bbox 1379 3244 2162 3279; baseline 0.005 -11"><span class='ocrx_word' id='word_1_841' title='bbox 1379 3244 1457 3269; x_wconf 80' lang='lat' dir='ltr'>serius</span> <span class='ocrx_word' id='word_1_842' title='bbox 1476 3245 1556 3270; x_wconf 79' lang='lat' dir='ltr'>verba</span> <span class='ocrx_word' id='word_1_843' title='bbox 1577 3249 1636 3270; x_wconf 84' lang='lat' dir='ltr'>sunt</span> <span class='ocrx_word' id='word_1_844' title='bbox 1655 3246 1772 3271; x_wconf 87' lang='lat' dir='ltr'>eiusdem</span> <span class='ocrx_word' id='word_1_845' title='bbox 1793 3247 1854 3271; x_wconf 86' lang='lat' dir='ltr'>ibid.</span> <span class='ocrx_word' id='word_1_846' title='bbox 1876 3254 1899 3271; x_wconf 88' lang='lat' dir='ltr'>n.</span> <span class='ocrx_word' id='word_1_847' title='bbox 1925 3246 1961 3277; x_wconf 83' lang='lat'>17,</span> <span class='ocrx_word' id='word_1_848' title='bbox 1983 3249 2007 3272; x_wconf 86' lang='lat' dir='ltr'>et</span> <span class='ocrx_word' id='word_1_849' title='bbox 2026 3246 2087 3272; x_wconf 85' lang='lat' dir='ltr'>Can.</span> <span class='ocrx_word' id='word_1_850' title='bbox 2107 3254 2162 3279; x_wconf 78' lang='lat' dir='ltr'>seq.</span> 
     </span>
    </p>

    <p class='ocr_par' dir='ltr' id='par_1_32' title="bbox 1450 3288 1830 3322">
     <span class='ocr_line' id='line_1_111' title="bbox 1450 3288 1830 3322; baseline 0.005 -9"><span class='ocrx_word' id='word_1_851' title='bbox 1450 3288 1461 3304; x_wconf 95' lang='lat'><strong>⁷</strong></span> <span class='ocrx_word' id='word_1_852' title='bbox 1480 3289 1546 3314; x_wconf 86' lang='lat' dir='ltr'>loan.</span> <span class='ocrx_word' id='word_1_853' title='bbox 1568 3290 1597 3320; x_wconf 81' lang='lat'>6,</span> <span class='ocrx_word' id='word_1_854' title='bbox 1619 3289 1658 3314; x_wconf 74' lang='lat'>48.</span> <span class='ocrx_word' id='word_1_855' title='bbox 1680 3293 1704 3315; x_wconf 84' lang='lat' dir='ltr'>ct</span> <span class='ocrx_word' id='word_1_856' title='bbox 1726 3291 1766 3322; x_wconf 76' lang='grc'>12,</span> <span class='ocrx_word' id='word_1_857' title='bbox 1789 3290 1830 3315; x_wconf 71' lang='lat'>24..</span> 
     </span>
    </p>

    <p class='ocr_par' dir='ltr' id='par_1_33' title="bbox 1379 3332 2330 3410">
     <span class='ocr_line' id='line_1_112' title="bbox 1450 3332 2330 3367; baseline 0.003 -9"><span class='ocrx_word' id='word_1_858' title='bbox 1450 3332 1460 3349; x_wconf 71' lang='lat'>⁸</span> <span class='ocrx_word' id='word_1_859' title='bbox 1479 3334 1513 3358; x_wconf 80' lang='lat' dir='ltr'>Ex</span> <span class='ocrx_word' id='word_1_860' title='bbox 1533 3333 1560 3359; x_wconf 89' lang='lat' dir='ltr'>C.</span> <span class='ocrx_word' id='word_1_861' title='bbox 1583 3333 1649 3360; x_wconf 79' lang='lat' dir='ltr'>Cum</span> <span class='ocrx_word' id='word_1_862' title='bbox 1669 3341 1746 3360; x_wconf 74' lang='lat' dir='ltr'>omne</span> <span class='ocrx_word' id='word_1_863' title='bbox 1766 3335 1820 3366; x_wconf 74' lang='lat'>(7.)‚</span> <span class='ocrx_word' id='word_1_864' title='bbox 1842 3335 1903 3360; x_wconf 89' lang='lat' dir='ltr'>ibid.</span> <span class='ocrx_word' id='word_1_865' title='bbox 1923 3335 1938 3367; x_wconf 61' lang='lat' dir='ltr'>S</span> <span class='ocrx_word' id='word_1_866' title='bbox 1960 3336 1981 3360; x_wconf 84' lang='lat' dir='ltr'>t.</span> <span class='ocrx_word' id='word_1_867' title='bbox 2004 3336 2038 3361; x_wconf 85' lang='lat' dir='ltr'>De</span> <span class='ocrx_word' id='word_1_868' title='bbox 2067 3336 2127 3361; x_wconf 87' lang='lat' dir='ltr'>luda</span> <span class='ocrx_word' id='word_1_869' title='bbox 2148 3337 2192 3361; x_wconf 77' lang='lat' dir='ltr'>cfr.</span> <span class='ocrx_word' id='word_1_870' title='bbox 2213 3337 2330 3367; x_wconf 65' lang='lat' dir='ltr'>August„</span> 
     </span>
     <span class='ocr_line' id='line_1_113' title="bbox 1379 3377 2170 3410; baseline 0.004 -9"><span class='ocrx_word' id='word_1_871' title='bbox 1379 3377 1402 3401; x_wconf 88' lang='lat' dir='ltr'>in</span> <span class='ocrx_word' id='word_1_872' title='bbox 1425 3377 1491 3402; x_wconf 85' lang='lat' dir='ltr'>loan.</span> <span class='ocrx_word' id='word_1_873' title='bbox 1513 3378 1609 3409; x_wconf 72' lang='lat' dir='ltr'>Evang.</span> <span class='ocrx_word' id='word_1_874' title='bbox 1633 3383 1660 3404; x_wconf 89' lang='lat' dir='ltr'>tr.</span> <span class='ocrx_word' id='word_1_875' title='bbox 1683 3380 1723 3403; x_wconf 74' lang='lat'>62.</span> <span class='ocrx_word' id='word_1_876' title='bbox 1746 3386 1770 3404; x_wconf 86' lang='lat' dir='ltr'>u.</span> <span class='ocrx_word' id='word_1_877' title='bbox 1793 3380 1816 3410; x_wconf 85' lang='lat'>3,</span> <span class='ocrx_word' id='word_1_878' title='bbox 1837 3382 1861 3404; x_wconf 84' lang='lat' dir='ltr'>et</span> <span class='ocrx_word' id='word_1_879' title='bbox 1880 3380 1955 3410; x_wconf 80' lang='lat' dir='ltr'>Hugo</span> <span class='ocrx_word' id='word_1_880' title='bbox 1976 3380 2022 3405; x_wconf 81' lang='lat' dir='ltr'>loc.</span> <span class='ocrx_word' id='word_1_881' title='bbox 2044 3381 2084 3406; x_wconf 87' lang='lat' dir='ltr'>cit.</span> <span class='ocrx_word' id='word_1_882' title='bbox 2106 3386 2126 3405; x_wconf 86' lang='lat' dir='ltr'>c.</span> <span class='ocrx_word' id='word_1_883' title='bbox 2148 3381 2170 3405; x_wconf 81' lang='lat'>9.</span> 
     </span>
    </p>
   </div>
   <div class='ocr_carea' id='block_1_18' title="bbox 2473 2367 2481 3265">
    <p class='ocr_par' dir='ltr' id='par_1_34' title="bbox 2473 2367 2481 3265">
     <span class='ocr_line' id='line_1_114' title="bbox 2473 2367 2481 3265; baseline 0 0"><span class='ocrx_word' id='word_1_884' title='bbox 2473 2367 2481 3265; x_wconf 95' lang='lat' dir='ltr'> </span> 
     </span>
    </p>
   </div>
  </div>
 </body>
</html>
