2483 3882
779 235 871 266 DlST.
897 235 927 265 L.
954 234 983 265 1³.
1008 233 1040 264 ll.
1066 233 1146 265 ART.
1171 232 1203 264 ll.
1228 231 1380 273 QUAEST.
1405 231 1438 262 ll.

479 331 717 356 CONCLUSIO.

160 428 284 461 Vermis
309 428 360 460 ille
383 437 447 459 non
472 433 516 459 est
541 426 746 464 materialis,
770 426 827 458 sed
848 424 1047 467 spiritualis.

215 534 416 565 Respommoz
442 532 633 570 Dicendum,
665 532 748 573 quod
781 531 973 572 Augustinus
997 530 1077 571 vige-

0 601 112 625 unionem.
128 587 207 620 simo
230 586 269 618 de
285 585 415 617 Civitate
431 585 486 617 Dei
501 585 507 601 ¹
525 585 612 626 ponit
628 584 711 617 circa
727 584 786 616 hoe
803 583 882 616 duas
905 583 1075 625 opiniones.

127 639 260 681 Quidam
289 637 371 670 enim
400 637 569 669 voluerunt
598 636 788 677 intelligere,
817 644 958 668 vermem
986 635 1075 667 illum

127 700 195 724 esse
227 689 431 722 w'zctterialem
464 693 592 730 propter
626 688 757 721 verbum
791 688 992 729 Scripturae3
1023 687 1074 718 alii

127 753 219 781 vero,
251 743 403 775 rationem
428 745 612 783 sequentes,
644 741 814 773 voluerunt
836 740 959 778 dicere,
990 740 1074 781 quod

0 810 111 833 sancium.
128 796 244 829 vermis
268 795 319 827 ille
343 795 382 827 sit
406 794 586 836 spiritualis.
614 794 647 825 Et
672 793 785 825 horum
807 792 983 834 opinionem
1002 792 1076 824 dicit

127 849 185 881 sibi
211 848 309 889 magis
332 847 478 889 placere3
502 850 532 878 et
557 855 597 878 ex
622 854 683 887 quo
709 845 766 877 sibi
790 844 888 885 magis
912 844 1031 885 placet,
1048 847 1077 875 et

126 900 215 932 nobis
240 899 382 932 similiter
406 899 499 931 dehet
523 898 678 939 placere2.
696 915 740 921 —
757 896 842 929 Unde
859 896 1076 928 concedendae

128 956 200 985 sunt
224 952 377 988 rationes,
400 951 484 993 quod
510 951 626 983 vermis
649 950 701 982 ille
725 958 787 981 nou
811 949 851 981 sit
875 948 1055 980 materialis.

218 1006 246 1036 1.
270 1005 313 1037 Ad
337 1004 416 1036 illud
440 1003 523 1045 quod
556 1003 702 1035 obiicitur
734 1002 764 1034 in
797 1001 988 1034 eontrarium
1021 1009 1078 1042 per

127 1057 364 1091 similitudinem
390 1056 469 1097 ignis
483 1081 490 1094 ,
515 1055 683 1088 dicendum
696 1080 704 1093 ,
721 1054 802 1096 quod
822 1054 903 1086 sicut
921 1053 999 1095 ignis
1018 1062 1079 1084 ma-

127 1110 245 1143 terialis
268 1109 434 1151 affligendo
465 1117 580 1149 corpus
612 1107 720 1148 affligit
752 1110 782 1139 et
818 1106 907 1147 punit
938 1106 1075 1137 animam

128 1163 154 1195 ei
172 1163 314 1199 unitam;
338 1162 382 1194 sic
406 1161 575 1194 vehemens
599 1160 689 1192 dolor
705 1163 735 1192 et
753 1168 913 1191 remorsus
937 1158 1002 1190 sive
1028 1158 1078 1190 tri-

0 1072 63 1095 olutio
76 1077 113 1100 op-

0 1100 92 1121 sitorum.

2003 230 2080 260 '1051

1139 319 1222 351 stitia
1245 319 1367 350 animae
1392 317 1549 350 redundat
1574 317 1603 348 in
1628 325 1759 357 corpus,
1786 316 1860 358 quia
1875 316 2016 357 spiritus
2033 315 2088 347 tri-

1140 372 1200 403 stis
1216 371 1357 403 desiccat
1381 371 1489 402 ossa&
1513 370 1665 411 Quoniam
1691 370 1787 410 igitur
1808 369 1867 401 erit
1885 369 1914 400 in
1931 368 2086 400 damnatis

1143 432 1274 465 magnus
1290 423 1495 455 conscientiae
1512 430 1673 454 remorsus
1693 425 1723 453 et
1740 421 1846 459 dolor.
1870 421 1911 453 ita
1926 421 2036 459 etiam,
2053 424 2089 452 ut

1142 476 1297 508 redundet
1322 476 1397 507 haec
1422 474 1575 506 moestitia
1600 474 1629 505 iu
1647 482 1794 511 carneum
1821 473 1890 505 ideo
1915 481 1988 505 vere
2008 472 2089 504 dixit

1141 529 1319 570 Scriptura,
1344 528 1427 569 quod
1452 528 1542 559 daret
1566 527 1649 558 Deus
1674 535 1813 557 vermem
1837 526 1871 557 in
1893 534 2027 557 carnem
2044 534 2090 556 eo-

1140 591 1230 619 rum,
1255 585 1285 613 et
1309 580 1464 621 expressit
1489 580 1624 611 multum
1649 579 1689 610 ad
1714 582 1866 610 terrorem
1897 578 2088 616 carnalium,

1141 635 1194 675 qui
1220 633 1318 674 magis
1343 633 1472 664 horrent
1496 640 1628 673 poenam
1652 631 1755 663 caruis
1779 640 1872 672 quam
1898 631 2029 662 animae.
2046 648 2090 652 —

1142 686 1196 718 Vel
1221 688 1325 727 posset
1348 685 1426 723 dici,
1451 684 1536 725 quod
1553 693 1626 715 earo
1644 684 1683 715 ihi
1702 683 1817 715 dicitur
1833 693 1915 724 opus
1931 682 2086 720 carnale,
2102 692 2178 713 Aliter.

1143 738 1201 769 hoc
1224 741 1270 770 est
1294 746 1375 778 opus
1395 736 1540 778 peccati,
1565 745 1604 768 ex
1630 745 1693 777 quo
1714 738 1882 776 generatur
1900 735 2015 767 vermis
2032 735 2092 775 spi-

1142 790 1265 822 ritualis
1279 790 1297 820 ⁴.

1231 844 1259 873 2.
1284 842 1327 873 Ad
1354 841 1431 873 illud
1455 841 1538 882 quod
1563 840 1725 878 obiicitur,
1747 840 1831 881 quod
1858 840 2018 871 habebunt
2042 840 2092 871 de—

1142 895 1353 933 formitatem;
1385 894 1571 927 dicendum.
1603 892 1684 934 quod
1712 900 1822 924 verum
1847 895 1910 931 est,
1943 892 1997 924 sed
2029 900 2089 923 non

1142 947 1411 989 putrefactionem.

1232 1000 1260 1031 3.
1285 1000 1432 1032 Ultimum
1459 998 1597 1031 solutum
1622 1001 1668 1029 est
1692 997 1730 1029 de
1755 997 1843 1038 igue,
1864 997 1937 1038 quia
1954 997 2033 1037 ignis
2050 996 2089 1027 ab

1141 1052 1289 1084 exteriori
1324 1051 1464 1093 procedit
1488 1051 1527 1082 ad
1553 1050 1678 1088 intima,
1704 1050 1819 1082 vermis
1844 1049 1884 1080 ah
1908 1049 2026 1080 intimis
2049 1048 2089 1080 ad

1142 1105 1321 1142 exteriora;
1352 1108 1382 1135 et
1415 1103 1483 1135 ideo
1509 1103 1586 1143 ignis
1610 1106 1656 1134 est
1681 1101 1867 1139 materialis,
1893 1101 1947 1133 sed
1972 1101 2089 1132 vermis

1142 1156 1322 1198 spiritualis.

966 1294 1260 1335 SOHOLION.

199 1424 262 1449 Tres
282 1423 358 1448 huius
387 1421 484 1447 articuli
514 1421 677 1453 quaestiones
702 1420 743 1445 alii
763 1423 881 1445 auctores
900 1419 1007 1444 brevius
1026 1425 1077 1443 una

128 1468 181 1493 sola
201 1468 351 1500 quaestione
377 1466 513 1491 absolvere
540 1465 628 1489 solent.
649 1465 792 1489 Attentione
811 1463 906 1495 diguus
925 1466 962 1488 est
982 1462 1076 1487 modus

127 1512 290 1543 ingeniosus,
310 1517 362 1542 quo
382 1511 406 1534 in
427 1510 450 1534 2.
471 1513 570 1541 quaest.
593 1507 689 1534 vermis
708 1506 857 1540 spiritualis
876 1507 1025 1538 explicatur.

199 1556 234 1580 De
253 1559 305 1580 toto
325 1555 373 1579 hoe
394 1553 519 1578 articulo:
539 1553 622 1584 scot,
645 1552 686 1576 hic
705 1559 729 1584 q.
750 1552 773 1576 6.
794 1558 818 1576 n.
837 1550 874 1575 ili.
887 1564 923 1568 —
936 1551 960 1575 S.
976 1550 1078 1581 Tuom„

1141 1418 1182 1442 hic
1201 1425 1224 1449 q.
1246 1418 1269 1442 2.
1289 1424 1312 1442 a.
1333 1417 1356 1441 3.
1377 1417 1535 1449 quaestiuuc.
1556 1416 1587 1446 2;
1609 1415 1699 1446 Suppl.
1728 1422 1752 1446 q.
1783 1414 1823 1438 97.
1844 1421 1866 1438 si.
1888 1415 1911 1438 2.
1933 1427 1966 1430 —
1986 1414 2050 1438 Dctr.
2079 1420 2092 1437 u

1142 1462 1216 1493 Tan,
1247 1462 1287 1486 liic
1307 1469 1330 1493 q.
1352 1461 1376 1486 li.
1404 1468 1426 1485 u.
1448 1462 1470 1485 ¹l.
1491 1460 1649 1492 quaestiuuc.
1671 1460 1693 1484 2.
1715 1473 1749 1476 —
1769 1458 1886 1482 tin-unul.
1908 1465 1920 1481 a
1942 1457 2021 1487 Med-⁷
2048 1457 2088 1480 liic

1142 1512 1164 1530 a.
1185 1506 1209 1530 ὅ.
1230 1512 1253 1537 q.
1276 1506 1299 1529 2.
1319 1518 1353 1523 —
1373 1504 1475 1535 Dionys.
1495 1503 1592 1533 Carth,
1614 1504 1654 1527 liic
1674 1510 1698 1534 q.
1720 1503 1743 1527 ὕ.

993 1678 1175 1719 QUAESTIO
1199 1677 1232 1709 ΙΙ.

559 1778 674 1810 Ucrzmz
700 1782 729 1810 ec
751 1787 818 1820 qua
841 1776 970 1808 ratione
994 1776 1029 1808 in
1053 1774 1222 1807 daimatis
1245 1774 1288 1806 sit
1311 1773 1433 1805 vermis
1456 1772 1654 1814 spiritualis.

218 1905 361 1938 Secundo
384 1903 565 1946 quaeritur,
590 1906 697 1935 utrum
723 1902 754 1933 iu
778 1900 934 1933 damnatis
958 1900 997 1933 sit
1013 1909 1080 1932 ver-

130 1959 189 1991 mis
213 1957 405 2000 spiritualis3
429 1961 459 1989 et
482 1957 663 1998 quaeritur:
689 1964 747 1996 pro
771 1957 888 1996 quanto
913 1954 1029 1986 dieitur
1046 1953 1076 1984 in

130 2011 174 2044 eis
198 2019 266 2043 esse
291 2010 432 2043 vermis?

220 2065 247 2095 1.
272 2063 301 2095 Si
326 2063 400 2105 quia
430 2066 477 2094 est
507 2062 538 2094 in
571 2061 616 2094 eis
647 2060 736 2093 dolor
769 2059 937 2097 mordens3
963 2059 1018 2091 sed
1048 2059 1077 2090 in

129 2116 361 2159 poenitentibus
385 2119 432 2148 est
464 2114 624 2146 maximus
649 2113 738 2146 dolor
763 2113 801 2145 de
826 2112 979 2154 peccatis:
1005 2120 1080 2152 ergo

129 2173 159 2202 et
183 2169 344 2201 maximus
367 2168 494 2200 vermis.

219 2222 248 2253 2.
273 2221 365 2258 Item,
389 2220 484 2261 aliqui
510 2219 551 2250 ita
575 2221 649 2250 sunt
673 2217 832 2259 perversi,
856 2216 940 2258 quod
959 2216 1081 2248 laetan-

131 2278 202 2311 tur,
226 2282 301 2304 cum
325 2270 566 2314 malefecerint,
583 2275 612 2302 et
631 2269 797 2302 exsultant
808 2270 830 2307 ⁵,
851 2269 930 2301 adeo
953 2272 988 2300 ut
1013 2268 1082 2299 nul-

130 2326 197 2358 lum
222 2333 417 2362 remorsum‚
442 2327 496 2356 aut
520 2323 659 2355 dolorem
686 2322 838 2354 sentiant:
864 2330 939 2362 ergo
972 2321 995 2352 si
1029 2320 1080 2352 da-

130 2378 227 2411 mnati
252 2381 324 2410 sunt
350 2377 448 2417 magis
473 2375 612 2417 perversi
637 2383 731 2416 quam
756 2375 909 2412 viatores,
934 2373 1080 2410 videtur,

131 2431 214 2473 quod
239 2430 362 2462 nullum
387 2429 514 2461 omnino
538 2427 673 2460 habeant
698 2435 884 2459 remorsum.

219 2483 248 2515 3.
273 2483 365 2520 Item,
389 2481 485 2523 aliqui
510 2484 583 2512 sunt
616 2481 657 2512 ita
688 2479 845 2512 excaecati
879 2482 908 2510 et
932 2477 1079 2509 obstinati

132 2536 161 2568 in
195 2535 317 2574 malo⁶‚
348 2534 432 2576 quod
466 2533 589 2565 nullum
621 2533 748 2564 omnino
787 2531 926 2563 sentiunt
965 2539 1081 2562 remor-

131 2597 220 2625 sum,
237 2588 318 2620 sicut
337 2585 500 2625 haeretici,
518 2585 571 2627 qui
597 2584 776 2617 moriuntur
800 2592 858 2624 pro
882 2582 1004 2614 haeresi
1023 2590 1080 2614 sua

132 2641 266 2678 tuenda;
292 2640 346 2673 sed
368 2638 505 2672 damnati
527 2641 599 2671 sunt
624 2637 723 2678 magis
747 2634 893 2668 obstinati
918 2638 948 2667 et
971 2643 1080 2667 exeae-

132 2694 208 2727 cati:
233 2702 307 2734 ergo
331 2696 389 2724 etc.

0 2134 27 2155 &d
41 2140 106 2161 oppo-

0 2161 69 2182 situm.

1232 1899 1261 1930 lt.
1286 1898 1380 1935 ltetn,
1405 1897 1429 1929 si
1455 1897 1571 1928 habent
1595 1896 1753 1931 dolorem,
1771 1898 1825 1926 aut
1847 1895 1885 1926 de
1899 1904 2024 1936 poena,
2041 1897 2099 1926 aut

1144 1952 1183 1983 de
1207 1951 1315 1992 eulpa.
1340 1951 1369 1982 Si
1395 1950 1433 1982 de
1455 1959 1579 1991 poena,
1597 1952 1671 1980 tunc
1688 1958 1762 1989 ergo
1780 1957 1839 1979 non
1859 1947 1963 1980 differt
1981 1947 2098 1979 vermis

1144 2014 1162 2036 a
1185 2013 1285 2046 poena
1309 2004 1405 2045 ignis.
1431 2003 1504 2044 quia
1528 2002 1607 2043 ignis
1640 2011 1699 2033 non
1733 2001 1841 2042 punit.
1866 2000 1923 2032 nisi
1950 2000 2023 2041 quia
2048 2000 2099 2032 do-

1145 2057 1217 2090 lent.
1242 2057 1272 2088 Si
1297 2057 1335 2089 de
1360 2056 1477 2097 culpa,
1502 2059 1558 2087 aut
1590 2054 1750 2086 voluntate
1782 2053 2018 2089 deliberativa,
2043 2056 2098 2084 aut

1143 2108 1298 2141 naturali
1321 2109 1387 2141 sive
1412 2108 1591 2150 synderesz'.
1616 2107 1675 2139 Sed
1692 2116 1755 2137 novi
1774 2105 2006 2142 deliberativa,
2024 2105 2098 2146 quia

1145 2161 1319 2193 seeundum
1344 2160 1428 2192 illam
1455 2169 1515 2191 non
1540 2159 1716 2201 poenitent,
1741 2158 1836 2189 immo
1861 2161 2043 2198 perseverat
2067 2157 2096 2188 in

1144 2214 1189 2246 eis
1213 2213 1360 2255 peccandi
1385 2213 1561 2244 voluntas7.
1586 2212 1649 2243 Non
1675 2210 1849 2242 secundum
1872 2209 2095 2252 symleresz‘m,

1145 2266 1218 2307 quia
1243 2265 1420 2307 synderesis
1444 2264 1474 2295 iu
1498 2264 1658 2305 aliquibus
1689 2262 1863 2294 viatoribus
1896 2264 1942 2293 est
1969 2261 2098 2302 praeei-

1141 2319 1270 2360 pitata:
1294 2327 1369 2359 ergo
1393 2317 1519 2349 videtur
1544 2317 1572 2348 iu
1595 2316 1640 2348 eis
1658 2316 1781 2357 penitus
1798 2314 1967 2346 exstincta.
1988 2314 2021 2345 Et
2039 2314 2096 2345 hoc

1145 2372 1270 2403 videtur
1294 2380 1350 2412 per
1379 2371 1548 2402 rationem:
1582 2369 1673 2411 quia,
1697 2369 1778 2401 sicut
1809 2368 1907 2400 fomes
1939 2376 1971 2399 se
2003 2366 2097 2398 habet

1144 2423 1183 2455 ad
1220 2423 1356 2461 malum,
1381 2422 1425 2453 sie
1461 2421 1639 2463 synderesis
1674 2421 1713 2452 ad
1751 2420 1886 2456 h0uum3
1910 2419 1966 2451 sed
1998 2419 2097 2450 fomes

1144 2476 1271 2507 omnino
1295 2475 1471 2506 exstinctus
1495 2478 1542 2506 est
1566 2474 1595 2505 in
1621 2473 1738 2505 Beatis:
1763 2481 1838 2513 ergo
1862 2471 2040 2513 synderesis
2065 2470 2095 2502 in

1145 2528 1309 2560 damnatis.

1234 2580 1326 2617 item,
1355 2588 1488 2621 quaero:
1525 2587 1597 2610 cum
1634 2577 1750 2609 vermis
1785 2579 1932 2608 nascatur
1967 2584 2008 2607 ex
2042 2584 2097 2617 pu-
2112 2591 2211 2617 Quaestio
2226 2591 2258 2611 in.

1145 2633 1325 2665 tresactioue
1349 2636 1379 2663 et
1405 2631 1510 2669 rodat,
1535 2639 1597 2672 qua
1622 2629 1805 2670 metaphora
1833 2629 1949 2661 dicitur
1981 2628 2097 2661 vermis
2125 2617 2206 2639 cmm·

1146 2685 1368 2721 eonscientiae,
1392 2693 1463 2715 cum
1491 2683 1542 2715 illa
1566 2691 1627 2714 non
1654 2685 1842 2723 putrescat?

205 2870 212 2885 ¹
232 2869 294 2901 Cap.
315 2870 356 2894 22.
376 2868 426 2894 Cir.
446 2867 507 2893 ibid.
528 2867 596 2892 XXI.
617 2874 639 2892 c.
662 2867 685 2891 9.
715 2873 739 2891 n.
760 2866 783 2890 2.
804 2865 912 2890 Duobus
940 2865 993 2889 istis
1022 2864 1083 2889 locis

133 2913 205 2945 dicit,
226 2912 296 2945 quod
317 2911 467 2938 credibilius
493 2913 536 2942 sit,
556 2917 663 2936 vermen
689 2909 722 2935 ad
750 2910 866 2934 animum
892 2909 1035 2940 pertinere,
1057 2908 1082 2931 in

133 2959 258 2989 quantum
278 2956 332 2981 scil.
353 2956 455 2980 animus
474 2954 581 2980 rodatur
600 2954 714 2986 quodam
735 2953 814 2978 modo
838 2959 927 2977 verme
947 2951 1082 2976 moeroris.

133 3001 158 3026 ln
178 3001 268 3026 ultimo
281 3000 338 3025 loco
351 2999 481 3031 adiungit:
495 2997 613 3024 Facilius
626 3000 676 3029 est,
691 3001 717 3022 ut
730 2997 763 3022 ad
776 3003 873 3028 corpus
887 2996 970 3021 dicam
984 2999 1084 3020 utrum-

134 3052 185 3078 que
203 3044 305 3078 [ignem
318 3048 343 3069 et
355 3043 484 3075 vermem]
504 3043 645 3074 pertinere,
659 3048 741 3075 quam
759 3042 912 3067 neutrum...
927 3040 1004 3071 eligat
1017 3040 1084 3071 quis-

134 3096 184 3121 que
203 3088 275 3121 quod
294 3088 389 3119 placet,
410 3091 454 3112 aut
473 3088 560 3118 ignem
580 3086 695 3111 tribuere
714 3086 829 3116 corpori,
851 3085 936 3109 animo
950 3090 1082 3113 vermem;

135 3134 183 3158 hoc
203 3133 320 3164 proprie,
341 3131 402 3157 illud
422 3131 531 3162 tropice;
552 3133 596 3155 aut
614 3133 755 3161 utrumque
775 3129 880 3160 proprie
899 3128 1011 3159 corpori.
1031 3127 1082 3151 lam

134 3177 202 3201 enim
222 3177 282 3201 satis
301 3176 421 3206 superius
445 3174 589 3206 disputavi,
610 3180 687 3205 posse
714 3172 833 3197 animalia
862 3172 938 3196 etiam
968 3172 991 3195 in
1021 3171 1083 3201 igni-

135 3220 184 3245 bus
203 3220 293 3244 vivere
312 3218 371 3252 [cfr.
393 3225 473 3250 supra
492 3224 553 3249 pag.
573 3217 633 3248 929,
655 3219 714 3242 nota
735 3216 758 3241 5.
778 3218 803 3240 et
829 3216 853 3240 9.
881 3221 910 3240 ac
930 3222 989 3246 pag.
1019 3214 1082 3246 930,

135 3266 194 3288 nota
214 3261 252 3295 4.]
271 3265 318 3287 etc.

206 3305 217 3322 2
235 3306 398 3332 Retinuimus
423 3311 483 3330 cum
512 3304 569 3330 Vat.
587 3302 707 3336 placere,
729 3302 800 3334 quod
820 3302 891 3327 deest
919 3301 942 3325 in
963 3299 1039 3326 codd.
1060 3303 1085 3325 et

136 3350 177 3376 ed.
205 3351 223 3375 1.

1219 2861 1229 2878 3
1248 2863 1322 2887 Ριον.
1348 2861 1388 2892 17,
1409 2862 1449 2885 2-2,
1473 2860 1580 2891 Vulgata
1601 2862 1626 2884 et
1645 2859 1703 2883 Vat.
1725 2857 1842 2884 eoesiccut
1863 2863 1932 2883 ossa.

1219 2905 1228 2922 ⁴
1248 2906 1336 2931 Glossa
1357 2904 1496 2930 ordinaria
1510 2904 1579 2935 apud
1594 2903 1715 2928 Strahuni
1730 2903 1770 2933 (ex
1786 2901 1900 2933 Rabauo)
1916 2902 1939 2926 in
1955 2900 2036 2925 iudith
2060 2901 2097 2932 16,

1149 2951 1196 2975 21:
1216 2949 1281 2975 Caro
1294 2952 1318 2973 et
1337 2950 1443 2979 sanguis
1461 2954 1564 2972 verines
1584 2949 1666 2978 creat3
1687 2947 1746 2978 quia
1767 2945 1899 2970 delectatio
1919 2945 2040 2975 carnalis,
2057 2945 2097 2969 cui

1148 2994 1182 3019 sai
1197 2993 1365 3018 continentiae
1380 2999 1429 3016 uon
1444 2992 1543 3021 resistit,
1559 2996 1668 3022 poenam
1682 2992 1812 3014 aeteruum
1827 2992 1933 3020 generat
1947 2988 2096 3018 iuxu1·iosis;

1149 3037 1217 3063 unde
1237 3036 1304 3070 [lsai.
1326 3037 1373 3065 66,
1394 3035 1464 3068 2.t.]:
1488 3034 1589 3060 Vermis
1608 3040 1702 3059 eorum
1720 3039 1774 3059 non
1793 3031 1925 3058 morietur
1944 3034 1991 3057 etc.

1217 3080 1228 3096 ⁵
1249 3081 1322 3105 l‘rov.
1344 3081 1373 3111 2,
1398 3079 1434 3104 14.
1457 3078 1563 3109 Vulgata
1585 3077 1656 3102 addit
1675 3076 1703 3102 in
1722 3075 1800 3102 rebus
1819 3075 1950 3109 pessimis.

1219 3123 1229 3139 6
1248 3123 1329 3148 Codd.
1349 3123 1377 3148 iu
1395 3121 1508 3147 matum.

1218 3167 1228 3182 ⁷
1247 3166 1297 3192 Csr.
1318 3173 1395 3197 supra
1428 3173 1451 3196 p.
1485 3165 1510 3189 ll.
1530 3171 1552 3189 a.
1578 3164 1598 3189 1,
1618 3171 1643 3196 q.
1664 3164 1688 3188 i.
1709 3177 1744 3181 —
1765 3163 1799 3188 De
1818 3169 1872 3194 seq.
1902 3168 2009 3193 propos.
2039 3160 2098 3185 vide

1149 3213 1174 3236 li.
1196 3213 1262 3236 Sent.
1282 3211 1309 3236 (i.
1331 3211 1371 3234 39.
1392 3217 1414 3234 a.
1436 3210 1458 3234 2.
1479 3217 1504 3241 q.
1525 3209 1548 3233 3.
1569 3207 1631 3232 ibid.
1652 3215 1678 3240 q.
1707 3208 1729 3232 ri.
1758 3208 1782 3231 in
1811 3205 1860 3230 fluo
1890 3212 1961 3236 corp.
1991 3205 2096 3235 dicitur,

1148 3255 1218 3287 quod
1238 3253 1388 3288 synderesis
1412 3263 1421 3275 (ι
1433 3252 1510 3277 hahet
1529 3252 1651 3276 inclinare
1665 3251 1696 3275 ad
1711 3249 1809 3275 bouum
1822 3249 1962 3275 honestum
1977 3258 1999 3273 n.
2015 3262 2048 3266 —
2061 3248 2098 3272 De

1149 3298 1295 3323 delinitione
1312 3295 1411 3330 fomitis
1435 3297 1449 3320 i.
1466 3303 1491 3327 r.
1512 3295 1623 3320 morbidi
1643 3295 1763 3325 aflectus,
1784 3295 1828 3326 qui
1849 3295 1996 3318 commovet
2009 3292 2042 3317 ad
2056 3291 2098 3317 de-

1149 3342 1272 3367 siderium
1292 3341 1419 3371 illicitum,
1440 3341 1485 3364 cfr.
1507 3338 1568 3364 ihid.
1589 3346 1648 3370 pag.
1668 3338 1732 3370 767,
1753 3342 1811 3363 nota
1834 3337 1857 3362 4.
