2483 3882
649 253 742 286 DIST.
768 255 893 289 XXVIII.
918 256 999 288 ART.
1028 257 1158 290 UNICUS
1182 259 1333 300 QUAEST.
1359 260 1403 292 III.

47 341 128 385 poris
151 343 250 382 potest
274 340 342 372 dari
377 340 416 372 ad
442 344 583 382 tempus;
607 341 793 381 dicendum,
818 343 902 385 quod
927 353 986 376 non

46 396 143 438 potest
166 392 234 425 dari
258 392 304 424 ad
319 396 460 434 tempttS,
476 392 533 424 nisi
552 393 645 425 detur
661 394 874 436 simpliciam
891 399 921 428 et
941 400 987 429 est

1 460 31 481 ue.
46 446 159 480 simile:
184 445 256 486 quia
280 445 364 477 Deus
388 454 448 477 non
483 449 624 487 acceptat
654 446 767 479 honam
793 448 986 481 voluntatem

45 498 93 531 vel
115 496 278 530 servitium
302 497 453 536 alicuius,
478 497 535 529 nisi
562 497 634 530 velit
658 498 707 530 vel
731 503 884 540 proponat
908 509 986 532 sem-

47 559 99 594 per
123 549 179 582 sibi
204 549 333 581 servire.

1945 269 2004 299 691

1142 347 1185 378 Ad
1219 347 1298 379 illud
1333 348 1416 390 quod
1452 349 1613 389 obiicitur,
1649 352 1733 393 quod
1771 353 1921 387 Dominus
1947 365 2006 387 non

1051 397 1160 430 debuit
1184 398 1365 438 instituere3
1390 401 1576 441 dicendum,
1601 404 1685 444 quod
1711 404 1740 436 in
1777 405 1873 438 huius
1905 407 2009 448 Sacra-

1052 451 1147 482 menti
1173 451 1365 485 institutIOne
1390 455 1489 496 magis
1513 457 1709 498 eonyraitas
1735 458 1764 489 in
1801 459 2005 500 significando

1051 506 1081 534 et
1105 504 1279 536 necessitas
1303 515 1397 547 quam
1422 507 1509 540 aliud
1534 509 1769 550 consideratur,
1794 515 1825 543 et
1850 512 1926 544 haec
1943 514 2007 544 exi-

1050 558 1145 596 gunt,
1171 556 1271 598 ipsum
1298 566 1366 590 esse
1392 564 1582 601 perpetuum
1599 562 1616 593 ¹.

899 678 1082 719 QUAESTIO
1107 680 1152 712 ιιι.

518 772 638 804 Utrum
662 782 839 805 consensus
862 775 1107 808 conditionatas
1130 776 1238 819 faciat
1264 781 1528 814 matrimonium.

126 896 228 928 Tertio
252 896 432 938 quaeritur,
459 900 564 928 utrum
597 906 767 930 consensus
799 899 987 931 conditiona-

41 954 89 983 tus
111 949 201 981 faciat
225 949 477 987 matrimonium,
502 954 552 981 ut:
577 950 695 991 accipio
720 953 749 982 te
774 951 804 982 in
830 960 942 991 meam,
960 952 984 984 si

41 1002 160 1035 dederis
184 1002 259 1033 mihi
284 1005 408 1034 centum
435 1002 540 1034 libras.
567 1003 601 1034 Et
624 1003 707 1044 quod
732 1003 793 1041 sic,
819 1003 960 1036 videtur:

127 1056 153 1086 I.
179 1054 233 1086 Per
265 1054 389 1086 simite.-
413 1055 487 1096 quia
523 1059 631 1087 votum
663 1056 908 1088 conditionatum
935 1066 985 1089 vo-

7 1121 31 1147 ,ro
41 1112 101 1141 tum
126 1111 184 1140 est:
203 1116 277 1148 ergo
301 1108 444 1140 similiter
462 1108 603 1147 videtur,
620 1109 704 1150 quod
729 1118 899 1142 consensus
916 1119 984 1142 con-

1 1143 203 1193 hr'ditionatus
228 1160 461 1191 matrimonium
487 1160 605 1192 faciat².

122 1214 150 1244 2.
176 1212 267 1251 item,
290 1212 405 1254 aliquis
429 1213 625 1245 consentiens
650 1214 679 1245 in
697 1214 835 1256 aliquam
861 1224 915 1256 spe
933 1224 983 1257 pe-

36 1265 140 1299 cuniae
176 1265 339 1297 habendae
372 1266 606 1298 matrimonium
641 1267 813 1299 contrahit:
850 1277 925 1309 ergo
956 1269 980 1300 si

36 1326 200 1351 consensus
232 1317 302 1350 talis
334 1318 483 1360 competit
519 1319 736 1358 matrimonio,
771 1329 846 1361 ergo
882 1320 981 1362 ipsius

35 1370 190 1412 expressio
216 1379 275 1402 non
300 1374 471 1412 repugnat:
490 1379 564 1412 ergo
588 1372 612 1403 si
640 1372 737 1404 dicat:
756 1374 929 1412 consentio,
955 1374 979 1406 si

35 1423 171 1461 dederiS,
196 1427 281 1464 patet
305 1427 362 1455 etc.

117 1475 144 1507 3.
169 1476 262 1514 Item,
287 1477 413 1518 quando
437 1477 551 1519 aliquis
586 1478 739 1519 promittit
774 1479 894 1521 aliquid
919 1480 979 1512 sub

33 1528 219 1566 conditione,
244 1528 268 1560 si
304 1531 364 1560 stet
398 1529 551 1568 conditio,
576 1533 636 1562 stat
671 1530 819 1572 obligatio
855 1535 885 1563 et
909 1541 979 1573 pro-

32 1581 150 1619 missi0;
174 1581 229 1613 sed
266 1581 411 1622 possibile
447 1586 510 1619 est,
536 1586 619 1615 stare
648 1584 875 1616 conditionem:
901 1594 977 1627 ergo

33 1637 60 1666 et
81 1642 264 1666 consensum
290 1638 320 1666 et
343 1634 563 1676 obligationem
588 1639 618 1667 et
643 1637 887 1669 matrimonium.

114 1685 256 1718 CONTRA:
285 1687 311 1718 1.
337 1687 409 1719 Plus
434 1696 467 1719 se
491 1688 608 1729 obligat
631 1689 684 1730 qui
720 1689 913 1731 simpliciter
938 1691 976 1723 de

6 1739 135 1771 ‹efuturo
157 1740 328 1781 promittit,
353 1749 446 1782 quam
473 1741 526 1782 qui
550 1741 610 1773 sub
635 1742 818 1774 conditione
841 1762 884 1766 ——
900 1752 972 1775 nam

33 1792 128 1834 prirna
152 1796 198 1825 est
221 1792 368 1834 obligatio
402 1793 615 1835 Simpliciter,
640 1795 779 1827 secunda
810 1805 885 1828 vero
909 1806 974 1828 non

32 1863 71 1868 —
92 1845 144 1877 sed
169 1854 340 1878 consensus
375 1855 431 1887 per
467 1847 564 1879 verba
599 1847 637 1879 cte
659 1846 777 1889 saturo
801 1857 975 1890 expressus

30 1906 85 1930 non
108 1897 179 1930 facit
204 1899 439 1931 matrimonium
454 1899 481 1931 ³³:
507 1908 582 1941 ergo
606 1903 663 1932 etc.

111 1952 139 1983 2.
164 1951 253 1990 Item,
270 1955 340 1993 post
372 1961 559 1985 consensum
590 1954 684 1985 istum
716 1957 771 1986 aut
795 1958 842 1987 est
865 1965 972 1993 amor,

30 2007 80 2036 aut
100 2014 173 2035 non.
209 2004 237 2036 Si
263 2014 371 2043 aa:or;
403 2006 457 2038 sed
492 2006 640 2048 possibile
674 2010 737 2046 est,
762 2008 970 2041 conditionem

30 2064 84 2088 non
108 2060 199 2094 stare,
232 2061 262 2089 et
286 2067 347 2089 non
372 2062 573 2091 consenserat
598 2060 656 2092 nisi
693 2060 753 2092 sub
777 2061 970 2094 conditione:

30 2116 97 2150 ergo
120 2113 166 2141 est
189 2119 272 2142 uxor
297 2111 363 2143 sine
398 2120 562 2144 consensu.
596 2112 656 2144 Sed
680 2122 745 2144 non
769 2117 814 2145 est
837 2114 969 2146 vturoi-4:

30 2169 97 2203 ergo
120 2162 189 2195 talis
212 2172 383 2195 consensus
409 2173 468 2196 non
493 2164 587 2197 efficit
613 2166 858 2198 matrimonium.

110 2214 138 2246 3.
162 2215 254 2254 Item,
272 2217 509 2249 matrimonium
526 2222 572 2250 est
590 2218 752 2251 vinculum
771 2220 858 2252 nullo
877 2220 969 2252 modo

30 2265 169 2306 solubile,
195 2269 249 2300 sed
274 2269 375 2301 omnis
399 2270 547 2311 obligatio
583 2271 630 2303 vel
657 2272 759 2313 pactio
783 2273 843 2305 sub
867 2274 970 2306 condi-

28 2317 103 2350 tione
125 2319 202 2351 facta
226 2324 272 2352 est
296 2321 454 2354 solubilis:
480 2331 555 2363 ergo
579 2327 635 2355 etc.

370 2419 608 2443 CONCLUSIO.

29 2492 200 2527 Consensas
223 2497 468 2529 eoittlitionatns
502 2509 677 2540 expressas
704 2510 765 2541 per
800 2501 900 2533 verba
929 2502 967 2533 tte

105 2546 219 2589 futuro
232 2559 296 2581 non
307 2548 393 2591 facit
408 2551 476 2582 nisi
486 2552 668 2593 sponsalia,
686 2557 739 2584 ast
755 2554 887 2585 omnino
900 2564 966 2586 non.

108 2600 205 2639 valet,
228 2603 260 2634 si
282 2603 423 2635 conditio
446 2604 483 2645 fit
497 2614 558 2645 per
580 2605 714 2637 modam
735 2615 874 2647 poenae,
899 2608 966 2640 sive

106 2657 141 2685 ut
156 2655 381 2688 determinatio
400 2661 591 2689 eontra-ctas
616 2657 786 2691 inhonesta
804 2664 833 2691 et
848 2665 965 2693 eontra

105 2705 323 2740 substanttam
349 2710 558 2742 matrimonii
566 2723 576 2748 ;
592 2711 624 2742 si
638 2715 748 2743 antem
771 2712 808 2753 stt
821 2723 881 2754 per
897 2724 965 2745 ver-

107 2756 146 2789 ba
162 2759 199 2790 de
210 2761 389 2801 praesenti,
407 2762 506 2794 etiam
521 2767 597 2794 tane
613 2773 678 2795 non
694 2763 778 2805 facit
794 2766 964 2798 matrimo-

104 2810 214 2850 nium,
238 2813 270 2844 si
291 2814 433 2846 conditio
457 2819 502 2846 est
526 2816 564 2847 tte
586 2815 704 2858 fntaro
732 2818 938 2860 contingyenti.

107 2898 302 2933 Responnso:
330 2902 519 2942 Dicendum,
545 2905 628 2945 quod
655 2914 825 2938 consensus
857 2908 963 2939 condi-

11 2946 178 2989 tionatas,
196 2953 219 2984 si
245 2953 297 2985 fiat
320 2963 375 2995 per
402 2956 496 2987 verba
521 2956 558 2987 tte
580 2955 714 2998 satin-o,
741 2959 894 2990 iudicari-‘1
912 2960 961 2991 ha-

1050 900 1110 940 bet,
1128 901 1208 934 sicut
1225 906 1254 934 et
1271 913 1447 937 consensus
1471 907 1509 938 (te
1531 906 1658 949 fataro.
1678 911 1762 944 Unde
1779 913 1859 945 sicut
1875 922 2000 947 consen·
2014 925 2122 945 Conclusio
2141 926 2157 945 1.

1049 962 1104 985 sus
1121 954 1160 986 de
1184 955 1292 988 futuro
1316 966 1377 989 non
1401 958 1473 990 facit
1497 961 1769 1002 matrimonium,
1795 966 1848 997 sed
1874 966 2005 1008 despon-

1047 1006 1206 1039 sationem
1232 1009 1297 1041 sive
1322 1011 1495 1051 sponsalia;
1512 1013 1555 1046 sic
1580 1024 1635 1047 nec
1661 1016 1730 1048 talis
1755 1026 1926 1051 consensus
1944 1021 2003 1052 sub

1048 1059 1238 1092 conditione.

1137 1113 1365 1147 Attendendum
1392 1120 1512 1156 tamen,
1537 1120 1621 1160 quod
1646 1122 1781 1154 conditio
1805 1127 1859 1155 aut
1876 1126 2002 1166 apponi·
2017 1135 2134 1157 nanneno.

1047 1167 1100 1196 tur
1119 1174 1180 1206 per
1204 1167 1338 1199 modam
1359 1178 1500 1210 poenae,
1525 1175 1580 1204 aut
1612 1177 1646 1205 ut
1674 1174 1903 1209 determinatio
1928 1188 1998 1209 eon-

1047 1221 1183 1249 tracta-5.
1210 1219 1239 1250 Si
1264 1229 1321 1261 per
1345 1222 1477 1254 modam
1498 1233 1641 1265 poenae,
1666 1227 1784 1260 nullius
1801 1232 1847 1260 est
1865 1230 1995 1271 vigoris,
2011 1240 2123 1262 Conclusio
2137 1243 2156 1263 2.

1046 1279 1103 1311 pro
1127 1279 1164 1302 eo
1187 1273 1270 1313 quod
1304 1274 1504 1308 matrimonia
1535 1277 1649 1310 dehent
1685 1288 1753 1312 esse
1779 1281 1886 1314 libera.
1912 1284 1997 1315 Unde

1046 1323 1166 1365 siquis
1202 1329 1367 1367 proponat:
1394 1329 1541 1369 promitto
1576 1333 1762 1365 contrahere
1798 1337 1901 1367 tecum
1938 1338 1998 1368 sub

1045 1385 1144 1416 poena
1161 1381 1286 1410 centum
1302 1388 1495 1420 marcarum,
1514 1383 1563 1415 vel
1581 1384 1604 1415 si
1623 1393 1683 1416 non
1702 1390 1900 1427 contraxere,
1919 1389 2000 1421 dabo

1045 1428 1100 1460 tibi
1125 1434 1268 1469 centumg
1294 1432 1386 1464 etiam
1413 1434 1437 1465 si
1462 1444 1522 1466 non
1548 1437 1722 1475 contrahat,
1741 1448 1800 1471 non
1826 1440 1918 1473 debet
1942 1451 1999 1473 neo

1045 1484 1169 1514 tenetur
1200 1484 1237 1515 ad
1277 1484 1361 1516 illam
1387 1495 1518 1527 poenam
1533 1489 1551 1519 ⁶.
1576 1507 1621 1512 —
1644 1490 1673 1521 Si
1698 1494 1803 1523 autem
1829 1495 1998 1534 apponitur

1043 1538 1078 1566 ut
1102 1535 1330 1569 determinatio
1355 1544 1545 1572 contractas
1569 1542 1635 1574 sive
1670 1553 1857 1585 consensus,
1887 1547 2128 1587 distin-Satanan.

1042 1589 1202 1628 guendum
1229 1594 1292 1622 est:
1317 1595 1372 1623 aut
1407 1593 1489 1625 enim
1526 1598 1572 1626 est
1604 1597 1740 1628 conditio
1765 1597 1917 1638 honesta,
1942 1606 1996 1633 aut
2053 1586 2103 1604 cm

1042 1639 1221 1673 inhonesta.
1247 1643 1275 1673 Si
1312 1647 1358 1676 est
1390 1643 1542 1684 ltonesta,
1568 1651 1668 1680 stante
1693 1651 1885 1691 conditione,
1912 1658 1994 1686 stant
2011 1662 2156 1684 conclusio&

1041 1694 1214 1734 sponsalia;
1240 1705 1300 1727 non
1326 1700 1441 1736 stante,
1467 1708 1527 1731 non
1552 1703 1651 1739 stant,
1678 1706 1713 1734 ut
1742 1704 1765 1735 si
1800 1705 1870 1746 quis
1895 1706 1995 1738 dicat:

1040 1747 1222 1779 contraham
1251 1751 1372 1787 tecum,
1397 1750 1419 1782 si
1445 1751 1600 1792 placuerit
1625 1755 1705 1794 patri
1732 1765 1817 1794 meo,
1844 1758 1892 1790 vel
1917 1759 1941 1790 si
1962 1764 1995 1791 tu

1042 1798 1179 1831 volueris
1210 1802 1349 1834 converti
1385 1803 1423 1835 ad
1450 1804 1554 1837 fidem.
1581 1825 1624 1829 —
1648 1807 1676 1839 Si
1702 1811 1807 1841 autem
1833 1814 1880 1842 est
1908 1810 1998 1843 inho-

1038 1855 1149 1889 nesta,
1175 1852 1296 1894 duplex
1321 1857 1380 1886 est:
1406 1860 1460 1887 aut
1484 1860 1531 1889 est
1554 1861 1663 1891 contra
1678 1860 1901 1894 substanttam
1925 1873 1992 1896 ma·
2007 1873 2083 1904 nepum
2100 1875 2148 1904 sui.-

1040 1903 1208 1943 trimonii,
1226 1910 1281 1938 aut
1303 1916 1378 1939 non.
1404 1909 1433 1940 Si
1458 1914 1566 1942 contra
1582 1911 1804 1945 snbstantiam
1823 1916 1991 1948 matrimo-
2007 1900 2150 1948 ιῑῗῖιῗῖιῗῖιῑὲοά.

1039 1957 1104 1995 nii,
1131 1961 1204 1991 tunc
1228 1959 1315 1991 nulla
1339 1965 1385 1994 est
1409 1963 1571 2004 obligatio,
1588 1968 1623 1997 ut
1639 1966 1663 1998 si
1682 1966 1781 1999 dicat:
1806 1971 1990 2002 contraham

1036 2013 1155 2050 tecum,
1180 2012 1204 2044 si
1241 2016 1463 2054 procuraveris
1499 2025 1618 2050 venena
1654 2020 1841 2060 sterilitatis,
1867 2023 1916 2055 vel
1941 2024 1993 2055 ali-

1036 2064 1120 2105 quod
1145 2065 1337 2099 huiusmodi.
1363 2069 1393 2100 Si
1417 2073 1522 2102 autem
1541 2075 1588 2103 est
1605 2072 1769 2105 inhonesta
1794 2078 1824 2107 et
1840 2085 1904 2107 non
1922 2086 1994 2108 eon-

1036 2119 1091 2148 tra
1113 2117 1336 2151 snbstantiam
1360 2122 1587 2161 matrimonii,
1605 2128 1640 2155 ut
1663 2125 1687 2156 si
1713 2125 1853 2159 dicatur:
1872 2132 1992 2161 contra·
2006 2138 2148 2159 Conclusio

1036 2169 1108 2201 ham
1127 2173 1230 2203 tecum
1242 2198 1249 2210 ,
1267 2173 1291 2204 si
1309 2173 1434 2206 furatus
1450 2175 1558 2214 fueris,
1576 2177 1625 2209 vel
1642 2178 1667 2209 si
1687 2178 1784 2211 Deum
1807 2180 1991 2219 offenderis;

1035 2222 1105 2254 talis
1130 2225 1265 2257 conditio
1289 2235 1347 2267 pro
1364 2236 1424 2259 non
1442 2228 1563 2261 adiecta
1587 2230 1732 2263 habenda
1749 2235 1803 2264 est.
1823 2253 1865 2257 —
1883 2234 1917 2266 Et
1934 2235 1991 2267 hoc

1034 2279 1133 2308 totum
1148 2278 1301 2318 probatur
1314 2288 1370 2320 per
1384 2279 1436 2311 illa
1449 2290 1529 2322 quae
1547 2282 1697 2315 dicuntur
1716 2285 1820 2324 Extra,
1835 2287 1864 2318 in
1879 2291 1991 2328 quarto

1033 2328 1114 2360 libro
1131 2330 1170 2362 de
1187 2330 1423 2364 Conditionibus
1439 2334 1590 2375 appositis
1607 2335 1636 2367 in
1655 2336 1893 2378 desponsatione
1906 2341 1925 2371 ⁷.

1121 2382 1149 2413 Si
1176 2387 1281 2415 autem
1306 2393 1477 2418 consensus
1494 2387 1548 2419 fiat
1565 2397 1621 2429 per
1639 2389 1735 2421 verba
1751 2390 1789 2422 cte
1804 2393 1987 2432 praesente}-
2003 2402 2145 2434 nemmem.

1032 2439 1086 2466 aut
1110 2436 1246 2468 conditio
1270 2441 1317 2469 est
1350 2439 1552 2479 praeterita,
1577 2445 1633 2473 aut
1654 2451 1831 2483 praesenS,
1857 2449 1911 2476 aut
1934 2444 1985 2487 fa-
2014 2431 2146 2477 ssilffn3{⁵‘¹¹¹‘

1032 2491 1122 2520 tara.
1145 2489 1174 2520 Si
1200 2490 1336 2522 conditio
1371 2495 1418 2523 est
1449 2493 1654 2533 praeterita,
1680 2499 1730 2526 ut:
1756 2497 1875 2538 accipio
1901 2502 1929 2530 te
1955 2499 1983 2530 in

1032 2549 1152 2579 meam,
1177 2542 1200 2573 si
1228 2547 1373 2575 mortuus
1397 2548 1443 2576 est
1460 2549 1548 2586 pater
1566 2550 1654 2584 tuus;
1680 2547 1728 2580 vel
1753 2548 1791 2580 (te
1804 2552 1984 2590 praesenti,

1031 2596 1081 2624 ut:
1107 2594 1225 2635 accipio
1250 2599 1278 2627 te
1302 2595 1332 2627 in
1359 2605 1478 2635 meam,
1503 2598 1528 2629 si
1553 2607 1586 2630 es
1618 2599 1723 2641 virg03
1748 2605 1847 2635 stante
1882 2604 2135 2636 condi-Conciusioss

1030 2645 1129 2684 tione,
1155 2650 1215 2678 stat
1240 2648 1486 2681 matrimonium.
1511 2651 1540 2682 Si
1576 2656 1680 2684 autem
1718 2654 1853 2686 conditio
1877 2660 1923 2688 est
1947 2657 1984 2688 (te
1998 2667 2118 2697 simei-sun-

1030 2696 1166 2739 szttnro;
1189 2704 1244 2731 aut
1268 2700 1364 2732 futuri
1390 2704 1589 2741 necessarii,
1614 2709 1669 2736 aut
1686 2705 1782 2738 futuri
1802 2709 1984 2751 contingen·
2040 2697 2090 2715 Μ’

1031 2749 1080 2781 tis.
1106 2751 1135 2782 Si
1169 2751 1266 2784 futuri
1303 2755 1500 2793 necessarii,
1526 2759 1576 2788 ut:
1603 2758 1721 2799 accipio
1750 2763 1780 2791 te
1806 2760 1834 2791 in
1862 2770 1982 2799 meam,

1029 2803 1052 2835 si
1080 2804 1124 2835 sol
1149 2805 1270 2837 oriatur
1294 2815 1378 2845 cras3
1405 2812 1477 2840 tunc
1495 2812 1542 2840 est
1559 2810 1804 2844 matrimonium.
1823 2813 1851 2845 Si
1873 2818 1979 2846 autem
1996 2825 2105 2847 Conclusio
2120 2827 2137 2847 7.

1029 2857 1164 2888 conditio
1189 2862 1235 2889 est
1260 2859 1465 2901 continyens,
1493 2861 1580 2898 dico,
1605 2863 1688 2903 quod
1720 2873 1780 2896 non
1806 2870 1853 2898 est
1878 2869 1981 2899 matri-
2010 2853 2064 2873 Μ

1029 2910 1167 2941 monium
1180 2935 1187 2948 ,
1206 2919 1242 2942 eo
1266 2912 1349 2952 quod
1368 2922 1544 2945 consensus
1562 2916 1676 2956 pendet
1693 2917 1731 2949 de
1754 2918 1875 2954 futuro.
1902 2921 1981 2952 sicut

1027 2965 1056 2993 et
1088 2963 1253 3000 conditio:
1285 2968 1315 2996 et
1349 2965 1417 2996 ideo
1451 2966 1652 3000 iudicandum
1691 2974 1737 3001 est
1774 2974 1865 3008 tunc,
1902 2973 1982 3005 sieut

89 3103 95 3119 ¹
117 3105 180 3131 Vide
198 3109 311 3133 scholion
332 3110 364 3135 ad
386 3112 583 3141 praecedentem
605 3116 702 3145 qiiuost.

87 3147 97 3163 '2
114 3149 180 3175 Multi
209 3152 285 3177 codd.
314 3154 518 3180 matrimonium
547 3155 593 3187 sit,
625 3157 682 3182 rod.
715 3159 735 3182 l(
764 3159 786 3188 (l
812 3166 824 3183 a
852 3161 965 3185 secunda

20 3190 104 3222 manu)
123 3196 147 3218 et
165 3194 206 3219 ed.
225 3196 229 3219 l
245 3196 279 3221 sit
297 3203 453 3230 consensus,
476 3200 516 3224 cui
532 3200 588 3225 Vnt.
604 3200 687 3225 addit:
707 3203 731 3226 et
743 3209 791 3234 per
803 3209 964 3237 consequens

19 3233 213 3262 matrimonium
230 3238 314 3272 efficit.

85 3276 95 3293 ³
114 3279 144 3303 Ut
161 3285 291 3307 ostensum
311 3288 350 3309 est
369 3292 447 3316 supra
470 3294 493 3318 q.
520 3287 537 3311 Ι.

86 3320 95 3336 ⁴
115 3321 176 3348 Cod.
195 3332 222 3348 aa
243 3328 345 3358 supplet
364 3328 420 3354 sine
440 3336 586 3362 consensit,
609 3332 665 3356 cod.
693 3333 712 3356 T
742 3333 871 3359 substituit
897 3342 960 3368 erqo

21 3369 70 3389 non
89 3372 136 3396 pro
154 3367 198 3393 sect
216 3376 275 3395 non.

1098 3119 1109 3134 ⁵
1129 3119 1181 3144 Non
1203 3122 1277 3150 pauci
1297 3121 1373 3145 codd.
1394 3126 1418 3147 ct
1437 3122 1477 3147 ed.
1503 3123 1508 3146 l
1533 3122 1669 3149 indiciam.

1098 3163 1108 3179 ⁶
1128 3163 1357 3190 Cs1·.‹3.Gemma
1382 3166 1463 3197 (M),
1493 3167 1524 3191 X.
1554 3168 1586 3192 de
1615 3169 1784 3200 Sponsalibus
1812 3175 1837 3196 ot
1867 3174 1978 3198 matrim.

1028 3206 1081 3237 (lib.
1103 3207 1142 3230 IV.
1164 3208 1198 3231 tit.
1224 3208 1272 3238 1.);
1295 3209 1436 3240 iustiniani„
1457 3210 1483 3235 C.
1506 3211 1535 3236 V.
1555 3211 1587 3236 de
1608 3213 1776 3243 Sponsalibus
1796 3219 1843 3240 etc.
1865 3217 1910 3247 (iit.
1937 3218 1975 3248 1.),

1028 3251 1065 3275 lex
1086 3250 1184 3276 Mulier
1202 3251 1271 3276 ‘iaris
1290 3252 1334 3277 sai
1352 3253 1415 3285 (5.),
1438 3255 1461 3278 in
1482 3254 1544 3286 Iino,
1565 3259 1589 3280 ot
1610 3256 1669 3281 VIII.
1690 3257 1722 3282 de
1742 3258 1875 3284 inutilibus
1894 3261 1979 3292 Stipu-

1027 3294 1163 3319 lationibus
1183 3295 1228 3326 (tit.
1250 3296 1316 3327 39.),
1338 3297 1374 3321 lox
1394 3296 1490 3323 Libera
1510 3299 1682 3326 matr-inmuta
1702 3302 1757 3334 (2.).

1096 3337 1105 3353 7
1126 3338 1174 3363 Tit.
1195 3339 1218 3363 5.
1239 3346 1260 3364 c.
1286 3340 1334 3365 1-7.
1354 3354 1388 3359 —
1408 3342 1462 3366 Mox
1490 3346 1546 3373 post
1569 3345 1617 3369 aut
1641 3344 1754 3371 conditio
1779 3347 1837 3372 cod.
1864 3348 1883 3372 T
1905 3350 1976 3374 addit

1025 3381 1153 3414 apposita.
