2483 3882
457 245 523 277 560

783 439 1277 496 COMMENTARIUS
1321 439 1391 493 IN
1435 437 1928 493 DISTINOTIONEM
1970 437 2103 491 XXI.

844 656 895 692 De
924 654 1135 692 consessione
1165 653 1402 691 sacramentali
1431 653 1546 704 quoad
1575 652 1753 689 utilitatem
1782 665 1803 689 a
1830 658 1926 702 parte
1954 651 2044 689 finis.

919 761 999 793 Post
1016 759 1095 792 lutee
1111 759 1389 792 considera-udum
1406 763 1462 797 est,
1480 763 1595 791 utrum
1610 758 1717 800 prosu
1733 756 1893 800 confessio
1911 761 1968 790 eto.

1217 237 1500 270 SENTENTIARUM
1524 237 1591 269 LIB.
1617 237 1664 269 lv.

1376 556 1457 588 PARS
1481 556 1513 587 ΙΙ.

1091 882 1216 905 TEXTUM
1240 881 1386 904 MAfflSTm
1409 881 1480 904 vinu
1504 880 1605 903 SUPRA
1628 879 1700 902 PAG.
1726 871 1799 902 545.

1286 982 1424 1016 DIVISIO
1449 982 1604 1014 TEXTUS.

549 1084 650 1125 Supra
677 1083 740 1124 egit
770 1083 916 1124 Magister
940 1082 979 1115 de
1003 1081 1205 1114 confessionis
1229 1081 1412 1113 necessitate

459 1146 478 1169 a
501 1140 590 1179 parte
614 1136 790 1169 confitentis
813 1139 843 1168 et
864 1138 1015 1177 potestate
1032 1144 1050 1166 a
1067 1138 1155 1176 parte
1171 1133 1362 1166 absolventis
1383 1136 1414 1166 et

460 1189 693 1232 opportunitate
717 1198 736 1221 a
758 1191 848 1230 parte
873 1187 1044 1229 temporis3
1066 1187 1116 1219 hic
1133 1187 1196 1228 agit
1218 1187 1257 1219 de
1280 1186 1414 1219 utilitate

461 1251 478 1274 a
503 1245 592 1283 parte
616 1241 708 1279 finis;
733 1244 763 1273 et
787 1240 881 1272 habet
914 1240 991 1272 haec
1024 1248 1097 1280 pars
1126 1239 1215 1271 duas.
1248 1238 1279 1270 In
1313 1238 1415 1280 prima

460 1294 613 1333 ostendit,
637 1303 719 1335 quae
744 1293 896 1326 confessio
921 1292 960 1325 sit
984 1292 1088 1329 utilis,
1113 1291 1231 1324 scilicet
1263 1291 1414 1324 confessio

461 1356 537 1379 vera
561 1351 590 1379 et
614 1346 753 1378 humilis.
780 1346 811 1377 ln
836 1345 975 1378 secunda
996 1345 1149 1384 ostendit,
1174 1348 1328 1386 quantum
1346 1354 1415 1377 con-

460 1399 603 1432 sessionis
635 1402 834 1440 contemptus
865 1398 962 1437 obsit,
988 1397 1106 1429 insra¹z
1134 1397 1278 1440 Cumque
1301 1397 1416 1429 multis

462 1452 719 1486 auctoritatibus
743 1461 851 1493 supra
874 1451 919 1483 sit
941 1455 1117 1483 assertum.

550 1506 652 1537 Prima
687 1505 718 1537 in
752 1505 831 1538 duas
867 1504 1028 1537 dividitur.
1065 1504 1096 1536 ln
1132 1504 1235 1546 prima
1264 1503 1416 1542 ostendit,

461 1567 543 1600 quae
567 1561 641 1591 sunt
663 1557 854 1590 attendenda
878 1557 908 1588 in
930 1556 1123 1589 confessione
1146 1565 1187 1589 ex
1212 1560 1302 1598 parte
1326 1555 1418 1588 confi-

460 1611 564 1644 tentis.
588 1611 621 1642 In
645 1610 801 1650 secunda,
825 1619 865 1642 ex
891 1613 980 1651 parte
1003 1609 1178 1649 audientis,
1202 1609 1264 1641 ibi:
1297 1609 1418 1641 Caveat

1479 1085 1589 1112 autem
1613 1079 1769 1111 sacerdos
1797 1082 1854 1112 etc.
1886 1079 1990 1111 Prima
2012 1088 2085 1121 pars
2117 1079 2197 1112 duas
2229 1081 2372 1113 continet.
2396 1082 2427 1115 In

1478 1133 1580 1174 prima
1601 1132 1752 1170 ostendit,
1777 1131 1861 1173 quod
1886 1132 2037 1164 confessio
2062 1141 2121 1164 non
2147 1132 2239 1165 debet
2260 1142 2327 1166 esse
2344 1134 2429 1168 dimi-

1479 1189 1564 1217 nuta.
1589 1185 1621 1216 ln
1646 1184 1801 1222 secunda,
1834 1184 1917 1225 quod
1950 1193 2011 1216 non
2036 1184 2129 1217 debet
2157 1194 2225 1218 esse
2253 1186 2428 1228 superflua,

1479 1238 1538 1269 ibi:
1565 1237 1658 1269 Sicut
1681 1241 1792 1268 autem
1812 1237 1979 1278 poenitens
2003 1237 2109 1269 celare
2132 1247 2197 1269 uon
2221 1238 2309 1270 debet
2331 1243 2388 1272 etc.

1568 1290 1716 1322 Similiter
1741 1289 1896 1328 secunda,
1921 1290 1951 1322 in
1977 1299 2040 1331 qua
2064 1290 2252 1323 determinat
2275 1300 2317 1324 ex
2340 1296 2427 1334 parte

1480 1343 1669 1382 sacerdotis,
1693 1343 1768 1384 quid
1794 1342 2027 1378 observandum
2052 1343 2108 1381 sit,
2126 1343 2189 1376 duo
2207 1344 2352 1377 continet.
2370 1345 2428 1378 Pri-

1480 1406 1568 1429 mum
1586 1400 1649 1435 est,
1666 1399 1701 1428 ut
1718 1404 1797 1437 pure
1814 1398 1917 1428 teneat
1930 1400 2089 1440 secretum
2144 1397 2323 1429 Secundum
2341 1407 2429 1439 vero,

1480 1454 1515 1482 ut
1532 1459 1591 1481 non
1609 1449 1751 1481 absolvat
1774 1448 1905 1480 alterius
1922 1449 2148 1490 parochianum
2160 1475 2167 1488 ,
2184 1453 2214 1481 et
2231 1450 2290 1482 hoc
2307 1450 2349 1483 ibi
2370 1454 2431 1483 tan-

1481 1503 1584 1544 gitur:
1612 1502 1705 1541 Quod
1736 1511 1811 1533 vero
1844 1501 1968 1533 <lictum
2000 1507 2054 1533 est.
2081 1502 2115 1533 Et
2144 1502 2186 1534 ita
2217 1503 2430 1545 principaliter

1481 1555 1544 1587 duo
1577 1557 1766 1595 tanguntur,
1796 1554 1971 1586 secundum
2003 1555 2088 1596 quod
2121 1555 2272 1588 confessio
2304 1556 2430 1599 integra

1482 1608 1574 1640 debet
1598 1616 1666 1640 esse
1690 1610 1721 1639 et
1743 1611 1877 1639 secretu.

1195 1733 1404 1766 TRACTATIO
1432 1732 1706 1774 QUAESTIONUM.

551 1847 596 1879 Ad
606 1846 842 1888 intelligentiam
854 1846 949 1878 huius
959 1846 1056 1888 partis
1066 1845 1241 1878 secundum
1253 1845 1326 1883 duo,
1336 1853 1418 1886 quae

463 1903 637 1942 tanguntur
653 1900 683 1932 in
702 1900 818 1938 littera,
837 1899 900 1932 duo
916 1898 1133 1942 principaliter
1151 1902 1358 1940 quaeruntur.

552 1952 655 1984 Primo
691 1952 855 1994 quaeritur
891 1952 929 1985 de
965 1951 1157 1984 confessione
1193 1954 1348 1993 quantum
1377 1950 1417 1983 ad

463 2005 605 2038 modum.
1228 1996 1230 1998 ’

554 2059 697 2092 Secundo
722 2067 797 2091 vero
814 2058 978 2100 quaeritur
995 2058 1034 2090 de
1051 2057 1244 2090 confessione
1261 2060 1415 2098 quantum

464 2113 504 2145 ad
529 2112 678 2154 sigillum.

1448 1846 1452 1920 i

1449 2033 1453 2150 l

1572 1844 1660 1876 Circa
1684 1843 1822 1885 primum
1849 1847 2050 1885 quaeruntur
2076 1844 2145 1876 tria.

1570 1897 1673 1928 Primo
1697 1896 1878 1938 quaeritur,
1912 1900 2020 1929 utrum
2053 1896 2144 1929 liceat
2175 1897 2303 1940 aliquod
2332 1907 2433 1940 pecca-

1483 1953 1549 1982 tum
1574 1949 1604 1981 in
1630 1949 1822 1982 confessione
1847 1949 2005 1982 dimittere
2017 1950 2036 1981 ³.

1571 2002 1731 2041 Secundo,
1756 2006 1865 2034 utrum
1890 2002 1981 2035 liceat
2005 2003 2132 2035 addere.

1572 2055 1693 2094 Tertio,
1718 2058 1826 2087 utrum
1852 2055 1942 2087 liceat
1966 2055 2067 2087 aliena
2091 2059 2218 2097 peccata
2242 2056 2371 2089 referre.

1290 2220 1554 2259 ARTICULUS
1584 2221 1610 2257 I.

1165 2310 1210 2342 De
1234 2308 1435 2352 confessione
1459 2309 1570 2352 quo'ctd
1593 2309 1738 2341 modum.

1337 2421 1520 2462 Qulxsssrio
1544 2421 1564 2452 i„

926 2507 1043 2539 Utrum
1067 2507 1162 2539 liceat
1185 2506 1321 2549 aliquod
1342 2509 1513 2548 peecatum
1539 2505 1573 2536 iu
1599 2503 1801 2547 confessione
1825 2504 1981 2536 omittere.

556 2608 715 2648 Quantum
740 2606 780 2638 ad
803 2606 943 2648 primum
968 2605 1162 2644 ostenditur,
1191 2604 1277 2646 quod
1301 2613 1362 2636 non
1388 2603 1422 2635 li-

469 2664 537 2694 ceat
560 2661 599 2693 de
624 2659 808 2692 confitendis
833 2659 1009 2691 dimittere:

560 2715 586 2745 1.
612 2713 715 2745 Primo
739 2712 937 2745 (tuclort'tute
961 2711 1121 2753 Augustini
1150 2711 1180 2743 in
1199 2711 1279 2743 libro
1297 2711 1336 2743 de
1352 2710 1423 2742 Poe-

309 2765 636 2803 fundamenia.nitentia⁴:
667 2765 829 2804 «Caveat,
855 2774 909 2803 ne,
934 2764 1125 2797 verecundia
1150 2764 1283 2802 ductus,
1301 2763 1422 2795 dividat

470 2818 554 2860 apud
579 2827 612 2850 se
637 2818 881 2855 consessionem,
905 2821 940 2849 ut
964 2817 1090 2849 diversa
1115 2816 1249 2848 diversis
1268 2816 1342 2848 velit
1360 2824 1422 2847 ma-

470 2871 638 2910 nifestare3
663 2870 747 2911 quod
772 2873 818 2902 est
841 2878 874 2902 se
899 2869 1030 2901 laudare
1047 2873 1077 2901 et
1094 2869 1133 2901 ad
1152 2868 1342 2909 hypocrisim
1361 2872 1423 2900 ten-

471 2925 547 2957 dere
571 2926 601 2956 et
625 2932 749 2964 semper
772 2923 864 2955 venia
888 2931 1014 2961 carere,
1038 2922 1078 2954 ad
1107 2930 1201 2963 quam
1234 2930 1290 2963 per
1322 2921 1423 2953 frusta

469 2980 576 3019 sperat
599 2976 812 3019 pervenire».

559 3031 588 3062 Ξ.
613 3029 706 3068 ltem,
731 3028 860 3060 ratione
884 3028 1060 3060 ostenditur
1084 3027 1137 3059 sic.
1163 3025 1321 3058 Confessio
1342 3025 1423 3057 ordi-

542 3206 550 3223 1
572 3207 632 3232 Dist.
652 3207 729 3232 xxii.
743 3220 778 3225 -
791 3206 872 3232 Codd.
893 3205 936 3231 z'bz'.

541 3250 551 3266 ‘³
570 3251 634 3276 Edd.
654 3252 684 3276 ut
703 3250 823 3284 confessa
842 3251 929 3275 tenent
946 3250 1050 3276 secrete.
1081 3249 1187 3274 inferius
1207 3256 1254 3280 pro
1274 3247 1422 3274 secundum

473 3292 543 3325 quod
572 3293 658 3325 (codd.
678 3295 798 3319 omittunt
825 3293 859 3318 ibi
889 3292 1026 3326 confessio)
1048 3292 1107 3318 edd.
1127 3299 1188 3318 cum
1214 3299 1266 3317 uno
1290 3292 1422 3324 alteroque

473 3336 529 3361 cod.
549 3335 647 3362 scilicet
665 3336 742 3369 quod.

541 3379 553 3396 3
572 3379 635 3405 Edd.
656 3381 695 3405 hic
714 3384 738 3405 et
757 3381 821 3405 insi-a
841 3381 865 3405 in
886 3381 939 3412 ipsa
960 3381 1109 3413 quaestione
1129 3380 1255 3406 omittere.

1451 3202 1456 3412 ἱ

1486 2607 1579 2635 natur
1604 2603 1641 2635 ad
1668 2603 1784 2644 peccati
1810 2602 2040 2644 cognitione1n;
2070 2603 2125 2635 sed
2158 2612 2321 2645 nunquam
2352 2611 2432 2635 reco-

1486 2656 1606 2697 gnoscit
1636 2655 1865 2697 aegritudinem
1898 2654 2089 2687 sufficienter
2121 2655 2175 2697 qui
2204 2655 2305 2688 solum
2330 2664 2434 2697 pecca-

1487 2713 1553 2741 tum
1579 2718 1679 2741 unum
1704 2708 1806 2747 novit,
1832 2717 1904 2740 cum
1929 2708 2023 2740 homo
2048 2708 2156 2741 multis
2181 2712 2337 2750 aegrotet,
2355 2708 2432 2740 sicut

1487 2765 1571 2803 patet
1595 2762 1625 2793 in
1651 2761 1833 2793 medicinis:
1859 2770 1933 2802 ergo
1961 2770 2022 2792 non
2055 2761 2246 2793 sufficienter
2270 2764 2428 2803 peccatum

1487 2815 1603 2856 detegit
1631 2814 1683 2856 qui
1714 2823 1774 2846 non
1806 2813 1880 2846 dicit
1904 2814 1959 2845 uni
1984 2814 2137 2846 sacerdoti
2162 2814 2267 2845 omnia
2290 2815 2430 2855 peccata,

1487 2876 1567 2908 quae
1591 2866 1756 2899 commisit.

1576 2919 1605 2951 3.
1630 2920 1722 2957 Item,
1747 2919 1898 2951 consessio
1930 2922 1977 2951 est
2008 2919 2047 2951 ad
2073 2919 2245 2960 peccatoris
2269 2917 2433 2951 accusatio-

1487 2981 1579 3011 nem3
1604 2972 1659 3004 sed
1683 2981 1755 3004 cuin
1780 2975 1924 3013 peccator
1949 2981 1981 3004 se
2007 2975 2135 3004 accusat
2152 2972 2191 3004 de
2215 2971 2316 3003 tribus
2332 2978 2433 3012 pecca-

1487 3024 1526 3057 tis
1550 3028 1580 3057 et
1604 3024 1675 3057 fecit
1699 3025 1825 3063 decem,
1861 3025 1920 3057 hoc
1944 3024 2012 3066 ipso
2038 3024 2214 3066 praetendit
2231 3024 2241 3038 ⁵
2267 3022 2434 3060 sacerdoti,

1557 3203 1566 3219 ⁴¹
1586 3204 1686 3228 Scilicet
1704 3203 1737 3228 de
1757 3203 1824 3228 Vera
1844 3205 1868 3227 et
1882 3202 1942 3227 salsa
1957 3202 2111 3227 Poenitentia
2127 3202 2202 3233 (inter
2216 3207 2293 3232 opera
2308 3197 2432 3230 August),

1487 3254 1509 3272 e.
1533 3247 1573 3272 t5
1595 3254 1618 3272 n.
1639 3247 1686 3272 31:
1706 3246 1802 3272 Cautus
1830 3247 1861 3271 sit
1889 3247 2036 3278 poenitens,
2066 3252 2097 3270 ne
2117 3248 2164 3271 etc.
2184 3244 2277 3277 (textus
2305 3241 2433 3274 originalis

1487 3294 1545 3322 post
1563 3289 1735 3323 manifestare
1754 3291 1828 3322 plura
1847 3289 1930 3322 addit;
1950 3290 1994 3315 cfr.
2015 3296 2094 3321 supra
2120 3289 2154 3314 lit.
2175 3288 2300 3320 Magistri,
2320 3286 2344 3312 d.
2364 3284 2431 3310 XVl.

1487 3342 1508 3360 c.
1529 3336 1552 3360 2.
1573 3336 1598 3360 in
1618 3335 1686 3367 fine).

1557 3378 1568 3395 5
1587 3378 1649 3404 Cod.
1669 3386 1699 3403 aa
1719 3377 1836 3404 ostendit.
