2483 3882
188 408 222 429 Ad
238 407 321 434 opposi-

226 436 278 455 tum.

331 262 372 293 7²2

420 348 478 378 San
495 355 634 379 coxTnA:
658 347 683 377 l.
701 345 883 377 Ambrosius
907 345 981 377 dicit
1005 345 1035 376 in
1059 345 1140 377 libro
1162 345 1201 377 de
1219 345 1282 377 Tri—

333 401 446 439 nitate,
470 404 501 432 et
524 399 659 431 habetur
692 397 721 429 in
754 398 903 429 littera¹:
935 397 996 429 «Si
1028 407 1128 430 unum
1158 398 1188 430 in
1221 407 1283 430 ser-

334 461 425 484 mone
450 451 714 492 comprehendas,
730 450 780 483 vel
798 450 919 482 Patrem
944 450 994 482 vel
1018 450 1129 482 Filium
1153 450 1203 482 vel
1220 450 1284 492 Spi-

332 505 427 536 ritum
453 507 612 541 sanctum,
637 502 698 535 fide
723 505 829 535 autem
858 511 915 534 nec
943 503 1064 535 Patrem
1090 511 1146 535 nec
1170 502 1281 534 Filium

331 565 388 589 nec
412 556 561 597 Spiritum
588 559 730 587 sanctum
755 555 912 596 abneges3
936 555 1065 596 plenum
1082 558 1127 587 est
1144 554 1215 587 fidei
1234 555 1283 586 Sa-

331 612 528 641 cramentum
545 619 574 639 »z
600 616 674 649 ergo
700 607 842 646 videtur,
871 607 955 649 quod
987 616 1048 639 non
1081 611 1127 639 est
1157 615 1282 639 necesse

331 661 512 702 exprimere
536 664 632 692 totam
657 660 838 692 Trinitatem
855 686 862 698 ,
886 660 941 692 sed
965 660 1103 692 credere.

420 715 448 745 2.
474 713 566 751 Item,
591 712 719 744 ratione
743 712 885 744 videtur:
904 712 978 754 quia
995 721 1059 744 una
1075 715 1122 744 est
1145 714 1282 753 potestas

332 770 361 798 et
385 766 524 807 operatio
550 764 754 797 Trinitatis²z
780 773 854 806 ergo
886 765 969 806 quod
1002 768 1151 805 operatur
1175 764 1282 802 Pater,

331 822 361 851 et
385 822 449 850 tota
473 819 627 850 Trinitas:
658 827 732 859 ergo
757 818 781 850 si
807 818 950 850 dicatur:
976 818 1099 859 baptizo
1124 822 1153 849 te
1178 817 1207 848 in
1232 825 1284 848 uos

330 872 415 903 mine
446 871 563 910 Patris,
595 871 791 903 tantumdem
824 871 924 910 valet,
948 880 983 903 ac
1008 871 1031 902 si
1059 874 1121 902 tota
1146 870 1281 901 Trinitas

331 924 540 966 exprimatur.

423 976 451 1008 3.
476 977 572 1015 Item,
598 976 729 1017 Apostoli
756 976 786 1007 in
812 976 971 1017 primitiva
990 975 1124 1007 Ecclesia
1148 974 1282 1015 baptiza-

331 1032 447 1061 verunt
470 1028 505 1060 in
528 1029 658 1060 nominc.
684 1027 808 1060 Clu-isti
820 1028 854 1059 ².-
879 1037 953 1069 ergo
975 1028 999 1059 si
1024 1027 1111 1059 nullo
1134 1026 1227 1058 modo
1252 1025 1284 1057 li-

331 1081 395 1113 cuit
419 1081 463 1112 eis
488 1085 610 1112 mutare
636 1081 768 1112 formam
793 1090 811 1112 a
837 1080 967 1111 Domino
993 1079 1185 1117 institutam,
1208 1086 1282 1119 ergo

331 1134 390 1166 ista
426 1134 526 1166 forma
561 1142 622 1165 non
656 1133 847 1165 discordabit
878 1133 917 1164 ab
942 1132 1114 1173 illarergo
1139 1131 1282 1168 videtur,

282 1222 285 1223 ⁷
332 1186 415 1227 quod
441 1186 576 1218 sufficiat
599 1186 729 1218 alteram
752 1194 958 1227 personarum
976 1184 1165 1225 exprimere.
1185 1183 1222 1215 St
1238 1183 1283 1214 ιίί-

221 2342 276 2363 alodi

332 1248 407 1276 σας,
433 1239 517 1280 quod
545 1247 606 1270 non
631 1242 772 1270 mutatur
796 1238 941 1279 propria,
967 1237 1021 1269 sed
1051 1236 1156 1268 divina
1180 1238 1283 1267 aucto-

331 1291 443 1329 ritate,
473 1295 547 1322 tunc
571 1299 645 1331 ergo
669 1290 775 1322 divina
799 1290 968 1321 auctoritas
993 1288 1124 1321 contulit
1148 1288 1211 1320 vim
1237 1287 1281 1318 illi

330 1344 466 1376 nomini:
492 1352 566 1384 ergo
590 1343 614 1374 si
640 1343 724 1384 quod
741 1343 825 1374 Deus
850 1342 997 1379 contulit,
1023 1341 1101 1373 illud
1119 1341 1212 1372 homo
1230 1349 1282 1371 au-

330 1396 411 1428 ferre
436 1404 497 1426 non
521 1398 638 1436 potest,
663 1394 767 1426 adhuc
791 1397 892 1435 potest
924 1393 1076 1435 baptizari
1100 1393 1132 1424 in
1156 1392 1281 1424 nomine

329 1447 453 1479 Christi.
478 1447 516 1478 δι’
539 1446 650 1484 dieas,
677 1446 762 1488 quod
779 1455 840 1478 non
864 1447 923 1478 fuit
947 1446 1059 1479 collata
1081 1445 1205 1478 virtus‘¹
1222 1444 1280 1477 nisi

328 1500 368 1532 ad
393 1503 539 1541 tempus,
563 1508 709 1542 quaero:
734 1508 832 1540 quare
857 1499 957 1540 magis
981 1498 1093 1531 collata
1117 1501 1163 1530 est
1180 1498 1281 1530 virtus

329 1552 512 1593 simpliciter
547 1552 664 1584 nomini
702 1553 798 1584 totius
834 1551 992 1583 Trinitatis
1028 1560 1122 1592 quam
1162 1549 1279 1582 nomini

328 1605 471 1637 Christi?
496 1606 535 1636 Et
557 1614 700 1636 morsus:
726 1613 824 1646 quare
848 1605 947 1646 magis
972 1603 1083 1636 collata
1108 1607 1155 1635 est
1179 1603 1280 1635 virtus

328 1657 444 1688 nomini
462 1657 575 1689 Christi
592 1666 650 1698 pro
667 1657 719 1688 illo
736 1660 878 1699 tempore
902 1657 1071 1698 quam'pro
1088 1658 1220 1688 nostro?
1237 1673 1280 1678 —-

329 1710 362 1741 Et
386 1710 470 1751 quod
495 1709 679 1751 simpliciter
696 1709 827 1748 habeat,
844 1710 990 1742 videtur:
1009 1709 1083 1751 quia
1104 1709 1280 1750 baptismus

327 1762 475 1794 virtutem
509 1762 602 1794 habet
634 1771 652 1794 a
683 1762 845 1803 passione,
875 1771 952 1803 ergo
984 1765 1014 1794 et
1038 1771 1055 1794 a
1079 1762 1142 1794 fide
1165 1762 1280 1803 passio-

327 1815 374 1847 nis
386 1815 416 1846 ὃς
442 1824 516 1856 ergo
541 1815 566 1847 si
584 1815 744 1854 Christus,
762 1824 822 1847 non
840 1818 904 1847 tota
925 1815 1077 1854 Trinitas,
1094 1815 1153 1847 fuit
1170 1824 1279 1857 passa,

327 1868 431 1909 potius
463 1867 556 1900 dehet
580 1867 657 1900 dici:
682 1868 713 1899 in
737 1868 863 1900 nomine
886 1867 1018 1905 Christi,
1044 1877 1156 1909 quam:
1182 1868 1278 1900 totius

329 1920 495 1952 Trinitatis.

680 2035 919 2058 CONCLL'SIO.

438 2130 614 2171 Expressio
641 2130 781 2162 verbalis
806 2130 904 2162 totius
936 2130 1110 2162 'striiti'tcttz‘s
1135 2131 1170 2162 z'it

578 2183 738 2225 bapti'siito
762 2188 808 2215 est
831 2184 1028 2215 necessaria.

416 2288 617 2326 RESPONDEOt
642 2288 835 2326 Dicendum,
868 2288 952 2330 quod
985 2288 1093 2320 notitia
1118 2288 1278 2320 Trinitatis

294 2346 309 2367 ἰ-
327 2340 391 2371 sive
416 2340 584 2372 nominatio
607 2344 709 2382 potest
733 2350 801 2373 esse
826 2341 856 2372 in
882 2341 1037 2382 baptismo
1062 2344 1198 2382 quatuor
1215 2350 1278 2373 mo-

326 2393 393 2425 dis:
420 2397 474 2425 aut
498 2394 556 2432 ita,
581 2394 665 2435 quod
691 2395 730 2426 sit
750 2394 848 2435 plena
874 2395 903 2426 in
930 2394 1024 2426 corde
1048 2397 1079 2426 et
1102 2394 1133 2425 in
1158 2403 1221 2432 ore,
1248 2398 1277 2426 et

323 2448 396 2477 tunc
420 2445 593 2478 secundum
612 2455 720 2478 omnes
739 2446 867 2488 plenum
885 2450 931 2478 est
949 2446 1205 2485 Sacramentum3
1222 2450 1277 2478 aut

323 2498 381 2537 ita,
399 2499 482 2540 quod
500 2499 539 2531 sit
554 2499 733 2540 semiplena
750 2499 781 2531 in
799 2499 894 2531 corde
911 2502 941 2531 et
959 2499 989 2531 in
1007 2508 1078 2538 ore,
1095 2503 1125 2531 et
1143 2503 1216 2531 tunc
1233 2508 1277 2531 se-

324 2551 463 2583 cundum
489 2560 597 2583 omnes
629 2560 690 2583 non
715 2555 761 2584 est
786 2552 1022 2584 Sacramentum
1049 2551 1197 2593 plenum,
1222 2555 1277 2583 aut

325 2603 382 2639 ita,
409 2604 491 2644 quod
512 2603 611 2645 plena
636 2603 666 2635 in
691 2613 745 2636 ore
770 2607 799 2636 et
822 2604 1000 2645 semiplena
1025 2604 1056 2635 in
1081 2604 1197 2643 corde3
1222 2607 1277 2636 aut

325 2655 383 2695 ita,
408 2657 491 2697 quod
512 2657 611 2697 plenu
636 2658 665 2688 in
691 2657 785 2689 corde
810 2661 841 2689 et
863 2657 1041 2699 sen'ziplenct
1073 2657 1104 2689 in
1136 2666 1200 2689 ore.
1232 2657 1276 2689 De

328 2708 429 2748 primo
454 2709 546 2740 modo
570 2714 600 2741 et
624 2710 785 2742 secundo⁰
809 2719 869 2742 non
895 2713 941 2742 est
965 2710 1196 2749 controversia,
1221 2710 1277 2742 sed

327 2759 364 2791 de
388 2760 512 2792 duobus
536 2762 739 2802 sequentibus
763 2762 821 2794 suit
845 2762 949 2804 opinio
973 2762 1108 2795 diversa.

400 2936 406 2950 ¹
427 2936 472 2960 Hic
493 2943 513 2960 c.
535 2936 557 2960 4.
578 2936 653 2961 Liber
672 2936 702 2962 de
725 2938 850 2964 Tre‘m'lale
868 2939 1049 2971 intelligendus
1068 2942 1107 2965 est
1125 2940 1189 2965 liber
1209 2940 1225 2965 1.
1246 2940 1279 2965 de

328 2979 422 3009 Spiritu
444 2982 545 3011 sanem,
567 2986 587 3004 c.
609 2980 631 3004 3.
653 2987 675 3005 n.
697 2980 737 3005 4-2.

397 3022 407 3038 ‘2
427 3022 476 3048 Csr.
491 3026 552 3047 tom.
567 3024 600 3047 lll.
616 3031 675 3055 pag.
698 3025 743 3055 12,
758 3029 816 3050 nota
831 3027 853 3050 2².
870 3040 902 3044 —
916 3028 971 3052 Mox
986 3030 1043 3058 post
1059 3027 1175 3053 Trinitas
1189 3027 1244 3052 cod.
1260 3028 1277 3051 F

327 3066 399 3090 addit
417 3068 560 3099 operatur,
583 3070 607 3092 ct
626 3070 684 3098 post
702 3067 807 3093 dicatur
827 3069 898 3102 [cod.
918 3071 936 3094 Z
956 3069 1028 3103 dico]
1048 3070 1123 3096 codd.
1144 3071 1192 3095 AG
1211 3071 1276 3104 qu.

399 3109 409 3125 ³
428 3112 481 3135 Act.
502 3111 531 3142 2,
552 3111 601 3142 383
624 3112 669 3142 lO,
691 3111 740 3142 li&
769 3113 813 3144 lt),
841 3113 863 3138 5
884 3128 917 3131 —
937 3114 1073 3146 Aliquanto
1097 3115 1203 3140 inferius
1230 3122 1277 3146 pro

327 3154 448 3178 mutatur
468 3154 525 3178 cod.
546 3154 565 3178 G
585 3155 765 3180 mutat-erunt.

399 3196 409 3212 ⁴
428 3197 453 3220 ln
473 3197 529 3221 cod.
550 3197 567 3221 F
587 3197 690 3222 additur
708 3198 810 3224 nomine·
830 3199 927 3226 Christi
945 3201 1108 3234 simpliciter.

398 3239 408 3255 ⁵
428 3239 477 3265 Cir.
499 3248 576 3271 supra
597 3248 618 3264 a.
645 3242 663 3265 1.
684 3249 708 3273 q.
729 3242 752 3266 3.
773 3256 805 3260 —
826 3244 883 3269 Post
903 3244 1026 3270 virtatem
1042 3244 1119 3271 habet
1132 3245 1207 3271 codd.
1227 3246 1275 3270 ΡΗ

328 3283 449 3314 supplent
468 3283 607 3309 recreandi
625 3283 696 3317 [cod.
717 3286 737 3309 Il
757 3287 943 3320 regyeizerwzdi]
962 3288 1016 3314 sive
1036 3288 1204 3323 iustt'ficmzdt'.

397 3326 407 3342 ⁶
428 3327 548 3351 Permulti
575 3327 650 3352 codd.
676 3329 795 3353 omittunt
820 3331 844 3354 et
866 3330 996 3363 secundo,
1028 3331 1087 3356 edd.
1117 3332 1275 3358 substituunt

326 3370 425 3396 Prc'im's
445 3370 546 3396 (luobus
567 3371 658 3396 modis.

1090 257 1373 290 SENTENTIARUM
1397 258 1464 289 Llss.
1489 258 1536 289 lv.

1437 345 1516 386 Quia
1539 344 1621 376 enim
1647 343 1822 385 baptismus
1846 346 1893 375 est
1917 343 2153 375 Sacramentum
2170 343 2243 375 fidei
2267 347 2298 375 et

1347 398 1495 430 virtutem
1520 397 1615 429 habet
1638 405 1653 428 a
1680 396 1758 435 fide,
1783 404 1863 437 quae
1887 395 1917 427 in
1943 395 2038 427 corde
2061 399 2130 433 est;
2156 395 2225 427 ideo
2248 404 2298 427 vo-
2313 403 2389 430 opinio
2408 404 2427 424 ι.

1346 450 1475 482 luerunt
1498 449 1594 490 aliqui
1621 448 1743 486 dicere,
1768 448 1852 489 quod
1878 447 2041 488 plenitudo
2064 447 2136 480 fidei
2155 447 2184 479 in
2202 447 2295 480 corde

1346 512 1416 535 cum
1443 502 1666 544 qualicumque
1691 501 1851 533 Trinitatis
1874 501 2095 542 expressione,
2120 500 2185 543 sitve
2214 500 2295 533 duae

1346 555 1412 588 sive
1436 564 1499 587 una
1523 555 1588 586 sive
1621 558 1685 585 tres
1717 561 1868 595 personae
1893 553 2133 594 exprimantur,
2166 552 2295 593 plenum

1346 608 1418 640 facit
1434 608 1688 644 Sacramentum,
1712 606 1786 647 qnia
1810 605 1888 637 fides
1912 605 2038 647 supplet
2062 605 2217 637 defectum
2236 613 2297 637 ser-

1347 660 1468 696 monis;
1493 668 1509 691 e
1533 667 1684 691 converso
1708 661 1831 696 autem,
1856 659 1880 690 si
1898 667 1958 689 non
1977 661 2024 690 est
2040 657 2118 690 fides
2135 658 2165 689 in
2184 658 2294 696 corde,

1346 712 1371 744 si
1387 712 1396 727 ⁷
1423 712 1644 753 exprimantur
1662 715 1726 743 tres
1743 719 1814 749 ore,
1831 719 1892 742 non
1910 713 1957 742 est
1973 710 2101 751 plenum
2119 710 2297 742 Sacramen-

1347 768 1424 796 tum.
1450 764 1484 795 Et
1508 764 1566 795 hoc
1591 763 1716 795 videtur
1740 763 1844 795 dicere
1861 762 2059 801 Ambrosius,
2077 766 2106 794 et
2123 762 2218 794 huius
2237 762 2299 803 opi-

1345 816 1446 848 nionis
1470 815 1596 848 videtur
1619 815 1717 847 fuisse
1737 814 1846 856 HugOS
1869 818 1900 846 et
1923 815 2067 855 Magister
2089 819 2241 856 quantum
2258 813 2298 846 ad

1346 869 1481 910 primam
1507 872 1627 909 partem
1652 867 1814 908 opinionis.
1831 886 1875 889 —-
1896 867 1955 899 Sed
1979 866 2070 908 quia,
2095 871 2130 898 ut
2154 867 2298 899 determim
2313 874 2452 901 improbatur.

1346 925 1399 952 nat
1426 919 1635 961 Augustinus,
1669 919 1843 960 baptismus
1875 922 1922 951 est
1955 919 2191 951 Sacramentum
2224 918 2297 951 fidei

1346 983 1407 1005 non
1438 973 1607 1015 singularis
1639 981 1808 1013 personae,
1833 972 1888 1004 sed
1913 972 2008 1004 totius
2033 972 2204 1011 Ecclesiae3
2228 972 2297 1004 ideo

1346 1026 1424 1059 fides
1448 1034 1600 1068 personae
1624 1025 1701 1057 nihil
1726 1025 1831 1063 obest,
1857 1025 1934 1057 nihil
1959 1025 2097 1066 prodest.

1436 1080 1470 1111 Et
1494 1079 1563 1111 ideo
1588 1079 1776 1111 determinat
1800 1078 1861 1110 alia
1885 1078 2015 1119 positio,
2040 1078 2123 1119 quod
2142 1077 2295 1119 quidquid
2311 1085 2455 1115 0pinio22e2t

1346 1131 1386 1163 sit
1409 1131 1448 1163 de
1472 1131 1533 1163 fide
1559 1131 1678 1169 cordis,
1704 1131 1908 1163 iudicandum
1926 1134 1973 1163 est
1989 1131 2027 1163 de
2045 1131 2231 1172 baptismate
2255 1139 2299 1162 se·
2327 1112 2442 1132 ‘mmmm'

1347 1183 1486 1215 cundum
1520 1183 1755 1224 expressionem
1780 1183 1843 1215 oris
1868 1183 1933 1215 sive
1958 1184 2132 1221 sermonis,
2156 1187 2186 1215 et
2210 1183 2297 1221 ideo,

1346 1235 1619 1276 qualitercumque
1644 1235 1772 1273 credat,
1797 1239 1827 1267 et
1852 1235 1876 1267 si
1903 1238 1997 1267 totam
2022 1235 2180 1276 exprimat
2202 1235 2299 1266 Trini-

1346 1290 1459 1325 tatem,
1485 1287 1660 1327 baptizatus
1684 1291 1752 1326 est,
1777 1288 1801 1319 si
1826 1291 1932 1320 autem
1957 1297 2017 1319 non
2042 1291 2156 1326 totam,
2174 1296 2234 1318 non
2252 1291 2298 1319 est

1345 1339 1520 1380 baptizatus
1538 1342 1568 1371 et
1584 1339 1828 1381 rebaptizandus
1844 1344 1900 1372 est.
1919 1341 1953 1372 Et
1969 1340 2027 1372 hoc
2045 1340 2253 1372 communiter
2269 1342 2299 1372 et
2314 1347 2375 1368 Nota.

1346 1392 1607 1425 certitudinaliter
1631 1396 1778 1425 asserunt
1802 1393 1953 1434 magistri.

1438 1447 1464 1477 1.
1489 1445 1533 1477 Ad
1558 1445 1636 1477 illud
1662 1454 1736 1487 ergo
1768 1446 1853 1487 quod
1885 1446 2030 1478 obiicitur
2056 1446 2094 1477 de
2118 1446 2297 1485 Ambrosio,
2326 1452 2406 1489 Sqlutio
2421 1459 2457 1480 op-

1346 1498 1533 1537 dicendum,
1551 1498 1635 1539 quod
1660 1499 1794 1530 vernum
1818 1498 1971 1530 Ambrosii
1996 1502 2043 1530 est
2059 1499 2297 1540 exponendum,
2313 1481 2435 1505 p⁰⁵¹²⁰mm'

1345 1554 1381 1583 ut
1403 1555 1650 1583 sacramentnm
1668 1550 1746 1592 fidei
1762 1554 1897 1592 ponatur
1921 1560 1978 1592 pro
2006 1551 2074 1593 ipsa
2098 1551 2176 1583 fide:
2209 1564 2223 1579 α
2236 1551 2299 1592 ple-

1344 1613 1425 1635 num
1449 1608 1697 1636 sacramentam
1721 1604 1799 1645 fidei
1814 1616 1845 1642 n,
1872 1604 1902 1636 id
1927 1607 1973 1636 est
1997 1604 2064 1646 ipsa
2088 1604 2183 1643 fides,
2218 1614 2298 1647 qnae

1345 1656 1540 1698 significatur
1571 1666 1627 1699 per
1660 1657 1925 1689 Sacramentum.
1949 1676 1993 1680 —
2023 1658 2079 1689 Vel
2111 1658 2136 1690 si
2169 1658 2207 1689 de
2240 1657 2297 1689 Sa-
2312 1662 2389 1684 Aliter·

1345 1713 1512 1741 eramento
1547 1709 1748 1750 intelligitur,
1786 1710 1880 1741 hahet
1915 1709 2019 1742 locuni
2055 1710 2086 1741 in
2122 1719 2230 1747 ccc-Sim
2262 1713 2297 1741 ut

1345 1761 1471 1802 quando
1495 1770 1575 1803 puer
1599 1761 1704 1794 delicit
1728 1762 1758 1793 in
1783 1762 1929 1794 manibus
1954 1762 2140 1800 sacerdotis,
2162 1761 2216 1793 ubi
2234 1770 2297 1794 cre-

1344 1814 1483 1847 dendum
1502 1818 1565 1853 est,
1583 1815 1667 1856 quod
1685 1815 1791 1846 divina
1809 1815 2023 1847 misericordia
2040 1818 2070 1847 et
2087 1823 2231 1846 summus
2248 1815 2296 1846 Sa-

1344 1867 1455 1899 cerdos
1469 1876 1530 1899 non
1544 1867 1680 1899 dimittat
1697 1867 1914 1908 imperfectum
1933 1867 2017 1908 quod
2036 1867 2216 1899 inchoatum
2234 1871 2295 1899 est.

1433 1921 1462 1951 2.
1488 1919 1529 1951 Ad
1555 1919 1641 1951 aliud
1674 1919 1860 1958 dicendum,
1892 1920 1976 1961 quod
2009 1920 2066 1952 etsi
2098 1922 2234 1961 potestas
2267 1924 2297 1951 et

1343 1972 1483 2014 operatio
1508 1972 1666 2005 Trinitatis
1697 1973 1802 2011 uniat,
1828 1977 1931 2005 tamen
1957 1972 2035 2005 fides
2059 1972 2242 2013 distinguit,
2267 1976 2297 2004 et

1344 2025 1414 2057 ideo
1449 2034 1510 2057 non
1540 2024 1654 2057 sufficit
1694 2034 1788 2057 unam
1821 2034 2029 2066 personarum
2062 2025 2208 2063 credere,
2241 2025 2295 2057 sed

1343 2086 1469 2110 necesse
1505 2081 1552 2110 est
1582 2077 1712 2110 credere
1740 2086 1856 2109 omnes.
1893 2078 1925 2109 Et
1949 2078 2023 2119 quia
2050 2078 2225 2119 baptismus
2250 2081 2296 2109 est

1344 2130 1580 2162 Sacramentum
1605 2130 1715 2172 plenae
1740 2130 1962 2171 professionis3
1995 2130 2064 2162 ideo
2099 2139 2226 2162 necesse
2250 2133 2296 2162 est

1343 2183 1484 2224 profiteri
1509 2192 1617 2215 omnes
1641 2192 1800 2225 personas.

1433 2235 1461 2267 3.
1479 2236 1522 2267 Ad
1541 2236 1619 2268 illud
1636 2236 1720 2278 quod
1738 2235 1884 2268 obiicitur
1905 2236 1944 2268 de
1963 2236 2086 2268 nomine
2104 2236 2236 2275 Christi,
2255 2236 2298 2267 di·
2482 2276 2483 2281 1

1343 2288 1495 2326 cendum,
1520 2288 1603 2329 quod
1636 2288 1788 2330 Apostolis
1820 2288 1908 2320 licuit
1932 2288 2090 2330 baptizare
2115 2288 2145 2320 in
2170 2288 2296 2320 nomine
2311 2292 2455 2340 Deiffanrggffig
2480 2288 2483 2331 i

1342 2340 1455 2372 Christi
1474 2340 1624 2372 divinitus
1641 2340 1799 2382 inspiratis
1810 2341 1829 2379 ⁹,
1847 2341 1902 2373 sed
1919 2349 1979 2372 uon
1998 2340 2070 2372 licet
2087 2341 2179 2372 modo
2197 2340 2295 2373 nobis.
2336 2345 2423 2366 Christi·
2480 2371 2482 2383 ζ

1431 2392 1544 2424 Dicunt
1568 2396 1672 2425 tamen
1697 2393 1810 2434 aliqui,
1844 2393 1928 2434 quod
1961 2393 2095 2425 verbum
2124 2393 2203 2425 illud
2235 2403 2296 2425 non
2313 2397 2456 2445 Oripgglelio-

1341 2446 1446 2478 amisit
1470 2445 1618 2478 virtutem
1644 2449 1773 2487 propter
1799 2446 2051 2478 constitutionem
2079 2446 2232 2478 Ecclesiae
2249 2455 2295 2478 or-

1342 2498 1495 2537 dinantis,
1513 2498 1597 2539 qnod
1614 2501 1735 2530 tantum
1754 2498 1808 2530 fiat
1826 2498 1855 2530 in
1872 2499 1998 2531 nomine
2015 2499 2192 2537 Trinitatis,
2210 2499 2294 2531 unde

1342 2552 1398 2584 etsi
1423 2554 1567 2593 peccaret
1591 2551 1635 2583 sic
1659 2551 1836 2592 baptizans,
1862 2554 1965 2583 tamen
1990 2551 2181 2593 baptizatum
2200 2556 2290 2584 esset.

1341 2624 1385 2628 ——
1401 2604 1459 2636 Sed
1478 2604 1653 2636 communis
1670 2605 1774 2646 opinio
1787 2608 1817 2637 et
1830 2605 1943 2636 certior
1960 2608 2016 2643 est,
2034 2605 2117 2646 quod
2135 2614 2195 2636 non
2214 2608 2295 2637 esset

1341 2657 1552 2699 baptizatum,
1578 2657 1668 2699 quia,
1693 2666 1764 2689 cum
1790 2657 1829 2689 sit
1853 2657 1982 2689 unicum
2007 2657 2162 2698 baptisma
2187 2657 2215 2689 in
2244 2657 2294 2689 Ec-

1341 2709 1452 2748 clesia,
1478 2709 1547 2742 ideo
1570 2710 1663 2741 unica
1688 2709 1780 2753 dehet
1804 2718 1871 2741 esse
1895 2709 2016 2747 forma3
2034 2713 2064 2741 et
2080 2709 2149 2742 ideo
2171 2712 2293 2742 tantum

1341 2763 1373 2794 in
1396 2762 1521 2794 nomine
1546 2762 1705 2794 Trinitatis
1730 2762 1867 2803 baptizat
1891 2765 1954 2794 tota
1978 2762 2123 2794 Ecclesia.

1414 2940 1424 2956 ⁷
1443 2941 1476 2965 lta
1497 2940 1572 2965 codd.
1593 2943 1617 2965 et
1633 2940 1695 2965 edd.
1716 2947 1764 2971 pro
1783 2939 1838 2965 etsi.
2478 2964 2479 2969 ,

1414 2983 1424 2999 8
1443 2983 1509 3008 Libr.
1531 2984 1556 3008 ll.
1577 2984 1609 3009 de
1628 2984 1741 3008 Sacram.
1762 2991 1788 3015 p.
1808 2984 1849 3008 W.
1870 2991 1891 3008 c.
1912 2985 1935 3009 2.
1957 2998 1990 3001 —-
2010 2983 2162 3015 Opinionem
2182 2984 2294 3015 Magistri
2476 2981 2479 3018 ξ

1341 3027 1401 3052 vide
1416 3028 1456 3052 hic
1470 3028 1494 3052 in
1510 3028 1545 3052 lit.
1559 3034 1580 3052 c.
1597 3027 1627 3058 ,ὥς
1642 3029 1793 3052 sententiam
1807 3028 1942 3059 Augustini
1956 3035 2019 3053 voro
2039 3029 2063 3052 iu
2084 3029 2139 3053 eius
2159 3029 2236 3059 Epist.
2253 3029 2294 3053 93.

1342 3071 1415 3102 (alias
1435 3072 1487 3103 23.)
1506 3078 1529 3096 n.
1551 3072 1575 3096 5.
1595 3070 1643 3097 Csr.
1664 3072 1739 3096 etiam
1755 3072 1817 3096 infra
1833 3072 1866 3097 lit.
1886 3072 2011 3104 Magistri,
2032 3072 2056 3097 d.
2078 3072 2109 3104 V,
2129 3072 2154 3097 C.
2176 3071 2206 3097 Sa·
2226 3071 2295 3097 inter
2476 3077 2478 3093 i

1342 3114 1423 3141 bonos
1442 3115 1495 3147 (25.
1515 3115 1614 3148 seqq),
1634 3115 1666 3140 de
1681 3114 1825 3140 Consecrat.
1847 3115 1871 3140 d.
1894 3115 1916 3140 4.
2420 3106 2425 3111 ’

1411 3159 1421 3175 ⁹
1441 3160 1545 3185 Plurimi
1565 3159 1640 3185 codd.
1670 3158 1840 3192 inspirantes,
1869 3160 1915 3185 sed
1943 3160 1982 3184 (il
2011 3159 2110 3184 addunt
2134 3159 2293 3185 altclort'tatv

1341 3202 1458 3236 Spiritus
1478 3202 1564 3229 sancti
1582 3206 1639 3228 ante
1658 3201 1791 3228 diuinitus.
1812 3203 1917 3228 lnserius
1937 3210 1984 3234 pro
2006 3202 2171 3236 baptizatum
2195 3202 2252 3227 cod.
2274 3203 2293 3227 ll

1340 3246 1380 3272 bis
1405 3246 1559 3278 baptismus,
1581 3249 1605 3271 et
1625 3253 1672 3277 pro
1697 3246 1766 3271 imde
1786 3246 1834 3272 etsi
1855 3248 1976 3279 peccaret
1991 3246 2031 3272 sic
2051 3245 2189 3279 baptizans
2215 3246 2256 3271 ed.
2282 3247 2287 3270 1

1340 3297 1399 3315 cum
1420 3290 1538 3321 pluribus
1557 3290 1632 3315 codd.
1658 3289 1727 3315 umle
1746 3289 1794 3315 etsi
1809 3291 1934 3323 peccator
1958 3290 1991 3317 sit
2016 3290 2169 3323 baptizans,
2197 3291 2254 3316 cod.
2276 3291 2293 3315 F

1340 3333 1409 3360 uncle
1428 3333 1476 3360 etsi
1491 3335 1628 3367 peccatum
1646 3332 1684 3359 sic
1704 3333 1847 3367 baprizam.
