2483 3882
308 427 338 448 De
353 427 370 447 l.
382 426 451 447 modo.

309 1105 339 1126 De
351 1105 369 1125 2.
382 1104 451 1125 modo.

309 1368 340 1389 De
352 1368 371 1388 3.
384 1367 452 1388 modo.

471 277 534 308 890

468 363 666 394 moriendum
678 374 685 399 ;
700 361 761 393 alio
774 361 875 398 modO,
884 359 1135 401 possibilitatem
1148 359 1188 390 ad
1202 358 1417 396 moriendum3

468 416 559 447 tertio
585 415 686 451 modo,
710 414 940 445 necessitatem.
967 413 1000 444 Et
1032 412 1134 452 primo
1163 411 1291 452 quidem
1324 411 1417 442 modo

468 466 605 498 *mortale
630 466 709 497 inest
733 464 849 496 homini
882 472 919 495 ea
950 463 1087 501 ratione,
1119 472 1181 504 qua
1209 462 1416 504 compositum

468 529 505 550 ex
532 518 674 559 partibus
704 516 928 557 heterogeneis.
946 515 1031 547 Unde
1060 514 1232 547 Hilariu512
1256 514 1352 546 «Non
1377 523 1418 546 ex

469 570 645 611 compositis
670 573 716 601 est
739 569 841 606 Deus,
866 568 939 609 quia
963 567 1026 599 vita
1049 571 1097 599 est
1112 579 1141 598 »z
1169 568 1193 599 si
1218 576 1292 608 ergo
1325 567 1418 598 homo

468 627 513 654 est
534 631 574 653 ex
592 621 778 662 compositis
803 619 1018 661 Ιῖ6ί6νο96η6ίε
1054 624 1085 652 et
1120 619 1260 651 diversis
1284 619 1418 651 inituris

468 678 497 705 et
522 672 795 714 dispositionibus3
820 672 1012 713 impossibile
1035 675 1099 710 θεῖ,
1124 672 1207 713 quod
1240 671 1336 703 vitam
1369 671 1420 702 ha-

468 727 539 758 heat
563 726 620 757 nisi
655 734 726 758 cum
760 724 944 766 aptitudine
971 725 1009 756 ad
1035 724 1235 756 moriendum
1245 736 1253 762 3
1277 727 1308 755 et
1339 723 1420 755 sicut

470 779 538 810 talis
570 777 759 819 compositio
791 781 837 809 est
869 777 987 808 homini
1020 777 1191 815 naturalis,
1216 776 1258 808 ita
1283 780 1312 809 et
1336 785 1420 808 nior-

470 831 539 862 tute.
567 831 600 862 Et
625 831 683 862 boc
701 830 794 862 modo
810 830 991 870 accipiendo
1008 829 1146 861 mortale
1163 833 1271 862 contra
1289 830 1420 861 immor-

470 884 549 921 tale,
575 892 736 924 nunquam
762 886 956 915 concurrunt
980 883 1010 914 in
1035 882 1141 919 idem;
1166 882 1231 914 sic²
1256 891 1312 914 nec
1333 882 1421 923 spiri-

470 936 553 967 tuale
585 939 640 967 aut
663 935 798 976 simplex
817 938 847 967 et
863 935 1082 977 compositum.
1100 935 1135 966 Et
1151 935 1175 967 si
1204 935 1310 976 aliquo
1329 935 1420 966 modo

469 993 515 1021 est
538 988 731 1025 differentia,
757 988 814 1020 isto
838 988 931 1020 modo
956 991 1003 1020 est
1028 997 1088 1019 non
1113 988 1257 1020 dividens
1274 987 1419 1025 animal,

468 1042 522 1073 sed
546 1041 769 1073 substanciam
793 1040 969 1078 viventem,
994 1041 1085 1072 cuius
1103 1049 1166 1072 una
1183 1040 1358 1072 differentia
1374 1044 1421 1072 est

471 1093 673 1130 immortale,
698 1097 728 1125 et
753 1102 808 1134 per
837 1093 1014 1135 oppositum
1040 1093 1187 1125 mortale.
1210 1111 1256 1115 —
1279 1092 1421 1124 Secundo

469 1146 561 1178 modo
586 1145 724 1177 mortale
748 1145 827 1177 inest
851 1154 887 1177 eo
912 1145 1022 1183 modo,
1047 1154 1110 1186 quo
1133 1148 1180 1177 est
1204 1144 1279 1186 quid
1301 1153 1422 1185 compo-

469 1200 563 1231 situm
593 1207 633 1231 ex
659 1198 815 1240 partibus
832 1197 1067 1240 lieteroyeueis‚
1085 1198 1275 1230 habentibus
1299 1197 1422 1230 defecti-

472 1252 638 1287 bilitateni,
656 1251 736 1283 sicut
752 1251 784 1283 in
800 1251 903 1292 primo
920 1251 1064 1290 homine,
1082 1251 1134 1292 qui
1154 1250 1289 1282 habebat
1305 1253 1420 1282 statum

469 1304 653 1341 animalem;
679 1308 709 1336 et
732 1305 791 1336 hoc
816 1304 909 1336 modo
934 1304 1008 1336 dicit
1032 1307 1148 1336 statum
1172 1303 1316 1335 medium
1341 1303 1421 1335 inter

470 1358 628 1390 miseriam
655 1361 684 1389 et
709 1356 840 1397 gloriam
854 1356 872 1387 ³.
898 1375 941 1379 --
958 1356 1061 1388 Tertio
1078 1356 1171 1388 modo
1187 1356 1326 1388 mortale
1344 1357 1423 1388 inest

470 1420 505 1443 ea
537 1410 673 1448 ratione,
699 1419 761 1451 qua
792 1409 901 1441 vivens
926 1413 972 1441 est
996 1409 1204 1451 compositum
1230 1418 1269 1441 ex
1295 1413 1422 1441 contru-

470 1463 549 1499 riis‚
584 1462 773 1494 habentibus
806 1462 1072 1494 defectibilitatem
1096 1465 1126 1494 et
1149 1471 1289 1503 pugnam
1316 1462 1356 1494 ad
1381 1462 1424 1493 in-

472 1516 590 1552 vicem3
616 1519 646 1547 et
670 1515 714 1547 sic
738 1515 818 1547 inest
842 1515 960 1546 homini
986 1514 1090 1555 lapso,
1108 1518 1138 1546 et
1155 1515 1214 1546 hoc
1238 1514 1331 1546 modo
1349 1514 1423 1547 dicit

469 1573 591 1600 statum
618 1567 796 1605 miseriue;
812 1571 842 1599 et
859 1567 1045 1599 immortale
1068 1568 1142 1600 huic
1154 1567 1164 1584 ⁴
1181 1567 1359 1608 oppositum
1381 1567 1424 1599 di-

470 1622 510 1653 cit
534 1621 639 1652 ulium
664 1625 798 1652 statum.
824 1621 858 1652 Et
880 1620 1028 1662 quoniam
1045 1624 1154 1652 status
1170 1620 1285 1652 mutari
1305 1623 1423 1661 potest,

471 1675 589 1706 unitate
622 1674 795 1706 secundum
829 1682 998 1705 numerum
1033 1677 1231 1711 remanente3
1256 1673 1328 1705 hinc
1360 1677 1422 1712 θεῖ,

471 1727 554 1769 quod
580 1736 619 1759 ex
644 1726 781 1758 mortali
803 1726 978 1758 secundum
1001 1726 1085 1759 hunc
1109 1726 1267 1768 duplicem
1292 1727 1423 1759 modum

472 1780 507 1812 fit
535 1779 721 1811 immortale
752 1779 818 1811 sine
850 1779 1031 1810 diversitate
1063 1779 1264 1811 substantiae.
1300 1779 1333 1810 Et
1365 1779 1423 1811 hoc

472 1832 566 1864 modo
578 1831 613 1863 fit
625 1832 656 1862 in
674 1831 800 1863 homine
818 1830 1004 1872 glorificato,
1021 1831 1073 1872 qui
1092 1835 1138 1863 est
1155 1830 1306 1862 mortalis
1322 1831 1423 1872 primo

474 1885 583 1922 modo,
608 1884 724 1916 scilicet
748 1884 921 1916 secundum
940 1884 1115 1916 naturalem
1133 1883 1351 1925 aptitudinem,
1369 1884 1423 1916 sed

474 1936 692 1974 immmortalis,
718 1940 812 1977 prout
836 1936 910 1968 dicit
932 1936 1138 1978 privationem
1157 1936 1312 1977 potentiae
1329 1940 1359 1968 et
1376 1945 1425 1968 ne-

474 1990 635 2022 cessitatis.

561 2043 591 2074 4,
616 2042 660 2074 Ad
684 2041 761 2073 illud
787 2041 870 2083 quod
895 2041 1006 2073 ultimo
1030 2041 1193 2080 obiicitur,
1218 2041 1301 2082 quod
1324 2040 1424 2072 diver-

1229 272 1511 304 SENTENTIARUM
1537 272 1604 304 LlB.
1628 272 1675 303 IV.

1482 367 1534 390 sae
1558 362 1632 390 sunt
1655 357 1869 399 operationes;
1893 359 2080 398 dicendum,
2101 360 2185 401 quod
2203 360 2345 393 diversae
2361 370 2474 403 Ope-Dis

2458 408 2483 425 [Pl

1482 410 1619 442 rationes
1640 410 1782 444 diversos
1798 411 1927 443 effectus
1944 411 2115 450 inducunt,
2132 413 2258 453 quando
2282 413 2428 446 dividun-

1484 465 1539 493 tur
1563 471 1601 493 eae
1626 471 1729 504 aequo
1739 474 1750 500 ;
1772 462 1827 495 sed
1852 462 1977 504 quando
2011 462 2055 495 sic
2086 466 2149 502 est,
2181 464 2263 504 quod
2295 473 2358 497 una
2390 466 2428 499 ad
2476 503 2478 512 ,

1482 513 1614 546 alteram
1648 515 1845 553 ordiuntur,
1874 518 1904 547 et
1928 524 1991 547 una
2014 519 2061 547 est
2084 516 2280 557 reparativo
2303 517 2428 551 effectus

1482 566 1631 605 alterius3
1655 567 1680 599 si
1704 567 1843 599 secunda
1859 567 2040 609 egrediatur
2056 567 2096 599 ab
2113 571 2222 609 agente
2240 569 2364 601 omnino
2381 580 2430 612 po-

1483 621 1584 657 tente,
1616 623 1718 660 potest
1749 620 1876 651 omnino
1908 620 1991 652 idem
2022 621 2173 661 reparari.
2200 621 2234 652 Et
2256 621 2300 653 sic
2323 626 2369 654 est
2399 623 2429 656 in

1483 672 1652 713 proposito.

1572 724 1632 756 Sed
1663 724 1836 756 obiicitur:
1868 725 2026 766 quomodo
2056 728 2157 766 potest
2189 725 2247 758 hoc
2276 726 2483 769 intelligi‘2ob.

1484 776 1561 808 Cum
1586 776 1662 809 istae
1686 777 1883 818 operationes
1908 777 1969 809 sint
1992 777 2224 816 discontinuae‚
2249 781 2279 810 et
2302 788 2367 810 esse
2387 781 2430 813 rei

1484 829 1523 861 sit
1547 829 1814 868 discoutinuum⁵,
1838 833 1868 861 et
1892 830 1987 861 unius
2011 830 2149 862 continui
2167 830 2231 862 duo
2248 830 2308 862 sint
2324 831 2432 865 ultima
2476 835 2478 839 “

1484 885 1626 913 tantum:
1652 881 1676 913 si
1702 890 1776 923 ergo
1800 891 1867 913 esse
1891 882 2159 921 discontinuatur‚
2184 891 2258 924 ergo
2280 886 2326 915 est
2349 883 2432 917 aliud

1485 939 1515 967 et
1538 934 1635 966 aliud.
1660 934 1738 966 Cum
1762 943 1837 976 ergo
1859 943 1958 966 unum
1975 943 2109 966 numero
2126 938 2336 976 consequatur
2352 936 2432 969 idem

1485 987 1622 1025 actuale3
1647 987 1823 1019 necessario
1847 987 1973 1019 videtur
1997 987 2104 1029 sequi,
2128 988 2212 1029 quod
2238 988 2277 1020 sit
2300 988 2384 1021 aliud
2404 993 2434 1023 et

1485 1040 1583 1072 aliud.
1609 1040 1643 1071 Et
1667 1039 1806 1077 iterum,
1839 1040 1997 1081 quomodo
2021 1043 2123 1080 potest
2146 1040 2194 1072 bis
2219 1040 2360 1082 incipere
2383 1042 2432 1074 ali-

1485 1093 1561 1135 quid
1587 1096 1617 1125 et
1640 1101 1708 1125 esse
1733 1093 1844 1125 idem?
1867 1092 2062 1134 Impossibile
2086 1093 2169 1125 enim
2193 1097 2240 1125 est
2264 1102 2331 1126 esse
2347 1097 2377 1126 et
2392 1095 2432 1127 in·
2475 1093 2477 1103 ‘

1486 1144 1647 1186 telligere,
1672 1144 1755 1186 quod
1789 1144 1903 1186 aliquis
1927 1148 2036 1176 currat
2058 1144 2106 1177 bis
2129 1145 2238 1177 eodem
2263 1153 2372 1178 cursu.‘
2391 1165 2431 1170 —

1488 1197 1522 1229 Et
1546 1201 1647 1239 potest
1671 1197 1711 1229 ad
1740 1197 1799 1229 hoc
1831 1197 2032 1238 responderi,
2058 1197 2141 1238 quod
2166 1197 2204 1230 de
2228 1207 2295 1229 esse
2317 1198 2367 1230 rei
2388 1202 2470 1233 estne

1487 1249 1573 1291 loqui
1597 1248 1785 1290 dupliciter:
1816 1253 1870 1281 aut
1894 1252 2047 1291 quantum
2072 1250 2111 1281 ad
2137 1249 2305 1291 defluxum
2329 1254 2358 1282 et
2378 1251 2472 1284 du-nt

1486 1301 1668 1339 rationem,
1693 1306 1748 1333 aut
1771 1302 1951 1334 secuudum
1975 1311 2016 1334 se.
2042 1302 2071 1333 Si
2096 1306 2249 1344 quantum
2274 1303 2313 1335 ad
2336 1303 2431 1337 dura-

1488 1355 1605 1386 tionem
1630 1358 1659 1386 et
1683 1354 1876 1395 defluxuuQ
1908 1354 1951 1387 sic
1982 1355 2159 1387 necessario
2182 1359 2320 1396 oportet,
2351 1357 2431 1398 quod

1487 1408 1612 1439 duratio
1636 1408 1675 1440 sit
1699 1407 1760 1439 alia
1783 1410 1813 1439 et
1837 1407 1914 1446 alia,
1939 1407 2019 1439 sicut
2040 1416 2187 1440 mensura
2205 1408 2386 1441 durationis.
2402 1409 2430 1441 Si

1487 1465 1640 1502 quantum
1666 1461 1705 1493 ad
1730 1461 1834 1502 ipsum
1859 1470 1925 1492 esse
1947 1461 2127 1492 secuudum
2151 1470 2203 1498 se;
2227 1461 2270 1493 sic
2294 1470 2431 1494 numera-

1487 1518 1539 1546 tur
1564 1517 1594 1545 et
1619 1513 1816 1554 plurificatur
1840 1522 1858 1544 a
1880 1513 2058 1554 principiis
2083 1513 2374 1554 pei·maiieutibus;
2402 1520 2430 1547 et

1487 1566 1634 1607 quoniam
1653 1565 1806 1607 principia
1823 1565 2039 1606 permanentia
2056 1569 2129 1597 sunt
2144 1565 2270 1603 eadem,
2292 1567 2430 1608 quamvis
2474 1563 2475 1575 ¹

1489 1619 1642 1651 defluxus
1667 1618 1842 1651 durationis
1866 1621 1895 1650 et
1919 1618 2053 1659 inceptio
2077 1619 2116 1650 sit
2139 1619 2199 1650 alia
2223 1622 2253 1651 et
2270 1619 2346 1651 alia:
2364 1620 2432 1653 hinc

1488 1676 1552 1710 est,
1578 1671 1662 1713 quod
1688 1680 1738 1703 res
1762 1674 1808 1703 est
1832 1680 1912 1709 una,
1937 1674 1968 1703 et
1984 1680 2050 1702 esse
2067 1671 2111 1703 rei
2129 1675 2175 1703 est
2192 1680 2300 1703 unum.
2317 1672 2431 1714 —Nec
2456 1681 2475 1716 n[

1487 1728 1535 1757 est
1559 1724 1660 1756 simile
1685 1723 1723 1755 de
1747 1723 1932 1755 accionibus
1956 1723 2168 1761 successivis,
2196 1723 2270 1765 quia
2292 1724 2362 1756 illae
2385 1733 2431 1757 ne·
2443 1708 2470 1755 35

1489 1777 1624 1810 cessario
1637 1777 1647 1793 ⁶
1670 1780 1896 1815 numerantur,
1914 1780 1944 1809 et
1961 1777 2165 1817 praeteritum
2183 1780 2213 1809 et
2229 1777 2369 1809 futurum
2390 1786 2432 1810 re·
2473 1784 2474 1791 ¹

1489 1830 1624 1871 spiciunt
1641 1833 1746 1871 partes
1763 1829 1905 1861 diversas
1921 1829 2051 1862 actionis
2075 1829 2140 1861 sive
2164 1829 2344 1862 mutationis
2371 1830 2431 1862 sive
2473 1837 2474 1862 ;

1489 1881 1664 1914 durationis
1697 1881 1901 1913 successivae.
1926 1881 1990 1913 Non
2015 1882 2059 1914 sic
2082 1885 2205 1923 oportet
2229 1882 2366 1914 iudicare
2396 1882 2431 1915 de

1487 1932 1601 1976 formet
1625 1933 1788 1972 absoluta,
1813 1943 1893 1976 quae
1917 1938 2066 1976 corrupta
2090 1938 2191 1976 potest
2212 1944 2229 1966 a
2249 1935 2313 1966 Deo
2333 1944 2433 1967 nume·
2473 1944 2474 1947 ¹

2473 1767 2475 1779 ..
2473 1647 2483 1728 “s-:⁴⁴

1488 1987 1552 2018 rari
1577 1987 1704 2025 eadem,
1730 1986 1803 2028 quia
1827 1987 1932 2028 aliquo
1956 1987 2050 2019 modo
2075 1991 2178 2019 manet
2203 1987 2233 2019 in
2258 1987 2374 2020 ratione
2394 1996 2434 2020 se·
2472 2011 2473 2034 1

1490 2040 1606 2072 minali.

1310 2169 1604 2210 SOHOLION.

545 2286 560 2310 1.
579 2295 591 2308 α
605 2285 700 2310 Omnes
715 2286 831 2309 homines
846 2292 983 2316 resurgere
994 2284 1088 2310 habent
1101 2291 1161 2309 cum
1175 2284 1330 2316 corporibus
1343 2283 1400 2309 suis
1411 2294 1422 2307 n

476 2331 500 2357 (i.
521 2337 542 2354 e.
563 2329 654 2354 iisdem
674 2329 819 2354 secundum
844 2328 1007 2361 numerum);
1028 2329 1060 2354 ita
1081 2328 1157 2354 docet
1177 2328 1331 2359 Symbolum
1351 2329 1427 2353 Atha-

476 2375 629 2405 nasianum3
659 2373 730 2405 quod
759 2373 894 2398 confirm-at
923 2372 1077 2404 Symbolum
1107 2372 1211 2398 Concilii
1241 2372 1356 2397 Toletani
1385 2373 1427 2398 Xl.

475 2419 529 2449 (an.
550 2417 610 2448 675>
631 2417 734 2442 dicens:
756 2425 768 2440 α
782 2417 834 2441 Nec
853 2417 877 2441 in
898 2416 987 2448 aerea,
1011 2417 1052 2441 vel
1080 2416 1195 2448 qualibet
1219 2417 1267 2441 alia
1293 2423 1370 2441 carne
1390 2415 1428 2448 (ut

476 2461 582 2493 quidam
603 2460 720 2491 delirant)
740 2462 931 2484 resurrecturos
952 2466 999 2485 nos
1019 2459 1164 2491 credimus,
1185 2460 1231 2484 sed
1251 2460 1275 2484 in
1304 2461 1351 2485 ista
1377 2466 1428 2491 qua

475 2506 603 2535 vivimus,
624 2505 788 2529 consistimus
808 2507 832 2528 et
852 2511 990 2529 movemur
1004 2514 1027 2528 υ.
1053 2504 1107 2528 Hoc
1131 2504 1287 2529 unanimiter
1306 2506 1428 2534 tenentes,

476 2549 623 2574 Scholastici
644 2552 742 2573 tantum
762 2547 849 2579 quoad
868 2547 1065 2578 explicationem
1090 2547 1256 2572 scientificum
1286 2548 1310 2571 in
1339 2547 1429 2579 aliqui—

477 2592 527 2617 bus
546 2593 687 2617 contrarias
707 2592 842 2622 opiniones
862 2592 885 2615 in
907 2591 1022 2616 medium
1046 2591 1220 2622 protulerunt,
1241 2598 1308 2623 quae
1328 2591 1380 2615 sere
1399 2597 1429 2615 ex

478 2637 587 2661 diversis
601 2636 733 2667 principiis
752 2635 784 2659 ad
805 2635 947 2659 naturalem
963 2635 1153 2666 philosophiam
1168 2634 1344 2665 spectantibus
1357 2641 1430 2659 exor-

478 2684 518 2705 tae
536 2683 603 2705 sunt.
624 2680 709 2704 Primo
729 2679 883 2704 occurrebat
903 2679 1038 2704 difficultas
1057 2682 1111 2704 orta
1125 2686 1155 2703 ex
1168 2680 1318 2704 auctoritate
1338 2680 1429 2704 Aristo-

477 2724 546 2756 teliS,
569 2724 612 2755 qui
632 2723 751 2754 pluribus
772 2723 833 2747 locis
854 2722 946 2747 docere
965 2722 1069 2747 ridetur
1088 2722 1144 2753 (cfr.
1163 2730 1217 2753 arg.
1234 2723 1256 2746 1.
1271 2722 1303 2747 ad
1317 2722 1429 2754 oppos),

478 2767 549 2799 quod
567 2768 607 2792 illa
622 2774 734 2799 quorum
755 2767 835 2791 forma
857 2770 977 2797 corrupta
992 2769 1016 2791 et
1030 2767 1122 2791 iterum
1137 2770 1257 2797 generata
1272 2767 1361 2797 suerit,
1378 2773 1428 2791 non

478 2811 577 2842 possint
606 2811 689 2835 redire
718 2810 809 2835 eadem
841 2810 986 2835 secundum
1016 2817 1164 2835 numerum.
1186 2809 1258 2835 Circa
1278 2811 1327 2835 hoc
1347 2817 1429 2841 pauca

479 2858 605 2879 notamus.

553 2898 574 2922 1,
597 2898 665 2922 Duae
685 2898 819 2928 opiniones
839 2900 968 2922 extremae
982 2898 1047 2922 circa
1061 2897 1259 2931 possibilitatem
1282 2897 1430 2923 huiusmodi

479 2943 643 2967 restitutionis
663 2942 777 2972 prolatae
797 2946 873 2972 sunt;
894 2948 1005 2974 quarum
1025 2943 1107 2973 prima
1128 2942 1229 2973 docuit,
1253 2943 1329 2967 ctiam
1349 2948 1431 2975 (lycus

478 2985 604 3011 uuturale
628 2992 705 3017 posse
725 2992 779 3010 rem
800 2990 949 3017 corruptam
978 2985 1088 3011 eandem
1114 2993 1222 3011 numero
1248 2993 1376 3017 reparare.
1397 2986 1430 3010 Ex

1492 2285 1613 2315 opposito
1633 2284 1746 2309 Durand.
1768 2284 1819 2315 (bic
1839 2291 1863 2316 q.
1886 2284 1921 2317 3.)
1942 2284 2028 2308 docuit
2047 2283 2118 2316 (cum
2139 2284 2252 2316 quadam
2272 2288 2353 2309 tamen
2378 2290 2433 2308 cau-

1492 2327 1565 2359 tela)⁷
1586 2328 1738 2353 intrinsecus
1758 2327 1917 2359 impossibile
1931 2334 1995 2358 esse,
2011 2331 2037 2352 ut
2057 2329 2122 2352 entia
2143 2331 2263 2359 corrupta
2277 2327 2385 2352 redirent
2397 2333 2432 2352 ea-

1492 2370 1551 2396 dem
1571 2378 1692 2403 numero3
1714 2376 1738 2396 ct
1758 2372 1806 2396 hoc
1826 2372 1850 2395 in
1870 2378 1965 2402 genere
1985 2371 2018 2396 de
2046 2371 2167 2397 omnibus
2193 2370 2294 2396 entibus
2319 2370 2431 2400 asseruit,
2470 2375 2471 2404 1

1493 2421 1542 2440 non
1563 2418 1661 2440 tantum
1683 2415 1715 2440 de
1733 2414 1888 2441 successivis
1908 2415 1989 2447 (quod
2010 2416 2177 2440 communius
2200 2414 2366 2447 conceditur),
2390 2413 2433 2439 sed

1492 2460 1568 2484 etiam
1584 2459 1617 2484 de
1627 2458 1852 2492 permanentibus.
1868 2460 1915 2484 Pro
1929 2460 1976 2485 hac
1987 2460 2109 2485 sententia
2121 2460 2179 2484 citat
2189 2460 2264 2484 etiam
2276 2459 2359 2490 plures
2368 2459 2432 2483 locos
2470 2459 2471 2499 1

1493 2504 1518 2527 S.
1539 2503 1668 2534 Thomae,
1685 2504 1835 2534 pracsertim
1852 2503 1891 2528 lV.
1905 2504 1973 2528 Sent.
1993 2503 2018 2528 d.
2035 2502 2076 2528 44.
2092 2511 2117 2535 q.
2132 2504 2154 2527 1l.
2169 2510 2190 2527 a.
2207 2504 2229 2527 11.
2244 2503 2397 2535 quaestiunc.
2410 2501 2431 2525 2.

1493 2547 1526 2571 ad
1547 2547 1569 2571 3.
1585 2547 1648 2572 Hinc
1667 2550 1753 2579 putat,
1775 2548 1988 2572 resurrectionem
2009 2546 2123 2572 hominis
2142 2554 2192 2572 non
2212 2553 2268 2572 esse
2292 2545 2431 2577 possibilem

1494 2591 1540 2615 nisi
1562 2591 1585 2615 in
1600 2592 1790 2622 suppositione,
1807 2591 1877 2623 quod
1892 2592 1916 2615 in
1937 2591 2040 2616 homine
2061 2598 2110 2615 non
2137 2590 2236 2616 sitalz'a
2255 2592 2334 2615 forma
2360 2595 2431 2621 quam

1494 2635 1577 2659 anima
1593 2635 1730 2665 rationalis,
1743 2642 1809 2667 quae
1824 2642 1956 2667 nunquam
1971 2636 2153 2666 corrumpitur,
2166 2639 2252 2666 utpote
2263 2631 2429 2662 immortalisf
2468 2649 2470 2674 1

1494 2682 1518 2703 et
1533 2685 1578 2709 per
1591 2685 1762 2711 consequens,
1776 2679 1850 2704 talem
1865 2680 2079 2704 resurrectionem
2099 2678 2246 2709 bestiarum,
2261 2680 2377 2708 corrupta
2397 2682 2433 2701 ea-

1495 2729 1552 2747 rum
1568 2724 1659 2754 forma,
1673 2730 1719 2754 per
1737 2730 1765 2748 se
1778 2730 1834 2748 csso
1848 2722 2044 2754 impossibilem.
2059 2723 2153 2748 Eadem
2168 2723 2292 2754 principia
2307 2724 2371 2747 tenet
2384 2720 2431 2751 opi·
2468 2746 2469 2749 ,

1496 2769 1536 2792 nio
1558 2768 1580 2791 2.
1602 2768 1642 2792 liic
1663 2768 1686 2791 in
1708 2774 1778 2798 corp.
1799 2767 1884 2791 relata.
1906 2768 2021 2791 Attamen
2041 2767 2162 2792 sententia
2184 2767 2326 2791 communis
2345 2763 2432 2796 princi·
2468 2761 2469 2764 ’

1496 2812 1567 2842 piuin
1582 2810 1644 2835 illud
1664 2810 1777 2835 Durandi
1799 2811 1878 2834 reiicit
1898 2810 1951 2839 (cfr.
1973 2810 2048 2834 IIcnr.
2069 2809 2159 2840 Gand.y
2180 2809 2270 2840 Quodl.
2290 2808 2313 2833 7.
2333 2815 2356 2839 q.
2377 2805 2431 2838 ie).
2468 2813 2469 2818 ¹

1566 2855 1589 2879 2.
1610 2855 1634 2878 S.
1655 2855 1746 2878 Thom.
1775 2854 1877 2887 factum
1897 2854 2002 2885 quidem
2023 2854 2216 2878 resurrectionis
2235 2859 2293 2877 cum
2318 2849 2431 2876 Durando

1495 2900 1543 2923 hac
1563 2899 1659 2923 ratione
1683 2899 1804 2929 explicat,
1825 2898 1895 2930 quor}
1920 2907 1931 2920 n
1946 2897 2043 2922 nullum
2064 2898 2249 2929 principiorum
2268 2895 2430 2921 essentialium

1495 2943 1606 2967 hominis
1626 2949 1672 2972 per
1692 2944 1801 2966 mortem
1822 2943 1927 2966 omnino
1947 2941 2020 2966 cedat
2040 2942 2063 2966 in
2079 2942 2184 2966 nihilum
2199 2951 2210 2964 n
2229 2941 2263 2972 (S.
2278 2947 2298 2965 c.
2313 2940 2380 2964 Gent.
2395 2937 2430 2962 Ν.
2467 2967 2468 2970 ¹

1495 2993 1517 3010 c.
1540 2986 1608 3017 81),
1630 2989 1749 3010 manente
1774 2985 1869 3010 scilicet
1894 2988 1948 3009 tum
1975 2986 2056 3009 forma
2082 2984 2177 3016 unica,
2205 2991 2270 3016 quae
2295 2985 2332 3007 est
2354 2981 2430 3006 anima

553 3140 648 3165 lLibr.
679 3140 730 3165 Vll.
760 3140 791 3165 de
818 3140 887 3165 Trin.
918 3148 940 3164 n.
968 3140 1017 3164 27:
1046 3140 1099 3165 Non
1128 3141 1196 3165 enim
1222 3148 1252 3165 ex
1281 3141 1429 3171 compositis

480 3187 557 3216 atquc.
583 3185 701 3208 inanimis
721 3183 803 3215 Deus,
824 3184 867 3216 qui
888 3184 938 3208 vita
965 3186 1014 3215 est,
1035 3184 1157 3209 subsistit.
1181 3198 1213 3201 —
1239 3184 1353 3209 Vocibus
1377 3191 1430 3217 qua

482 3227 655 3260 compositum
675 3228 732 3252 Vat.
755 3228 881 3253 interserit
906 3229 943 3253 est
961 3227 1072 3261 aliquid.
1096 3228 1200 3253 inferius
1226 3235 1274 3260 pro
1299 3227 1352 3254 uisi
1369 3235 1430 3254 eum

483 3271 539 3296 cod.
560 3272 578 3296 G
599 3271 662 3296 sine.

552 3315 562 3331 ‘2
583 3315 644 3340 Cod.
666 3323 694 3340 aa
720 3315 796 3341 sicut.
818 3316 872 3341 Mox
896 3319 954 3347 post
972 3316 1110 3349 spirituale
1130 3316 1187 3341 cod.
1214 3316 1249 3341 bb
1275 3316 1340 3341 bene
1361 3316 1431 3341 addit

483 3359 506 3382 et
526 3358 674 3390 corporale.

557 3401 567 3417 3
585 3401 633 3426 Csr.
655 3403 680 3427 ll.
700 3403 770 3427 Seni.
798 3403 822 3427 d.
848 3404 885 3427 le.
913 3411 935 3428 a.
956 3405 979 3428 2.
1000 3411 1024 3435 q.
1050 3405 1068 3428 l.
1090 3407 1114 3429 ct
1140 3412 1161 3428 a.
1183 3404 1206 3429 3.
1227 3412 1251 3436 q.
1279 3405 1300 3428 1.
1321 3411 1376 3436 seq.
1397 3418 1431 3422 --

1495 3141 1619 3171 Superius
1645 3144 1701 3171 post
1726 3139 1792 3165 inest
1813 3140 1868 3165 Vat.
1896 3139 2030 3171 subiungit
2055 3137 2162 3169 homini,
2184 3141 2208 3162 et
2227 3137 2330 3161 interius
2352 3133 2429 3159 eidem
2465 3167 2467 3171 .

1494 3184 1576 3209 verbo
1596 3184 1667 3209 addit
1686 3183 1768 3210 alicui
1786 3183 1889 3210 viventi.

1565 3228 1574 3244 4
1594 3229 1627 3253 lta
1648 3228 1724 3253 codd.
1746 3228 1827 3259 Flu,
1849 3229 1872 3252 in
1893 3228 1948 3252 aliis
1967 3230 1991 3252 et
2010 3227 2069 3252 edd.
2089 3226 2136 3252 lits.

1564 3272 1574 3288 ⁵
1595 3273 1649 3297 Vat.
1664 3280 1723 3297 cum
1740 3274 1828 3303 paucis
1841 3272 1916 3297 codd.
1931 3271 2100 3302 continuum,
2115 3273 2139 3295 ct
2152 3270 2255 3294 inferius
2268 3274 2320 3294 esse
2333 3263 2429 3292 actuale
2465 3265 2466 3296 1

1495 3324 1542 3347 pro
1561 3316 1630 3342 idem
1649 3316 1760 3342 actiiale.

1564 3359 1574 3375 ⁶
1594 3360 1691 3391 Supple
1710 3367 1768 3385 cum
1789 3359 1845 3384 cod.
1867 3360 1888 3384 Y
1913 3360 2035 3392 tempore.
2057 3359 2081 3382 ln
2108 3358 2157 3382 tine
2176 3357 2249 3382 solut.
2275 3361 2320 3386 pro
2347 3357 2428 3378 nume·
2464 3351 2466 3395 1

1494 3403 1554 3429 ruri
1572 3403 1629 3429 cod.
1649 3404 1671 3428 K
1691 3403 1830 3436 reparari,
1854 3403 1908 3428 Vat.
1928 3401 2029 3428 iterari.
2464 3401 2465 3408 ¹
