2483 3882
759 246 851 277 DlST.
878 246 964 279 XXV.
988 246 1070 278 ART.
1095 246 1114 277 1.
1139 247 1292 287 QUAEST.
1316 247 1336 278 Ι.

67 331 187 367 Deinde,
209 331 233 360 si
249 331 356 367 dignus
378 331 480 368 suerit,
504 331 541 360 ad
557 332 764 370 episcopatum
781 332 848 371 eligi
865 336 963 371 potest
979 343 1009 369 »;

67 379 147 418 quod
171 387 223 408 nos
245 379 333 408 etiam
357 379 420 416 pari
444 379 533 408 modo
552 387 673 409 servare
696 379 843 409 iubemus.
866 381 938 410 Item
961 382 1012 411 Fa-

66 428 184 458 bianus:
212 439 223 452 «
240 426 269 456 Si
286 426 354 464 quis
377 426 495 463 triginta
511 427 617 456 aetatis
640 435 698 456 non
714 427 883 466 impleverit
905 437 1012 466 anites,

1963 250 2021 281 (341

1074 333 1154 363 nullo
1177 333 1265 364 modo
1281 334 1440 373 presbyter
1455 335 1619 370 ordinetur,
1642 336 1696 365 etsi
1714 335 1800 366 valde
1822 335 1859 365 sit
1879 335 2025 373 dignus»3

1082 393 1093 407 «
1109 382 1179 419 qnia
1195 385 1224 411 et
1240 382 1303 420 ipse
1327 382 1470 412 Dominus
1485 383 1603 420 triginta
1623 392 1768 414 annorum
1784 383 1953 422 baptizatus
1969 388 2026 421 est,

1077 433 1105 459 et
1126 430 1170 459 sie
1192 431 1293 469 coepit
1315 430 1467 461 docere».

384 579 877 634 COMMENTARIUS
916 582 985 634 IN
1022 582 1516 639 DISTINOTIONEM
1554 586 1702 640 XXV.

733 698 784 734 De
813 697 1067 748 dispensatione
1097 700 1182 736 sacri
1212 700 1351 737 ordinis.

497 802 581 834 Solet
605 802 702 834 ctiam
728 803 866 845 quaeri,
890 803 922 835 si
945 803 1102 836 haeretici
1124 804 1166 836 ab
1192 805 1337 837 Ecclesia
1360 807 1506 847 praecisi
1529 811 1585 840 etc.

881 914 1018 947 DIVISIO
1043 915 1066 945 T
1071 915 1198 947 EXTUS.

144 1024 244 1065 Supra
268 1023 330 1065 egit
354 1023 498 1064 Magister
522 1023 561 1055 de
585 1023 713 1062 ordine3
738 1024 788 1056 hie
812 1024 875 1065 agit
900 1025 938 1057 de
956 1034 1006 1066 po-

56 1079 164 1110 testate
187 1076 364 1109 conferendi
390 1076 525 1108 ordines.
554 1077 587 1108 Et
611 1077 759 1118 quoniam
780 1081 917 1118 potestas
941 1078 1005 1109 exi-

56 1130 98 1171 git
113 1129 275 1161 materiam
295 1129 430 1161 debitam
448 1133 477 1161 et
493 1130 498 1145 ¹
517 1129 654 1161 debitam
672 1129 916 1169 ordinationem,
934 1130 1004 1162 ideo

54 1181 154 1224 primo
178 1181 241 1222 agit
265 1181 409 1222 Magister
430 1181 468 1213 de
492 1184 645 1223 potestate
669 1182 848 1214 conferendi
866 1183 1002 1215 ordines.

54 1234 194 1267 Secundo
218 1243 293 1266 vero
310 1234 349 1266 de
371 1234 460 1272 viti0,
478 1234 562 1276 quod
586 1234 693 1267 incidit
710 1236 792 1267 circa
816 1235 936 1267 ordinis
953 1236 1004 1267 da-

53 1287 165 1319 t10netn
191 1290 221 1318 et
244 1286 492 1328 susceptionem,
518 1287 602 1329 quod
628 1290 674 1319 est
698 1287 845 1326 simonia,
872 1288 931 1321 ibi:
959 1289 1004 1320 De

52 1339 243 1371 simoniacis
258 1349 334 1371 vero
350 1349 415 1371 non
432 1344 478 1371 est
493 1340 736 1382 ainbtyemtmn.
752 1340 856 1372 Tertio
870 1350 946 1373 vero
964 1341 1002 1373 de

53 1392 217 1425 idoneitate
238 1392 505 1431 ordinandorum,
522 1393 661 1425 maxime
678 1396 831 1434 quantum
857 1393 897 1425 ad
922 1396 1003 1425 aeta-

53 1446 111 1477 tem
123 1469 130 1483 ,
147 1444 206 1476 ibi:
225 1444 270 1476 Dc
293 1448 398 1476 aetate
422 1445 705 1483 ordinandorum,
723 1445 835 1477 ultimo
853 1446 1001 1487 capitulo.

138 1496 240 1528 Prima
263 1505 337 1538 pars
361 1497 456 1529 habet
476 1500 549 1529 tres.
568 1498 599 1529 ln
616 1497 719 1539 prima.
740 1499 844 1539 arguit
867 1499 907 1530 ad
932 1508 1001 1540 par-

1073 1029 1133 1057 tem
1157 1026 1285 1064 falsam,
1310 1027 1495 1066 ostendens,
1520 1029 1604 1070 quod
1630 1029 1776 1062 haeretici
1802 1040 1863 1063 non
1888 1037 2020 1073 possunt

1070 1078 1196 1111 ordines
1228 1079 1314 1111 dare.
1346 1080 1379 1111 ln
1404 1080 1541 1112 secunda
1573 1082 1612 1113 ad
1644 1086 1766 1123 partem
1800 1093 1925 1123 veram,
1959 1085 2016 1117 ibi:

1072 1131 1195 1163 Contra
1212 1136 1322 1164 antem
1339 1133 1401 1164 alit
1415 1133 1535 1165 sentire
1551 1134 1705 1166 videntur
1722 1140 1780 1168 etc.
1805 1137 1835 1168 ln
1855 1138 1945 1169 tertia
1963 1138 2022 1170 sol-

1070 1183 1148 1222 vit2',
1174 1184 1232 1216 ibi:
1258 1185 1347 1216 Haec
1363 1189 1474 1217 autent
1497 1186 1634 1228 qnidam
1655 1188 1703 1219 ita
1727 1188 2021 1222 determinantem.

1161 1237 1203 1268 Dc
1227 1238 1421 1270 simoniacis
1444 1249 1520 1271 vero
1545 1249 1610 1272 non
1634 1245 1681 1272 est
1703 1241 1937 1284 atnhigycndzton
1963 1246 2021 1275 etc.

1070 1290 1148 1322 Haec
1164 1294 1211 1322 est
1234 1292 1372 1324 secunda
1389 1301 1476 1333 pars,
1493 1293 1524 1324 in
1542 1303 1603 1334 qua
1620 1295 1682 1335 agit
1707 1295 1745 1329 de
1771 1295 1858 1334 vitio,
1876 1296 1960 1337 qnod
1978 1297 2021 1327 in-

1070 1343 1143 1374 cidit
1161 1343 1243 1375 circa
1264 1344 1412 1377 ordinum
1436 1345 1593 1378 dationem
1618 1350 1648 1378 et
1672 1348 1917 1389 susceptionem,
1935 1349 2019 1390 quod

1068 1395 1196 1436 quidem
1211 1399 1257 1428 est
1271 1396 1417 1436 simonia3
1431 1401 1460 1429 et
1474 1398 1568 1430 habet
1585 1398 1662 1431 haec
1678 1408 1752 1440 pars
1769 1400 1856 1432 duas.
1872 1401 1904 1432 ln
1918 1401 2020 1442 prima

1068 1447 1131 1487 agit
1156 1448 1194 1480 de
1218 1448 1320 1490 culpa.
1346 1450 1378 1481 In
1404 1451 1542 1482 secunda
1566 1459 1641 1483 vero
1665 1452 1728 1493 agit
1752 1452 1791 1484 de
1815 1462 1932 1494 poena,
1955 1453 2018 1485 ibi:

1068 1498 1185 1541 Differt
1209 1504 1317 1532 tamen
1342 1501 1426 1533 inter
1450 1512 1502 1533 eos
1526 1503 1584 1544 qai
1607 1503 1809 1536 ordinantur
1831 1508 1887 1537 etc.

781 1622 990 1654 TRACTATIO
1015 1623 1288 1664 QUAESTIONUM.

133 1735 178 1768 Ad
212 1736 448 1777 intelligentiam
484 1737 658 1778 praesentis
694 1737 900 1770 distinctionis
936 1738 999 1770 duo

47 1787 259 1830 principaliter
283 1793 490 1831 quaeruntur.

131 1841 235 1873 Primo
259 1842 423 1883 quaeritur
449 1842 487 1874 de
513 1845 663 1883 potestate
688 1842 864 1874 ordinandi.

132 1895 285 1934 Secundo,
310 1895 349 1927 de
372 1895 578 1937 possibilitate
602 1895 861 1927 ordinandorum.

131 1947 219 1980 Circa
243 1948 382 1990 primum
407 1952 604 1990 quaeruntur
628 1952 774 1990 quatuor.

131 2000 249 2040 Primo,
273 2004 382 2033 utrum
408 2001 494 2034 solus
518 2001 684 2043 episcopus
716 2002 813 2043 possit
837 2001 995 2034 ordinare.

1153 1739 1313 1778 SecundO,
1331 1743 1440 1772 utrum
1465 1741 1632 1783 episcopus
1657 1742 1835 1775 haereticus
1858 1745 1956 1785 possit
1973 1755 2019 1777 or-

1064 1791 1153 1823 dines
1177 1792 1263 1824 dare.

1152 1844 1273 1883 Tertio,
1290 1848 1399 1877 utrum
1424 1845 1615 1879 simoniacus
1631 1847 1797 1890 episcopus
1813 1849 1951 1890 aliquem
1969 1860 2019 1882 va-

1062 1896 1123 1929 leat
1146 1897 1290 1929 ordinem
1316 1898 1462 1931 vendere.
1787 1937 1792 1939 .

1150 1951 1282 1991 Quarto,
1306 1954 1416 1983 utrum
1440 1952 1567 1985 ordines
1591 1953 1669 1985 dans
1701 1953 1869 1988 simoniace
1894 1965 1934 1988 ex
1960 1956 2017 1989 hoc

1061 2002 1128 2044 ipso
1152 2003 1206 2035 fiat
1228 2003 1416 2036 haereticus.

868 2126 1134 2165 ARTICULUS
1160 2128 1184 2164 I.

809 2229 854 2260 Dc
873 2233 1031 2270 potestate
1055 2229 1245 2261 ordinandi.

911 2341 1094 2381 QUAESTIO
1118 2341 1138 2371 1.

656 2438 774 2470 Utrum
798 2437 888 2469 sotus
912 2438 1082 2479 episcopas
1102 2438 1208 2479 possit
1233 2438 1401 2470 ordinare.

128 2548 215 2581 Circa
237 2549 376 2590 primum
394 2548 577 2589 proceditur
594 2548 638 2580 sic
655 2551 684 2580 et
700 2548 886 2587 ostenditur,
903 2549 988 2590 quod

42 2601 125 2633 solus
147 2601 311 2643 episcopus
334 2600 432 2642 possit
455 2600 612 2632 ordinare.

129 2655 155 2685 1.
179 2654 224 2686 Ad
246 2654 402 2686 Hebraeos
434 2653 604 2694 septimo³z
631 2652 707 2685 Sine
730 2653 800 2685 alta
824 2653 989 2685 contracti-

0 2705 141 2737 ata-ctione
164 2706 250 2748 quod
272 2706 383 2737 minus
407 2709 452 2737 est
476 2715 497 2737 a
533 2705 660 2736 maiore
689 2704 909 2742 benedicitar;
933 2704 988 2736 sed

41 2758 184 2790 ordinum
208 2759 331 2791 collatio
353 2762 400 2791 est
416 2767 473 2800 per
490 2758 751 2790 benedictionem:
770 2766 845 2799 ergo
862 2766 988 2790 necesse

41 2813 99 2849 est,
123 2811 205 2852 quod
229 2811 281 2844 ille
305 2811 358 2853 qui
390 2811 516 2843 ordines
548 2810 683 2849 confert,
712 2810 912 2842 eminentiam
939 2810 989 2841 ha-

41 2862 110 2895 beat
132 2863 214 2895 ultra
237 2873 346 2896 omnes
370 2864 504 2896 ordines.
523 2864 580 2895 Sed
604 2863 674 2895 talis
696 2872 755 2894 non
778 2866 824 2895 est
848 2862 905 2894 nisi
929 2862 990 2903 epi-

42 2923 167 2957 scopus:
192 2925 266 2957 ergo
291 2920 347 2949 etc.
565 2915 567 2917 ’

127 2969 155 2999 ⁶2.
181 2969 271 3008 item,
296 2969 433 3001 Isidorus
458 2969 488 3000 in
519 2968 599 3000 libro
631 2968 763 3009 septimo
789 2967 991 3008 Etymologia-

1054 2557 1137 2586 rum,
1154 2549 1291 2590 capitulo
1308 2549 1496 2581 duodecimo
1510 2550 1531 2588 ⁴,
1550 2550 1680 2592 loquens
1694 2551 1732 2583 de
1747 2551 1848 2583 officio
1862 2553 2010 2595 episcopi,

1054 2601 1139 2633 dicit:
1172 2601 1266 2643 «Ipse
1291 2605 1320 2633 et
1345 2610 1489 2634 summus
1513 2603 1676 2641 sacerdos,
1707 2604 1773 2645 ipse
1806 2608 1836 2636 et
1867 2606 2009 2646 pontifex

1054 2654 1213 2686 maximus
1226 2654 1422 2692 nominatur;
1436 2655 1502 2696 ipse
1515 2655 1598 2687 enim
1611 2655 1705 2687 efficit
1718 2657 1897 2690 sacerdotes
1914 2662 2008 2700 atque

1054 2706 1181 2745 levitas,
1206 2707 1272 2747 ipse
1296 2715 1404 2738 omnes
1428 2707 1653 2740 ecclesiasticos
1677 2709 1803 2741 ordines
1828 2710 2009 2751 disponit».

1144 2758 1172 2789 3.
1198 2758 1291 2797 item,
1316 2758 1444 2790 ratione
1468 2759 1609 2791 videtur:
1636 2761 1709 2802 quia
1734 2761 1802 2794 eius
1831 2766 1878 2794 est
1902 2763 1933 2795 in
1958 2764 2010 2796 Ec-

1054 2811 1147 2842 clesia
1171 2811 1297 2843 ordines
1321 2812 1527 2850 constituere,
1553 2813 1643 2845 cuius
1667 2817 1714 2845 est
1751 2815 1918 2848 Ecclesiam
1954 2826 2008 2858 gu-

1054 2863 1204 2902 bernareg
1230 2863 1283 2895 sed
1309 2864 1494 2905 gubernatio
1513 2865 1720 2898 Ecclesiarum
1738 2871 1856 2908 spectat
1881 2869 1920 2901 ad
1946 2869 2009 2910 epi-

1055 2924 1178 2957 scopos,
1203 2916 1257 2957 qui
1281 2920 1354 2948 sunt
1378 2916 1671 2959 superintendentes
1686 2918 1713 2950 ⁵:
1732 2928 1806 2960 ergo
1830 2923 1860 2951 et
1885 2920 2006 2962 dispen-

1055 2968 1132 2999 satio
1157 2968 1315 2999 ordinum.

109 3142 117 3158 1
138 3144 184 3169 Pro
203 3144 344 3171 materiam
357 3144 470 3171 debitam
483 3147 521 3177 et,
538 3145 611 3177 qnod
625 3145 720 3170 liabent
733 3145 810 3170 codd.
829 3147 849 3169 Α
861 3146 882 3176 Q
893 3145 911 3169 R
925 3146 941 3169 S
953 3145 986 3176 T,

40 3186 160 3218 quodque
173 3188 231 3213 edd.
246 3190 378 3220 omittunt,
393 3189 451 3215 cod.
473 3190 490 3214 E
510 3190 639 3214 naturam
652 3187 766 3214 debitam
779 3190 817 3220 et,
839 3189 916 3213 codd.
938 3189 955 3212 L
968 3189 987 3213 U

40 3228 146 3255 modum
165 3230 279 3257 debitum
298 3234 336 3263 et,
356 3232 413 3258 cod.
434 3232 454 3257 Ο
474 3232 551 3258 modo
570 3231 669 3263 debito,
692 3232 732 3256 alii
752 3231 838 3257 modo.

108 3272 119 3288 2
137 3274 184 3299 Pro
202 3274 279 3300 solvit
298 3276 357 3301 edd.
377 3277 467 3302 aulem
485 3275 635 3309 praedictas
655 3274 856 3301 contrarietates
875 3275 910 3300 acl
928 3282 988 3301 con-

40 3315 204 3343 cordantiam
226 3318 335 3345 reducit.
365 3320 475 3345 Eaedem
496 3320 557 3345 edd.
579 3321 603 3344 in
624 3319 674 3344 sine
693 3319 792 3345 addunt
813 3319 901 3346 Tertia
920 3327 986 3353 pars

40 3362 157 3386 remanet
173 3361 294 3388 indivisa.

178 3413 205 3439 S.
225 3415 324 3441 Bonav.
343 3430 378 3434 -
398 3417 472 3441 Tom.
494 3417 534 3441 lv.

1125 3145 1135 3161 3
1155 3145 1226 3169 Vers.
1250 3146 1273 3169 7.
1303 3145 1410 3176 Vulgata
1437 3144 1544 3170 meliore
1570 3152 1617 3176 pro
1645 3145 1754 3171 medere.
1773 3161 1807 3164 —
1828 3147 1935 3173 Inferius
1956 3156 2004 3180 pro

1053 3196 1143 3214 omnes
1163 3190 1235 3213 multi
1255 3189 1330 3213 codd.
1353 3190 1413 3214 tres.

1122 3233 1132 3248 ⁴
1151 3233 1227 3258 Num.
1254 3233 1290 3257 13.
1312 3234 1359 3258 Pro
1378 3233 1431 3265 [pse
1444 3234 1468 3258 ct
1479 3233 1599 3266 pontisesc
1617 3234 1756 3260 ntaa‘imas
1770 3236 1848 3261 codd.
1868 3236 1922 3269 ipse
1939 3244 2003 3270 port-

1052 3276 1117 3310 tt'fca¹
1137 3278 1161 3301 et
1179 3275 1325 3302 mamimus.

1121 3320 1131 3336 5
1152 3320 1181 3345 Ut
1202 3320 1262 3345 dicit
1281 3320 1368 3345 isidor.
1389 3328 1467 3352 supra
1487 3321 1521 3346 11ι.
1541 3321 1668 3354 Magistri,
1692 3322 1716 3347 d.
1737 3323 1830 3348 XXIV.
1852 3331 1874 3349 c.
1903 3324 1940 3349 153.

1827 3420 1854 3444 81
