2483 3882
0 445 57 467 linus.

0 537 51 563 lugo.

0 585 56 605 finus.

0 2288 48 2310 nl.

0 2434 48 2455 ²12.

2 2865 53 2888 inus.

902 241 995 272 DIST.
1020 241 1080 272 XX.
1107 240 1135 271 1).
1161 240 1193 272 Π.

67 333 185 373 quando
203 335 260 361 tam
277 339 344 360 sera
362 330 450 365 venit,
465 329 586 368 quando
602 329 755 358 cruciatus
776 328 910 358 membra
933 328 1013 366 ligat,

66 386 94 413 et
109 381 193 411 dolor
215 387 334 409 sensum
357 377 515 416 opprimit,
531 381 563 406 ut
579 377 628 406 vix
644 377 734 406 homo
751 377 864 414 aliquid
881 377 1013 414 cogitare

68 430 180 464 valeat;
203 427 307 457 melior
334 429 378 456 est
403 429 503 455 tamen
532 433 598 455 sera
628 433 718 463 quam
744 425 846 454 nulla¹
864 437 890 454 ι).
918 437 929 450 «
945 425 1014 453 Poe-

66 477 185 509 nitentia
209 476 304 509 enim,
326 474 351 504 si
375 475 403 503 in
426 477 560 503 extremo
590 474 668 503 vitae
697 473 781 503 hiatu
811 473 948 509 advenit,
970 480 1014 501 sa-

66 530 116 557 nat
143 528 171 555 et
199 522 374 552 liberat2».
404 522 556 551 «Multum
585 529 651 550 sera
682 521 736 550 suit
758 521 881 550 latronis
909 519 1014 559 poeni-

70 572 176 606 tentia,
198 571 250 600 sed
272 578 329 600 nou
354 570 407 599 suit
428 577 494 599 sera
516 567 746 607 indulyemz'a».
770 568 827 597 Sed
856 580 868 593 «
885 567 954 597 licet
975 567 1013 597 la-

66 625 110 650 tro
132 619 248 649 veniam
277 618 435 647 meruisset
464 617 492 646 in
522 616 579 645 fine
612 616 649 645 de
679 615 759 645 omni
782 615 924 651 crimine⁷
954 623 1012 644 non

65 673 160 699 tamen
184 666 266 696 dedit
288 665 447 704 baptizatis
462 664 608 703 peccandi
632 667 660 694 et
676 663 890 702 perseverandi
913 667 1014 692 aucto-

64 717 180 747 ritatem
196 727 223 743 ι».

474 809 543 840 ΟΑΡ.
565 810 597 838 ΙΙ.

191 909 233 938 De
255 907 303 937 Itis
324 906 380 947 qui
397 905 614 946 poenitentiam
635 914 699 935 non
720 905 878 944 complent.

141 1004 170 1034 Si
194 1013 264 1034 vero
291 1004 448 1042 quaeritur
471 1003 508 1033 de
531 1002 589 1032 illis
611 1003 663 1040 qui
693 1002 721 1031 in
744 1002 801 1031 hac
831 1002 890 1031 vita
912 1001 1013 1039 poeni-

64 1053 182 1084 tentiam
199 1061 257 1082 non
272 1052 437 1090 complent,
455 1054 554 1081 utrum
572 1050 723 1080 transituri
740 1050 798 1079 sint
814 1058 868 1088 per
884 1050 981 1086 ignem
992 1048 1012 1086 ³,

62 1107 94 1133 ut
116 1102 154 1131 ibi
178 1101 264 1140 quasi
286 1101 456 1139 compleant
472 1100 554 1138 quod
576 1100 625 1129 hic
650 1099 748 1129 minus
764 1099 910 1133 lecerunt,
934 1097 1012 1127 idem

62 1151 189 1180 dicimus
212 1153 240 1179 et
262 1149 300 1179 de
326 1149 388 1178 istis
412 1157 476 1179 esse
503 1148 701 1183 sentiendum,
724 1150 752 1177 et
774 1147 811 1177 de
834 1147 881 1176 bis
908 1147 959 1184 qui
983 1146 1012 1175 in

63 1199 202 1230 extremis
228 1199 392 1236 poenitent.
422 1197 451 1227 Si
480 1198 558 1227 enim
590 1200 669 1227 tanta
698 1196 787 1226 fuerit
817 1195 918 1225 cordis
947 1204 1013 1225 con-

62 1247 140 1277 tritio
163 1250 192 1276 et
213 1246 315 1276 delicti
338 1245 547 1284 exprobratio,
566 1249 598 1275 ut
620 1245 750 1275 sufficiat
766 1244 804 1274 ad
826 1243 1012 1282 puniendum

62 1298 233 1335 peccatum3
257 1294 343 1324 liberi
367 1294 404 1323 ab
434 1294 500 1323 aliis
523 1294 629 1332 poenis
660 1296 814 1322 transeunt
843 1293 880 1322 ad
905 1293 1012 1328 vitam,

63 1344 114 1374 etsi
138 1342 289 1380 inexpleta
317 1342 405 1371 fuerit
434 1342 631 1379 poenitentia,
659 1341 731 1379 quia
760 1340 892 1378 perfecte
914 1340 1014 1378 poeni-

63 1395 181 1422 tuerunt
203 1394 232 1420 et
253 1391 463 1428 ingemuerunt
485 1389 586 1419 corde.
608 1389 663 1424 Qui
688 1397 758 1418 vero
773 1397 830 1418 non
854 1388 929 1418 adeo
946 1396 1014 1417 con-

63 1443 198 1470 teruntur
227 1439 319 1469 corde
348 1443 376 1468 et
405 1439 606 1476 ingemiscunt
634 1446 689 1476 pro
718 1441 861 1476 peccato;
891 1437 916 1466 si
945 1441 1014 1466 ante

977 1599 1058 1630 PARS

465 1746 533 1776 CAP.
557 1746 602 1776 ΠΙ.

87 1847 129 1876 Dc
141 1845 195 1875 illo
209 1844 259 1875 cui
268 1843 406 1874 sacerdos
419 1842 601 1873 indiscretus
614 1841 749 1882 abzizcozyz'c
756 1841 986 1882 poenitentium.

138 1943 167 1973 Si
193 1951 263 1972 vero
286 1942 323 1971 de
352 1942 402 1971 illo
432 1941 602 1979 quaeritur,
632 1940 683 1979 qui
710 1940 943 1969 satisfactionem
975 1939 1014 1968 in-

61 1992 191 2022 iunctam
214 1991 401 2029 impleverit,
424 1997 502 2027 quae
525 1990 693 2026 ignorantia
711 1988 756 2018 vel
773 1988 953 2025 negligentia
971 1996 1014 2018 sa-

61 2040 190 2070 cerdotis
212 2042 339 2078 peccato
362 2038 511 2075 condigna
534 2046 591 2067 non
613 2037 684 2073 fuit⁷
708 2041 809 2067 utrum
831 2037 868 2066 de
885 2037 946 2067 vita
963 2038 1015 2066 mi-

60 2096 147 2126 grans
169 2088 206 2117 ab
229 2088 309 2116 omni
332 2095 430 2125 poena
453 2086 529 2115 liber
553 2086 609 2121 sit3
633 2085 711 2115 idem
734 2085 914 2123 respondeo,
931 2084 1011 2123 quod

60 2135 174 2175 supra⁶
196 2136 233 2165 de
255 2135 305 2164 illo
328 2135 379 2173 qui
407 2134 622 2173 poenitentiam
646 2142 704 2163 non
729 2133 910 2171 complevit,
934 2133 1013 2168 dixi,

61 2185 140 2224 quod
170 2185 194 2213 si
225 2187 339 2214 tantum
369 2187 413 2213 est
444 2183 606 2212 lamentum
638 2182 790 2211 interioris
819 2182 952 2218 doloris,
982 2185 1014 2211 ut

61 2234 188 2264 sufficiat
210 2234 238 2263 in
262 2233 425 2262 vindictam
448 2232 582 2270 peccati,
607 2231 727 2261 omnino
751 2231 896 2260 liberatus
912 2234 972 2267 est;
989 2231 1013 2259 si

63 2291 132 2312 vero
155 2291 212 2312 non
234 2281 345 2311 sufficit
366 2281 453 2310 dolor
476 2281 600 2310 interior
621 2280 710 2309 simul
744 2288 812 2309 cum
847 2288 942 2317 poena
974 2279 1015 2307 in-

62 2330 177 2366 iuncta,
200 2330 290 2360 addet
314 2330 391 2359 Deus
414 2337 551 2367 poenam.
568 2328 651 2363 Quod
669 2331 768 2357 autem
786 2327 937 2357 interdum
954 2327 1015 2356 sus-

62 2379 140 2409 ficiat
163 2379 248 2408 dolor
270 2378 394 2408 interior
417 2377 453 2407 ad
478 2377 641 2406 vindictam
664 2377 797 2415 peccati;
821 2380 938 2405 certum
961 2376 1014 2405 do-

63 2431 234 2457 cumentum
264 2427 410 2456 habemus
443 2426 470 2455 in
501 2425 551 2455 illo
583 2425 714 2460 latrone,
738 2425 789 2463 qui
813 2424 875 2454 sola
906 2425 1014 2453 mentis

63 2476 238 2505 contritione
260 2479 289 2505 et
321 2474 507 2504 consessione
540 2474 655 2507 statim,
689 2477 721 2502 ut
753 2481 920 2502 conversus
943 2472 1013 2507 suit,

62 2524 234 2563 paradisum
257 2523 372 2561 ingredi
397 2523 515 2552 meruit.
538 2522 595 2551 Sed
619 2522 690 2560 quia
713 2522 937 2559 dispensatores
961 2521 1013 2549 Ec-

61 2572 168 2602 clesiae
190 2571 379 2602 contritionis
394 2571 591 2609 quantitatem
609 2578 666 2599 non
684 2569 884 2607 perpendunt,
901 2569 1012 2606 quibus

60 2629 116 2650 non
139 2624 182 2651 est
204 2621 306 2650 datum
329 2619 496 2655 intelligere
529 2618 648 2648 occulta
680 2618 838 2653 cordium;
873 2617 1013 2646 omnibus

61 2668 141 2707 leges
162 2669 364 2707 poeniteutiae
386 2668 589 2702 constituunt,
613 2671 671 2696 tam
695 2666 790 2704 magis
806 2674 895 2704 quam
913 2666 1013 2694 minus

61 2717 98 2747 de
119 2720 243 2755 peccato
266 2717 447 2746 dolentibus
474 2716 607 2751 Quorum
630 2715 762 2744 studium
786 2714 823 2743 ad
845 2714 904 2743 hoc
926 2721 1013 2751 prae-

63 2766 149 2804 cipue
173 2766 294 2795 tendere
317 2765 424 2801 debet,
447 2768 479 2794 ut.
500 2764 601 2793 cordis
624 2763 775 2798 dolorem,
798 2766 942 2801 quantum
971 2761 1013 2791 sas

64 2817 121 2849 est,
143 2818 324 2852 cognoscant
347 2817 375 2843 et
397 2813 564 2843 secundum
582 2813 675 2850 ipsius
691 2812 813 2841 modum
836 2810 1014 2840 satisfactio-

64 2870 130 2891 nem
153 2863 314 2901 iniungant.
336 2862 421 2891 Unde
444 2862 627 2900 Augustinus
641 2861 670 2889 ⁷:
700 2873 711 2886 «
726 2860 756 2889 Iu
773 2860 891 2889 actione
914 2859 1014 2897 poeni-

1964 240 2025 270 5115

1078 328 1279 366 expletionem
1310 326 1511 365 poenitentiae
1540 325 1738 359 decesserint,
1764 325 1861 363 ignem
1890 328 2028 363 purgato-

1079 377 1156 406 rium
1179 376 1307 405 sentient
1336 378 1365 405 et
1385 375 1507 413 gravius
1529 374 1705 412 punientur,
1732 382 1823 412 quam
1852 374 1875 402 si
1906 373 1955 402 hic
1978 374 2029 402 im-

1079 424 1210 462 plessent
1239 423 1472 461 poenitentiam3
1500 421 1689 452 horrendam
1718 425 1759 451 esc
1787 421 1868 451 em'm
1895 420 2028 451 incidere
2043 430 2134 451 Dubium
2152 429 2174 450 5.

1078 471 1112 501 z'n
1134 480 1245 501 manus
1260 470 1317 501 Dei
1338 470 1472 500 viventis.
1489 471 1568 500 Deus
1590 471 1685 505 enim,
1708 478 1776 499 cum
1798 470 1835 499 sit
1857 470 2028 499 miseri00rs

1078 524 1107 549 et
1129 521 1239 555 iustus,
1262 529 1299 549 ex
1319 518 1532 549 misericordia
1555 519 1718 557 poenitenti
1743 518 1881 555 ignoscit,
1906 526 1963 547 uon
1986 526 2030 547 re-

1078 576 1202 597 servans
1230 571 1389 606 peccatum
1419 567 1455 596 ad
1488 575 1613 605 poenam
1642 570 1813 601 aeternam,
1843 574 1880 596 ex
1913 565 2030 595 z'uscz'cz‘a

1079 624 1149 645 vero
1173 616 1353 653 impunitum
1380 624 1438 644 non
1461 615 1583 644 dimittit
1611 615 1765 644 delletum.
1787 617 1846 644 Aut
1875 614 1954 644 enim
1977 623 2029 652 pu-

1079 664 1121 692 nit
1143 665 1249 698 bomo,
1271 667 1322 693 aut
1351 665 1438 693 Deus.
1463 664 1556 693 Homo
1584 667 1684 693 autem
1715 664 1800 702 punit
1831 663 2030 701 poenitendo,

1078 712 1157 741 Deus
1179 716 1279 742 autem
1302 721 1430 750 poenam
1453 713 1600 750 exigendo
1614 713 1634 743 ¹¹.
1659 713 1692 741 tit
1715 716 1758 743 est
1786 712 1968 750 poenitentia
1991 712 2031 741 in-

1080 760 1170 789 terior
1192 763 1221 789 et
1242 760 1382 790 exterior.
1401 760 1430 790 Si
1453 769 1524 797 ergo
1547 761 1669 790 interior
1686 761 1849 798 poenitudo
1871 764 1951 789 tanta
1972 760 2032 789 sue-

1078 808 1132 843 rit,
1155 811 1186 837 ut
1207 808 1244 837 sit
1267 808 1419 838 sufficiens
1448 809 1521 838 ultio
1546 810 1674 846 peccati;
1704 810 1801 843 Deus,
1824 809 1874 846 qui
1899 808 1956 837 hoc
1979 816 2028 837 no-

1079 856 1136 891 vit,
1159 855 1197 884 ab
1220 855 1270 884 illo
1294 856 1344 893 qui
1376 856 1474 885 taliter
1496 857 1640 894 poenitet,
1668 856 1793 886 ulterius
1815 864 1944 894 poenam
1972 863 2029 884 non

1078 903 1178 940 exigit.
1202 903 1231 933 Si
1262 912 1333 933 vero
1357 904 1480 933 interior
1506 905 1670 942 poenitudo
1694 913 1750 934 non
1781 904 1892 934 suffieit
1920 904 1947 933 in
1973 904 2032 932 vin*

1078 952 1189 981 dictam
1222 952 1339 989 peccati
1353 976 1360 987 ‚
1392 960 1447 981 nec
1483 953 1614 981 exterior
1651 953 1832 990 poenitentia
1867 952 2028 990 impletur;

1077 1000 1173 1034 Deus,
1196 1000 1247 1037 qui
1278 999 1383 1029 modos
1413 1003 1442 1029 et
1464 1008 1620 1030 mensuras
1649 1005 1843 1038 peccatorum
1874 1004 1902 1030 et
1925 1008 2032 1038 poena-

1078 1057 1143 1078 rum
1167 1049 1265 1084 novit‚
1288 1048 1372 1078 addit
1394 1056 1520 1086 poenam
1543 1049 1749 1078 sufficientem.
1780 1062 1791 1075 a
1807 1049 1931 1079 Studeat
1960 1057 2030 1086 ergo
2059 1054 2090 1074 De
2105 1059 2154 1074 vera
2171 1056 2192 1084 qt

1078 1098 1207 1136 quisque
1239 1098 1282 1127 sic
1315 1097 1423 1127 delicta
1457 1098 1625 1134 corrigere,
1652 1101 1684 1127 ut
1716 1102 1783 1135 post
1817 1101 1941 1127 mortem
1971 1106 2029 1127 non
2046 1080 2192 1127 sffiiiaf'oem‘

1077 1149 1215 1183 oporteat
1237 1154 1365 1184 poenam
1382 1145 1519 1175 tolerare.
1543 1144 1696 1180 Quaedam
1713 1146 1791 1174 euim
1814 1149 1939 1183 peccata
1957 1153 2031 1174 mor-
2047 1150 2139 1171 Dubium
2157 1151 2176 1171 6.

1079 1194 1148 1224 talia
1172 1195 1198 1223 in
1222 1195 1405 1232 poenitentia
1429 1195 1503 1224 liunt
1527 1194 1671 1229 venialia,
1694 1203 1751 1223 non
1776 1197 1873 1224 tamen
1898 1202 1966 1224 mox
1989 1202 2032 1223 sa-

1078 1246 1194 1272 nantur.
1219 1242 1315 1281 Saepe
1338 1243 1416 1272 enim
1440 1243 1576 1272 infirmus
1599 1246 1784 1278 moreretur,
1806 1243 1829 1271 si
1861 1251 1918 1271 non
1943 1242 2033 1271 medi-

1078 1295 1212 1326 caretum
1236 1299 1292 1320 uon
1318 1295 1415 1321 tamen
1438 1291 1537 1320 statim
1562 1291 1729 1320 medicatus
1751 1294 1889 1323 samitur:
1912 1290 2031 1327 languet

1079 1339 1230 1376 victurus,
1254 1340 1305 1377 qui
1328 1340 1413 1377 prius
1436 1342 1499 1368 erat
1521 1339 1694 1369 moriturus.
1717 1338 1771 1373 Qui
1794 1342 1893 1368 autem
1923 1339 2032 1376 impoe-

1079 1388 1176 1417 nitens
1192 1389 1318 1417 moritur
1335 1388 1455 1417 omnino
1469 1388 1595 1417 moritur
1618 1391 1646 1417 et
1662 1387 1853 1417 aeternaliter
1868 1388 2030 1417 cruciatur.
2048 1392 2140 1413 Dubium
2158 1391 2178 1413 7.

1079 1437 1108 1466 Si
1126 1437 1204 1466 enim
1228 1445 1348 1475 semper
1371 1437 1500 1472 viveret,
1521 1445 1641 1475 semper
1665 1440 1806 1474 peccaret
1822 1436 1870 1464 ὅ».

1082 1598 1115 1629 11.

1081 1745 1207 1780 tentiae,
1230 1744 1281 1774 ubi
1306 1744 1363 1774 tale
1385 1744 1580 1773 commissum
1604 1747 1663 1780 est,
1687 1747 1718 1773 ut
1741 1743 1765 1772 is
1789 1743 1840 1781 qui
1864 1743 2035 1778 commisit,

1080 1801 1096 1822 a
1119 1793 1227 1822 Clu-isti
1251 1793 1340 1822 etiam
1364 1800 1492 1830 corpore
1516 1796 1693 1830 separetur;
1729 1800 1785 1821 non
1821 1795 1878 1821 tam
1903 1791 2037 1821 conside-

1079 1841 1173 1871 randa
1197 1844 1242 1870 est
1264 1849 1403 1870 mensura
1438 1841 1582 1878 temporis
1604 1849 1694 1879 quam
1718 1841 1849 1869 doloris:
1874 1840 1931 1869 Cor
1953 1839 2034 1869 enim

1080 1889 1245 1919 contritum
1278 1894 1305 1919 et
1337 1888 1535 1919 lmmilz'abzmz
1569 1890 1649 1919 Deus
1680 1898 1743 1918 mm
1766 1887 1898 1927 despicit.
1922 1888 2034 1918 Verum

1079 1939 1151 1977 quia
1180 1939 1361 1977 plerumque
1393 1938 1479 1967 dolor
1501 1938 1625 1968 alterius
1647 1938 1748 1967 cordis
1771 1937 1909 1967 occultus
1931 1941 1976 1966 est
1999 1937 2038 1967 al-

1080 1988 1133 2017 teri
1158 1996 1212 2017 nec
1235 1988 1263 2016 in
1288 1987 1415 2017 aliorum
1440 1987 1575 2016 notitiam
1610 1987 1664 2016 nisi
1698 1995 1753 2025 per
1785 1986 1878 2015 verba
1902 1985 1948 2015 vel
1977 1985 2035 2015 alia

1080 2044 1292 2074 quaecumque
1313 2036 1398 2072 signa
1421 2036 1575 2074 procedit,
1599 2044 1666 2064 cum
1700 2035 1738 2064 sit
1769 2043 1872 2064 coram
1905 2034 1956 2063 illo
1985 2034 2035 2063 cui

1079 2084 1211 2113 dicitur:
1236 2083 1370 2114 Gemitus
1391 2093 1475 2113 meus
1490 2093 1508 2113 ct
1524 2088 1549 2112 te
1564 2093 1626 2113 non
1649 2088 1690 2113 est
1711 2082 1930 2117 ahscomtz‘cus;
1952 2086 2034 2112 recte

1079 2133 1303 2161 constitutmtur
1325 2132 1362 2161 ab
1386 2132 1431 2161 nis
1447 2132 1498 2170 qui
1516 2132 1543 2160 in
1563 2131 1705 2161 Ecclesiis
1728 2135 1882 2169 praesunt,
1899 2134 2035 2168 tempora

1080 2179 1300 2220 poenitentiae,
1323 2185 1355 2211 ut
1377 2181 1502 2210 satisfiat
1525 2181 1615 2210 etiam
1638 2181 1809 2215 Ecclesiae,
1833 2181 1861 2209 in
1879 2188 1942 2218 qua
1967 2188 2035 2217 pec-

1079 2234 1145 2258 cata
1170 2229 1233 2267 ipsa
1251 2229 1462 2265 remittuntur;
1487 2232 1571 2258 extra
1588 2236 1653 2258 cam
1670 2228 1784 2266 quippe
1801 2236 1858 2257 non
1882 2228 2035 2257 remittun-

1080 2281 1136 2306 tur.
1160 2277 1225 2315 lpsa
1249 2278 1327 2306 eriim
1356 2277 1499 2315 Spiritum
1523 2280 1658 2306 sanctum
1683 2277 1791 2314 pignus
1814 2276 1948 2313 accepit,
1971 2276 2035 2304 siue

1079 2334 1139 2363 quo
1156 2326 1422 2355 non-remittuntur
1438 2325 1497 2355 ulla
1515 2329 1640 2363 peecata
1656 2338 1681 2353 υ.
1701 2325 1771 2354 Item
1790 2323 2009 2362 Hieronymus8
2025 2333 2031 2352 :
2047 2330 2159 2350 Ait-uinus.

1085 2386 1096 2399 α
1113 2374 1280 2403 Mensuram
1316 2374 1460 2412 temporis
1488 2374 1515 2402 in
1539 2374 1654 2412 agenda
1679 2373 1860 2411 poenitentia
1884 2373 1951 2401 ideo
1974 2381 2031 2401 non
2048 2378 2139 2399 Dubmm
2154 2378 2173 2398 3.

1078 2423 1151 2451 satis
1173 2426 1276 2460 aperte
1293 2423 1461 2460 praefigunt
1478 2430 1608 2451 canones
1626 2431 1678 2459 pro
1696 2429 1878 2459 unoquoque
1894 2420 2032 2457 erimine,

1078 2474 1110 2499 ut
1134 2471 1170 2499 de
1193 2471 1318 2508 singuiis
1340 2471 1457 2507 dicant,
1477 2470 1606 2508 qualiter
1623 2469 1860 2507 tinunmuodque
1876 2468 2033 2498 emendan-

1078 2519 1149 2548 dum
1173 2520 1226 2554 sit;
1249 2519 1300 2548 sed
1325 2520 1419 2555 magis
1443 2520 1470 2547 in
1495 2519 1620 2547 arbitrio
1651 2518 1818 2547 sacerdotis
1843 2517 2033 2553 intelligentis

1078 2567 1309 2605 relinquendum
1331 2570 1482 2602 statuunt,
1505 2567 1575 2604 qnia
1599 2566 1678 2603 apud
1703 2566 1796 2594 Deum
1821 2573 1878 2593 non
1903 2568 1961 2593 tam
1988 2573 2034 2594 va-

1077 2616 1118 2645 let
1138 2623 1276 2645 mensura
1294 2615 1438 2653 temporis
1454 2623 1543 2652 quam
1561 2614 1687 2649 doloris,
1705 2622 1758 2643 nee
1776 2614 1955 2643 abstinentia
1972 2617 2034 2643 tan-

1079 2668 1140 2693 tum
1159 2664 1317 2699 ciborum,
1342 2667 1486 2701 quantum
1511 2663 1701 2692 mortificatio
1726 2663 1876 2691 vitiorum.
1900 2662 2031 2700 Ideoque

1079 2716 1212 2750 tempora
1236 2712 1437 2750 poenitentiae
1469 2720 1523 2750 pro
1548 2712 1605 2740 lide
1629 2715 1657 2740 et
1679 2711 1908 2740 couversatione
1932 2711 2031 2748 poeni-

1078 2762 1201 2790 tentium
1235 2760 1441 2790 abbrevianda
1475 2760 1665 2797 praecipiunt
1698 2763 1726 2789 et
1759 2768 1813 2797 pro
1851 2759 2029 2797 negligentia

1078 2809 1272 2848 protelanda3
1296 2817 1350 2847 pro
1373 2809 1555 2847 quibusdam
1585 2813 1682 2837 tamen
1705 2808 1802 2846 culpis
1826 2808 1905 2837 modi
1930 2808 2031 2846 poeni-

1078 2859 1188 2887 tentiae
1211 2861 1279 2887 sunt
1302 2858 1476 2896 impositi».

132 3078 141 3095 1
162 3080 235 3111 Hugo
256 3081 287 3105 de
307 3081 331 3105 S.
352 3081 425 3111 Viet„
447 3081 471 3105 ll.
492 3080 524 3105 de
545 3080 658 3105 Sacram.
680 3087 704 3111 p.
725 3080 790 3104 XlV.
811 3087 832 3104 e.
853 3079 876 3103 5.

131 3123 142 3139 ²
160 3124 196 3149 De
216 3125 282 3149 Vera
301 3128 326 3149 et
346 3125 406 3149 salsa
434 3125 573 3149 Poenitent.
596 3131 616 3148 c.
643 3123 679 3148 17.
701 3131 724 3148 n.
747 3124 794 3153 33;
815 3130 870 3147 can.
891 3124 930 3147 cit.
952 3124 1011 3155 Seq.

64 3166 134 3192 locus
153 3171 190 3192 est
208 3169 324 3199 Hugonis
343 3169 390 3193 loe.
411 3169 466 3199 eit.;
486 3170 509 3192 et
529 3168 617 3192 tertius
643 3168 734 3192 iterum
765 3167 796 3192 de
817 3167 883 3191 Vera
908 3169 933 3191 et
952 3166 1012 3191 salsa

64 3211 199 3237 poenitent.
214 3213 261 3237 loc.
275 3214 324 3244 cit„
345 3212 422 3244 paulo
442 3212 569 3247 superius.
585 3211 620 3235 De
640 3210 744 3236 latrone
763 3211 807 3235 csr.
827 3211 888 3235 Luc.
909 3211 949 3241 23,
972 3210 1013 3235 42.

131 3254 142 3270 ³
168 3255 254 3281 Plures
281 3256 340 3281 edd.
370 3255 470 3280 addunt
497 3253 657 3287 purqalorii.
686 3254 770 3279 Locus
800 3254 946 3285 scripturae
976 3258 1014 3279 est

64 3298 139 3323 Hebr.
161 3299 208 3331 lO,
230 3300 271 3324 31.
298 3300 332 3324 De
352 3299 522 3331 sequentibus
542 3299 586 3323 cfr.
607 3302 724 3329 August„
745 3298 857 3323 Enurrat.
872 3299 896 3322 in
918 3298 955 3323 ΡΞ.
972 3297 1012 3322 44.

64 3348 88 3366 n.
110 3343 140 3367 48
160 3346 184 3367 et
203 3344 240 3368 ΡΞ.
261 3343 308 3375 58,
328 3350 405 3369 serm.
432 3343 451 3367 1.
473 3350 497 3367 n.
519 3342 559 3367 13,

134 3385 144 3402 ⁴
163 3386 243 3412 Codd.
264 3390 288 3412 et
306 3388 347 3412 ed.
368 3388 377 3411 rl
403 3388 521 3412 omittunt
542 3387 604 3411 baec
624 3388 735 3418 quatuor
754 3385 843 3411 verba.

1147 3077 1157 3093 ⁵
1178 3078 1213 3102 De
1234 3077 1300 3102 Vera
1320 3080 1344 3101 et
1363 3076 1423 3101 salsa
1445 3076 1582 3100 l’oenitent.
1598 3082 1618 3099 e.
1639 3075 1674 3099 lR.
1696 3082 1719 3098 n.
1742 3073 1787 3105 354
1803 3081 1858 3098 can.
1879 3075 1919 3099 cit.
1941 3074 1975 3098 De
1996 3073 2030 3098 ul-

1078 3123 1138 3147 tima
1159 3128 1264 3153 propos.
1285 3121 1329 3145 cl'r.
1350 3121 1466 3151 Gregor„
1490 3119 1608 3143 XXXlV.
1632 3118 1717 3143 Moral.
1738 3126 1758 3142 e.
1785 3119 1822 3142 19.
1845 3125 1870 3142 n.
1893 3118 1934 3142 36.

1148 3165 1159 3181 ⁶
1178 3166 1223 3190 llic
1242 3172 1263 3190 c.
1285 3166 1307 3189 2.
1330 3165 1394 3189 lnsra
1415 3164 1446 3188 de
1466 3164 1562 3188 latrone
1582 3170 1708 3187 converso
1728 3162 1789 3187 Luc.
1810 3162 1850 3192 ²23,
1873 3161 1913 3186 43.

1147 3210 1158 3225 ⁷
1179 3209 1305 3234 tinebit-id.
1325 3215 1346 3233 c.
1367 3208 1408 3232 65.
1429 3215 1451 3232 n.
1471 3207 1513 3237 17;
1528 3207 1554 3232 C.
1575 3207 1604 3232 liz
1625 3206 1727 3232 acteone
1747 3205 1821 3238 (942),
1837 3206 1868 3230 de
1888 3207 2028 3231 Poenitent.

1078 3254 1102 3278 d.
1124 3254 1146 3278 rl.
1167 3252 1262 3278 Citatur
1283 3253 1321 3277 Ps.
1342 3252 1384 3282 50,
1412 3252 1452 3282 ¹93
1475 3250 1566 3275 deinde
1588 3250 1633 3282 37,
1661 3251 1702 3282 ¹03
1724 3251 1747 3275 in
1769 3250 1818 3274 fine
1839 3250 1863 3275 ll.
1884 3249 1941 3275 Cor.
1962 3250 1985 3281 5,
2002 3249 2027 3275 5.

1149 3297 1160 3312 8
1180 3297 1264 3321 Potius
1284 3296 1381 3320 Aleuin.
1403 3295 1434 3319 de
1455 3295 1551 3319 DivinIs
1571 3294 1673 3326 oua-iis,
1694 3302 1714 3319 c.
1741 3295 1783 3326 13,
1809 3295 1852 3326 qui
1873 3294 1979 3326 quidem
1999 3294 2030 3318 ci-

1078 3345 1113 3366 tat
1132 3341 1247 3371 Hieron.;
1269 3339 1295 3364 C.
1315 3339 1472 3366 Mensuram
1491 3340 1580 3364 aulem
1600 3340 1673 3371 (RQ),
1694 3338 1756 3364 ibid.
1778 3339 1851 3363 Plura
1871 3339 1903 3363 de
1924 3340 1972 3363 boe
1992 3346 2030 3364 ea-

1079 3392 1145 3410 none
1164 3384 1224 3409 vide
1245 3385 1268 3409 in
1290 3383 1497 3409 annotationibus
1516 3384 1557 3408 ed.
1578 3384 1670 3415 Migne.
