2483 3882
303 1193 420 1215 Conclusio.

301 1246 419 1267 Distinciio.

305 1403 422 1425 511111115ῑί11-

277 1431 319 1452 ctio
331 1431 350 1451 1.
358 1435 422 1451 mem-

279 1457 320 1478 bri.

433 264 516 295 1094

430 358 490 392 pus
521 349 696 381 humanum
730 349 1021 388 quantumcumque
1052 341 1250 374 nobilitatum
1278 343 1380 382 potest

431 402 470 434 ab
494 402 563 442 igne
587 400 659 441 pati.

520 452 548 484 3.
577 452 667 489 110111,
695 458 785 482 0111110
810 448 993 480 continuum
1019 445 1188 484 divisibile,
1213 453 1305 476 omne
1336 444 1379 476 di-

432 505 553 537 visibile
576 502 721 545 partibile
736 502 755 540 1,
779 504 809 533 et
828 509 920 532 omne
944 498 1089 541 partibile
1106 502 1152 530 est
1176 497 1322 539 passibile
1339 496 1379 528 ab

432 556 597 590 exteriori:
623 563 697 595 ergo
717 557 774 585 etc.

519 609 549 639 [1.
574 607 667 644 Item,
691 605 955 647 quandocumque
988 612 1102 644 corpus
1126 603 1242 635 durum
1275 601 1380 634 obviat

432 661 534 699 molli,
561 667 687 691 necesse
710 661 757 690 est
781 657 860 690 illud
884 657 1043 695 dividere,
1069 656 1093 688 si
1125 656 1165 688 sit
1189 654 1381 696 impellentia

432 713 619 748 vehemens;
640 714 706 743 esto
729 711 835 752 igitur,
851 709 935 751 quod
961 708 1108 741 cultellus
1129 708 1234 740 obviet
1257 706 1379 748 corpori

432 765 580 807 glorioso,
609 768 664 795 aut
695 771 769 804 ergo
800 766 847 795 est
878 762 990 794 durius
1022 761 1166 799 cultello,
1198 764 1253 792 aut
1276 759 1382 792 cultel-

432 818 481 850 lus
498 820 657 859 penetrat3
682 816 736 848 sed
760 825 821 847 non
846 820 892 847 est
916 815 1041 853 durius,
1060 823 1131 847 curn
1157 814 1196 846 sit
1213 821 1382 846 carneum:

432 879 506 912 ergo
529 874 586 902 etc.

785 946 1026 970 CONCLUSIO.

460 1010 586 1052 Corpus
608 1009 791 1052 9l0222‘03mn
815 1012 860 1039 est
884 1006 1085 1048 impassibile
1114 1006 1154 1038 ab
1179 1005 1359 1037 extrinseco

568 1062 658 1094 ovini
678 1071 794 1104 genere
808 1059 975 1102 passionis
999 1058 1249 1100 σοννῑιηῑρεηιὶε.

525 1133 724 1165 RESPONnEo:
750 1131 938 1168 Dicendum,
962 1129 1046 1171 quod
1072 1137 1187 1170 corpus
1211 1128 1382 1169 gloriosum

436 1190 482 1218 est
498 1184 689 1226 impassibile
713 1184 752 1216 ab
769 1183 946 1215 extrinseco
970 1181 1054 1213 omni
1072 1189 1185 1222 genere
1210 1179 1384 1222 passionis‘2

436 1237 675 1279 corrumpentis.
708 1237 786 1268 Haec
811 1239 914 1267 autem
947 1238 994 1267 est
1017 1234 1154 1275 dupleX,
1179 1233 1297 1266 scilicet
1328 1241 1384 1274 per

436 1290 660 1331 influentiam,
698 1289 778 1321 sicut
803 1288 881 1329 ignis
917 1286 1074 1319 comburit
1109 1287 1243 1327 corpus}
1267 1289 1297 1317 et
1329 1293 1385 1326 per

435 1342 642 1380 violentiam,
667 1341 748 1374 sicut
764 1340 911 1373 cultellus
928 1339 1050 1371 dividit.
1067 1357 1112 1361 ——-
1129 1338 1230 1370 Prima
1254 1347 1315 1370 non
1340 1341 1387 1370 est

438 1396 468 1427 in
497 1403 628 1436 corpore
660 1393 811 1435 glorioso,
835 1393 909 1433 quia
941 1391 1017 1423 talis
1049 1390 1221 1432 influentia
1255 1393 1309 1422 aut
1340 1393 1387 1422 est

437 1448 611 1481 secundum
636 1446 784 1478 ordinem
809 1444 975 1481 iustitiam
998 1444 1121 1476 ethaeo
1146 1443 1238 1475 estin
1263 1443 1386 1475 daemo-

437 1501 530 1533 nibus
554 1504 583 1532 et
606 1499 833 1541 peccatricibus
853 1497 1018 1529 animabus
1043 1496 1217 1528 secundum
1242 1495 1384 1527 ordinem

437 1553 572 1586 iustitiae
582 1565 590 1591 3
616 1553 644 1584 in
678 1560 809 1593 corpore
838 1550 973 1592 glorioso
1004 1558 1064 1581 non
1089 1552 1136 1582 est
1168 1549 1239 1581 talis
1263 1548 1386 1590 passio,

437 1607 511 1648 quia
534 1615 595 1637 non
619 1605 736 1637 meruit
752 1604 866 1646 puniri.
892 1603 956 1635 Alia
973 1606 1019 1635 est
1045 1602 1217 1635 secundum
1236 1602 1384 1633 ordinem

439 1664 605 1696 mamam
631 1661 660 1690 et
684 1657 742 1689 ista
766 1661 812 1689 est
835 1655 954 1694 solum,
980 1655 1105 1697 quando
1129 1655 1250 1696 patiens
1274 1657 1321 1686 est
1345 1658 1387 1686 ta-

440 1713 478 1745 lis
501 1715 650 1750 naturae,
675 1710 758 1752 quod
784 1709 915 1741 materia
940 1709 992 1740 illa
1016 1707 1134 1750 appetit
1158 1716 1226 1740 esse
1243 1708 1302 1740 sub
1325 1708 1385 1739 alio

439 1768 528 1803 actu,
553 1763 687 1806 privatio
711 1762 792 1795 enim
818 1766 865 1794 est
888 1761 1077 1803 principium
1105 1760 1243 1802 patiendi
1256 1761 1275 1791 ³.
1309 1761 1387 1801 Quo-

441 1817 524 1849 niam
542 1819 647 1848 autem
664 1816 694 1847 in
720 1823 850 1856 corpore
867 1814 1040 1855 glorificato
1057 1814 1117 1845 iam
1138 1813 1297 1845 terminati
1314 1816 1388 1845 sunt

440 1869 597 1911 appetitus
604 1881 611 1907 3
625 1868 708 1906 ideo,
722 1867 746 1899 si
761 1867 932 1909 gloriosum
950 1875 1064 1908 corpus
1080 1870 1251 1907 poneretur
1268 1866 1298 1898 in
1316 1866 1388 1907 igne

441 1922 573 1960 inferni,
598 1930 658 1952 non
683 1920 871 1952 laederetur.

534 1975 558 2005 l.
585 1975 613 2005 Q.
640 1973 674 2005 Et
697 1981 753 2014 per
777 1973 836 2004 1100
867 1975 952 2013 patet
975 1971 1087 2003 solutio
1118 1971 1157 2002 ad
1183 1971 1245 2003 duo
1269 1971 1389 2012 prima,

1252 2093 1423 2131 ARTICL‘

1188 254 1470 287 SENTENTIARUM
1486 253 1561 285 ΜΒ.
1584 253 1632 285 lV.

1443 339 1515 380 quia
1541 340 1674 371 daemon
1703 339 1820 380 patitur
1850 338 2024 370 secundum
2053 338 2199 369 ordinem
2232 337 2388 376 iustitiae,
2415 350 2466 381 sam

1445 391 1515 423 licet
1538 391 1577 423 sit
1602 391 1745 432 superior
1768 399 1826 431 per
1850 394 2020 422 naturam.
2050 408 2094 413 —-
2117 390 2201 422 Patet
2229 390 2321 422 etiam
2346 398 2389 422 se·
2404 350 2483 416 ‘'⁰⁵¹ss

1444 443 1584 475 cundum
1598 443 1617 481 ⁴,
1642 443 1725 484 quod
1749 446 1831 474 terra
1852 442 1980 484 patitur,
1998 442 2071 483 quia
2089 442 2218 474 materia
2239 446 2285 474 est
2302 442 2390 473 ratio-

1445 504 1515 527 nem
1540 495 1660 527 liabens
1683 495 1875 536 privationis.

1532 547 1597 579 Alia
1620 551 1667 579 est
1690 547 1770 579 actio
1794 556 1850 588 per
1873 546 2073 584 violentiam,
2097 550 2127 579 et
2152 547 2265 579 dehac
2282 546 2389 579 dicunt
2403 557 2432 579 ne
2451 560 2483 611 me

1444 599 1565 642 aliqui,
1583 599 1667 641 quod
1684 608 1744 631 non
1771 599 1903 640 patitur,
1927 599 2001 640 quia
2024 607 2116 630 nenio
2132 602 2178 630 est
2194 598 2247 640 qui
2266 598 2392 636 inferat;
2418 584 2470 613 ²⁴*

1445 655 1475 683 et
1499 651 1523 683 si
1549 655 1629 684 esset
1660 651 1713 693 qui
1748 651 1840 683 vellet
1872 651 2003 690 inferre,
2036 659 2150 692 corpus
2175 655 2279 692 posset
2303 650 2393 683 decli-

1445 713 1531 736 nare.
1562 723 1605 727 —
1636 704 1694 736 Sed
1727 708 1801 736 tunc
1833 704 2006 736 secundum
2039 704 2130 736 istam
2163 704 2246 735 viam
2278 712 2471 745 corpuslmprol

1446 757 1542 789 Adam
1566 761 1638 788 ante
1659 756 1781 797 lapsum
1800 756 1962 788 habuisset
1979 756 2082 788 dotem
2105 755 2392 797 impassibilitatis?

1447 809 1582 841 Ponatur
1595 809 1687 841 etiam
1703 817 1758 850 per
1772 808 1964 850 impossibile
1975 835 1982 847 ,
1999 809 2083 850 quod
2101 808 2246 840 cultellus
2263 807 2395 850 applice-
2477 815 2481 860 Ι

1448 866 1499 894 tur
1524 862 1643 900 ventri,
1660 865 1714 893 aut
1730 865 1839 893 venter
1865 861 1996 900 resistit,
2013 865 2067 893 aut
2085 870 2154 892 non.
2172 861 2200 892 Si
2219 870 2302 892 non.-
2320 869 2394 902 ergo
2477 867 2483 1170 ἱ

1448 915 1582 956 patitur.
1607 918 1636 946 et
1662 914 1809 946 cultellus
1827 913 1999 952 subintrat,
2028 917 2058 946 et
2082 913 2123 944 ita
2157 917 2204 945 est
2227 913 2394 954 passibile;

1449 967 1471 999 si
1498 967 1639 1004 resistit,
1672 975 1810 1008 quaero:
1834 975 1891 1008 per
1915 975 2009 1007 quam
2039 969 2208 998 naturam?
2230 966 2264 997 Et
2288 966 2395 997 dicunt

1448 1020 1562 1061 aliqui,
1580 1020 1663 1061 quod
1688 1019 1782 1051 habet
1809 1023 1956 1051 naturam
1974 1018 2099 1060 quintae
2125 1018 2290 1056 essentiae,
2315 1026 2395 1059 quae

1449 1082 1511 1104 non
1536 1076 1582 1104 est
1606 1072 1749 1104 secabilis
1771 1080 1827 1103 nec
1845 1071 2026 1108 divisibilis;
2043 1071 2127 1103 unde
2145 1071 2168 1102 si
2183 1071 2192 1086 ⁶
2216 1071 2286 1112 quis
2307 1071 2396 1102 iuxta

1449 1124 1546 1156 solem
1571 1128 1653 1156 esset
1676 1129 1706 1156 et
1730 1124 1916 1165 impingeret
1940 1123 2121 1161 cultellum,
2146 1132 2205 1155 non
2232 1123 2397 1164 pertransi-

1450 1181 1511 1216 ret,
1535 1180 1565 1209 et
1582 1186 1641 1208 non
1664 1176 1824 1209 resisteret
1853 1185 1907 1217 per
1931 1180 2092 1207 mamam
2117 1175 2198 1207 (lm-z*
2220 1180 2247 1206 et
2271 1175 2393 1213 mollis,

1450 1230 1504 1262 sed
1529 1230 1602 1271 quia
1627 1233 1718 1261 earet
1741 1229 1863 1260 attritae
1886 1233 1914 1260 et
1939 1228 2070 1260 mollitie
2094 1233 2123 1259 et·
2143 1227 2368 1269 passibilitate.
2482 1250 2483 1270 1

1539 1283 1596 1314 Sed
1623 1283 1695 1324 quia
1720 1283 1778 1314 1100
1799 1281 1925 1314 difficile
1941 1285 1988 1313 est
2004 1281 2195 1322 intelligere,
2212 1280 2281 1312 ideo
2298 1280 2399 1312 dicen·
2412 1288 2479 1316 opinis.

1451 1336 1545 1373 dum,
1570 1335 1654 1377 quod
1679 1344 1795 1377 corpus
1819 1334 1988 1376 gloriosum
2022 1343 2083 1365 non
2115 1336 2215 1375 potest
2249 1333 2308 1375 pati
2337 1343 2398 1374 per
2439 1317 2480 1338 ⁰²⁰⁸

1449 1387 1636 1419 violentiam
1662 1388 1801 1428 corporis
1825 1386 1996 1424 obviantis,
2021 1387 2095 1427 quia
2112 1394 2203 1418 omne
2221 1394 2335 1426 corpus
2353 1388 2399 1417 est

1450 1441 1594 1482 pervium
1628 1441 1673 1479 ei,
1705 1444 1735 1471 et
1767 1439 1845 1472 illud
1878 1440 2064 1481 pertransit,
2097 1439 2177 1471 sicut
2206 1438 2363 1470 videbitur
2380 1440 2398 1469 ⁷.

1451 1494 1536 1526 Unde
1560 1493 1641 1525 sicut
1657 1493 1681 1524 si
1699 1493 1813 1534 aliquis
1831 1492 1960 1524 baberet
1977 1491 2140 1524 cultellum
2165 1490 2380 1532 crystallinum
2392 1516 2399 1529 ‚

1452 1555 1511 1578 non
1536 1545 1709 1587 expelleret
1734 1545 1858 1577 radium
1877 1553 1932 1586 per
1949 1544 2016 1576 eius
2042 1543 2155 1582 ictum,
2180 1544 2275 1575 immo
2292 1543 2400 1575 radius

1451 1603 1645 1641 penetraret,
1671 1598 1755 1630 unde
1779 1607 1840 1629 non
1865 1600 2025 1638 pateretur
2049 1597 2088 1628 ab
2113 1596 2196 1637 ipso;
2221 1595 2264 1628 sic
2286 1596 2315 1627 in
2334 1604 2401 1637 pro-

1452 1652 1551 1694 posito
1587 1651 1841 1692 intelligendum,
1877 1658 1992 1691 corpus
2028 1649 2197 1691 gloriosum
2235 1652 2399 1690 penetrare

1451 1704 1623 1737 cultellum.

1541 1757 1568 1789 3.
1594 1756 1683 1797 Quod
1707 1765 1781 1797 ergo
1805 1755 1937 1788 dicitur:
1962 1764 2053 1787 omne
2085 1755 2268 1787 continuum
2300 1753 2402 1786 divisi-

1453 1810 1532 1848 bile3
1564 1809 1801 1850 intelligendum
1833 1812 1880 1840 est
1912 1808 1950 1840 de
1981 1807 2132 1840 divisione
2164 1807 2399 1843 mathematica,

1453 1873 1514 1895 non
1548 1863 1587 1895 de
1618 1862 1769 1895 divisione
1800 1861 1934 1893 naturali
1949 1861 1970 1898 ⁵³,
1994 1861 2032 1893 de
2061 1870 2123 1902 qua
2146 1860 2197 1893 hic
2220 1859 2398 1901 opponitur.

1454 1916 1501 1948 Sic
1525 1916 1606 1947 enim
1639 1914 1769 1956 exponit
1793 1914 1973 1952 Anselmus,
1998 1912 2082 1955 quod
2107 1912 2185 1944 illud
2217 1911 2400 1952 intelligitur

1454 1969 1626 2002 secundum
1653 1968 1862 2006 intellectum,
1887 1976 1947 1999 non
1973 1966 2146 1999 secundum
2172 1968 2276 1997 actum
2289 1965 2309 1996 ⁹.

1426 2093 1515 2131 LUS
1549 2093 1590 2129 ΙΙ.

1266 2196 1309 2227 De
1325 2195 1395 2226 cloto
1411 2194 1586 2226 claritatis.

530 2309 761 2351 Consequenter
793 2310 957 2350 quaeritur
989 2307 1027 2339 de
1059 2306 1130 2338 dote
1161 2305 1320 2338 claritatis.
1345 2305 1388 2337 De

440 2371 502 2404 qua
527 2362 589 2394 duo
614 2363 819 2403 quaeruntur.

1544 2303 1644 2335 Primo
1669 2303 1833 2344 quaeritur
1858 2303 1897 2335 de
1922 2302 1988 2344 ipsa
2013 2302 2042 2334 in
2068 2311 2112 2334 se.

1543 2355 1702 2394 Secundo,
1727 2355 1758 2387 in
1783 2355 2024 2396 comparatione.

1311 2467 1494 2509 01111οε110
1518 2467 1538 2498 1.

812 2563 928 2595 Utrum
953 2571 1095 2604 corpora
1116 2561 1265 2604 moriem
1288 2560 1355 2592 sint
1374 2559 1510 2601 peruia,
1536 2569 1581 2591 an
1605 2559 1772 2596 colorata,
1797 2568 1841 2590 aa
1866 2558 2039 2589 luminosa.

531 2678 688 2718 Quantum
720 2684 795 2716 ergo
825 2674 862 2706 ad
897 2674 1034 2715 primum
1068 2672 1249 2714 quaeritur,
1280 2674 1388 2703 utrum

444 2739 575 2772 corpora
598 2728 652 2761 illa
683 2728 744 2760 sint
768 2727 892 2769 pervia,
917 2736 956 2758 an
981 2726 1135 2764 colorata,
1159 2734 1197 2757 an
1224 2724 1389 2757 luminosa.

444 2783 532 2824 Quod
556 2786 662 2814 autem
686 2781 746 2813 sint
767 2780 903 2822 peruia,
928 2779 1063 2811 videtur.

1544 2672 1573 2702 1.
1597 2670 1766 2711 Gregorius
1790 2678 1885 2710 super
1910 2668 1988 2701 illud
2006 2668 2057 2700 Iob
2074 2668 2224 2709 vigesimo
2241 2672 2350 2700 octavo
2363 2668 2398 2700 ¹⁰:
2415 2677 2448 2699 Aci
2463 2683 2483 2704 ος

1458 2722 1527 2755 Non
1559 2721 1810 2763 comparabitur
1841 2725 1919 2754 eta:
1951 2721 2235 2762 «Uniuscuiusque
2268 2724 2404 2753 mentem
2458 2706 2483 2725 ω’

1454 2776 1493 2808 ab
1517 2775 1647 2807 alterius
1679 2775 1778 2807 oculis
1811 2774 2027 2806 membrorum
2052 2773 2246 2814 corpulentia
2270 2782 2329 2805 non
2355 2773 2405 2805 ab·

515 2937 522 2952 ³
543 2936 609 2961 Vide
629 2937 744 2966 Aristot.⁷
766 2935 805 2960 Vl.
826 2936 901 2966 Phys.
922 2936 978 2959 text.
1002 2935 1023 2958 11.
1044 2940 1115 2966 seqq.
1137 2933 1169 2965 (c.
1192 2932 1234 2964 1.).

514 2981 524 2996 ‘2
543 2980 606 3005 Edd.
621 2979 740 3006 actionis.
755 2979 832 3004 Paulo
845 2982 903 3003 ante
917 2985 964 3009 pro
978 2976 1137 3010 impassibile
1150 2977 1207 3002 cod.
1222 2984 1252 3002 aa
1263 2975 1394 3010 passibile.

514 3024 524 3041 3
544 3024 593 3050 Cfr.
614 3025 726 3054 Aristot,
750 3024 763 3048 l.
786 3024 859 3054 Phys.
887 3026 943 3048 text.
965 3022 1006 3047 55.
1032 3029 1087 3054 seq.
1115 3026 1139 3046 et
1164 3021 1204 3045 80.
1231 3028 1285 3052 seq.
1313 3021 1345 3050 (0.
1368 3020 1392 3045 6.

445 3074 467 3093 ’31
489 3068 531 3099 9.).
553 3081 585 3085 —
605 3066 667 3092 Cod.
688 3067 707 3091 R
729 3066 749 3098 (l
769 3073 781 3090 a
803 3065 915 3090 secunda
936 3065 1023 3096 manu)
1044 3063 1150 3098 quando
1167 3063 1271 3096 patiens
1290 3064 1327 3088 est
1345 3060 1394 3088 sub

445 3110 534 3144 aliquo
553 3111 615 3136 acta
634 3111 657 3135 et
675 3108 773 3142 appetit
790 3113 837 3134 etc.
858 3109 983 3139 Superius
1003 3114 1051 3139 pro
1070 3106 1130 3133 Alia
1149 3108 1189 3132 est
1207 3107 1263 3132 Vat.
1284 3107 1333 3131 aut
1344 3107 1391 3137 est,

446 3155 515 3187 quod
536 3154 626 3178 melius
645 3153 783 3184 respondet
803 3152 968 3183 praecedenti
991 3153 1039 3177 atti
1065 3152 1104 3176 est
1122 3157 1168 3175 nec
1190 3157 1239 3175 non
1261 3150 1393 3181 distinguit

446 3197 478 3222 ab
499 3198 560 3222 infra
582 3201 703 3229 sequente
724 3197 899 3228 propositione
918 3195 978 3221 Alia
997 3196 1035 3221 est
1054 3194 1121 3221 actio
1139 3201 1187 3227 per
1205 3193 1367 3219 violentiam.

517 3240 526 3257 ⁴
545 3240 635 3272 Quoad
654 3240 771 3265 ordinem
792 3242 1004 3271 argumentorum
1025 3242 1063 3264 est
1083 3239 1205 3270 primum.

518 3285 528 3300 ⁵
547 3284 612 3309 Vide
632 3285 657 3309 11.
677 3285 744 3309 Seni.
765 3284 789 3308 d.
812 3285 851 3308 119.
871 3290 893 3308 a.
914 3284 937 3308 2.
958 3291 983 3315 q.
1006 3283 1027 3307 q,

517 3327 527 3344 ὅ
547 3327 611 3352 Cum
631 3327 706 3353 codd.
728 3328 743 3351 Ρ
764 3335 792 3352 aa
813 3327 994 3358 supplevimus
1014 3325 1081 3359 qais.

516 3370 527 3386 ⁷
547 3373 597 3395 Art.
619 3371 641 3395 3.
662 3378 686 3402 q.
712 3371 730 3395 1.

1529 2930 1539 2946 ⁸
1559 2930 1589 2955 Ut
1608 2931 1719 2954 insinuat
1738 2930 1849 2959 Aristot.⁷
1871 2929 1886 2952 l.
1909 2928 1984 2958 Phys.
2005 2931 2061 2952 text.
2083 2928 2123 2952 38.
2151 2927 2182 2957 (c.
2204 2927 2252 2958 4.),
2272 2927 2405 2959 docendo,

1459 2977 1482 3000 in
1504 2975 1629 2999 divisione.
1649 2974 1733 2998 carnis
1752 2973 1868 2997 deveniri
1882 2975 2001 3003 oportere
2018 2971 2050 2996 ad
2064 2972 2198 2996 minimam
2213 2978 2324 3003 carnem,
2339 2978 2407 3004 quae

1459 3020 1479 3044 si
1499 3019 1563 3043 ultra
1583 3017 1730 3048 (lividatur,
1752 3023 1800 3041 non
1822 3023 1925 3041 manere
1946 3015 2054 3040 eandem
2075 3016 2188 3046 speciem
2209 3016 2303 3045 carnis;
2324 3018 2347 3040 et
2367 3015 2403 3040 111.

1459 3063 1533 3094 Phys
1554 3064 1610 3086 text.
1631 3061 1672 3085 69.
1694 3062 1728 3091 (c.
1749 3060 1797 3092 7.):
1817 3060 1915 3084 Etenim
1937 3059 2061 3084 dividitur
2087 3060 2111 3083 in
2132 3059 2226 3084 infinita
2248 3060 2405 3084 continuum.

1458 3106 1581 3136 Anselnm,
1602 3105 1716 3136 Proslog.
1739 3111 1760 3129 0.
1782 3104 1826 3135 118,
1845 3107 1870 3128 et
1889 3103 1921 3128 de
1942 3103 2002 3128 Fide
2021 3103 2159 3134 Trinitatis,
2182 3110 2205 3128 c.
2225 3103 2247 3127 3.
2268 3109 2322 3135 seq.
2349 3109 2405 3133 pro-

1459 3150 1518 3179 fert,
1539 3148 1609 3180 quod
1629 3155 1705 3173 omne
1726 3148 1904 3183 compositum·
1914 3153 2017 3172 necesse
2030 3151 2069 3172 est
2082 3150 2125 3171 aut
2139 3149 2208 3177 actu,
2223 3149 2267 3170 aut
2279 3146 2405 3170 intellectu

1460 3199 1534 3224 posse
1554 3192 1674 3223 disiungi.
1687 3206 1721 3209 —
1736 3192 1759 3216 111
1780 3191 1830 3216 line
1849 3191 1922 3216 solut.
1944 3190 1994 3215 side
2007 3190 2082 3216 codd.
2103 3190 2122 3214 B
2132 3189 2150 3214 C
2161 3190 2180 3214 G
2192 3189 2210 3214 N
2223 3189 2238 3213 Ρ
2250 3189 2270 3220 Q
2281 3188 2301 3213 U
2313 3188 2333 3213 Y
2347 3188 2404 3213 sub·

1458 3237 1586 3261 stituimus
1605 3237 1695 3261 (totum
1715 3242 1762 3266 pro
1781 3233 1911 3260 habitum.

1527 3280 1537 3295 ⁹
1559 3279 1623 3304 Vide
1642 3279 1754 3303 scholion
1775 3278 1807 3303 ad
1828 3277 2025 3309 praecedentem
2046 3279 2144 3309 quaest.

1530 3323 1550 3339 ¹0
1570 3323 1641 3347 Vers.
1672 3322 1721 3347 <172
1745 3321 1798 3346 Non
1822 3320 2009 3353 adaequabitur
2037 3321 2059 3345 ei
2086 3325 2177 3344 nurum
2198 3321 2244 3343 etc.
2264 3333 2297 3336 —
2317 3317 2401 3343 Verba

1458 3367 1574 3397 Gregorii
1594 3368 1653 3391 sunt
1672 3373 1701 3391 ex
1721 3365 1806 3390 XVlll.
1827 3365 1913 3390 Moral.
1935 3371 1955 3389 0.
1978 3364 2019 3389 48.
2041 3371 2066 3388 11.
2089 3363 2132 3387 78.
