2483 3882
193 570 267 600 Pactio
295 570 327 591 di-

230 602 285 617 vina.

192 1147 255 1168 Ratio
268 1153 324 1177 'con-

219 1176 290 1195 sentit.

202 1724 266 1746 Fides
282 1730 325 1746 nou

180 1753 291 1778 repugnat.

195 2466 229 2487 Ad
243 2465 327 2492 opposi-

237 2494 288 2513 tum.

340 268 381 300 24

337 359 368 388 et
393 355 511 388 ratione
534 355 620 387 illius
647 353 784 395 disponit
814 352 991 390 hominem,
1015 355 1050 383 ut
1081 351 1195 383 habeat
1218 359 1285 391 gra-

338 408 428 447 tiam,
452 408 526 450 quia
549 406 715 439 efficaciter
739 405 862 437 ordinat
885 405 925 436 ad
943 404 1119 436 habendam
1143 407 1174 435 et
1190 403 1285 435 susci-

339 461 485 503 piendam
510 460 652 501 gratiam.

428 514 547 545 Rursus
570 512 692 550 dieunt,
717 511 801 553 quod
825 519 865 542 ex
890 509 942 541 tali
966 509 1108 551 pactione
1132 508 1284 540 Dominus

339 565 487 598 astrinxit
503 573 536 596 se
552 564 688 605 quodam
714 563 807 595 modo
823 563 861 594 ad
883 561 1022 594 dandum
1041 561 1172 602 gratiam
1190 561 1290 593 susci->

338 617 434 659 pienti
458 617 712 651 Sacramentuin;
744 615 887 656 astringit
917 614 999 646 enim
1025 613 1162 655 quodam
1191 613 1284 645 modo

337 669 437 702 Deum
460 669 499 700 ad
516 668 758 706 conferendum,
782 670 813 699 et
836 667 906 699 ideo
921 667 929 681 ¹
948 666 1063 699 dicitur
1087 665 1205 697 habere
1220 665 1285 697 vir-

338 725 436 753 tutem
459 721 499 753 ad
522 720 722 753 efficiendum
746 723 776 752 et
800 720 893 752 etiam
918 718 1160 760 disponendum.
1190 719 1225 750 Et
1247 718 1285 750 si-

337 777 390 807 cut
419 773 601 806 extenditur
635 781 752 804 nomeu
785 771 938 809 virtutis,
974 772 1016 803 ita
1050 770 1186 803 verbum
1223 770 1284 813 effi-

336 826 458 864 ciendi,
483 826 532 858 vel
557 824 764 866 disponendi,
789 824 863 866 quia
878 833 934 856 nec
959 823 1053 856 efficit
1070 832 1126 855 nec
1148 823 1284 864 disponit

337 878 522 920 influendo,
547 878 602 910 sed
626 876 799 920 efficaciter
823 876 1019 908 ordinando.
1047 876 1081 908 Et
1103 876 1183 908 sicut
1208 876 1284 908 haec

336 931 566 968 extenduntun
592 930 633 961 ita
649 933 679 962 et
694 939 811 961 nomen
835 938 975 966 causae,
1000 928 1074 970 quia
1090 937 1151 960 non
1168 928 1284 960 dicitur

336 992 445 1022 causa,
469 983 645 1015 secundum
677 982 761 1024 quod
793 985 840 1014 est
868 981 1074 1023 principium
1105 980 1284 1022 operandi,

336 1036 391 1068 sed
415 1035 590 1068 secundum
615 1035 699 1076 quod
723 1038 770 1067 est
791 1035 880 1067 ratio
904 1034 1095 1066 ordinandi.

425 1088 500 1121 Huic
531 1088 675 1129 positioni
703 1087 810 1129 pietas
832 1086 911 1128 fidei
940 1096 1006 1119 uou
1038 1090 1221 1128 repugnat,
1254 1089 1284 1118 et

337 1140 425 1173 ratio
449 1140 638 1172 consentu&
656 1158 700 1163 —
726 1139 889 1171 Consentit
911 1147 1047 1180 namque
1080 1138 1184 1176 ratio,
1211 1138 1284 1180 quia

337 1192 428 1225 valde
452 1191 577 1224 difficile
601 1195 647 1223 est
665 1191 854 1232 intelligere,
879 1190 1020 1233 qualiter
1036 1189 1089 1221 illa
1114 1190 1216 1222 virtus
1233 1189 1284 1221 de-

336 1248 390 1277 tur
413 1245 493 1276 sicut
516 1243 661 1286 qualitas
685 1243 856 1280 admicuit,-
880 1242 1052 1280 difficilius‚
1078 1241 1210 1284 quaudo
1235 1242 1285 1273 de-

336 1301 407 1335 tur3
431 1296 556 1329 difficile
579 1296 673 1328 etiam
697 1299 744 1328 est
768 1295 959 1336 intelligere,
983 1294 1040 1326 cui
1062 1294 1165 1333 detur,
1187 1294 1285 1326 verbo

337 1349 467 1388 scilicet,
491 1358 530 1380 an
553 1348 721 1387 elemento,
747 1357 827 1390 quae
849 1351 921 1379 sunt
945 1347 1008 1379 duo
1025 1347 1103 1378 nihil
1127 1355 1226 1378 unum
1245 1346 1285 1378 fa-

337 1402 465 1440 cientia3
490 1400 616 1433 difficile
650 1400 744 1432 etiam
768 1403 815 1433 est
849 1400 943 1438 scire,
976 1399 1138 1442 quamdiu
1170 1399 1284 1438 duret3

337 1454 463 1487 difficile
487 1457 533 1486 est
557 1453 700 1485 similiter
725 1453 816 1485 valde
840 1452 1030 1493 intelligere,
1060 1451 1219 1494 quomodo
1243 1452 1285 1483 in-

337 1506 415 1538 fluat
424 1518 432 1545 ;
457 1505 582 1538 difficile
607 1506 718 1543 etiam,
742 1505 839 1536 cuius
864 1509 1007 1536 naturae
1032 1504 1071 1536 sit
1095 1504 1126 1535 in
1151 1512 1183 1536 se
1199 1504 1285 1545 ipsa;

338 1563 368 1592 et
383 1559 483 1591 multa
506 1558 589 1590 talia.
607 1558 662 1590 Alii
686 1559 782 1590 vero³
800 1558 944 1600 positioni
962 1558 1036 1590 satis
1058 1557 1188 1589 faciliter
1208 1557 1286 1588 ratio

339 1612 515 1644 concordat.

426 1664 539 1696 Pietas
563 1664 653 1697 etiam
678 1663 757 1705 fidei
770 1673 836 1695 uou
851 1667 1023 1705 repuyua-t.
1042 1663 1223 1695 Cavendum
1240 1666 1286 1695 est

339 1717 441 1756 enim,
459 1726 514 1756 ne,
532 1717 608 1749 dum
632 1717 725 1749 nimis
749 1716 862 1749 damus
886 1715 1102 1758 corporalibus
1127 1715 1222 1756 signis
1246 1715 1286 1747 ad

1095 261 1377 294 SENTENTIARUM
1400 261 1467 293 LlB.
1493 261 1540 293 lV.

1347 349 1491 388 laudem,
1523 348 1747 381 subtrahamus
1778 348 1928 379 honorem
1962 347 2080 389 gratiae
2111 347 2233 380 curanti
2262 352 2295 380 et

1347 402 1469 434 animae
1493 400 1684 442 suscipienti.
1700 400 1838 432 -llaec
1861 403 1966 432 autem
1990 400 2094 441 opinio
2114 409 2177 432 non
2200 401 2294 433 nimis

1347 455 1401 487 dat
1424 462 1526 495 neque
1550 452 1709 485 subtrahit
1724 452 1844 493 aliquid
1864 452 1992 484 honoris
2009 452 2115 484 debiti.
2140 452 2225 485 Sicut
2241 452 2295 494 igi-

1347 510 1400 539 tur
1416 507 1538 538 litterae
1562 505 1666 547 regiae
1682 505 1777 537 anulo
1801 505 1884 546 regis
1900 505 2053 546 sigillatae
2074 513 2204 546 magnae
2221 509 2295 538 sunt

1348 559 1506 600 dignitatis
1530 562 1560 591 et
1591 558 1717 590 virtutis
1740 560 1771 590 et
1801 557 1917 590 valoris
1947 561 1978 589 et
2009 567 2122 599 magna
2146 558 2295 590 dicuntur

1348 612 1400 644 et⁴¹
1423 620 1514 653 posse
1537 614 1568 643 et
1594 610 1714 648 facere,
1738 613 1843 642 tamen
1874 610 1905 641 in
1929 610 1975 642 eis
1998 610 2085 642 nulla
2117 610 2218 643 virtus
2249 614 2296 643 est

1348 664 1514 702 absoluta,
1540 663 1595 696 sed
1619 663 1685 696 sola
1701 663 1868 695 ordinatio
1893 672 1948 704 per
1965 663 2175 695 assistentiam
2199 663 2296 695 virtu-

1347 717 1386 749 tis
1410 716 1674 758 regiae—quod
1706 718 1807 757 patet,
1839 716 1927 757 quia,
1958 719 2083 747 mortuo
2112 724 2202 757 rege,
2234 725 2296 747 non

1347 770 1419 811 plus
1442 773 1573 801 curatur
1597 769 1635 801 de
1659 768 1771 801 litteris
1794 768 1862 801 suis
1890 777 1985 810 quam
2012 768 2051 800 de
2079 768 2166 807 aliis,
2193 772 2296 801 tamen

1347 822 1425 854 nihil
1449 821 1629 853 absolutum
1652 820 1827 853 amiserunt
1853 839 1898 843 —-
1925 820 1968 852 sic
1994 820 2233 861 intelligendum
2265 821 2296 852 in

1347 874 1572 912 sacramentis,
1597 877 1628 906 et
1651 873 1695 906 sic
1720 873 1894 915 loquuntur
1920 873 2106 905 Sanctorum
2134 873 2299 905 auctorita-

1348 931 1394 960 tes
1417 927 1592 959 secundum
1617 935 1815 959 communem
1837 935 1942 958 usum.

1437 981 1471 1012 Et
1502 980 1638 1012 rationes
1670 979 1710 1011 ad
1741 979 1919 1020 oppositum
1947 982 2062 1020 patent.
2079 997 2122 1002 —
2139 979 2180 1010 Et
2209 978 2240 1010 si
2264 982 2299 1010 tu
2312 983 2461 1031 inemQssffississ

1347 1043 1509 1076 quaeras;
1526 1041 1622 1074 super
1645 1032 1723 1074 quid
1755 1032 1906 1064 fundatur
1930 1031 2056 1070 relatio,
2080 1035 2111 1063 et
2140 1031 2298 1072 quomodo
2313 1036 2375 1056 vitur-

1348 1085 1475 1117 advenit
1497 1085 1563 1117 sine
1587 1085 1753 1117 donatione
1772 1084 1994 1125 proprietatis?
2010 1084 2195 1122 dicendum,
2212 1083 2298 1125 quod

1348 1138 1379 1169 in
1403 1137 1662 1169 institutionibus
1693 1137 1887 1178 siyuorum;
1919 1140 1954 1168 ut
1989 1136 2114 1178 quando
2147 1144 2297 1168 nummus

1348 1190 1382 1221 fit
1405 1190 1518 1229 arrha,
1542 1190 1620 1221 nihil
1645 1190 1738 1221 datur
1763 1190 1801 1221 de
1826 1198 1907 1220 novo
1931 1189 1989 1231 ipsi
2014 1198 2144 1221 nummo
2156 1189 2176 1220 ⁵.

1436 1242 1572 1283 Utraque
1597 1242 1709 1273 harum
1729 1241 1917 1282 positionum
1943 1242 2017 1273 satis
2039 1241 2164 1273 videtur
2188 1241 2298 1283 proba·
2312 1244 2464 1266 ludiciumau>

2343 1271 2405 1292 ctoris
2412 1286 2417 1292 .

1348 1294 1437 1333 bilis=
1460 1294 1538 1326 haec
1570 1298 1673 1326 tamen
1700 1294 1775 1325 mihi
1807 1294 1933 1326 videtur
1957 1294 1997 1325 ad
2021 1294 2239 1326 sustinendum
2258 1294 2299 1326 fa-

1349 1347 1454 1385 cili0r;
1478 1347 1583 1379 nescio
1606 1350 1726 1385 tamen,
1751 1355 1831 1388 quae
1855 1346 1895 1378 sit
1918 1346 2038 1385 verior,
2065 1347 2138 1388 quia
2162 1356 2235 1379 cum
2259 1347 2300 1379 lo-

1349 1400 1477 1442 quimur
1513 1400 1552 1432 de
1583 1400 1632 1432 his
1667 1409 1748 1441 quae
1783 1403 1856 1432 sunt
1890 1399 2052 1438 miraculi,
2076 1409 2138 1431 non
2162 1400 2298 1432 multum

1349 1452 1588 1485 adhaerendum
1613 1456 1660 1485 est
1692 1452 1814 1484 rationi.
1839 1452 2045 1484 Concedimus
2077 1453 2190 1494 igitur,
2214 1453 2299 1494 quod

1349 1504 1550 1536 Sacramenta
1573 1513 1672 1537 novae
1704 1504 1781 1546 legis
1806 1508 1879 1537 sunt
1903 1514 2009 1537 causa
2041 1508 2071 1537 et
2094 1504 2237 1547 efficiunt
2268 1508 2299 1537 et

1349 1557 1547 1599 disponunt,
1572 1561 1702 1590 extenso
1727 1558 1873 1596 nomine,
1897 1561 1932 1589 ut
1956 1558 2075 1590 dictum
2099 1560 2163 1597 est,
2187 1561 2217 1590 et
2241 1558 2300 1590 hoc

1350 1619 1498 1643 securum
1534 1614 1581 1643 est
1617 1611 1739 1649 dicere;
1764 1614 1871 1642 utrum
1908 1614 2014 1643 autem
2049 1610 2121 1652 plus
2144 1610 2298 1649 habeant,

1349 1672 1406 1695 nec
1430 1663 1501 1695 volo
1532 1663 1691 1696 affirmare
1714 1672 1771 1696 nec
1795 1672 1919 1705 negare.
1945 1664 1980 1695 Et
2011 1663 2185 1696 secundum
2218 1663 2298 1695 hanc

1350 1715 1492 1747 ultimam
1519 1715 1601 1747 viam
1626 1716 1730 1747 omnia
1753 1715 1896 1757 quaesita
1919 1716 2057 1757 patentfl.

1204 1839 1386 1880 Quausrio
1407 1839 1440 1872 v.

868 1924 913 1956 De
937 1923 1122 1966 differentia
1147 1923 1232 1955 iuter
1256 1923 1476 1955 Sacramenta
1499 1927 1608 1955 vetera
1632 1927 1660 1955 et
1682 1932 1777 1955 noua.

429 2036 542 2077 Quinto
566 2036 728 2078 quaeritur
753 2036 791 2068 de
816 2035 992 2067 differentia
1015 2035 1289 2067 Sacramentorum

340 2097 438 2121 novae
470 2088 546 2130 legis
578 2092 608 2121 et
639 2089 775 2127 veteris;
799 2092 829 2120 et
852 2088 989 2129 assignat
1016 2086 1159 2128 Magister
1175 2087 1185 2103 ⁷
1209 2087 1289 2119 hanc

340 2141 565 2174 differentiam:
597 2141 698 2183 «quia
730 2141 782 2173 illa
813 2143 936 2173 tantum
967 2140 1191 2181 promittebant
1223 2148 1290 2180 gra-

341 2194 414 2226 tiam
451 2198 481 2226 et
515 2203 576 2226 non
613 2194 749 2232 dabant,
784 2194 861 2226 haec
892 2197 998 2225 autem
1034 2192 1109 2225 dant
1133 2205 1162 2223 n.
1203 2192 1289 2224 Unde

340 2246 547 2279 communiter
576 2246 754 2287 assignatur
782 2245 974 2284 differentia,
999 2245 1083 2286 quod
1112 2245 1290 2277 Sacramen-

339 2302 370 2331 ta
401 2308 500 2331 novae
532 2298 608 2340 legis
640 2298 779 2330 efficiunt
810 2298 894 2340 quod
930 2297 1090 2339 figurant,
1124 2297 1178 2329 sed
1210 2300 1290 2329 vete-

341 2351 384 2383 ris
408 2360 480 2383 non.

432 2405 459 2435 1.
483 2404 596 2436 Contra
620 2404 697 2436 haec
720 2404 764 2436 sic
788 2404 893 2436 obiicit
917 2404 1003 2445 Hugo
1022 2404 1053 2435 in
1080 2403 1160 2435 libro
1177 2403 1216 2435 de
1241 2403 1290 2434 Sa-

341 2456 546 2489 cramentisss:
578 2469 592 2485 «
609 2456 881 2489 Sacramentorum
907 2456 968 2487 alia.
991 2456 1050 2488 sub
1074 2459 1205 2494 natura,
1230 2455 1291 2487 alia

1354 2034 1413 2066 sub
1430 2035 1525 2076 Lege,
1550 2034 1610 2066 alia
1627 2034 1686 2066 sub
1703 2034 1816 2076 gratia,
1834 2034 1894 2066 alia
1911 2034 2038 2076 quidem
2056 2035 2087 2066 in
2113 2035 2229 2077 specie,
2247 2035 2300 2068 sed

1353 2087 1488 2119 eundem
1513 2087 1658 2119 effectum
1683 2087 1823 2119 sanitatis
1848 2087 2037 2119 habentia».

1442 2141 1470 2171 Ξ).
1509 2140 1601 2178 item,
1634 2140 1766 2181 Hugo⁰:
1801 2151 1816 2168 «
1843 2140 1887 2171 Ex
1919 2149 1981 2181 quo
2010 2140 2104 2172 homo
2139 2143 2302 2181 aegrotare

1353 2193 1470 2234 coepit,
1494 2192 1578 2224 Deus
1609 2192 1785 2233 reparando
1809 2193 1840 2224 in
1868 2192 2076 2225 Sacramentis
2107 2193 2173 2225 suis
2210 2193 2304 2225 medi-

1353 2246 1455 2278 cinam
1486 2245 1686 2287 praeparavit
1701 2257 1739 2284 »ς
1772 2245 1827 2277 sed
1859 2245 2050 2287 impossibile
2086 2249 2147 2284 est,
2182 2246 2302 2278 mederi

1353 2298 1453 2330 Deum
1471 2298 1536 2330 sine
1554 2298 1653 2339 gratia
1677 2297 1879 2330 iustificante:
1898 2306 1972 2339 ergo
1989 2298 2019 2329 in
2037 2298 2183 2330 omnibus
2200 2299 2304 2331 Sacra-

1354 2350 1468 2383 mentis
1491 2354 1538 2382 est
1562 2351 1661 2392 gratia
1685 2349 1874 2389 justificans,
1891 2353 1921 2382 et
1945 2350 1989 2382 sic
2011 2350 2099 2382 nulla
2119 2350 2302 2383 differentia.

1443 2403 1471 2434 3.
1496 2403 1588 2441 Item,
1616 2412 1677 2444 per
1704 2402 1866 2434 rationem
1899 2402 2040 2435 videtur:
2074 2403 2148 2444 quia
2179 2412 2304 2445 semper

1354 2455 1475 2494 decuit,
1507 2458 1542 2487 ut
1574 2458 1717 2487 curreret
1749 2455 1903 2487 medicina
1939 2464 2011 2487 cum
2049 2455 2198 2495 morl-30¹⁰,
2230 2457 2303 2498 quia

413 2598 420 2614 ¹
441 2599 476 2623 Ex
496 2598 572 2624 codd.
592 2598 671 2623 FGH
682 2598 704 2622 V
725 2598 743 2630 (l
764 2597 799 2623 bb
819 2605 831 2622 a
852 2598 966 2623 secunda
991 2599 1079 2630 manu)
1109 2598 1290 2629 supplevimus

341 2640 411 2673 ideo,
440 2648 487 2672 pro
517 2648 568 2673 quo
598 2641 654 2666 cod.
677 2642 695 2665 Z
721 2640 782 2666 iam.
812 2641 889 2666 Paulo
917 2642 1037 2672 superius
1064 2648 1110 2672 pro
1138 2640 1292 2673 suscipienti

340 2685 397 2710 cod.
418 2685 438 2709 G
458 2684 668 2718 suscipientibus.
689 2685 825 2717 Aliquanto
844 2685 951 2709 inferius
970 2692 1017 2716 pro
1037 2685 1072 2710 Et
1089 2684 1159 2711 sicut
1176 2684 1291 2710 ea‘tcucli-

341 2730 386 2754 tur
406 2729 481 2754 codd.
500 2729 535 2753 ΞΡ-
556 2736 584 2754 cc
605 2729 635 2760 (K
658 2736 670 2753 n
691 2729 805 2753 secunda
823 2728 913 2761 manu)
930 2729 962 2754 Et
973 2728 1029 2754 ideo
1043 2728 1114 2755 sicut
1124 2728 1288 2761 ea'temlitur,

340 2773 397 2798 cod.
418 2773 435 2797 Z
456 2772 490 2798 Et
507 2772 577 2798 sicut
594 2772 636 2799 liic
655 2772 821 2804 eactenditur,
845 2774 889 2804 qui
908 2774 984 2797 etiam
1005 2772 1116 2798 subinde
1136 2780 1184 2804 pro
1204 2774 1291 2799 ea‘ten-

341 2816 444 2842 ciuntur
463 2816 594 2842 substituit
613 2816 765 2842 emendum·
784 2816 878 2842 virtus.

411 2861 422 2876 2
441 2860 523 2886 Codd.
535 2860 617 2892 pietas
635 2860 697 2894 fidei
715 2860 856 2892 consentit,
873 2862 898 2886 et
910 2859 979 2886 ratio
992 2867 1047 2886 nou
1060 2862 1206 2893 relinquat,
1224 2868 1292 2893 quae

341 2906 414 2930 lectio
433 2904 555 2930 subnexis
576 2911 625 2929 non
646 2905 772 2936 congruit.

410 2947 421 2964 3
440 2948 486 2973 Ed.
508 2948 516 2972 l
547 2949 572 2973 et
595 2947 670 2979 huic,
694 2948 749 2973 Vat.
776 2949 801 2973 et
824 2947 880 2973 ideo
907 2947 976 2973 huic.
995 2948 1073 2972 Paulo
1100 2948 1220 2979 superius
1244 2955 1291 2979 pro

342 2990 410 3016 nihil
428 2991 485 3016 cod.
506 2991 529 3015 X
549 2990 738 3022 nihilomiuus,
761 2991 818 3016 eod.
839 2992 856 3015 Z
876 2991 924 3017 liic.
946 2992 1082 3023 Aliquanto
1112 2992 1217 3016 inferius
1244 2998 1291 3022 pro

343 3034 470 3060 honorem
489 3034 593 3068 gratiae
613 3035 720 3060 curanti
747 3036 772 3060 et
798 3034 904 3060 cuu'mae
932 3035 1053 3066 permulti
1074 3035 1150 3061 codd.
1171 3038 1196 3060 et
1214 3035 1255 3059 ed.
1277 3036 1286 3060 .1

342 3078 475 3104 hominem
494 3079 598 3112 cratiae
617 3080 641 3104 et
659 3086 675 3104 a
694 3085 721 3104 se
741 3079 826 3105 (codd.
847 3080 899 3103 lW
919 3079 955 3104 ad
974 3079 1019 3110 se).

413 3122 423 3138 ⁴
443 3122 524 3148 Codd.
544 3124 563 3147 Α
574 3124 592 3147 Ε
604 3123 622 3147 L
634 3123 653 3147 lu
667 3123 688 3148 V
699 3124 732 3148 W
753 3130 782 3147 aa
802 3122 837 3148 bb
857 3129 897 3154 eo,
912 3130 971 3148 mox
985 3126 1042 3154 post
1053 3129 1129 3155 posse
1148 3122 1223 3147 codd.
1244 3123 1260 3147 F
1273 3123 1292 3147 H

344 3167 360 3191 S
373 3167 392 3191 T
405 3167 424 3191 U
445 3168 564 3192 omittunt
583 3168 614 3192 et.

413 3210 423 3225 5
442 3213 549 3241 August.
572 3211 601 3235 V.
621 3210 653 3235 de
673 3211 742 3235 Trin.
763 3217 784 3235 c.
801 3211 840 3235 16.
855 3218 878 3235 n.
901 3211 947 3235 t7:
967 3211 1094 3235 Nummus
1114 3214 1213 3241 autem,
1233 3217 1292 3235 cum

345 3252 437 3278 dicitur
455 3252 584 3285 pretium,
606 3254 711 3278 relative
731 3254 831 3285 dicitur,
853 3261 898 3279 nec
918 3256 1002 3279 tamen
1027 3256 1141 3279 mutatus
1160 3256 1210 3285 est,
1232 3260 1292 3278 cum

344 3303 400 3321 esse
420 3297 505 3327 coepit
523 3298 648 3328 pretium;
669 3304 752 3329 neque
772 3304 831 3323 cum
852 3298 945 3323 dicitur
964 3299 1060 3329 pignus
1079 3300 1104 3322 et
1123 3298 1143 3322 si
1164 3304 1215 3329 qua
1235 3299 1294 3322 sunt

345 3340 435 3365 similia
455 3343 503 3365 etc.
522 3339 571 3365 Cir.
592 3341 655 3364 infra
677 3341 700 3365 d.
721 3342 744 3365 3.
766 3348 790 3372 p.
811 3342 836 3365 ll.
857 3349 878 3366 a.
902 3342 924 3366 l.
944 3349 968 3373 [1.
984 3342 1006 3366 2.
1022 3342 1046 3366 in
1061 3341 1122 3372 fine,
1143 3344 1167 3365 et
1187 3341 1202 3365 l.
1224 3342 1292 3366 Sent.

345 3384 370 3409 d.
385 3385 425 3409 30.
441 3384 504 3409 dub.
520 3385 542 3409 3.
556 3398 591 3402 —
606 3384 630 3409 lu
644 3384 859 3415 praecedentibus
878 3386 1030 3411 exhibemus
1050 3385 1185 3410 lectionem
1205 3385 1290 3416 codd„

1353 2604 1446 2629 quam,
1467 2598 1524 2622 licet
1553 2598 1585 2622 sit
1611 2597 1780 2628 brevissima,
1802 2598 1941 2628 genuinam
1968 2600 2052 2622 tamen
2073 2604 2129 2623 esse
2148 2598 2302 2623 iudicamus.

1354 2643 1412 2667 Post
1430 2641 1458 2667 iu
1485 2641 1695 2667 ii‘tstitutiouibus
1722 2641 1863 2674 signorum
1892 2641 2069 2672 supplendum
2098 2644 2136 2666 est
2153 2640 2301 2674 fundatur,

1354 2685 1411 2711 cod.
1431 2686 1451 2710 G
1472 2692 1535 2710 vero
1556 2685 1659 2717 supplet
1678 2691 1732 2710 uon
1745 2684 1827 2710 datur
1839 2684 1943 2718 aliquid
1955 2691 2068 2716 uocum,
2091 2685 2150 2709 edd.
2165 2685 2304 2716 glossando

1354 2728 1460 2754 habent:
1481 2735 1562 2761 super
1580 2727 1643 2761 ipsis
1663 2727 1746 2761 siquis
1766 2727 1816 2759 (ed.
1840 2729 1849 2752 „1
1874 2734 1955 2760 super
1978 2729 2019 2759 eo)
2038 2727 2174 2760 fundatur
2192 2727 2286 2754 relatio
2295 2737 2304 2759 ‚-

1354 2773 1378 2797 et
1397 2771 1445 2798 hoc
1464 2771 1541 2798 modo
1561 2771 1667 2797 aduenit
1684 2771 1740 2797 sine
1756 2770 1928 2804 proprietatis
1947 2771 2096 2797 donatione.

1426 2816 1436 2832 6
1456 2816 1521 2841 Vide
1541 2816 1654 2841 scholion
1674 2816 1707 2840 ad
1729 2815 1926 2846 praecedentem
1947 2818 2046 2847 quaest.

1427 2859 1438 2875 ⁷
1458 2860 1503 2884 Hic
1523 2866 1543 2884 c.
1565 2860 1589 2884 6.

1424 2903 1435 2919 S
1455 2903 1521 2928 Libr.
1545 2904 1560 2927 1.
1581 2910 1605 2934 p.
1627 2903 1687 2927 Vlll.
1707 2910 1727 2927 c.
1751 2904 1796 2927 Ἰ12ε
1818 2903 1868 2927 Alia
1889 2906 1947 2927 ante
1967 2903 2071 2934 Legem⁷
2091 2903 2139 2928 alia
2159 2903 2208 2928 sub
2228 2903 2304 2935 Lege,

1355 2947 1402 2972 alia
1422 2946 1471 2972 sub
1492 2947 1586 2977 grati33
1607 2945 1712 2972 diversa
1731 2945 1816 2979 [quod
1836 2947 1912 2971 etiam
1932 2946 2010 2971 habet
2028 2946 2085 2971 cod.
2106 2946 2140 2979 Y]
2161 2947 2267 2978 quidem
2281 2948 2305 2971 in

1355 2991 1455 3022 speeie,
1476 2997 1557 3015 unum
1577 2993 1662 3015 tamen
1682 2991 1801 3015 effectum
1821 2989 1939 3015 habentia
1961 2994 1985 3015 et
2005 2997 2083 3015 unam
2103 2991 2236 3015 sanitatem
2250 2997 2306 3021 per-

1355 3034 1473 3059 ficientia.
1492 3047 1528 3052 —-
1546 3035 1594 3059 Pro
1614 3033 1713 3059 Contra
1732 3033 1796 3059 ltaec
1817 3034 1904 3065 plures
1923 3033 2000 3059 codd.
2021 3033 2121 3059 Contra>
2144 3033 2207 3065 hoc,
2230 3033 2306 3058 codd.

1357 3078 1374 3102 R
1387 3079 1407 3103 T
1429 3077 1506 3108 Quod
1524 3077 1614 3103 omnia
1633 3078 1811 3104 Sacramenta
1830 3077 1945 3103 habeant
1963 3077 2076 3104 eundem
2095 3078 2224 3111 effectum,
2247 3077 2303 3103 hoc.

1425 3122 1436 3139 ⁹
1455 3123 1512 3148 Loc.
1534 3124 1582 3154 cit,
1605 3123 1722 3154 pluribus
1742 3125 1825 3147 tamen
1851 3125 1909 3153 post
1937 3122 2017 3147 verba
2037 3122 2081 3147 Ecc
2100 3128 2152 3155 quo
2171 3121 2248 3147 ltomo
2268 3123 2306 3146 in-

1356 3167 1472 3191 teriectis.
1493 3180 1526 3184 —
1547 3166 1581 3190 De
1608 3165 1722 3196 minori,
1744 3167 1768 3190 in
1798 3173 1849 3198 qua
1877 3166 1927 3191 fide
1956 3166 2031 3191 codd.
2052 3165 2099 3190 ΡΗ
2124 3165 2306 3190 substituimus

1355 3209 1455 3235 mederi
1482 3211 1567 3236 Deum
1592 3217 1639 3241 pro
1658 3209 1758 3235 mederi
1787 3210 1852 3242 Deo,
1876 3210 1920 3235 cfr.
1941 3211 1966 3235 ll.
1993 3211 2060 3235 Sent.
2082 3210 2106 3234 d.
2127 3210 2168 3235 26.
2189 3217 2213 3242 q.
2234 3211 2261 3241 2,
2281 3212 2306 3235 et

1356 3258 1417 3279 tom.
1438 3254 1474 3278 lll.
1495 3254 1559 3285 888,
1581 3257 1639 3279 nota
1660 3254 1683 3278 3.

1427 3297 1447 3313 ¹0
1466 3298 1556 3329 Hugo,
1576 3298 1623 3322 loc.
1638 3299 1683 3322 cit:
1699 3297 1827 3329 Quamdiu
1848 3297 1956 3322 morbus
1975 3300 2025 3329 est⁷
2041 3300 2143 3328 teinpus
2163 3297 2305 3322 medicinae

1356 3344 1401 3366 est.
1422 3355 1454 3359 —
1474 3343 1521 3367 Pro
1541 3343 1661 3368 curreret
1681 3341 1736 3366 Vat.
1757 3343 1847 3372 curet,
1867 3345 1892 3367 et
1921 3344 2008 3366 contra
2028 3341 2106 3372 paulo
2130 3341 2236 3365 inferius
2258 3347 2306 3371 pro

1355 3387 1429 3411 curet
1456 3393 1505 3410 non
1526 3387 1601 3417 pauci
1621 3385 1696 3410 codd.
1717 3388 1741 3411 et
1759 3385 1799 3411 ed.
1825 3386 1830 3410 l
1856 3386 1984 3411 curreret.
