<?xml version="1.0" encoding="UTF-8"?>
<!DOCTYPE html PUBLIC "-//W3C//DTD XHTML 1.0 Transitional//EN"
    "http://www.w3.org/TR/xhtml1/DTD/xhtml1-transitional.dtd">
<html xmlns="http://www.w3.org/1999/xhtml" xml:lang="en" lang="en">
 <head>
  <title>
</title>
<meta http-equiv="Content-Type" content="text/html;charset=utf-8" />
  <meta name='ocr-system' content='tesseract 3.04.00' />
  <meta name='ocr-capabilities' content='ocr_page ocr_carea ocr_par ocr_line ocrx_word'/>
</head>
<body>
  <div class='ocr_page' id='page_1' title='image "./doctorisseraphic04bona_1073.png"; bbox 0 0 2483 3882; ppageno 0'>
   <div class='ocr_carea' id='block_1_1' title="bbox 898 250 1336 283">
    <p class='ocr_par' dir='ltr' id='par_1_1' title="bbox 898 250 1336 283">
     <span class='ocr_line' id='line_1_1' title="bbox 898 250 1336 283; baseline -0.002 0"><span class='ocrx_word' id='word_1_1' title='bbox 898 251 992 283; x_wconf 90' lang='lat' dir='ltr'>DIST.</span> <span class='ocrx_word' id='word_1_2' title='bbox 1017 251 1048 283; x_wconf 92' lang='lat' dir='ltr'>L.</span> <span class='ocrx_word' id='word_1_3' title='bbox 1074 251 1102 283; x_wconf 87' lang='grc' dir='ltr'>Ρ.</span> <span class='ocrx_word' id='word_1_4' title='bbox 1128 251 1160 283; x_wconf 86' lang='lat'>11.</span> <span class='ocrx_word' id='word_1_5' title='bbox 1185 250 1336 283; x_wconf 90' lang='lat' dir='ltr'>DUBlUM.</span> 
     </span>
    </p>
   </div>
   <div class='ocr_carea' id='block_1_2' title="bbox 136 339 1085 590">
    <p class='ocr_par' dir='ltr' id='par_1_2' title="bbox 136 339 1085 590">
     <span class='ocr_line' id='line_1_2' title="bbox 136 339 1085 381; baseline 0 -10"><span class='ocrx_word' id='word_1_6' title='bbox 136 339 340 372; x_wconf 86' lang='lat' dir='ltr'>deliberativa</span> <span class='ocrx_word' id='word_1_7' title='bbox 367 339 540 372; x_wconf 85' lang='lat' dir='ltr'>detestatur</span> <span class='ocrx_word' id='word_1_8' title='bbox 569 339 687 372; x_wconf 82' lang='lat' dir='ltr'>malum</span> <span class='ocrx_word' id='word_1_9' title='bbox 722 340 832 381; x_wconf 87' lang='lat' dir='ltr'>culpae</span> <span class='ocrx_word' id='word_1_10' title='bbox 860 342 988 381; x_wconf 87' lang='lat' dir='ltr'>propter</span> <span class='ocrx_word' id='word_1_11' title='bbox 1016 347 1085 380; x_wconf 90' lang='lat' dir='ltr'>poe-</span> 
     </span>
     <span class='ocr_line' id='line_1_3' title="bbox 137 391 1084 434; baseline 0.001 -11"><span class='ocrx_word' id='word_1_12' title='bbox 137 400 227 430; x_wconf 81' lang='lat' dir='ltr'>nam3</span> <span class='ocrx_word' id='word_1_13' title='bbox 243 391 339 424; x_wconf 87' lang='lat' dir='ltr'>nollet</span> <span class='ocrx_word' id='word_1_14' title='bbox 362 391 445 424; x_wconf 89' lang='lat' dir='ltr'>enim</span> <span class='ocrx_word' id='word_1_15' title='bbox 470 392 585 433; x_wconf 87' lang='lat' dir='ltr'>impius</span> <span class='ocrx_word' id='word_1_16' title='bbox 602 392 766 434; x_wconf 88' lang='lat' dir='ltr'>peccasse¹</span> <span class='ocrx_word' id='word_1_17' title='bbox 785 392 835 424; x_wconf 89' lang='lat' dir='ltr'>vel</span> <span class='ocrx_word' id='word_1_18' title='bbox 856 391 983 430; x_wconf 87' lang='lat' dir='ltr'>fecisse,</span> <span class='ocrx_word' id='word_1_19' title='bbox 999 391 1084 424; x_wconf 91' lang='lat' dir='ltr'>unde</span> 
     </span>
     <span class='ocr_line' id='line_1_4' title="bbox 136 443 1084 486; baseline -0.001 -10"><span class='ocrx_word' id='word_1_20' title='bbox 136 447 181 476; x_wconf 90' lang='lat' dir='ltr'>tot</span> <span class='ocrx_word' id='word_1_21' title='bbox 204 444 287 476; x_wconf 86' lang='lat' dir='ltr'>mala</span> <span class='ocrx_word' id='word_1_22' title='bbox 311 444 405 476; x_wconf 87' lang='lat' dir='ltr'>habet</span> <span class='ocrx_word' id='word_1_23' title='bbox 428 452 554 476; x_wconf 88' lang='lat' dir='ltr'>necesse</span> <span class='ocrx_word' id='word_1_24' title='bbox 579 444 659 486; x_wconf 87' lang='lat' dir='ltr'>pati,</span> <span class='ocrx_word' id='word_1_25' title='bbox 684 445 733 477; x_wconf 90' lang='lat' dir='ltr'>vel</span> <span class='ocrx_word' id='word_1_26' title='bbox 757 444 867 477; x_wconf 89' lang='lat' dir='ltr'>saltem</span> <span class='ocrx_word' id='word_1_27' title='bbox 885 443 992 476; x_wconf 84' lang='lat' dir='ltr'>mallet</span> <span class='ocrx_word' id='word_1_28' title='bbox 1008 452 1084 476; x_wconf 93' lang='lat' dir='ltr'>nun-</span> 
     </span>
     <span class='ocr_line' id='line_1_5' title="bbox 137 495 1084 538; baseline 0 -10"><span class='ocrx_word' id='word_1_29' title='bbox 137 504 232 538; x_wconf 86' lang='lat' dir='ltr'>quam</span> <span class='ocrx_word' id='word_1_30' title='bbox 257 495 405 528; x_wconf 89' lang='lat' dir='ltr'>habuisse</span> <span class='ocrx_word' id='word_1_31' title='bbox 429 496 684 535; x_wconf 80' lang='lat' dir='ltr'>delectationem,</span> <span class='ocrx_word' id='word_1_32' title='bbox 709 505 804 538; x_wconf 89' lang='lat' dir='ltr'>quam</span> <span class='ocrx_word' id='word_1_33' title='bbox 836 505 904 528; x_wconf 90' lang='lat' dir='ltr'>esse</span> <span class='ocrx_word' id='word_1_34' title='bbox 936 496 966 528; x_wconf 90' lang='lat' dir='ltr'>in</span> <span class='ocrx_word' id='word_1_35' title='bbox 999 499 1084 528; x_wconf 85' lang='lat' dir='ltr'>tanta</span> 
     </span>
     <span class='ocr_line' id='line_1_6' title="bbox 136 548 1084 590; baseline 0 -10"><span class='ocrx_word' id='word_1_36' title='bbox 136 548 263 581; x_wconf 90' lang='lat' dir='ltr'>miseria</span> <span class='ocrx_word' id='word_1_37' title='bbox 286 552 316 581; x_wconf 90' lang='lat' dir='ltr'>et</span> <span class='ocrx_word' id='word_1_38' title='bbox 341 548 458 581; x_wconf 90' lang='lat' dir='ltr'>dolore.</span> <span class='ocrx_word' id='word_1_39' title='bbox 483 548 569 581; x_wconf 85' lang='lat' dir='ltr'>Unde</span> <span class='ocrx_word' id='word_1_40' title='bbox 592 548 777 581; x_wconf 86' lang='lat' dir='ltr'>solvendum</span> <span class='ocrx_word' id='word_1_41' title='bbox 802 552 863 588; x_wconf 89' lang='lat' dir='ltr'>est,</span> <span class='ocrx_word' id='word_1_42' title='bbox 880 548 964 590; x_wconf 88' lang='lat' dir='ltr'>quod</span> <span class='ocrx_word' id='word_1_43' title='bbox 989 557 1084 590; x_wconf 88' lang='lat' dir='ltr'>quan-</span> 
     </span>
    </p>
   </div>
   <div class='ocr_carea' id='block_1_3' title="bbox 2012 249 2094 282">
    <p class='ocr_par' dir='ltr' id='par_1_3' title="bbox 2012 249 2094 282">
     <span class='ocr_line' id='line_1_7' title="bbox 2012 249 2094 282; baseline 0.012 -1"><span class='ocrx_word' id='word_1_44' title='bbox 2012 249 2094 282; x_wconf 79' lang='lat'>1053</span> 
     </span>
    </p>
   </div>
   <div class='ocr_carea' id='block_1_4' title="bbox 1147 337 2241 590">
    <p class='ocr_par' dir='ltr' id='par_1_4' title="bbox 1147 337 2241 485">
     <span class='ocr_line' id='line_1_8' title="bbox 1148 337 2241 379; baseline 0 -9"><span class='ocrx_word' id='word_1_45' title='bbox 1148 341 1214 370; x_wconf 90' lang='lat' dir='ltr'>tum</span> <span class='ocrx_word' id='word_1_46' title='bbox 1240 338 1279 370; x_wconf 83' lang='lat' dir='ltr'>ad</span> <span class='ocrx_word' id='word_1_47' title='bbox 1304 338 1399 370; x_wconf 88' lang='lat' dir='ltr'>istum</span> <span class='ocrx_word' id='word_1_48' title='bbox 1424 340 1547 376; x_wconf 89' lang='lat' dir='ltr'>actum,</span> <span class='ocrx_word' id='word_1_49' title='bbox 1571 338 1645 379; x_wconf 84' lang='lat' dir='ltr'>quia</span> <span class='ocrx_word' id='word_1_50' title='bbox 1669 337 1822 379; x_wconf 87' lang='lat' dir='ltr'>poenalis,</span> <span class='ocrx_word' id='word_1_51' title='bbox 1847 337 2026 379; x_wconf 81' lang='lat' dir='ltr'>synderesis</span> <span class='ocrx_word' id='word_1_52' title='bbox 2049 341 2096 369; x_wconf 89' lang='lat' dir='ltr'>est</span> <span class='ocrx_word' id='word_1_53' title='bbox 2110 348 2241 371; x_wconf 69' lang='lat' dir='ltr'>Notandum.</span> 
     </span>
     <span class='ocr_line' id='line_1_9' title="bbox 1148 389 2095 431; baseline -0.001 -9"><span class='ocrx_word' id='word_1_54' title='bbox 1148 393 1178 423; x_wconf 88' lang='lat' dir='ltr'>et</span> <span class='ocrx_word' id='word_1_55' title='bbox 1194 390 1247 423; x_wconf 91' lang='lat' dir='ltr'>Dei</span> <span class='ocrx_word' id='word_1_56' title='bbox 1266 390 1509 423; x_wconf 80' lang='lat' dir='ltr'>instrumentum</span> <span class='ocrx_word' id='word_1_57' title='bbox 1534 390 1574 422; x_wconf 86' lang='lat' dir='ltr'>ad</span> <span class='ocrx_word' id='word_1_58' title='bbox 1591 389 1815 431; x_wconf 85' lang='lat' dir='ltr'>flagellandum</span> <span class='ocrx_word' id='word_1_59' title='bbox 1833 389 1971 431; x_wconf 86' lang='lat' dir='ltr'>iniquos,</span> <span class='ocrx_word' id='word_1_60' title='bbox 1987 392 2019 421; x_wconf 90' lang='lat' dir='ltr'>et</span> <span class='ocrx_word' id='word_1_61' title='bbox 2034 397 2095 421; x_wconf 89' lang='lat' dir='ltr'>non</span> 
     </span>
     <span class='ocr_line' id='line_1_10' title="bbox 1147 441 2095 485; baseline -0.002 -10"><span class='ocrx_word' id='word_1_62' title='bbox 1147 443 1385 485; x_wconf 82' lang='lat' dir='ltr'>exstinguetur3</span> <span class='ocrx_word' id='word_1_63' title='bbox 1410 447 1441 475; x_wconf 85' lang='lat' dir='ltr'>et</span> <span class='ocrx_word' id='word_1_64' title='bbox 1464 451 1625 475; x_wconf 87' lang='lat' dir='ltr'>remorsus</span> <span class='ocrx_word' id='word_1_65' title='bbox 1649 442 1742 474; x_wconf 89' lang='lat' dir='ltr'>modo</span> <span class='ocrx_word' id='word_1_66' title='bbox 1765 451 1826 474; x_wconf 89' lang='lat' dir='ltr'>non</span> <span class='ocrx_word' id='word_1_67' title='bbox 1851 442 1894 474; x_wconf 90' lang='lat' dir='ltr'>sic</span> <span class='ocrx_word' id='word_1_68' title='bbox 1918 442 1949 474; x_wconf 93' lang='lat' dir='ltr'>in</span> <span class='ocrx_word' id='word_1_69' title='bbox 1973 441 2095 474; x_wconf 86' lang='lat' dir='ltr'>daemo-</span> 
     </span>
    </p>

    <p class='ocr_par' dir='ltr' id='par_1_5' title="bbox 1147 493 2095 590">
     <span class='ocr_line' id='line_1_11' title="bbox 1147 493 2095 537; baseline -0.001 -10"><span class='ocrx_word' id='word_1_70' title='bbox 1147 495 1240 527; x_wconf 83' lang='lat' dir='ltr'>nibus</span> <span class='ocrx_word' id='word_1_71' title='bbox 1271 495 1411 528; x_wconf 89' lang='lat' dir='ltr'>intensus</span> <span class='ocrx_word' id='word_1_72' title='bbox 1439 498 1487 528; x_wconf 89' lang='lat' dir='ltr'>est</span> <span class='ocrx_word' id='word_1_73' title='bbox 1522 498 1650 537; x_wconf 87' lang='lat' dir='ltr'>propter</span> <span class='ocrx_word' id='word_1_74' title='bbox 1685 493 1845 536; x_wconf 78' lang='lat' dir='ltr'>defectum</span> <span class='ocrx_word' id='word_1_75' title='bbox 1881 494 2095 532; x_wconf 77' lang='lat' dir='ltr'>resistentiac‚</span> 
     </span>
     <span class='ocr_line' id='line_1_12' title="bbox 1147 547 1845 590; baseline -0.001 -10"><span class='ocrx_word' id='word_1_76' title='bbox 1147 548 1295 590; x_wconf 89' lang='lat' dir='ltr'>quoniam</span> <span class='ocrx_word' id='word_1_77' title='bbox 1319 548 1412 580; x_wconf 92' lang='lat' dir='ltr'>modo</span> <span class='ocrx_word' id='word_1_78' title='bbox 1436 548 1631 580; x_wconf 86' lang='lat' dir='ltr'>delectantur</span> <span class='ocrx_word' id='word_1_79' title='bbox 1656 547 1684 579; x_wconf 92' lang='lat' dir='ltr'>in</span> <span class='ocrx_word' id='word_1_80' title='bbox 1710 547 1810 589; x_wconf 89' lang='lat' dir='ltr'>culpis</span> <span class='ocrx_word' id='word_1_81' title='bbox 1825 547 1845 579; x_wconf 78' lang='lat'>².</span> 
     </span>
    </p>
   </div>
   <div class='ocr_carea' id='block_1_5' title="bbox 993 684 1243 726">
    <p class='ocr_par' dir='ltr' id='par_1_6' title="bbox 993 684 1243 726">
     <span class='ocr_line' id='line_1_13' title="bbox 993 684 1243 726; baseline -0.008 -8"><span class='ocrx_word' id='word_1_82' title='bbox 993 684 1175 726; x_wconf 85' lang='lat' dir='ltr'><strong>QUAESTIO</strong></span> <span class='ocrx_word' id='word_1_83' title='bbox 1198 685 1243 716; x_wconf 83' lang='grc' dir='ltr'>ΙΙΙ.</span> 
     </span>
    </p>
   </div>
   <div class='ocr_carea' id='block_1_6' title="bbox 789 780 1440 813">
    <p class='ocr_par' dir='ltr' id='par_1_7' title="bbox 789 780 1440 813">
     <span class='ocr_line' id='line_1_14' title="bbox 789 780 1440 813; baseline -0.002 0"><span class='ocrx_word' id='word_1_84' title='bbox 789 781 905 813; x_wconf 78' lang='lat' dir='ltr'>Utrum</span> <span class='ocrx_word' id='word_1_85' title='bbox 930 781 1052 813; x_wconf 72' lang='lat' dir='ltr'>vermis</span> <span class='ocrx_word' id='word_1_86' title='bbox 1076 781 1128 812; x_wconf 69' lang='lat' dir='ltr'>itte</span> <span class='ocrx_word' id='word_1_87' title='bbox 1151 780 1195 812; x_wconf 78' lang='lat' dir='ltr'>sit</span> <span class='ocrx_word' id='word_1_88' title='bbox 1218 780 1440 813; x_wconf 72' lang='lat' dir='ltr'>invariabilis.</span> 
     </span>
    </p>
   </div>
   <div class='ocr_carea' id='block_1_7' title="bbox 0 895 1088 1883">
    <p class='ocr_par' dir='ltr' id='par_1_8' title="bbox 133 895 1083 990">
     <span class='ocr_line' id='line_1_15' title="bbox 222 895 1083 938; baseline -0.001 -10"><span class='ocrx_word' id='word_1_89' title='bbox 222 897 325 929; x_wconf 88' lang='lat' dir='ltr'>Tertio</span> <span class='ocrx_word' id='word_1_90' title='bbox 349 900 379 929; x_wconf 88' lang='lat' dir='ltr'>et</span> <span class='ocrx_word' id='word_1_91' title='bbox 402 896 514 928; x_wconf 89' lang='lat' dir='ltr'>ultimo</span> <span class='ocrx_word' id='word_1_92' title='bbox 538 896 720 938; x_wconf 87' lang='lat' dir='ltr'>quaeritur,</span> <span class='ocrx_word' id='word_1_93' title='bbox 746 899 853 928; x_wconf 86' lang='lat' dir='ltr'>utrum</span> <span class='ocrx_word' id='word_1_94' title='bbox 885 895 1002 927; x_wconf 83' lang='lat' dir='ltr'>vermis</span> <span class='ocrx_word' id='word_1_95' title='bbox 1030 895 1083 927; x_wconf 88' lang='lat' dir='ltr'>ille</span> 
     </span>
     <span class='ocr_line' id='line_1_16' title="bbox 133 949 823 990; baseline -0.001 -9"><span class='ocrx_word' id='word_1_96' title='bbox 133 949 173 982; x_wconf 87' lang='lat' dir='ltr'>sit</span> <span class='ocrx_word' id='word_1_97' title='bbox 196 949 398 981; x_wconf 78' lang='lat' dir='ltr'>invariabilis.</span> <span class='ocrx_word' id='word_1_98' title='bbox 424 949 459 981; x_wconf 85' lang='lat' dir='ltr'>Et</span> <span class='ocrx_word' id='word_1_99' title='bbox 482 949 568 990; x_wconf 87' lang='lat' dir='ltr'>quod</span> <span class='ocrx_word' id='word_1_100' title='bbox 593 949 655 987; x_wconf 88' lang='lat' dir='ltr'>sic,</span> <span class='ocrx_word' id='word_1_101' title='bbox 678 949 823 981; x_wconf 88' lang='lat' dir='ltr'>videtur:</span> 
     </span>
    </p>

    <p class='ocr_par' dir='ltr' id='par_1_9' title="bbox 225 1001 1084 1043">
     <span class='ocr_line' id='line_1_17' title="bbox 225 1001 1084 1043; baseline 0 -10"><span class='ocrx_word' id='word_1_102' title='bbox 225 1003 251 1033; x_wconf 87' lang='lat'>1.</span> <span class='ocrx_word' id='word_1_103' title='bbox 277 1002 355 1043; x_wconf 87' lang='lat' dir='ltr'>Quia</span> <span class='ocrx_word' id='word_1_104' title='bbox 379 1001 471 1043; x_wconf 88' lang='lat' dir='ltr'>culpa</span> <span class='ocrx_word' id='word_1_105' title='bbox 495 1005 542 1033; x_wconf 87' lang='lat' dir='ltr'>est</span> <span class='ocrx_word' id='word_1_106' title='bbox 566 1001 775 1038; x_wconf 69' lang='lat' dir='ltr'>invariabilis,</span> <span class='ocrx_word' id='word_1_107' title='bbox 800 1004 830 1033; x_wconf 90' lang='lat' dir='ltr'>et</span> <span class='ocrx_word' id='word_1_108' title='bbox 858 1010 957 1042; x_wconf 88' lang='lat' dir='ltr'>poena</span> <span class='ocrx_word' id='word_1_109' title='bbox 988 1002 1084 1043; x_wconf 85' lang='lat' dir='ltr'>respi-</span> 
     </span>
    </p>

    <p class='ocr_par' dir='ltr' id='par_1_10' title="bbox 0 1053 1082 1095">
     <span class='ocr_line' id='line_1_18' title="bbox 0 1053 1082 1095; baseline -0.002 -9"><span class='ocrx_word' id='word_1_110' title='bbox 0 1053 175 1091; x_wconf 57' lang='lat' dir='ltr'>mdamemassit</span> <span class='ocrx_word' id='word_1_111' title='bbox 191 1054 332 1095; x_wconf 84' lang='lat' dir='ltr'>culpam:</span> <span class='ocrx_word' id='word_1_112' title='bbox 351 1063 426 1095; x_wconf 83' lang='lat' dir='ltr'>ergo</span> <span class='ocrx_word' id='word_1_113' title='bbox 443 1062 514 1086; x_wconf 90' lang='lat' dir='ltr'>cum</span> <span class='ocrx_word' id='word_1_114' title='bbox 533 1053 582 1085; x_wconf 86' lang='lat' dir='ltr'>hic</span> <span class='ocrx_word' id='word_1_115' title='bbox 600 1054 716 1085; x_wconf 87' lang='lat' dir='ltr'>vermis</span> <span class='ocrx_word' id='word_1_116' title='bbox 733 1053 771 1085; x_wconf 86' lang='lat' dir='ltr'>sit</span> <span class='ocrx_word' id='word_1_117' title='bbox 791 1063 907 1095; x_wconf 88' lang='lat' dir='ltr'>poena,</span> <span class='ocrx_word' id='word_1_118' title='bbox 924 1057 1009 1095; x_wconf 87' lang='lat' dir='ltr'>patet</span> <span class='ocrx_word' id='word_1_119' title='bbox 1025 1057 1082 1086; x_wconf 88' lang='lat' dir='ltr'>etc.</span> 
     </span>
    </p>

    <p class='ocr_par' dir='ltr' id='par_1_11' title="bbox 133 1106 1081 1201">
     <span class='ocr_line' id='line_1_19' title="bbox 223 1106 1081 1148; baseline -0.001 -10"><span class='ocrx_word' id='word_1_120' title='bbox 223 1108 252 1139; x_wconf 69' lang='lat'>2.</span> <span class='ocrx_word' id='word_1_121' title='bbox 277 1107 370 1145; x_wconf 86' lang='lat' dir='ltr'>item,</span> <span class='ocrx_word' id='word_1_122' title='bbox 394 1106 473 1148; x_wconf 83' lang='lat' dir='ltr'>ignis</span> <span class='ocrx_word' id='word_1_123' title='bbox 502 1106 648 1138; x_wconf 80' lang='lat' dir='ltr'>continue</span> <span class='ocrx_word' id='word_1_124' title='bbox 684 1106 793 1147; x_wconf 81' lang='lat' dir='ltr'>affligit</span> <span class='ocrx_word' id='word_1_125' title='bbox 827 1110 858 1138; x_wconf 89' lang='lat' dir='ltr'>et</span> <span class='ocrx_word' id='word_1_126' title='bbox 892 1106 1081 1148; x_wconf 86' lang='lat' dir='ltr'>aequaliter:</span> 
     </span>
     <span class='ocr_line' id='line_1_20' title="bbox 133 1158 854 1201; baseline -0.003 -9"><span class='ocrx_word' id='word_1_127' title='bbox 133 1168 208 1201; x_wconf 87' lang='lat' dir='ltr'>ergo</span> <span class='ocrx_word' id='word_1_128' title='bbox 231 1159 375 1191; x_wconf 88' lang='lat' dir='ltr'>similiter</span> <span class='ocrx_word' id='word_1_129' title='bbox 399 1159 541 1197; x_wconf 84' lang='lat' dir='ltr'>videtur,</span> <span class='ocrx_word' id='word_1_130' title='bbox 565 1159 649 1200; x_wconf 88' lang='lat' dir='ltr'>quod</span> <span class='ocrx_word' id='word_1_131' title='bbox 674 1162 705 1190; x_wconf 89' lang='lat' dir='ltr'>et</span> <span class='ocrx_word' id='word_1_132' title='bbox 728 1158 854 1191; x_wconf 88' lang='lat' dir='ltr'>vermis.</span> 
     </span>
    </p>

    <p class='ocr_par' dir='ltr' id='par_1_12' title="bbox 134 1210 1084 1305">
     <span class='ocr_line' id='line_1_21' title="bbox 223 1210 1084 1250; baseline -0.001 -7"><span class='ocrx_word' id='word_1_133' title='bbox 223 1211 251 1243; x_wconf 84' lang='lat'>3.</span> <span class='ocrx_word' id='word_1_134' title='bbox 277 1211 370 1250; x_wconf 86' lang='lat' dir='ltr'>ltein,</span> <span class='ocrx_word' id='word_1_135' title='bbox 394 1220 485 1243; x_wconf 85' lang='lat' dir='ltr'>omne</span> <span class='ocrx_word' id='word_1_136' title='bbox 510 1211 661 1243; x_wconf 78' lang='lat' dir='ltr'>variabile</span> <span class='ocrx_word' id='word_1_137' title='bbox 685 1211 899 1250; x_wconf 70' lang='lat' dir='ltr'>terminabile,</span> <span class='ocrx_word' id='word_1_138' title='bbox 931 1210 984 1243; x_wconf 87' lang='lat' dir='ltr'>sed</span> <span class='ocrx_word' id='word_1_139' title='bbox 1019 1219 1084 1243; x_wconf 89' lang='lat' dir='ltr'>ver-</span> 
     </span>
     <span class='ocr_line' id='line_1_22' title="bbox 134 1264 829 1305; baseline 0 -10"><span class='ocrx_word' id='word_1_140' title='bbox 134 1264 194 1296; x_wconf 86' lang='lat' dir='ltr'>mis</span> <span class='ocrx_word' id='word_1_141' title='bbox 218 1264 270 1296; x_wconf 90' lang='lat' dir='ltr'>ille</span> <span class='ocrx_word' id='word_1_142' title='bbox 294 1267 340 1296; x_wconf 89' lang='lat' dir='ltr'>est</span> <span class='ocrx_word' id='word_1_143' title='bbox 365 1264 647 1296; x_wconf 68' lang='lat' dir='ltr'>interminabilis⁸:</span> <span class='ocrx_word' id='word_1_144' title='bbox 672 1272 748 1305; x_wconf 84' lang='lat' dir='ltr'>ergo</span> <span class='ocrx_word' id='word_1_145' title='bbox 771 1267 829 1296; x_wconf 88' lang='lat' dir='ltr'>etc.</span> 
     </span>
    </p>

    <p class='ocr_par' dir='ltr' id='par_1_13' title="bbox 223 1316 1084 1357">
     <span class='ocr_line' id='line_1_23' title="bbox 223 1316 1084 1357; baseline -0.001 -9"><span class='ocrx_word' id='word_1_146' title='bbox 223 1316 366 1349; x_wconf 76' lang='lat' dir='ltr'><strong>CONTRA:</strong></span> <span class='ocrx_word' id='word_1_147' title='bbox 396 1318 422 1347; x_wconf 84' lang='lat' dir='ltr'>l.</span> <span class='ocrx_word' id='word_1_148' title='bbox 440 1316 562 1348; x_wconf 89' lang='lat' dir='ltr'>Vermis</span> <span class='ocrx_word' id='word_1_149' title='bbox 586 1320 633 1348; x_wconf 85' lang='lat' dir='ltr'>est</span> <span class='ocrx_word' id='word_1_150' title='bbox 654 1325 694 1348; x_wconf 84' lang='lat' dir='ltr'>ex</span> <span class='ocrx_word' id='word_1_151' title='bbox 716 1316 933 1348; x_wconf 76' lang='lat' dir='ltr'>recordatione</span> <span class='ocrx_word' id='word_1_152' title='bbox 948 1316 1084 1357; x_wconf 85' lang='lat' dir='ltr'>peccati;</span> 
     </span>
    </p>

    <p class='ocr_par' dir='ltr' id='par_1_14' title="bbox 0 1368 1086 1513">
     <span class='ocr_line' id='line_1_24' title="bbox 0 1368 1085 1411; baseline -0.002 -9"><span class='ocrx_word' id='word_1_153' title='bbox 0 1383 24 1405; x_wconf 64' lang='lat' dir='ltr'>m</span> <span class='ocrx_word' id='word_1_154' title='bbox 37 1383 122 1411; x_wconf 46' lang='lat' dir='ltr'>oppos.</span> <span class='ocrx_word' id='word_1_155' title='bbox 135 1369 191 1402; x_wconf 89' lang='lat' dir='ltr'>sed</span> <span class='ocrx_word' id='word_1_156' title='bbox 214 1378 276 1401; x_wconf 88' lang='lat' dir='ltr'>non</span> <span class='ocrx_word' id='word_1_157' title='bbox 301 1369 393 1401; x_wconf 88' lang='lat' dir='ltr'>simul</span> <span class='ocrx_word' id='word_1_158' title='bbox 421 1372 547 1410; x_wconf 88' lang='lat' dir='ltr'>peccata</span> <span class='ocrx_word' id='word_1_159' title='bbox 571 1369 723 1408; x_wconf 87' lang='lat' dir='ltr'>recolent,</span> <span class='ocrx_word' id='word_1_160' title='bbox 749 1378 821 1401; x_wconf 88' lang='lat' dir='ltr'>cum</span> <span class='ocrx_word' id='word_1_161' title='bbox 845 1378 907 1400; x_wconf 90' lang='lat' dir='ltr'>non</span> <span class='ocrx_word' id='word_1_162' title='bbox 938 1369 1000 1401; x_wconf 89' lang='lat' dir='ltr'>sint</span> <span class='ocrx_word' id='word_1_163' title='bbox 1024 1368 1085 1400; x_wconf 89' lang='lat' dir='ltr'>dei-</span> 
     </span>
     <span class='ocr_line' id='line_1_25' title="bbox 28 1412 1086 1463; baseline -0.002 -8"><span class='ocrx_word' id='word_1_164' title='bbox 28 1412 79 1432; x_wconf 55' lang='grc' dir='ltr'>Μ’</span> <span class='ocrx_word' id='word_1_165' title='bbox 133 1423 270 1455; x_wconf 85' lang='lat' dir='ltr'>formes:</span> <span class='ocrx_word' id='word_1_166' title='bbox 303 1430 378 1462; x_wconf 83' lang='lat' dir='ltr'>ergo</span> <span class='ocrx_word' id='word_1_167' title='bbox 414 1421 599 1453; x_wconf 79' lang='lat' dir='ltr'>successive.</span> <span class='ocrx_word' id='word_1_168' title='bbox 632 1421 691 1454; x_wconf 89' lang='lat' dir='ltr'>Sed</span> <span class='ocrx_word' id='word_1_169' title='bbox 728 1421 837 1453; x_wconf 85' lang='lat' dir='ltr'>maiori</span> <span class='ocrx_word' id='word_1_170' title='bbox 870 1421 992 1463; x_wconf 72' lang='lat' dir='ltr'>poena⁴</span> <span class='ocrx_word' id='word_1_171' title='bbox 1024 1430 1086 1453; x_wconf 81' lang='lat' dir='ltr'>ma-</span> 
     </span>
     <span class='ocr_line' id='line_1_26' title="bbox 134 1473 1083 1513; baseline -0.002 -6"><span class='ocrx_word' id='word_1_172' title='bbox 134 1476 181 1507; x_wconf 88' lang='lat' dir='ltr'>ior</span> <span class='ocrx_word' id='word_1_173' title='bbox 210 1474 342 1506; x_wconf 88' lang='lat' dir='ltr'>debetur</span> <span class='ocrx_word' id='word_1_174' title='bbox 370 1482 544 1512; x_wconf 86' lang='lat' dir='ltr'>remorsus,</span> <span class='ocrx_word' id='word_1_175' title='bbox 569 1477 599 1506; x_wconf 91' lang='lat' dir='ltr'>et</span> <span class='ocrx_word' id='word_1_176' title='bbox 622 1474 675 1506; x_wconf 90' lang='lat' dir='ltr'>ubi</span> <span class='ocrx_word' id='word_1_177' title='bbox 703 1474 777 1513; x_wconf 88' lang='lat' dir='ltr'>hoc,</span> <span class='ocrx_word' id='word_1_178' title='bbox 803 1474 844 1506; x_wconf 90' lang='lat' dir='ltr'>ibi</span> <span class='ocrx_word' id='word_1_179' title='bbox 871 1473 1083 1506; x_wconf 78' lang='lat' dir='ltr'>variabilitas:</span> 
     </span>
    </p>

    <p class='ocr_par' dir='ltr' id='par_1_15' title="bbox 135 1531 291 1569">
     <span class='ocr_line' id='line_1_27' title="bbox 135 1531 291 1569; baseline -0.013 -9"><span class='ocrx_word' id='word_1_180' title='bbox 135 1537 210 1569; x_wconf 87' lang='lat' dir='ltr'>ergo</span> <span class='ocrx_word' id='word_1_181' title='bbox 234 1531 291 1559; x_wconf 88' lang='lat' dir='ltr'>etc.</span> 
     </span>
    </p>

    <p class='ocr_par' dir='ltr' id='par_1_16' title="bbox 135 1579 1086 1726">
     <span class='ocr_line' id='line_1_28' title="bbox 224 1579 1085 1620; baseline -0.001 -9"><span class='ocrx_word' id='word_1_182' title='bbox 224 1581 253 1611; x_wconf 62' lang='grc' dir='ltr'>Ξ).</span> <span class='ocrx_word' id='word_1_183' title='bbox 278 1579 369 1618; x_wconf 90' lang='lat' dir='ltr'>Item,</span> <span class='ocrx_word' id='word_1_184' title='bbox 397 1579 420 1611; x_wconf 91' lang='lat' dir='ltr'>si</span> <span class='ocrx_word' id='word_1_185' title='bbox 447 1579 563 1611; x_wconf 83' lang='lat' dir='ltr'>vermis</span> <span class='ocrx_word' id='word_1_186' title='bbox 595 1582 659 1617; x_wconf 90' lang='lat' dir='ltr'>est,</span> <span class='ocrx_word' id='word_1_187' title='bbox 684 1580 840 1617; x_wconf 86' lang='lat' dir='ltr'>corrodit;</span> <span class='ocrx_word' id='word_1_188' title='bbox 872 1579 927 1611; x_wconf 88' lang='lat' dir='ltr'>sed</span> <span class='ocrx_word' id='word_1_189' title='bbox 959 1579 1085 1620; x_wconf 87' lang='lat' dir='ltr'>quando</span> 
     </span>
     <span class='ocr_line' id='line_1_29' title="bbox 135 1631 1086 1674; baseline -0.001 -10"><span class='ocrx_word' id='word_1_190' title='bbox 135 1632 253 1674; x_wconf 89' lang='lat' dir='ltr'>aliquid</span> <span class='ocrx_word' id='word_1_191' title='bbox 280 1632 398 1664; x_wconf 90' lang='lat' dir='ltr'>diutius</span> <span class='ocrx_word' id='word_1_192' title='bbox 423 1632 564 1670; x_wconf 85' lang='lat' dir='ltr'>roditur,</span> <span class='ocrx_word' id='word_1_193' title='bbox 588 1632 687 1673; x_wconf 81' lang='lat' dir='ltr'>magis</span> <span class='ocrx_word' id='word_1_194' title='bbox 712 1632 893 1664; x_wconf 88' lang='lat' dir='ltr'>debilitatur</span> <span class='ocrx_word' id='word_1_195' title='bbox 925 1635 955 1664; x_wconf 90' lang='lat' dir='ltr'>et</span> <span class='ocrx_word' id='word_1_196' title='bbox 987 1631 1086 1672; x_wconf 83' lang='lat' dir='ltr'>magis</span> 
     </span>
     <span class='ocr_line' id='line_1_30' title="bbox 136 1684 1000 1726; baseline 0 -10"><span class='ocrx_word' id='word_1_197' title='bbox 136 1688 302 1726; x_wconf 82' lang='lat' dir='ltr'>gravatur:</span> <span class='ocrx_word' id='word_1_198' title='bbox 328 1693 402 1726; x_wconf 83' lang='lat' dir='ltr'>ergo</span> <span class='ocrx_word' id='word_1_199' title='bbox 426 1693 526 1725; x_wconf 87' lang='lat' dir='ltr'>poena</span> <span class='ocrx_word' id='word_1_200' title='bbox 549 1684 705 1716; x_wconf 86' lang='lat' dir='ltr'>malorum</span> <span class='ocrx_word' id='word_1_201' title='bbox 731 1693 855 1726; x_wconf 84' lang='lat' dir='ltr'>semper</span> <span class='ocrx_word' id='word_1_202' title='bbox 879 1684 1000 1716; x_wconf 86' lang='lat' dir='ltr'>crescit.</span> 
     </span>
    </p>

    <p class='ocr_par' dir='ltr' id='par_1_17' title="bbox 137 1736 1088 1883">
     <span class='ocr_line' id='line_1_31' title="bbox 226 1736 1088 1778; baseline 0 -10"><span class='ocrx_word' id='word_1_203' title='bbox 226 1736 254 1768; x_wconf 80' lang='lat'>3.</span> <span class='ocrx_word' id='word_1_204' title='bbox 280 1737 373 1775; x_wconf 76' lang='lat' dir='ltr'>Item,</span> <span class='ocrx_word' id='word_1_205' title='bbox 398 1737 422 1769; x_wconf 90' lang='lat' dir='ltr'>si</span> <span class='ocrx_word' id='word_1_206' title='bbox 448 1746 573 1778; x_wconf 86' lang='lat' dir='ltr'>semper</span> <span class='ocrx_word' id='word_1_207' title='bbox 597 1737 696 1775; x_wconf 77' lang='lat' dir='ltr'>rodit;</span> <span class='ocrx_word' id='word_1_208' title='bbox 721 1746 793 1769; x_wconf 89' lang='lat' dir='ltr'>cum</span> <span class='ocrx_word' id='word_1_209' title='bbox 826 1746 887 1769; x_wconf 89' lang='lat' dir='ltr'>non</span> <span class='ocrx_word' id='word_1_210' title='bbox 919 1737 959 1769; x_wconf 92' lang='lat' dir='ltr'>sit</span> <span class='ocrx_word' id='word_1_211' title='bbox 989 1736 1088 1768; x_wconf 89' lang='lat' dir='ltr'>infini-</span> 
     </span>
     <span class='ocr_line' id='line_1_32' title="bbox 137 1789 1088 1831; baseline 0 -10"><span class='ocrx_word' id='word_1_212' title='bbox 137 1793 203 1821; x_wconf 89' lang='lat' dir='ltr'>tum</span> <span class='ocrx_word' id='word_1_213' title='bbox 229 1789 365 1828; x_wconf 85' lang='lat' dir='ltr'>bonum,</span> <span class='ocrx_word' id='word_1_214' title='bbox 390 1790 474 1831; x_wconf 82' lang='lat' dir='ltr'>quod</span> <span class='ocrx_word' id='word_1_215' title='bbox 499 1789 625 1828; x_wconf 84' lang='lat' dir='ltr'>adimit,</span> <span class='ocrx_word' id='word_1_216' title='bbox 651 1798 725 1830; x_wconf 83' lang='lat' dir='ltr'>ergo</span> <span class='ocrx_word' id='word_1_217' title='bbox 749 1789 918 1831; x_wconf 84' lang='lat' dir='ltr'>aliquando</span> <span class='ocrx_word' id='word_1_218' title='bbox 935 1789 1088 1822; x_wconf 83' lang='lat' dir='ltr'>adimeret</span> 
     </span>
     <span class='ocr_line' id='line_1_33' title="bbox 137 1841 901 1883; baseline -0.001 -10"><span class='ocrx_word' id='word_1_219' title='bbox 137 1845 255 1880; x_wconf 70' lang='lat' dir='ltr'>totum,</span> <span class='ocrx_word' id='word_1_220' title='bbox 280 1842 334 1874; x_wconf 88' lang='lat' dir='ltr'>sed</span> <span class='ocrx_word' id='word_1_221' title='bbox 360 1842 418 1874; x_wconf 91' lang='lat' dir='ltr'>hoc</span> <span class='ocrx_word' id='word_1_222' title='bbox 442 1845 488 1874; x_wconf 88' lang='lat' dir='ltr'>est</span> <span class='ocrx_word' id='word_1_223' title='bbox 512 1841 720 1883; x_wconf 87' lang='lat' dir='ltr'>impossibile:</span> <span class='ocrx_word' id='word_1_224' title='bbox 746 1850 820 1883; x_wconf 86' lang='lat' dir='ltr'>ergo</span> <span class='ocrx_word' id='word_1_225' title='bbox 844 1846 901 1874; x_wconf 89' lang='lat' dir='ltr'>etc.</span> 
     </span>
    </p>
   </div>
   <div class='ocr_carea' id='block_1_8' title="bbox 1113 954 1120 1877">
    <p class='ocr_par' dir='ltr' id='par_1_18' title="bbox 1113 954 1120 1877">
     <span class='ocr_line' id='line_1_34' title="bbox 1113 954 1120 1877; baseline 0 0"><span class='ocrx_word' id='word_1_226' title='bbox 1113 954 1120 1877; x_wconf 95' lang='lat' dir='ltr'> </span> 
     </span>
    </p>
   </div>
   <div class='ocr_carea' id='block_1_9' title="bbox 1386 904 1868 1007">
    <p class='ocr_par' dir='ltr' id='par_1_19' title="bbox 1386 904 1868 1007">
     <span class='ocr_line' id='line_1_35' title="bbox 1504 904 1743 928; baseline 0 -1"><span class='ocrx_word' id='word_1_227' title='bbox 1504 904 1521 927; x_wconf 86' lang='lat' dir='ltr'>o</span> <span class='ocrx_word' id='word_1_228' title='bbox 1531 904 1549 928; x_wconf 95' lang='lat' dir='ltr'>o</span> <span class='ocrx_word' id='word_1_229' title='bbox 1558 905 1580 927; x_wconf 89' lang='lat' dir='ltr'>N</span> <span class='ocrx_word' id='word_1_230' title='bbox 1590 905 1606 927; x_wconf 88' lang='lat' dir='ltr'>c</span> <span class='ocrx_word' id='word_1_231' title='bbox 1616 905 1633 927; x_wconf 82' lang='lat' dir='ltr'>L</span> <span class='ocrx_word' id='word_1_232' title='bbox 1642 905 1663 928; x_wconf 82' lang='lat' dir='ltr'>u</span> <span class='ocrx_word' id='word_1_233' title='bbox 1673 905 1688 927; x_wconf 92' lang='lat' dir='ltr'>s</span> <span class='ocrx_word' id='word_1_234' title='bbox 1698 904 1743 928; x_wconf 87' lang='lat'>10.</span> 
     </span>
     <span class='ocr_line' id='line_1_36' title="bbox 1386 973 1868 1007; baseline 0.004 -3"><span class='ocrx_word' id='word_1_235' title='bbox 1386 973 1512 1005; x_wconf 78' lang='lat' dir='ltr'>Vermis</span> <span class='ocrx_word' id='word_1_236' title='bbox 1535 973 1587 1006; x_wconf 80' lang='lat' dir='ltr'>ille</span> <span class='ocrx_word' id='word_1_237' title='bbox 1609 983 1675 1006; x_wconf 80' lang='lat' dir='ltr'>non</span> <span class='ocrx_word' id='word_1_238' title='bbox 1699 974 1868 1007; x_wconf 79' lang='lat' dir='ltr'>variatur.</span> 
     </span>
    </p>
   </div>
   <div class='ocr_carea' id='block_1_10' title="bbox 1147 1052 2243 1882">
    <p class='ocr_par' dir='ltr' id='par_1_20' title="bbox 1147 1052 2229 1304">
     <span class='ocr_line' id='line_1_37' title="bbox 1236 1052 2097 1094; baseline 0.002 -11"><span class='ocrx_word' id='word_1_239' title='bbox 1236 1053 1436 1084; x_wconf 72' lang='lat' dir='ltr'>RuspoNnno:</span> <span class='ocrx_word' id='word_1_240' title='bbox 1462 1052 1653 1092; x_wconf 80' lang='lat' dir='ltr'>Dicendum,</span> <span class='ocrx_word' id='word_1_241' title='bbox 1678 1052 1761 1094; x_wconf 87' lang='lat' dir='ltr'>quod</span> <span class='ocrx_word' id='word_1_242' title='bbox 1788 1052 1868 1085; x_wconf 88' lang='lat' dir='ltr'>iusto</span> <span class='ocrx_word' id='word_1_243' title='bbox 1892 1053 1946 1085; x_wconf 88' lang='lat' dir='ltr'>Dei</span> <span class='ocrx_word' id='word_1_244' title='bbox 1964 1052 2097 1092; x_wconf 75' lang='lat' dir='ltr'>iudicio,</span> 
     </span>
     <span class='ocr_line' id='line_1_38' title="bbox 1148 1098 2097 1147; baseline 0.001 -11"><span class='ocrx_word' id='word_1_245' title='bbox 1148 1103 1229 1137; x_wconf 86' lang='lat' dir='ltr'>sicut</span> <span class='ocrx_word' id='word_1_246' title='bbox 1251 1104 1370 1137; x_wconf 90' lang='lat' dir='ltr'>dictum</span> <span class='ocrx_word' id='word_1_247' title='bbox 1396 1109 1442 1137; x_wconf 88' lang='lat' dir='ltr'>est</span> <span class='ocrx_word' id='word_1_248' title='bbox 1466 1114 1564 1147; x_wconf 85' lang='lat' dir='ltr'>supra</span> <span class='ocrx_word' id='word_1_249' title='bbox 1577 1105 1599 1144; x_wconf 83' lang='lat'>⁵,</span> <span class='ocrx_word' id='word_1_250' title='bbox 1623 1105 1693 1144; x_wconf 86' lang='lat' dir='ltr'>fiet,</span> <span class='ocrx_word' id='word_1_251' title='bbox 1718 1109 1753 1137; x_wconf 90' lang='lat' dir='ltr'>ut</span> <span class='ocrx_word' id='word_1_252' title='bbox 1776 1105 1849 1137; x_wconf 90' lang='lat' dir='ltr'>mali</span> <span class='ocrx_word' id='word_1_253' title='bbox 1875 1098 1969 1138; x_wconf 81' lang='lat' dir='ltr'>simul</span> <span class='ocrx_word' id='word_1_254' title='bbox 1993 1106 2097 1137; x_wconf 87' lang='lat' dir='ltr'>omnia</span> 
     </span>
     <span class='ocr_line' id='line_1_39' title="bbox 1148 1158 2098 1198; baseline 0 -9"><span class='ocrx_word' id='word_1_255' title='bbox 1148 1160 1274 1198; x_wconf 86' lang='lat' dir='ltr'>peccata</span> <span class='ocrx_word' id='word_1_256' title='bbox 1298 1161 1530 1196; x_wconf 75' lang='lat' dir='ltr'>memorentur,</span> <span class='ocrx_word' id='word_1_257' title='bbox 1554 1161 1589 1190; x_wconf 86' lang='lat' dir='ltr'>ut</span> <span class='ocrx_word' id='word_1_258' title='bbox 1614 1158 1652 1189; x_wconf 92' lang='lat' dir='ltr'>de</span> <span class='ocrx_word' id='word_1_259' title='bbox 1683 1158 1830 1190; x_wconf 87' lang='lat' dir='ltr'>omnibus</span> <span class='ocrx_word' id='word_1_260' title='bbox 1862 1158 2007 1190; x_wconf 83' lang='lat' dir='ltr'>continue</span> <span class='ocrx_word' id='word_1_261' title='bbox 2038 1161 2098 1189; x_wconf 90' lang='lat' dir='ltr'>tor-</span> 
     </span>
     <span class='ocr_line' id='line_1_40' title="bbox 1147 1203 2229 1251; baseline 0.001 -10"><span class='ocrx_word' id='word_1_262' title='bbox 1147 1212 1322 1251; x_wconf 76' lang='lat' dir='ltr'>queantur3</span> <span class='ocrx_word' id='word_1_263' title='bbox 1346 1213 1376 1241; x_wconf 87' lang='lat' dir='ltr'>et</span> <span class='ocrx_word' id='word_1_264' title='bbox 1400 1210 1470 1241; x_wconf 88' lang='lat' dir='ltr'>ideo</span> <span class='ocrx_word' id='word_1_265' title='bbox 1494 1210 1610 1242; x_wconf 87' lang='lat' dir='ltr'>vermis</span> <span class='ocrx_word' id='word_1_266' title='bbox 1635 1213 1681 1242; x_wconf 90' lang='lat' dir='ltr'>est</span> <span class='ocrx_word' id='word_1_267' title='bbox 1709 1218 1767 1251; x_wconf 89' lang='lat' dir='ltr'>pro</span> <span class='ocrx_word' id='word_1_268' title='bbox 1798 1210 1944 1242; x_wconf 91' lang='lat' dir='ltr'>omnibus</span> <span class='ocrx_word' id='word_1_269' title='bbox 1975 1214 2006 1242; x_wconf 92' lang='lat' dir='ltr'>et</span> <span class='ocrx_word' id='word_1_270' title='bbox 2037 1219 2097 1242; x_wconf 91' lang='lat' dir='ltr'>non</span> <span class='ocrx_word' id='word_1_271' title='bbox 2110 1203 2229 1242; x_wconf 63' lang='lat' dir='ltr'>Conclusio.</span> 
     </span>
     <span class='ocr_line' id='line_1_41' title="bbox 1148 1261 1628 1304; baseline 0 -11"><span class='ocrx_word' id='word_1_272' title='bbox 1148 1261 1297 1294; x_wconf 90' lang='lat' dir='ltr'>intensior</span> <span class='ocrx_word' id='word_1_273' title='bbox 1321 1271 1404 1294; x_wconf 85' lang='lat' dir='ltr'>nunc</span> <span class='ocrx_word' id='word_1_274' title='bbox 1428 1271 1522 1304; x_wconf 83' lang='lat' dir='ltr'>quain</span> <span class='ocrx_word' id='word_1_275' title='bbox 1548 1267 1628 1295; x_wconf 80' lang='lat' dir='ltr'>ante.</span> 
     </span>
    </p>

    <p class='ocr_par' dir='ltr' id='par_1_21' title="bbox 1149 1314 2243 1882">
     <span class='ocr_line' id='line_1_42' title="bbox 1238 1314 2243 1356; baseline 0 -10"><span class='ocrx_word' id='word_1_276' title='bbox 1238 1314 1266 1346; x_wconf 82' lang='lat'>3.</span> <span class='ocrx_word' id='word_1_277' title='bbox 1280 1315 1323 1347; x_wconf 90' lang='lat' dir='ltr'>Ad</span> <span class='ocrx_word' id='word_1_278' title='bbox 1338 1315 1416 1347; x_wconf 92' lang='lat' dir='ltr'>illud</span> <span class='ocrx_word' id='word_1_279' title='bbox 1430 1315 1514 1356; x_wconf 89' lang='lat' dir='ltr'>quod</span> <span class='ocrx_word' id='word_1_280' title='bbox 1528 1315 1673 1347; x_wconf 89' lang='lat' dir='ltr'>obiicitur</span> <span class='ocrx_word' id='word_1_281' title='bbox 1690 1315 1729 1348; x_wconf 89' lang='lat' dir='ltr'>de</span> <span class='ocrx_word' id='word_1_282' title='bbox 1746 1315 1943 1356; x_wconf 84' lang='lat' dir='ltr'>ademptione</span> <span class='ocrx_word' id='word_1_283' title='bbox 1957 1315 1979 1353; x_wconf 69' lang='lat'>⁶⁵,</span> <span class='ocrx_word' id='word_1_284' title='bbox 1997 1315 2097 1347; x_wconf 90' lang='lat' dir='ltr'>dicen·</span> <span class='ocrx_word' id='word_1_285' title='bbox 2112 1325 2144 1347; x_wconf 68' lang='lat' dir='ltr'>ne</span> <span class='ocrx_word' id='word_1_286' title='bbox 2158 1326 2178 1346; x_wconf 87' lang='lat'>3.</span> <span class='ocrx_word' id='word_1_287' title='bbox 2198 1331 2243 1351; x_wconf 74' lang='lat' dir='ltr'>arg.</span> 
     </span>
     <span class='ocr_line' id='line_1_43' title="bbox 1149 1351 2243 1413; baseline 0 -14"><span class='ocrx_word' id='word_1_288' title='bbox 1149 1367 1225 1399; x_wconf 87' lang='lat' dir='ltr'>dum</span> <span class='ocrx_word' id='word_1_289' title='bbox 1237 1392 1244 1406; x_wconf 90' lang='lat'>,</span> <span class='ocrx_word' id='word_1_290' title='bbox 1268 1367 1352 1408; x_wconf 83' lang='lat' dir='ltr'>quod</span> <span class='ocrx_word' id='word_1_291' title='bbox 1377 1368 1458 1413; x_wconf 90' lang='lat' dir='ltr'>sicut</span> <span class='ocrx_word' id='word_1_292' title='bbox 1480 1377 1631 1410; x_wconf 69' lang='lat' dir='ltr'>eyressus</span> <span class='ocrx_word' id='word_1_293' title='bbox 1647 1368 1822 1400; x_wconf 77' lang='lat' dir='ltr'>continuus</span> <span class='ocrx_word' id='word_1_294' title='bbox 1838 1368 1972 1400; x_wconf 86' lang='lat' dir='ltr'>alicuius</span> <span class='ocrx_word' id='word_1_295' title='bbox 1988 1368 2028 1399; x_wconf 91' lang='lat' dir='ltr'>ab</span> <span class='ocrx_word' id='word_1_296' title='bbox 2045 1367 2097 1399; x_wconf 86' lang='lat' dir='ltr'>ali·</span> <span class='ocrx_word' id='word_1_297' title='bbox 2111 1351 2243 1409; x_wconf 48' lang='lat' dir='ltr'>n‘iassigssffif&#39;</span> 
     </span>
     <span class='ocr_line' id='line_1_44' title="bbox 1150 1407 2219 1462; baseline 0.002 -11"><span class='ocrx_word' id='word_1_298' title='bbox 1150 1429 1212 1461; x_wconf 88' lang='lat' dir='ltr'>quo</span> <span class='ocrx_word' id='word_1_299' title='bbox 1236 1423 1282 1452; x_wconf 89' lang='lat' dir='ltr'>est</span> <span class='ocrx_word' id='word_1_300' title='bbox 1306 1420 1489 1462; x_wconf 86' lang='lat' dir='ltr'>dupliciter:</span> <span class='ocrx_word' id='word_1_301' title='bbox 1516 1420 1565 1453; x_wconf 89' lang='lat' dir='ltr'>vel</span> <span class='ocrx_word' id='word_1_302' title='bbox 1590 1429 1645 1462; x_wconf 88' lang='lat' dir='ltr'>per</span> <span class='ocrx_word' id='word_1_303' title='bbox 1663 1420 1905 1452; x_wconf 74' lang='lat' dir='ltr'>innovationem</span> <span class='ocrx_word' id='word_1_304' title='bbox 1921 1421 2096 1453; x_wconf 89' lang='lat' dir='ltr'>secundum</span> <span class='ocrx_word' id='word_1_305' title='bbox 2127 1407 2219 1426; x_wconf 41' lang='grc' dir='ltr'>Μῶα</span> 
     </span>
     <span class='ocr_line' id='line_1_45' title="bbox 1149 1468 2098 1514; baseline 0.001 -10"><span class='ocrx_word' id='word_1_306' title='bbox 1149 1468 1271 1514; x_wconf 83' lang='lat' dir='ltr'>partem</span> <span class='ocrx_word' id='word_1_307' title='bbox 1296 1476 1326 1505; x_wconf 92' lang='lat' dir='ltr'>et</span> <span class='ocrx_word' id='word_1_308' title='bbox 1350 1477 1489 1514; x_wconf 85' lang='lat' dir='ltr'>partem,</span> <span class='ocrx_word' id='word_1_309' title='bbox 1514 1477 1549 1505; x_wconf 88' lang='lat' dir='ltr'>ut</span> <span class='ocrx_word' id='word_1_310' title='bbox 1573 1474 1661 1506; x_wconf 88' lang='lat' dir='ltr'>rivus</span> <span class='ocrx_word' id='word_1_311' title='bbox 1677 1483 1695 1505; x_wconf 87' lang='lat' dir='ltr'>a</span> <span class='ocrx_word' id='word_1_312' title='bbox 1711 1474 1810 1512; x_wconf 84' lang='lat' dir='ltr'>fonte,</span> <span class='ocrx_word' id='word_1_313' title='bbox 1828 1477 1858 1506; x_wconf 91' lang='lat' dir='ltr'>et</span> <span class='ocrx_word' id='word_1_314' title='bbox 1874 1477 1978 1506; x_wconf 88' lang='lat' dir='ltr'>motus</span> <span class='ocrx_word' id='word_1_315' title='bbox 2001 1483 2019 1505; x_wconf 90' lang='lat' dir='ltr'>a</span> <span class='ocrx_word' id='word_1_316' title='bbox 2037 1482 2098 1506; x_wconf 91' lang='lat' dir='ltr'>mo-</span> 
     </span>
     <span class='ocr_line' id='line_1_46' title="bbox 1149 1525 2097 1565; baseline 0.001 -8"><span class='ocrx_word' id='word_1_317' title='bbox 1149 1529 1234 1563; x_wconf 89' lang='lat' dir='ltr'>tore;</span> <span class='ocrx_word' id='word_1_318' title='bbox 1251 1529 1306 1557; x_wconf 90' lang='lat' dir='ltr'>aut</span> <span class='ocrx_word' id='word_1_319' title='bbox 1322 1525 1466 1557; x_wconf 76' lang='lat' dir='ltr'>eiusdem</span> <span class='ocrx_word' id='word_1_320' title='bbox 1483 1526 1746 1564; x_wconf 64' lang='lat' dir='ltr'>continuatione,</span> <span class='ocrx_word' id='word_1_321' title='bbox 1764 1529 1799 1558; x_wconf 90' lang='lat' dir='ltr'>ut</span> <span class='ocrx_word' id='word_1_322' title='bbox 1815 1535 1923 1559; x_wconf 88' lang='lat' dir='ltr'>ramus</span> <span class='ocrx_word' id='word_1_323' title='bbox 1940 1536 1958 1558; x_wconf 84' lang='lat' dir='ltr'>a</span> <span class='ocrx_word' id='word_1_324' title='bbox 1975 1526 2097 1565; x_wconf 82' lang='lat' dir='ltr'>radice,</span> 
     </span>
     <span class='ocr_line' id='line_1_47' title="bbox 1150 1577 2102 1620; baseline 0.001 -11"><span class='ocrx_word' id='word_1_325' title='bbox 1150 1581 1180 1610; x_wconf 90' lang='lat' dir='ltr'>et</span> <span class='ocrx_word' id='word_1_326' title='bbox 1205 1577 1314 1610; x_wconf 86' lang='lat' dir='ltr'>radius</span> <span class='ocrx_word' id='word_1_327' title='bbox 1337 1587 1355 1610; x_wconf 89' lang='lat' dir='ltr'>a</span> <span class='ocrx_word' id='word_1_328' title='bbox 1372 1578 1452 1610; x_wconf 86' lang='lat' dir='ltr'>sole:</span> <span class='ocrx_word' id='word_1_329' title='bbox 1471 1579 1515 1610; x_wconf 87' lang='lat' dir='ltr'>sic</span> <span class='ocrx_word' id='word_1_330' title='bbox 1531 1579 1693 1620; x_wconf 77' lang='lat' dir='ltr'>ademptio</span> <span class='ocrx_word' id='word_1_331' title='bbox 1711 1579 1869 1610; x_wconf 85' lang='lat' dir='ltr'>continua</span> <span class='ocrx_word' id='word_1_332' title='bbox 1885 1579 1935 1611; x_wconf 86' lang='lat' dir='ltr'>vel</span> <span class='ocrx_word' id='word_1_333' title='bbox 1951 1587 2007 1620; x_wconf 86' lang='lat' dir='ltr'>per</span> <span class='ocrx_word' id='word_1_334' title='bbox 2023 1578 2102 1610; x_wconf 80' lang='lat' dir='ltr'>novi</span> 
     </span>
     <span class='ocr_line' id='line_1_48' title="bbox 1150 1631 2099 1672; baseline 0 -10"><span class='ocrx_word' id='word_1_335' title='bbox 1150 1631 1359 1669; x_wconf 83' lang='lat' dir='ltr'>ablationem,</span> <span class='ocrx_word' id='word_1_336' title='bbox 1384 1631 1464 1663; x_wconf 88' lang='lat' dir='ltr'>sicut</span> <span class='ocrx_word' id='word_1_337' title='bbox 1488 1631 1567 1672; x_wconf 84' lang='lat' dir='ltr'>ignis</span> <span class='ocrx_word' id='word_1_338' title='bbox 1591 1631 1748 1663; x_wconf 86' lang='lat' dir='ltr'>comburit</span> <span class='ocrx_word' id='word_1_339' title='bbox 1764 1631 1865 1672; x_wconf 76' lang='lat' dir='ltr'>ligna,</span> <span class='ocrx_word' id='word_1_340' title='bbox 1889 1631 1937 1663; x_wconf 88' lang='lat' dir='ltr'>vel</span> <span class='ocrx_word' id='word_1_341' title='bbox 1952 1640 2008 1672; x_wconf 89' lang='lat' dir='ltr'>per</span> <span class='ocrx_word' id='word_1_342' title='bbox 2029 1631 2099 1662; x_wconf 83' lang='lat' dir='ltr'>eius</span> 
     </span>
     <span class='ocr_line' id='line_1_49' title="bbox 1150 1682 2099 1724; baseline 0 -10"><span class='ocrx_word' id='word_1_343' title='bbox 1150 1683 1441 1723; x_wconf 77' lang='lat' dir='ltr'>continuationem,</span> <span class='ocrx_word' id='word_1_344' title='bbox 1456 1683 1536 1715; x_wconf 86' lang='lat' dir='ltr'>sicut</span> <span class='ocrx_word' id='word_1_345' title='bbox 1548 1683 1627 1724; x_wconf 85' lang='lat' dir='ltr'>ignis</span> <span class='ocrx_word' id='word_1_346' title='bbox 1648 1683 1808 1715; x_wconf 88' lang='lat' dir='ltr'>infernalis</span> <span class='ocrx_word' id='word_1_347' title='bbox 1821 1692 1945 1724; x_wconf 86' lang='lat' dir='ltr'>corpus,</span> <span class='ocrx_word' id='word_1_348' title='bbox 1963 1686 1993 1715; x_wconf 94' lang='lat' dir='ltr'>et</span> <span class='ocrx_word' id='word_1_349' title='bbox 2010 1682 2099 1715; x_wconf 90' lang='lat' dir='ltr'>dolor</span> 
     </span>
     <span class='ocr_line' id='line_1_50' title="bbox 1150 1735 2101 1774; baseline -0.001 -7"><span class='ocrx_word' id='word_1_350' title='bbox 1150 1736 1311 1774; x_wconf 68' lang='lat' dir='ltr'>animum,</span> <span class='ocrx_word' id='word_1_351' title='bbox 1333 1739 1363 1767; x_wconf 88' lang='lat' dir='ltr'>et</span> <span class='ocrx_word' id='word_1_352' title='bbox 1387 1735 1429 1767; x_wconf 88' lang='lat' dir='ltr'>sic</span> <span class='ocrx_word' id='word_1_353' title='bbox 1454 1735 1571 1767; x_wconf 89' lang='lat' dir='ltr'>vermis</span> <span class='ocrx_word' id='word_1_354' title='bbox 1594 1736 1740 1767; x_wconf 86' lang='lat' dir='ltr'>continue</span> <span class='ocrx_word' id='word_1_355' title='bbox 1760 1735 1851 1767; x_wconf 90' lang='lat' dir='ltr'>rodit.</span> <span class='ocrx_word' id='word_1_356' title='bbox 1878 1736 1912 1767; x_wconf 91' lang='lat' dir='ltr'>Et</span> <span class='ocrx_word' id='word_1_357' title='bbox 1936 1735 2014 1768; x_wconf 87' lang='lat' dir='ltr'>illud</span> <span class='ocrx_word' id='word_1_358' title='bbox 2040 1743 2101 1767; x_wconf 90' lang='lat' dir='ltr'>me-</span> 
     </span>
     <span class='ocr_line' id='line_1_51' title="bbox 1151 1788 2098 1829; baseline -0.001 -9"><span class='ocrx_word' id='word_1_359' title='bbox 1151 1788 1213 1820; x_wconf 88' lang='lat' dir='ltr'>lius</span> <span class='ocrx_word' id='word_1_360' title='bbox 1237 1789 1352 1829; x_wconf 87' lang='lat' dir='ltr'>supra⁷</span> <span class='ocrx_word' id='word_1_361' title='bbox 1374 1792 1457 1829; x_wconf 87' lang='lat' dir='ltr'>patet</span> <span class='ocrx_word' id='word_1_362' title='bbox 1482 1788 1521 1820; x_wconf 91' lang='lat' dir='ltr'>de</span> <span class='ocrx_word' id='word_1_363' title='bbox 1544 1797 1644 1829; x_wconf 88' lang='lat' dir='ltr'>poena</span> <span class='ocrx_word' id='word_1_364' title='bbox 1668 1788 1764 1829; x_wconf 83' lang='lat' dir='ltr'>ignis;</span> <span class='ocrx_word' id='word_1_365' title='bbox 1789 1792 1819 1820; x_wconf 89' lang='lat' dir='ltr'>et</span> <span class='ocrx_word' id='word_1_366' title='bbox 1842 1797 1898 1829; x_wconf 89' lang='lat' dir='ltr'>per</span> <span class='ocrx_word' id='word_1_367' title='bbox 1923 1788 2006 1820; x_wconf 90' lang='lat' dir='ltr'>hunc</span> <span class='ocrx_word' id='word_1_368' title='bbox 2036 1796 2098 1819; x_wconf 92' lang='lat' dir='ltr'>mo-</span> 
     </span>
     <span class='ocr_line' id='line_1_52' title="bbox 1151 1840 1922 1882; baseline -0.001 -10"><span class='ocrx_word' id='word_1_369' title='bbox 1151 1841 1228 1872; x_wconf 87' lang='lat' dir='ltr'>dum</span> <span class='ocrx_word' id='word_1_370' title='bbox 1253 1840 1491 1882; x_wconf 82' lang='lat' dir='ltr'>intelligendum</span> <span class='ocrx_word' id='word_1_371' title='bbox 1516 1844 1562 1872; x_wconf 89' lang='lat' dir='ltr'>est</span> <span class='ocrx_word' id='word_1_372' title='bbox 1586 1840 1625 1873; x_wconf 93' lang='lat' dir='ltr'>de</span> <span class='ocrx_word' id='word_1_373' title='bbox 1648 1849 1748 1881; x_wconf 85' lang='lat' dir='ltr'>poena</span> <span class='ocrx_word' id='word_1_374' title='bbox 1772 1840 1889 1872; x_wconf 91' lang='lat' dir='ltr'>vermis</span> <span class='ocrx_word' id='word_1_375' title='bbox 1902 1841 1922 1871; x_wconf 63' lang='grc' dir='ltr'>ὃ.</span> 
     </span>
    </p>
   </div>
   <div class='ocr_carea' id='block_1_11' title="bbox 776 1976 1463 2011">
    <p class='ocr_par' dir='ltr' id='par_1_22' title="bbox 776 1976 1463 2011">
     <span class='ocr_line' id='line_1_53' title="bbox 776 1976 1463 2011; baseline -0.003 -1"><span class='ocrx_word' id='word_1_376' title='bbox 776 1978 918 2011; x_wconf 85' lang='lat' dir='ltr'>DUBIUM</span> <span class='ocrx_word' id='word_1_377' title='bbox 943 1978 1047 2010; x_wconf 83' lang='lat' dir='ltr'><strong>CIRCA</strong></span> <span class='ocrx_word' id='word_1_378' title='bbox 1072 1976 1258 2010; x_wconf 78' lang='lat' dir='ltr'><strong>LITTERAM</strong></span> <span class='ocrx_word' id='word_1_379' title='bbox 1282 1976 1463 2009; x_wconf 74' lang='lat' dir='ltr'>MAGISTRI.</span> 
     </span>
    </p>
   </div>
   <div class='ocr_carea' id='block_1_12' title="bbox 0 2101 1089 2301">
    <p class='ocr_par' dir='ltr' id='par_1_23' title="bbox 225 2101 1087 2145">
     <span class='ocr_line' id='line_1_54' title="bbox 225 2101 1087 2145; baseline -0.002 -10"><span class='ocrx_word' id='word_1_380' title='bbox 225 2105 256 2136; x_wconf 92' lang='lat' dir='ltr'>ln</span> <span class='ocrx_word' id='word_1_381' title='bbox 281 2107 369 2145; x_wconf 89' lang='lat' dir='ltr'>parte</span> <span class='ocrx_word' id='word_1_382' title='bbox 394 2104 451 2136; x_wconf 87' lang='lat' dir='ltr'>ista</span> <span class='ocrx_word' id='word_1_383' title='bbox 475 2103 558 2135; x_wconf 89' lang='lat' dir='ltr'>circa</span> <span class='ocrx_word' id='word_1_384' title='bbox 583 2102 717 2134; x_wconf 83' lang='lat' dir='ltr'>litteram</span> <span class='ocrx_word' id='word_1_385' title='bbox 739 2102 904 2144; x_wconf 86' lang='lat' dir='ltr'>quaeritur</span> <span class='ocrx_word' id='word_1_386' title='bbox 915 2102 936 2141; x_wconf 79' lang='lat'>⁹,</span> <span class='ocrx_word' id='word_1_387' title='bbox 953 2101 1087 2144; x_wconf 86' lang='lat' dir='ltr'>qualiter</span> 
     </span>
    </p>

    <p class='ocr_par' dir='ltr' id='par_1_24' title="bbox 0 2154 1089 2301">
     <span class='ocr_line' id='line_1_55' title="bbox 137 2154 1089 2198; baseline -0.004 -9"><span class='ocrx_word' id='word_1_388' title='bbox 137 2157 322 2198; x_wconf 84' lang='lat' dir='ltr'>intelligitur</span> <span class='ocrx_word' id='word_1_389' title='bbox 346 2156 425 2188; x_wconf 88' lang='lat' dir='ltr'>illud</span> <span class='ocrx_word' id='word_1_390' title='bbox 451 2156 584 2188; x_wconf 85' lang='lat' dir='ltr'>verbum</span> <span class='ocrx_word' id='word_1_391' title='bbox 610 2155 756 2187; x_wconf 88' lang='lat' dir='ltr'>ultimum</span> <span class='ocrx_word' id='word_1_392' title='bbox 775 2155 813 2186; x_wconf 79' lang='lat' dir='ltr'>de</span> <span class='ocrx_word' id='word_1_393' title='bbox 826 2154 967 2196; x_wconf 76' lang='lat' dir='ltr'>pedibus</span> <span class='ocrx_word' id='word_1_394' title='bbox 982 2154 1089 2186; x_wconf 81' lang='lat' dir='ltr'>seden-</span> 
     </span>
     <span class='ocr_line' id='line_1_56' title="bbox 0 2207 1086 2251; baseline -0.004 -9"><span class='ocrx_word' id='word_1_395' title='bbox 0 2223 124 2245; x_wconf 74' lang='lat' dir='ltr'>uaestiones.</span> <span class='ocrx_word' id='word_1_396' title='bbox 139 2209 198 2241; x_wconf 87' lang='lat' dir='ltr'>tis:</span> <span class='ocrx_word' id='word_1_397' title='bbox 223 2210 294 2251; x_wconf 87' lang='lat' dir='ltr'>quis</span> <span class='ocrx_word' id='word_1_398' title='bbox 318 2209 357 2241; x_wconf 90' lang='lat' dir='ltr'>sit</span> <span class='ocrx_word' id='word_1_399' title='bbox 380 2208 512 2246; x_wconf 74' lang='lat' dir='ltr'>sedens,</span> <span class='ocrx_word' id='word_1_400' title='bbox 538 2212 568 2240; x_wconf 87' lang='lat' dir='ltr'>et</span> <span class='ocrx_word' id='word_1_401' title='bbox 591 2207 666 2249; x_wconf 89' lang='lat' dir='ltr'>quid</span> <span class='ocrx_word' id='word_1_402' title='bbox 691 2207 830 2245; x_wconf 76' lang='lat' dir='ltr'>solium,</span> <span class='ocrx_word' id='word_1_403' title='bbox 855 2211 886 2239; x_wconf 86' lang='lat' dir='ltr'>et</span> <span class='ocrx_word' id='word_1_404' title='bbox 909 2216 989 2248; x_wconf 87' lang='lat' dir='ltr'>quae</span> <span class='ocrx_word' id='word_1_405' title='bbox 1021 2207 1086 2238; x_wconf 81' lang='lat' dir='ltr'>via.</span> 
     </span>
     <span class='ocr_line' id='line_1_57' title="bbox 192 2258 1088 2301; baseline -0.003 -8"><span class='ocrx_word' id='word_1_406' title='bbox 192 2296 195 2298; x_wconf 65' lang='grc'><em>,</em></span> <span class='ocrx_word' id='word_1_407' title='bbox 225 2262 424 2294; x_wconf 80' lang='lat' dir='ltr'><strong>RESPONDEO:</strong></span> <span class='ocrx_word' id='word_1_408' title='bbox 450 2260 640 2298; x_wconf 76' lang='lat' dir='ltr'>Dicendum,</span> <span class='ocrx_word' id='word_1_409' title='bbox 666 2260 751 2301; x_wconf 86' lang='lat' dir='ltr'>quod</span> <span class='ocrx_word' id='word_1_410' title='bbox 774 2259 887 2291; x_wconf 80' lang='lat' dir='ltr'>sedens</span> <span class='ocrx_word' id='word_1_411' title='bbox 915 2259 973 2291; x_wconf 88' lang='lat' dir='ltr'>iste</span> <span class='ocrx_word' id='word_1_412' title='bbox 1004 2258 1088 2291; x_wconf 89' lang='lat' dir='ltr'>Deus</span> 
     </span>
    </p>
   </div>
   <div class='ocr_carea' id='block_1_13' title="bbox 0 2312 1087 2377">
    <p class='ocr_par' dir='ltr' id='par_1_25' title="bbox 0 2312 1087 2377">
     <span class='ocr_line' id='line_1_58' title="bbox 0 2312 1087 2376; baseline -0.006 -27"><span class='ocrx_word' id='word_1_413' title='bbox 0 2328 125 2376; x_wconf 42' lang='lat' dir='ltr'>txpticff&#39;ntur</span> <span class='ocrx_word' id='word_1_414' title='bbox 139 2318 186 2347; x_wconf 89' lang='lat' dir='ltr'>est</span> <span class='ocrx_word' id='word_1_415' title='bbox 209 2315 274 2347; x_wconf 87' lang='lat' dir='ltr'>sive</span> <span class='ocrx_word' id='word_1_416' title='bbox 298 2314 459 2352; x_wconf 88' lang='lat' dir='ltr'>Christus,</span> <span class='ocrx_word' id='word_1_417' title='bbox 483 2313 536 2355; x_wconf 89' lang='lat' dir='ltr'>qui</span> <span class='ocrx_word' id='word_1_418' title='bbox 566 2312 733 2354; x_wconf 87' lang='lat' dir='ltr'>requiescit</span> <span class='ocrx_word' id='word_1_419' title='bbox 768 2312 799 2344; x_wconf 93' lang='lat' dir='ltr'>in</span> <span class='ocrx_word' id='word_1_420' title='bbox 835 2321 960 2344; x_wconf 88' lang='lat' dir='ltr'>summa</span> <span class='ocrx_word' id='word_1_421' title='bbox 993 2320 1087 2353; x_wconf 81' lang='lat' dir='ltr'>pace,</span> 
     </span>
     <span class='ocr_line' id='line_1_59' title="bbox 31 2360 103 2377; baseline 0 -1"><span class='ocrx_word' id='word_1_422' title='bbox 31 2360 68 2377; x_wconf 66' lang='lat' dir='ltr'>vel*</span> <span class='ocrx_word' id='word_1_423' title='bbox 84 2361 103 2376; x_wconf 80' lang='lat' dir='ltr'>a.</span> 
     </span>
    </p>
   </div>
   <div class='ocr_carea' id='block_1_14' title="bbox 1117 2262 1120 2351">
    <p class='ocr_par' dir='ltr' id='par_1_26' title="bbox 1117 2262 1120 2351">
     <span class='ocr_line' id='line_1_60' title="bbox 1117 2262 1120 2351; baseline 0 1531"><span class='ocrx_word' id='word_1_424' title='bbox 1117 2262 1120 2351; x_wconf 95' lang='lat' dir='ltr'> </span> 
     </span>
    </p>
   </div>
   <div class='ocr_carea' id='block_1_15' title="bbox 1152 2101 2103 2350">
    <p class='ocr_par' dir='ltr' id='par_1_27' title="bbox 1152 2101 2103 2350">
     <span class='ocr_line' id='line_1_61' title="bbox 1152 2101 2099 2143; baseline 0.003 -11"><span class='ocrx_word' id='word_1_425' title='bbox 1152 2111 1236 2143; x_wconf 81' lang='lat' dir='ltr'>quae</span> <span class='ocrx_word' id='word_1_426' title='bbox 1260 2105 1437 2142; x_wconf 72' lang='lat' dir='ltr'>eoesuperat</span> <span class='ocrx_word' id='word_1_427' title='bbox 1461 2110 1585 2132; x_wconf 78' lang='lat' dir='ltr'>omnem</span> <span class='ocrx_word' id='word_1_428' title='bbox 1603 2110 1735 2132; x_wconf 78' lang='lat' dir='ltr'>sensu-m</span> <span class='ocrx_word' id='word_1_429' title='bbox 1746 2101 1774 2131; x_wconf 86' lang='lat'>¹⁰.</span> <span class='ocrx_word' id='word_1_430' title='bbox 1792 2120 1835 2124; x_wconf 90' lang='lat'><strong>—</strong></span> <span class='ocrx_word' id='word_1_431' title='bbox 1852 2101 1977 2133; x_wconf 79' lang='lat' dir='ltr'>Sotium</span> <span class='ocrx_word' id='word_1_432' title='bbox 1995 2105 2099 2135; x_wconf 87' lang='lat' dir='ltr'>autem</span> 
     </span>
     <span class='ocr_line' id='line_1_62' title="bbox 1152 2154 2102 2195; baseline 0 -9"><span class='ocrx_word' id='word_1_433' title='bbox 1152 2154 1213 2186; x_wconf 90' lang='lat' dir='ltr'>dici</span> <span class='ocrx_word' id='word_1_434' title='bbox 1237 2157 1338 2195; x_wconf 85' lang='lat' dir='ltr'>potest</span> <span class='ocrx_word' id='word_1_435' title='bbox 1368 2159 1486 2185; x_wconf 79' lang='lat' dir='ltr'>sancta</span> <span class='ocrx_word' id='word_1_436' title='bbox 1518 2154 1696 2195; x_wconf 77' lang='lat' dir='ltr'>Scriptura</span> <span class='ocrx_word' id='word_1_437' title='bbox 1727 2157 1856 2195; x_wconf 87' lang='lat' dir='ltr'>propter</span> <span class='ocrx_word' id='word_1_438' title='bbox 1887 2155 1933 2186; x_wconf 89' lang='lat' dir='ltr'>sui</span> <span class='ocrx_word' id='word_1_439' title='bbox 1967 2155 2102 2187; x_wconf 88' lang='lat' dir='ltr'>eminen-</span> 
     </span>
     <span class='ocr_line' id='line_1_63' title="bbox 1154 2206 2101 2247; baseline 0.002 -10"><span class='ocrx_word' id='word_1_440' title='bbox 1154 2206 1246 2244; x_wconf 82' lang='lat' dir='ltr'>tiam3</span> <span class='ocrx_word' id='word_1_441' title='bbox 1270 2206 1319 2238; x_wconf 91' lang='lat' dir='ltr'>vel</span> <span class='ocrx_word' id='word_1_442' title='bbox 1344 2206 1437 2238; x_wconf 86' lang='lat' dir='ltr'>etiam</span> <span class='ocrx_word' id='word_1_443' title='bbox 1462 2206 1578 2237; x_wconf 82' lang='lat' dir='ltr'>anima</span> <span class='ocrx_word' id='word_1_444' title='bbox 1601 2210 1735 2243; x_wconf 83' lang='lat' dir='ltr'>sancta,</span> <span class='ocrx_word' id='word_1_445' title='bbox 1763 2215 1843 2247; x_wconf 90' lang='lat' dir='ltr'>quae</span> <span class='ocrx_word' id='word_1_446' title='bbox 1867 2206 1982 2239; x_wconf 90' lang='lat' dir='ltr'>dicitur</span> <span class='ocrx_word' id='word_1_447' title='bbox 2012 2207 2101 2239; x_wconf 88' lang='lat' dir='ltr'>sedes</span> 
     </span>
     <span class='ocr_line' id='line_1_64' title="bbox 1152 2258 2103 2300; baseline 0.001 -10"><span class='ocrx_word' id='word_1_448' title='bbox 1152 2258 1322 2300; x_wconf 86' lang='lat' dir='ltr'>sapientiae</span> <span class='ocrx_word' id='word_1_449' title='bbox 1335 2259 1374 2296; x_wconf 76' lang='lat'>¹¹3</span> <span class='ocrx_word' id='word_1_450' title='bbox 1395 2262 1451 2290; x_wconf 87' lang='lat' dir='ltr'>aut</span> <span class='ocrx_word' id='word_1_451' title='bbox 1474 2261 1558 2290; x_wconf 86' lang='lat' dir='ltr'>certe</span> <span class='ocrx_word' id='word_1_452' title='bbox 1589 2258 1686 2300; x_wconf 72' lang='lat' dir='ltr'>Vt&#39;ryo</span> <span class='ocrx_word' id='word_1_453' title='bbox 1710 2258 1841 2296; x_wconf 72' lang='lat' dir='ltr'>Maria,</span> <span class='ocrx_word' id='word_1_454' title='bbox 1866 2259 1897 2290; x_wconf 93' lang='lat' dir='ltr'>in</span> <span class='ocrx_word' id='word_1_455' title='bbox 1930 2268 2024 2300; x_wconf 87' lang='lat' dir='ltr'>quam</span> <span class='ocrx_word' id='word_1_456' title='bbox 2052 2259 2103 2292; x_wconf 87' lang='lat' dir='ltr'>de-</span> 
     </span>
     <span class='ocr_line' id='line_1_65' title="bbox 1152 2311 2101 2350; baseline 0.001 -7"><span class='ocrx_word' id='word_1_457' title='bbox 1152 2311 1272 2344; x_wconf 89' lang='lat' dir='ltr'>scendit</span> <span class='ocrx_word' id='word_1_458' title='bbox 1295 2311 1333 2343; x_wconf 83' lang='lat' dir='ltr'>ad</span> <span class='ocrx_word' id='word_1_459' title='bbox 1360 2311 1565 2343; x_wconf 88' lang='lat' dir='ltr'>habitandum</span> <span class='ocrx_word' id='word_1_460' title='bbox 1589 2311 1759 2350; x_wconf 79' lang='lat' dir='ltr'>Dominus3</span> <span class='ocrx_word' id='word_1_461' title='bbox 1785 2311 1833 2343; x_wconf 91' lang='lat' dir='ltr'>vel</span> <span class='ocrx_word' id='word_1_462' title='bbox 1857 2311 1949 2343; x_wconf 87' lang='lat' dir='ltr'>etiam</span> <span class='ocrx_word' id='word_1_463' title='bbox 1974 2316 2101 2344; x_wconf 74' lang='lat' dir='ltr'>natura</span> 
     </span>
    </p>
   </div>
   <div class='ocr_carea' id='block_1_16' title="bbox 835 2423 1409 2426">
    <p class='ocr_par' dir='ltr' id='par_1_28' title="bbox 835 2423 1409 2426">
     <span class='ocr_line' id='line_1_66' title="bbox 835 2423 1409 2426; baseline 0 0"><span class='ocrx_word' id='word_1_464' title='bbox 835 2423 1409 2426; x_wconf 95' lang='lat' dir='ltr'> </span> 
     </span>
    </p>
   </div>
   <div class='ocr_carea' id='block_1_17' title="bbox 137 2494 1092 3399">
    <p class='ocr_par' dir='ltr' id='par_1_29' title="bbox 210 2494 851 2526">
     <span class='ocr_line' id='line_1_67' title="bbox 210 2494 851 2526; baseline -0.005 -5"><span class='ocrx_word' id='word_1_465' title='bbox 210 2496 217 2512; x_wconf 86' lang='lat'>1</span> <span class='ocrx_word' id='word_1_466' title='bbox 238 2495 300 2521; x_wconf 92' lang='lat' dir='ltr'>Cod.</span> <span class='ocrx_word' id='word_1_467' title='bbox 321 2496 342 2520; x_wconf 79' lang='grc' dir='ltr'>Κ</span> <span class='ocrx_word' id='word_1_468' title='bbox 365 2495 381 2525; x_wconf 90' lang='lat' dir='ltr'>(l</span> <span class='ocrx_word' id='word_1_469' title='bbox 402 2502 415 2519; x_wconf 86' lang='lat' dir='ltr'>a</span> <span class='ocrx_word' id='word_1_470' title='bbox 436 2494 549 2519; x_wconf 88' lang='lat' dir='ltr'>secunda</span> <span class='ocrx_word' id='word_1_471' title='bbox 570 2494 658 2524; x_wconf 84' lang='lat' dir='ltr'>manu)</span> <span class='ocrx_word' id='word_1_472' title='bbox 678 2500 705 2519; x_wconf 84' lang='lat' dir='ltr'>se</span> <span class='ocrx_word' id='word_1_473' title='bbox 723 2499 851 2526; x_wconf 80' lang='lat' dir='ltr'>peccasse.</span> 
     </span>
    </p>

    <p class='ocr_par' dir='ltr' id='par_1_30' title="bbox 137 2536 1089 2745">
     <span class='ocr_line' id='line_1_68' title="bbox 210 2536 1089 2569; baseline -0.003 -5"><span class='ocrx_word' id='word_1_474' title='bbox 210 2540 220 2555; x_wconf 81' lang='lat'>2</span> <span class='ocrx_word' id='word_1_475' title='bbox 239 2539 304 2564; x_wconf 85' lang='lat' dir='ltr'>Vide</span> <span class='ocrx_word' id='word_1_476' title='bbox 325 2539 350 2563; x_wconf 92' lang='lat' dir='ltr'>ll.</span> <span class='ocrx_word' id='word_1_477' title='bbox 370 2539 436 2564; x_wconf 83' lang='lat' dir='ltr'>Sent.</span> <span class='ocrx_word' id='word_1_478' title='bbox 458 2538 482 2563; x_wconf 92' lang='lat' dir='ltr'>d.</span> <span class='ocrx_word' id='word_1_479' title='bbox 503 2538 544 2562; x_wconf 85' lang='grc'>39.</span> <span class='ocrx_word' id='word_1_480' title='bbox 564 2545 586 2562; x_wconf 85' lang='lat' dir='ltr'>a.</span> <span class='ocrx_word' id='word_1_481' title='bbox 608 2538 631 2562; x_wconf 79' lang='lat'>2.</span> <span class='ocrx_word' id='word_1_482' title='bbox 652 2545 675 2569; x_wconf 87' lang='lat' dir='ltr'>q.</span> <span class='ocrx_word' id='word_1_483' title='bbox 697 2538 720 2562; x_wconf 79' lang='lat'>2.</span> <span class='ocrx_word' id='word_1_484' title='bbox 735 2551 768 2554; x_wconf 97' lang='lat'><strong>—</strong></span> <span class='ocrx_word' id='word_1_485' title='bbox 782 2536 897 2562; x_wconf 81' lang='lat' dir='ltr'>Vocibus</span> <span class='ocrx_word' id='word_1_486' title='bbox 915 2537 939 2562; x_wconf 88' lang='lat' dir='ltr'>et</span> <span class='ocrx_word' id='word_1_487' title='bbox 951 2542 1089 2562; x_wconf 84' lang='lat' dir='ltr'>remorsus</span> 
     </span>
     <span class='ocr_line' id='line_1_69' title="bbox 138 2579 1089 2614; baseline -0.004 -5"><span class='ocrx_word' id='word_1_488' title='bbox 138 2585 196 2610; x_wconf 86' lang='lat' dir='ltr'>Vat.</span> <span class='ocrx_word' id='word_1_489' title='bbox 216 2590 275 2609; x_wconf 86' lang='lat' dir='ltr'>cum</span> <span class='ocrx_word' id='word_1_490' title='bbox 302 2583 430 2608; x_wconf 90' lang='lat' dir='ltr'>nonnullis</span> <span class='ocrx_word' id='word_1_491' title='bbox 444 2582 519 2607; x_wconf 87' lang='lat' dir='ltr'>codd.</span> <span class='ocrx_word' id='word_1_492' title='bbox 534 2582 661 2607; x_wconf 86' lang='lat' dir='ltr'>interserit</span> <span class='ocrx_word' id='word_1_493' title='bbox 679 2580 763 2614; x_wconf 80' lang='lat' dir='ltr'>quod,</span> <span class='ocrx_word' id='word_1_494' title='bbox 786 2581 861 2606; x_wconf 87' lang='lat' dir='ltr'>codd.</span> <span class='ocrx_word' id='word_1_495' title='bbox 878 2581 917 2606; x_wconf 83' lang='lat' dir='ltr'>lK</span> <span class='ocrx_word' id='word_1_496' title='bbox 938 2581 1026 2612; x_wconf 85' lang='lat' dir='ltr'>legunt</span> <span class='ocrx_word' id='word_1_497' title='bbox 1045 2579 1089 2606; x_wconf 87' lang='lat' dir='ltr'>ille</span> 
     </span>
     <span class='ocr_line' id='line_1_70' title="bbox 137 2624 1087 2659; baseline -0.005 -5"><span class='ocrx_word' id='word_1_498' title='bbox 137 2633 289 2659; x_wconf 76' lang='lat' dir='ltr'>remorsus,</span> <span class='ocrx_word' id='word_1_499' title='bbox 305 2627 362 2652; x_wconf 85' lang='lat' dir='ltr'>cod.</span> <span class='ocrx_word' id='word_1_500' title='bbox 379 2627 401 2651; x_wconf 82' lang='lat' dir='ltr'>X</span> <span class='ocrx_word' id='word_1_501' title='bbox 417 2627 456 2652; x_wconf 79' lang='lat' dir='ltr'>est</span> <span class='ocrx_word' id='word_1_502' title='bbox 467 2625 547 2651; x_wconf 79' lang='lat' dir='ltr'>etiam</span> <span class='ocrx_word' id='word_1_503' title='bbox 560 2631 712 2657; x_wconf 72' lang='lat' dir='ltr'>remorsas,</span> <span class='ocrx_word' id='word_1_504' title='bbox 729 2625 785 2650; x_wconf 78' lang='lat' dir='ltr'>cod.</span> <span class='ocrx_word' id='word_1_505' title='bbox 800 2624 836 2650; x_wconf 91' lang='lat' dir='ltr'>bb</span> <span class='ocrx_word' id='word_1_506' title='bbox 851 2624 929 2650; x_wconf 82' lang='lat' dir='ltr'>etiam</span> <span class='ocrx_word' id='word_1_507' title='bbox 942 2630 1087 2650; x_wconf 81' lang='lat' dir='ltr'>remorsus.</span> 
     </span>
     <span class='ocr_line' id='line_1_71' title="bbox 138 2667 1087 2701; baseline -0.005 -4"><span class='ocrx_word' id='word_1_508' title='bbox 138 2671 253 2697; x_wconf 80' lang='lat' dir='ltr'>Subinde</span> <span class='ocrx_word' id='word_1_509' title='bbox 272 2670 354 2696; x_wconf 86' lang='lat' dir='ltr'>verbo</span> <span class='ocrx_word' id='word_1_510' title='bbox 374 2671 411 2696; x_wconf 83' lang='lat' dir='ltr'>est</span> <span class='ocrx_word' id='word_1_511' title='bbox 430 2670 488 2696; x_wconf 91' lang='lat' dir='ltr'>cod.</span> <span class='ocrx_word' id='word_1_512' title='bbox 508 2670 526 2694; x_wconf 93' lang='lat' dir='ltr'>L</span> <span class='ocrx_word' id='word_1_513' title='bbox 551 2670 580 2699; x_wconf 82' lang='grc' dir='ltr'>(Ρ</span> <span class='ocrx_word' id='word_1_514' title='bbox 599 2677 612 2694; x_wconf 88' lang='lat' dir='ltr'>a</span> <span class='ocrx_word' id='word_1_515' title='bbox 642 2669 754 2694; x_wconf 82' lang='lat' dir='ltr'>secunda</span> <span class='ocrx_word' id='word_1_516' title='bbox 784 2668 874 2701; x_wconf 83' lang='lat' dir='ltr'>manu)</span> <span class='ocrx_word' id='word_1_517' title='bbox 894 2668 1012 2699; x_wconf 79' lang='lat' dir='ltr'>praefigit</span> <span class='ocrx_word' id='word_1_518' title='bbox 1031 2667 1087 2693; x_wconf 81' lang='lat' dir='ltr'>hoc.</span> 
     </span>
     <span class='ocr_line' id='line_1_72' title="bbox 139 2713 780 2745; baseline -0.005 -5"><span class='ocrx_word' id='word_1_519' title='bbox 139 2729 172 2733; x_wconf 81' lang='lat'>—-</span> <span class='ocrx_word' id='word_1_520' title='bbox 192 2715 258 2740; x_wconf 88' lang='lat' dir='ltr'>Vide</span> <span class='ocrx_word' id='word_1_521' title='bbox 278 2715 391 2740; x_wconf 85' lang='lat' dir='ltr'>scholion</span> <span class='ocrx_word' id='word_1_522' title='bbox 412 2714 443 2739; x_wconf 92' lang='lat' dir='ltr'>ad</span> <span class='ocrx_word' id='word_1_523' title='bbox 464 2713 663 2745; x_wconf 81' lang='lat' dir='ltr'>praecedentem</span> <span class='ocrx_word' id='word_1_524' title='bbox 683 2716 780 2745; x_wconf 87' lang='lat' dir='ltr'>quaest.</span> 
     </span>
    </p>

    <p class='ocr_par' dir='ltr' id='par_1_31' title="bbox 140 2754 1088 2827">
     <span class='ocr_line' id='line_1_73' title="bbox 209 2754 1088 2790; baseline -0.006 -6"><span class='ocrx_word' id='word_1_525' title='bbox 209 2758 220 2775; x_wconf 79' lang='grc'>3</span> <span class='ocrx_word' id='word_1_526' title='bbox 239 2759 292 2784; x_wconf 84' lang='lat' dir='ltr'>lsai.</span> <span class='ocrx_word' id='word_1_527' title='bbox 314 2759 361 2790; x_wconf 83' lang='grc'>66,</span> <span class='ocrx_word' id='word_1_528' title='bbox 382 2758 429 2783; x_wconf 72' lang='lat'>24:</span> <span class='ocrx_word' id='word_1_529' title='bbox 449 2758 552 2782; x_wconf 73' lang='lat' dir='ltr'>Vei-mis</span> <span class='ocrx_word' id='word_1_530' title='bbox 570 2763 661 2782; x_wconf 88' lang='lat' dir='ltr'>eorum</span> <span class='ocrx_word' id='word_1_531' title='bbox 682 2763 731 2781; x_wconf 89' lang='lat' dir='ltr'>non</span> <span class='ocrx_word' id='word_1_532' title='bbox 752 2757 884 2781; x_wconf 84' lang='lat' dir='ltr'>morietur.</span> <span class='ocrx_word' id='word_1_533' title='bbox 904 2754 953 2780; x_wconf 84' lang='lat' dir='ltr'>Csr.</span> <span class='ocrx_word' id='word_1_534' title='bbox 974 2755 1050 2780; x_wconf 81' lang='lat' dir='ltr'>Marc.</span> <span class='ocrx_word' id='word_1_535' title='bbox 1064 2755 1088 2786; x_wconf 82' lang='lat'>9,</span> 
     </span>
     <span class='ocr_line' id='line_1_74' title="bbox 140 2801 305 2827; baseline 0 0"><span class='ocrx_word' id='word_1_536' title='bbox 140 2802 180 2827; x_wconf 79' lang='grc'>43.</span> <span class='ocrx_word' id='word_1_537' title='bbox 202 2801 243 2827; x_wconf 80' lang='grc'>45.</span> <span class='ocrx_word' id='word_1_538' title='bbox 265 2802 305 2827; x_wconf 74' lang='grc'>47.</span> 
     </span>
    </p>

    <p class='ocr_par' dir='ltr' id='par_1_32' title="bbox 139 2843 1088 2922">
     <span class='ocr_line' id='line_1_75' title="bbox 210 2843 1088 2876; baseline -0.002 -6"><span class='ocrx_word' id='word_1_539' title='bbox 210 2844 221 2861; x_wconf 75' lang='lat'>⁴¹</span> <span class='ocrx_word' id='word_1_540' title='bbox 240 2846 272 2870; x_wconf 86' lang='lat' dir='ltr'>lta</span> <span class='ocrx_word' id='word_1_541' title='bbox 286 2845 362 2870; x_wconf 83' lang='lat' dir='ltr'>codd.</span> <span class='ocrx_word' id='word_1_542' title='bbox 376 2844 533 2870; x_wconf 79' lang='lat' dir='ltr'>ABCGLV</span> <span class='ocrx_word' id='word_1_543' title='bbox 548 2844 617 2876; x_wconf 85' lang='lat' dir='ltr'>(post</span> <span class='ocrx_word' id='word_1_544' title='bbox 629 2843 726 2869; x_wconf 80' lang='lat' dir='ltr'>maiori</span> <span class='ocrx_word' id='word_1_545' title='bbox 735 2844 841 2876; x_wconf 87' lang='lat' dir='ltr'>supple:</span> <span class='ocrx_word' id='word_1_546' title='bbox 854 2843 982 2875; x_wconf 80' lang='lat' dir='ltr'>peccato);</span> <span class='ocrx_word' id='word_1_547' title='bbox 1000 2843 1056 2868; x_wconf 89' lang='lat' dir='ltr'>cod.</span> <span class='ocrx_word' id='word_1_548' title='bbox 1071 2843 1088 2867; x_wconf 87' lang='lat' dir='ltr'>E</span> 
     </span>
     <span class='ocr_line' id='line_1_76' title="bbox 139 2888 1088 2922; baseline -0.003 -7"><span class='ocrx_word' id='word_1_549' title='bbox 139 2897 188 2922; x_wconf 91' lang='lat' dir='ltr'>pro</span> <span class='ocrx_word' id='word_1_550' title='bbox 203 2896 290 2922; x_wconf 83' lang='lat' dir='ltr'>poena</span> <span class='ocrx_word' id='word_1_551' title='bbox 309 2889 376 2914; x_wconf 84' lang='lat' dir='ltr'>bene</span> <span class='ocrx_word' id='word_1_552' title='bbox 395 2889 525 2914; x_wconf 83' lang='lat' dir='ltr'>substituit</span> <span class='ocrx_word' id='word_1_553' title='bbox 545 2888 655 2921; x_wconf 82' lang='lat' dir='ltr'>culpae;</span> <span class='ocrx_word' id='word_1_554' title='bbox 675 2888 715 2913; x_wconf 85' lang='lat' dir='ltr'>alii</span> <span class='ocrx_word' id='word_1_555' title='bbox 729 2892 753 2913; x_wconf 86' lang='lat' dir='ltr'>et</span> <span class='ocrx_word' id='word_1_556' title='bbox 767 2888 826 2913; x_wconf 71' lang='lat' dir='ltr'>edd.</span> <span class='ocrx_word' id='word_1_557' title='bbox 841 2894 890 2913; x_wconf 91' lang='lat' dir='ltr'>non</span> <span class='ocrx_word' id='word_1_558' title='bbox 910 2891 968 2919; x_wconf 83' lang='lat' dir='ltr'>apte</span> <span class='ocrx_word' id='word_1_559' title='bbox 980 2893 1088 2920; x_wconf 75' lang='lat' dir='ltr'>poenae.</span> 
     </span>
    </p>

    <p class='ocr_par' dir='ltr' id='par_1_33' title="bbox 209 2931 539 2964">
     <span class='ocr_line' id='line_1_77' title="bbox 209 2931 539 2964; baseline -0.003 -7"><span class='ocrx_word' id='word_1_560' title='bbox 209 2932 220 2949; x_wconf 89' lang='lat'>⁵</span> <span class='ocrx_word' id='word_1_561' title='bbox 239 2932 300 2958; x_wconf 90' lang='lat' dir='ltr'>Dist.</span> <span class='ocrx_word' id='word_1_562' title='bbox 323 2931 363 2957; x_wconf 78' lang='lat'>43.</span> <span class='ocrx_word' id='word_1_563' title='bbox 384 2939 406 2957; x_wconf 87' lang='lat' dir='ltr'>a.</span> <span class='ocrx_word' id='word_1_564' title='bbox 427 2932 450 2956; x_wconf 84' lang='lat'>3.</span> <span class='ocrx_word' id='word_1_565' title='bbox 472 2939 496 2964; x_wconf 86' lang='lat' dir='ltr'>q.</span> <span class='ocrx_word' id='word_1_566' title='bbox 517 2932 539 2956; x_wconf 84' lang='lat'>3.</span> 
     </span>
    </p>

    <p class='ocr_par' dir='ltr' id='par_1_34' title="bbox 140 2974 1089 3047">
     <span class='ocr_line' id='line_1_78' title="bbox 209 2974 1089 3007; baseline -0.003 -6"><span class='ocrx_word' id='word_1_567' title='bbox 209 2975 220 2992; x_wconf 79' lang='lat'><strong>⁶</strong></span> <span class='ocrx_word' id='word_1_568' title='bbox 239 2975 319 3001; x_wconf 90' lang='lat' dir='ltr'>Codd.</span> <span class='ocrx_word' id='word_1_569' title='bbox 339 2978 364 3001; x_wconf 89' lang='lat' dir='ltr'>et</span> <span class='ocrx_word' id='word_1_570' title='bbox 386 2975 426 3001; x_wconf 87' lang='lat' dir='ltr'>ed.</span> <span class='ocrx_word' id='word_1_571' title='bbox 453 2976 461 3000; x_wconf 78' lang='lat' dir='ltr'>l</span> <span class='ocrx_word' id='word_1_572' title='bbox 486 2975 645 3007; x_wconf 76' lang='lat' dir='ltr'>intensione,</span> <span class='ocrx_word' id='word_1_573' title='bbox 671 2975 711 3000; x_wconf 64' lang='lat' dir='ltr'>vel</span> <span class='ocrx_word' id='word_1_574' title='bbox 731 2974 880 3000; x_wconf 79' lang='lat' dir='ltr'>intentione.</span> <span class='ocrx_word' id='word_1_575' title='bbox 904 2975 1010 2999; x_wconf 85' lang='lat' dir='ltr'>Inferius</span> <span class='ocrx_word' id='word_1_576' title='bbox 1032 2977 1089 2999; x_wconf 84' lang='lat' dir='ltr'>ante</span> 
     </span>
     <span class='ocr_line' id='line_1_79' title="bbox 140 3019 638 3047; baseline -0.004 0"><span class='ocrx_word' id='word_1_577' title='bbox 140 3019 271 3047; x_wconf 77' lang='lat' dir='ltr'>comburit</span> <span class='ocrx_word' id='word_1_578' title='bbox 291 3021 346 3045; x_wconf 88' lang='lat' dir='ltr'>Vat.</span> <span class='ocrx_word' id='word_1_579' title='bbox 367 3020 438 3045; x_wconf 83' lang='lat' dir='ltr'>addit</span> <span class='ocrx_word' id='word_1_580' title='bbox 456 3019 589 3046; x_wconf 77' lang='lat' dir='ltr'>consumit</span> <span class='ocrx_word' id='word_1_581' title='bbox 607 3020 638 3045; x_wconf 85' lang='lat' dir='ltr'>et.</span> 
     </span>
    </p>

    <p class='ocr_par' dir='ltr' id='par_1_35' title="bbox 209 3062 963 3095">
     <span class='ocr_line' id='line_1_80' title="bbox 209 3062 963 3095; baseline -0.001 -7"><span class='ocrx_word' id='word_1_582' title='bbox 209 3063 220 3080; x_wconf 93' lang='lat'>⁷</span> <span class='ocrx_word' id='word_1_583' title='bbox 240 3064 300 3089; x_wconf 89' lang='lat' dir='ltr'>Dist.</span> <span class='ocrx_word' id='word_1_584' title='bbox 322 3063 364 3088; x_wconf 75' lang='lat'>44.</span> <span class='ocrx_word' id='word_1_585' title='bbox 386 3070 412 3094; x_wconf 88' lang='lat' dir='ltr'>p.</span> <span class='ocrx_word' id='word_1_586' title='bbox 433 3063 458 3088; x_wconf 92' lang='lat' dir='ltr'>ll.</span> <span class='ocrx_word' id='word_1_587' title='bbox 478 3070 500 3088; x_wconf 89' lang='lat' dir='ltr'>a.</span> <span class='ocrx_word' id='word_1_588' title='bbox 522 3063 545 3087; x_wconf 88' lang='lat'>3.</span> <span class='ocrx_word' id='word_1_589' title='bbox 565 3070 590 3095; x_wconf 84' lang='lat' dir='ltr'>q.</span> <span class='ocrx_word' id='word_1_590' title='bbox 612 3063 634 3088; x_wconf 50' lang='lat'>4,</span> <span class='ocrx_word' id='word_1_591' title='bbox 655 3063 687 3088; x_wconf 88' lang='lat' dir='ltr'>ad</span> <span class='ocrx_word' id='word_1_592' title='bbox 708 3064 731 3088; x_wconf 77' lang='lat'>2.</span> <span class='ocrx_word' id='word_1_593' title='bbox 750 3066 775 3088; x_wconf 88' lang='lat' dir='ltr'>et</span> <span class='ocrx_word' id='word_1_594' title='bbox 794 3070 820 3095; x_wconf 86' lang='lat' dir='ltr'>q.</span> <span class='ocrx_word' id='word_1_595' title='bbox 842 3064 867 3087; x_wconf 78' lang='lat'>2.</span> <span class='ocrx_word' id='word_1_596' title='bbox 887 3062 919 3087; x_wconf 90' lang='lat' dir='ltr'>ad</span> <span class='ocrx_word' id='word_1_597' title='bbox 938 3062 963 3087; x_wconf 87' lang='lat'>7.</span> 
     </span>
    </p>

    <p class='ocr_par' dir='ltr' id='par_1_36' title="bbox 210 3107 867 3139">
     <span class='ocr_line' id='line_1_81' title="bbox 210 3107 867 3139; baseline -0.002 -7"><span class='ocrx_word' id='word_1_598' title='bbox 210 3107 222 3124; x_wconf 80' lang='grc'>8</span> <span class='ocrx_word' id='word_1_599' title='bbox 242 3107 306 3132; x_wconf 91' lang='lat' dir='ltr'>Vide</span> <span class='ocrx_word' id='word_1_600' title='bbox 325 3107 439 3132; x_wconf 86' lang='lat' dir='ltr'>scholion</span> <span class='ocrx_word' id='word_1_601' title='bbox 460 3107 493 3132; x_wconf 88' lang='lat' dir='ltr'>ad</span> <span class='ocrx_word' id='word_1_602' title='bbox 514 3108 536 3132; x_wconf 46' lang='lat' dir='ltr'>sl.</span> <span class='ocrx_word' id='word_1_603' title='bbox 557 3108 634 3132; x_wconf 86' lang='lat' dir='ltr'>huius</span> <span class='ocrx_word' id='word_1_604' title='bbox 652 3107 750 3132; x_wconf 83' lang='lat' dir='ltr'>articuli</span> <span class='ocrx_word' id='word_1_605' title='bbox 770 3110 867 3139; x_wconf 82' lang='lat' dir='ltr'>quaest.</span> 
     </span>
    </p>

    <p class='ocr_par' dir='ltr' id='par_1_37' title="bbox 141 3149 1092 3399">
     <span class='ocr_line' id='line_1_82' title="bbox 210 3149 1089 3182; baseline -0.002 -6"><span class='ocrx_word' id='word_1_606' title='bbox 210 3150 222 3166; x_wconf 84' lang='lat'>⁹</span> <span class='ocrx_word' id='word_1_607' title='bbox 241 3151 266 3175; x_wconf 92' lang='lat' dir='ltr'>ln</span> <span class='ocrx_word' id='word_1_608' title='bbox 280 3150 338 3176; x_wconf 87' lang='lat' dir='ltr'>cod.</span> <span class='ocrx_word' id='word_1_609' title='bbox 356 3151 374 3175; x_wconf 90' lang='lat' dir='ltr'>B</span> <span class='ocrx_word' id='word_1_610' title='bbox 388 3150 507 3176; x_wconf 81' lang='lat' dir='ltr'>additur:</span> <span class='ocrx_word' id='word_1_611' title='bbox 522 3151 558 3175; x_wconf 90' lang='lat' dir='ltr'>De</span> <span class='ocrx_word' id='word_1_612' title='bbox 572 3151 620 3175; x_wconf 89' lang='lat' dir='ltr'>hoc</span> <span class='ocrx_word' id='word_1_613' title='bbox 634 3150 704 3182; x_wconf 84' lang='lat' dir='ltr'>quod</span> <span class='ocrx_word' id='word_1_614' title='bbox 719 3150 810 3175; x_wconf 89' lang='lat' dir='ltr'>dicitur</span> <span class='ocrx_word' id='word_1_615' title='bbox 825 3150 849 3174; x_wconf 92' lang='lat' dir='ltr'>in</span> <span class='ocrx_word' id='word_1_616' title='bbox 864 3150 948 3181; x_wconf 92' lang='lat' dir='ltr'>primo</span> <span class='ocrx_word' id='word_1_617' title='bbox 966 3149 1089 3180; x_wconf 85' lang='lat' dir='ltr'>capitulo,</span> 
     </span>
     <span class='ocr_line' id='line_1_83' title="bbox 141 3191 1091 3227; baseline -0.002 -8"><span class='ocrx_word' id='word_1_618' title='bbox 141 3192 213 3226; x_wconf 81' lang='lat' dir='ltr'>quod</span> <span class='ocrx_word' id='word_1_619' title='bbox 230 3193 277 3227; x_wconf 82' lang='lat' dir='ltr'>qui</span> <span class='ocrx_word' id='word_1_620' title='bbox 294 3193 322 3219; x_wconf 85' lang='lat' dir='ltr'>in</span> <span class='ocrx_word' id='word_1_621' title='bbox 342 3193 392 3220; x_wconf 82' lang='lat' dir='ltr'>hac</span> <span class='ocrx_word' id='word_1_622' title='bbox 412 3193 465 3220; x_wconf 80' lang='lat' dir='ltr'>vita</span> <span class='ocrx_word' id='word_1_623' title='bbox 483 3200 537 3219; x_wconf 80' lang='lat' dir='ltr'>non</span> <span class='ocrx_word' id='word_1_624' title='bbox 555 3192 655 3226; x_wconf 78' lang='lat' dir='ltr'>fecerit,</span> <span class='ocrx_word' id='word_1_625' title='bbox 677 3192 781 3219; x_wconf 78' lang='lat' dir='ltr'>habebit</span> <span class='ocrx_word' id='word_1_626' title='bbox 795 3191 985 3226; x_wconf 80' lang='lat' dir='ltr'>poenitentiam</span> <span class='ocrx_word' id='word_1_627' title='bbox 1004 3192 1031 3218; x_wconf 84' lang='lat' dir='ltr'>in</span> <span class='ocrx_word' id='word_1_628' title='bbox 1048 3191 1091 3225; x_wconf 81' lang='lat' dir='ltr'>fu-</span> 
     </span>
     <span class='ocr_line' id='line_1_84' title="bbox 143 3235 1089 3269; baseline -0.002 -6"><span class='ocrx_word' id='word_1_629' title='bbox 143 3238 204 3263; x_wconf 85' lang='lat' dir='ltr'>turo</span> <span class='ocrx_word' id='word_1_630' title='bbox 223 3237 329 3263; x_wconf 83' lang='lat' dir='ltr'>saecuto</span> <span class='ocrx_word' id='word_1_631' title='bbox 349 3237 379 3263; x_wconf 83' lang='lat' dir='ltr'>de</span> <span class='ocrx_word' id='word_1_632' title='bbox 402 3237 481 3263; x_wconf 81' lang='lat' dir='ltr'>matis</span> <span class='ocrx_word' id='word_1_633' title='bbox 509 3237 574 3269; x_wconf 82' lang='lat' dir='ltr'>suis,</span> <span class='ocrx_word' id='word_1_634' title='bbox 596 3236 642 3262; x_wconf 84' lang='lat' dir='ltr'>sed</span> <span class='ocrx_word' id='word_1_635' title='bbox 668 3236 860 3269; x_wconf 74' lang='lat' dir='ltr'>indulyentiam</span> <span class='ocrx_word' id='word_1_636' title='bbox 888 3242 942 3262; x_wconf 87' lang='lat' dir='ltr'>non</span> <span class='ocrx_word' id='word_1_637' title='bbox 970 3235 1089 3261; x_wconf 76' lang='lat' dir='ltr'>inveniet.</span> 
     </span>
     <span class='ocr_line' id='line_1_85' title="bbox 143 3278 1091 3313; baseline -0.002 -7"><span class='ocrx_word' id='word_1_638' title='bbox 143 3279 248 3306; x_wconf 86' lang='lat' dir='ltr'>Contra:</span> <span class='ocrx_word' id='word_1_639' title='bbox 268 3281 352 3306; x_wconf 85' lang='lat' dir='ltr'>Matth.</span> <span class='ocrx_word' id='word_1_640' title='bbox 375 3281 420 3313; x_wconf 75' lang='lat' dir='ltr'>lS,</span> <span class='ocrx_word' id='word_1_641' title='bbox 440 3282 467 3305; x_wconf 77' lang='lat'>21</span> <span class='ocrx_word' id='word_1_642' title='bbox 486 3287 491 3305; x_wconf 92' lang='grc'>;</span> <span class='ocrx_word' id='word_1_643' title='bbox 511 3279 631 3311; x_wconf 85' lang='lat' dir='ltr'>Domine,</span> <span class='ocrx_word' id='word_1_644' title='bbox 654 3279 753 3313; x_wconf 78' lang='lat' dir='ltr'>quoties</span> <span class='ocrx_word' id='word_1_645' title='bbox 771 3278 887 3312; x_wconf 81' lang='lat' dir='ltr'>peccabit</span> <span class='ocrx_word' id='word_1_646' title='bbox 900 3279 928 3304; x_wconf 84' lang='lat' dir='ltr'>in</span> <span class='ocrx_word' id='word_1_647' title='bbox 940 3286 981 3304; x_wconf 84' lang='lat' dir='ltr'>me</span> <span class='ocrx_word' id='word_1_648' title='bbox 1005 3278 1091 3312; x_wconf 77' lang='lat' dir='ltr'>frater</span> 
     </span>
     <span class='ocr_line' id='line_1_86' title="bbox 142 3323 1092 3355; baseline -0.003 -5"><span class='ocrx_word' id='word_1_649' title='bbox 142 3330 226 3355; x_wconf 80' lang='lat' dir='ltr'>meuS,</span> <span class='ocrx_word' id='word_1_650' title='bbox 242 3325 267 3350; x_wconf 84' lang='lat' dir='ltr'>et</span> <span class='ocrx_word' id='word_1_651' title='bbox 278 3323 409 3350; x_wconf 78' lang='lat' dir='ltr'>dimittam</span> <span class='ocrx_word' id='word_1_652' title='bbox 428 3323 473 3350; x_wconf 84' lang='lat' dir='ltr'>ei?</span> <span class='ocrx_word' id='word_1_653' title='bbox 493 3327 560 3354; x_wconf 84' lang='lat' dir='ltr'>etc.;</span> <span class='ocrx_word' id='word_1_654' title='bbox 581 3330 645 3355; x_wconf 85' lang='lat' dir='ltr'>ergo</span> <span class='ocrx_word' id='word_1_655' title='bbox 659 3330 717 3348; x_wconf 87' lang='lat' dir='ltr'>cum</span> <span class='ocrx_word' id='word_1_656' title='bbox 732 3324 788 3354; x_wconf 88' lang='lat' dir='ltr'>ipse</span> <span class='ocrx_word' id='word_1_657' title='bbox 807 3324 838 3348; x_wconf 85' lang='lat' dir='ltr'>sit</span> <span class='ocrx_word' id='word_1_658' title='bbox 856 3323 1049 3348; x_wconf 85' lang='lat' dir='ltr'>misericordior</span> <span class='ocrx_word' id='word_1_659' title='bbox 1067 3326 1092 3348; x_wconf 86' lang='lat' dir='ltr'>et</span> 
     </span>
     <span class='ocr_line' id='line_1_87' title="bbox 143 3367 1091 3399; baseline -0.001 -6"><span class='ocrx_word' id='word_1_660' title='bbox 143 3369 303 3399; x_wconf 84' lang='lat' dir='ltr'>praeceperit</span> <span class='ocrx_word' id='word_1_661' title='bbox 322 3369 500 3393; x_wconf 84' lang='lat' dir='ltr'>remissionem</span> <span class='ocrx_word' id='word_1_662' title='bbox 519 3367 552 3392; x_wconf 89' lang='lat' dir='ltr'>ad</span> <span class='ocrx_word' id='word_1_663' title='bbox 572 3367 682 3393; x_wconf 82' lang='lat' dir='ltr'>infinitas</span> <span class='ocrx_word' id='word_1_664' title='bbox 702 3367 805 3399; x_wconf 81' lang='lat' dir='ltr'>culpas,</span> <span class='ocrx_word' id='word_1_665' title='bbox 826 3367 907 3392; x_wconf 91' lang='lat' dir='ltr'>multo</span> <span class='ocrx_word' id='word_1_666' title='bbox 926 3367 1016 3392; x_wconf 84' lang='lat' dir='ltr'>fortius</span> <span class='ocrx_word' id='word_1_667' title='bbox 1036 3367 1091 3398; x_wconf 89' lang='lat' dir='ltr'>ipse</span> 
     </span>
    </p>
   </div>
   <div class='ocr_carea' id='block_1_18' title="bbox 1119 2497 1123 3216">
    <p class='ocr_par' dir='ltr' id='par_1_38' title="bbox 1119 2497 1123 3216">
     <span class='ocr_line' id='line_1_88' title="bbox 1119 2497 1123 3216; baseline 0 0"><span class='ocrx_word' id='word_1_668' title='bbox 1119 2497 1123 3216; x_wconf 95' lang='lat' dir='ltr'> </span> 
     </span>
    </p>
   </div>
   <div class='ocr_carea' id='block_1_19' title="bbox 1152 2491 2103 2831">
    <p class='ocr_par' dir='ltr' id='par_1_39' title="bbox 1152 2491 2103 2831">
     <span class='ocr_line' id='line_1_89' title="bbox 1153 2491 2101 2525; baseline 0.002 -9"><span class='ocrx_word' id='word_1_669' title='bbox 1153 2493 1276 2522; x_wconf 83' lang='lat' dir='ltr'>remittet,</span> <span class='ocrx_word' id='word_1_670' title='bbox 1297 2493 1317 2517; x_wconf 87' lang='lat' dir='ltr'>si</span> <span class='ocrx_word' id='word_1_671' title='bbox 1338 2491 1370 2517; x_wconf 87' lang='lat' dir='ltr'>ab</span> <span class='ocrx_word' id='word_1_672' title='bbox 1390 2499 1421 2517; x_wconf 89' lang='lat' dir='ltr'>eo</span> <span class='ocrx_word' id='word_1_673' title='bbox 1441 2494 1542 2523; x_wconf 86' lang='lat' dir='ltr'>potatur</span> <span class='ocrx_word' id='word_1_674' title='bbox 1560 2492 1644 2516; x_wconf 88' lang='lat' dir='ltr'>venia.</span> <span class='ocrx_word' id='word_1_675' title='bbox 1664 2506 1698 2509; x_wconf 96' lang='lat'><strong>—</strong></span> <span class='ocrx_word' id='word_1_676' title='bbox 1719 2493 1792 2522; x_wconf 75' lang='lat' dir='ltr'>lieni,</span> <span class='ocrx_word' id='word_1_677' title='bbox 1816 2492 1975 2525; x_wconf 73' lang='lat' dir='ltr'>Bernartius,</span> <span class='ocrx_word' id='word_1_678' title='bbox 1995 2494 2019 2517; x_wconf 86' lang='lat' dir='ltr'>in</span> <span class='ocrx_word' id='word_1_679' title='bbox 2034 2493 2101 2519; x_wconf 86' lang='lat' dir='ltr'>libro</span> 
     </span>
     <span class='ocr_line' id='line_1_90' title="bbox 1153 2535 2101 2568; baseline 0.002 -8"><span class='ocrx_word' id='word_1_680' title='bbox 1153 2535 1185 2560; x_wconf 88' lang='lat' dir='ltr'>de</span> <span class='ocrx_word' id='word_1_681' title='bbox 1205 2535 1334 2561; x_wconf 86' lang='lat' dir='ltr'>Gradibus</span> <span class='ocrx_word' id='word_1_682' title='bbox 1353 2536 1516 2566; x_wconf 85' lang='lat' dir='ltr'>humilitatis,</span> <span class='ocrx_word' id='word_1_683' title='bbox 1536 2536 1644 2568; x_wconf 87' lang='lat' dir='ltr'>loquens</span> <span class='ocrx_word' id='word_1_684' title='bbox 1663 2535 1695 2561; x_wconf 89' lang='lat' dir='ltr'>de</span> <span class='ocrx_word' id='word_1_685' title='bbox 1715 2535 1878 2561; x_wconf 80' lang='lat' dir='ltr'>damnatione</span> <span class='ocrx_word' id='word_1_686' title='bbox 1898 2536 1992 2561; x_wconf 84' lang='lat' dir='ltr'>diaboli</span> <span class='ocrx_word' id='word_1_687' title='bbox 2007 2537 2039 2568; x_wconf 85' lang='lat' dir='ltr'>[c.</span> <span class='ocrx_word' id='word_1_688' title='bbox 2061 2538 2101 2562; x_wconf 70' lang='grc'>10.</span> 
     </span>
     <span class='ocr_line' id='line_1_91' title="bbox 1153 2579 2103 2611; baseline 0.002 -8"><span class='ocrx_word' id='word_1_689' title='bbox 1153 2586 1177 2604; x_wconf 91' lang='lat' dir='ltr'>n.</span> <span class='ocrx_word' id='word_1_690' title='bbox 1198 2579 1268 2611; x_wconf 84' lang='lat'><strong>33.]:</strong></span> <span class='ocrx_word' id='word_1_691' title='bbox 1289 2580 1330 2604; x_wconf 84' lang='lat' dir='ltr'>Sic</span> <span class='ocrx_word' id='word_1_692' title='bbox 1349 2579 1418 2604; x_wconf 86' lang='lat' dir='ltr'>Deus</span> <span class='ocrx_word' id='word_1_693' title='bbox 1437 2581 1591 2611; x_wconf 67' lang='lat' dir='ltr'>temperavit</span> <span class='ocrx_word' id='word_1_694' title='bbox 1610 2580 1760 2605; x_wconf 83' lang='lat' dir='ltr'>sententiam</span> <span class='ocrx_word' id='word_1_695' title='bbox 1781 2581 1805 2604; x_wconf 91' lang='lat' dir='ltr'>in</span> <span class='ocrx_word' id='word_1_696' title='bbox 1825 2580 1951 2611; x_wconf 78' lang='lat' dir='ltr'>vindicta,</span> <span class='ocrx_word' id='word_1_697' title='bbox 1966 2584 1993 2605; x_wconf 87' lang='lat' dir='ltr'>ut</span> <span class='ocrx_word' id='word_1_698' title='bbox 2012 2582 2032 2605; x_wconf 90' lang='lat' dir='ltr'>si</span> <span class='ocrx_word' id='word_1_699' title='bbox 2052 2581 2103 2606; x_wconf 69' lang='lat' dir='ltr'>vel-</span> 
     </span>
     <span class='ocr_line' id='line_1_92' title="bbox 1153 2623 2102 2656; baseline 0.001 -8"><span class='ocrx_word' id='word_1_700' title='bbox 1153 2623 1186 2648; x_wconf 87' lang='lat' dir='ltr'>let</span> <span class='ocrx_word' id='word_1_701' title='bbox 1204 2624 1368 2654; x_wconf 84' lang='lat' dir='ltr'>resipiscere,</span> <span class='ocrx_word' id='word_1_702' title='bbox 1390 2623 1457 2648; x_wconf 87' lang='lat' dir='ltr'>Deus</span> <span class='ocrx_word' id='word_1_703' title='bbox 1486 2624 1589 2648; x_wconf 82' lang='lat' dir='ltr'>veniam</span> <span class='ocrx_word' id='word_1_704' title='bbox 1614 2630 1663 2648; x_wconf 88' lang='lat' dir='ltr'>non</span> <span class='ocrx_word' id='word_1_705' title='bbox 1693 2627 1778 2654; x_wconf 75' lang='lat' dir='ltr'>neget.</span> <span class='ocrx_word' id='word_1_706' title='bbox 1800 2637 1834 2641; x_wconf 97' lang='lat'>—</span> <span class='ocrx_word' id='word_1_707' title='bbox 1854 2623 2011 2656; x_wconf 81' lang='lat' dir='ltr'>Dicendum,</span> <span class='ocrx_word' id='word_1_708' title='bbox 2032 2624 2102 2656; x_wconf 88' lang='lat' dir='ltr'>quod</span> 
     </span>
     <span class='ocr_line' id='line_1_93' title="bbox 1153 2667 2103 2699; baseline 0.002 -8"><span class='ocrx_word' id='word_1_709' title='bbox 1153 2674 1232 2698; x_wconf 83' lang='lat' dir='ltr'>agere</span> <span class='ocrx_word' id='word_1_710' title='bbox 1251 2668 1433 2698; x_wconf 83' lang='lat' dir='ltr'>poenitentiam</span> <span class='ocrx_word' id='word_1_711' title='bbox 1454 2668 1509 2691; x_wconf 82' lang='lat' dir='ltr'>sive</span> <span class='ocrx_word' id='word_1_712' title='bbox 1529 2667 1616 2692; x_wconf 82' lang='lat' dir='ltr'>dolere</span> <span class='ocrx_word' id='word_1_713' title='bbox 1636 2667 1668 2692; x_wconf 87' lang='lat' dir='ltr'>de</span> <span class='ocrx_word' id='word_1_714' title='bbox 1688 2667 1763 2698; x_wconf 87' lang='lat' dir='ltr'>culpa</span> <span class='ocrx_word' id='word_1_715' title='bbox 1782 2668 1908 2692; x_wconf 85' lang='lat' dir='ltr'>commisa</span> <span class='ocrx_word' id='word_1_716' title='bbox 1927 2670 1965 2692; x_wconf 85' lang='lat' dir='ltr'>est</span> <span class='ocrx_word' id='word_1_717' title='bbox 1994 2668 2103 2699; x_wconf 88' lang='lat' dir='ltr'>duplici-</span> 
     </span>
     <span class='ocr_line' id='line_1_94' title="bbox 1152 2710 2103 2743; baseline 0.002 -8"><span class='ocrx_word' id='word_1_718' title='bbox 1152 2713 1207 2736; x_wconf 86' lang='lat' dir='ltr'>ter:</span> <span class='ocrx_word' id='word_1_719' title='bbox 1227 2713 1271 2735; x_wconf 88' lang='lat' dir='ltr'>aut</span> <span class='ocrx_word' id='word_1_720' title='bbox 1290 2713 1397 2742; x_wconf 88' lang='lat' dir='ltr'>propter</span> <span class='ocrx_word' id='word_1_721' title='bbox 1416 2711 1554 2735; x_wconf 78' lang='lat' dir='ltr'>laesionem</span> <span class='ocrx_word' id='word_1_722' title='bbox 1575 2714 1680 2736; x_wconf 84' lang='lat' dir='ltr'>naturae</span> <span class='ocrx_word' id='word_1_723' title='bbox 1699 2714 1723 2735; x_wconf 88' lang='lat' dir='ltr'>et</span> <span class='ocrx_word' id='word_1_724' title='bbox 1742 2710 1831 2735; x_wconf 82' lang='lat' dir='ltr'>odium</span> <span class='ocrx_word' id='word_1_725' title='bbox 1856 2718 1962 2742; x_wconf 85' lang='lat' dir='ltr'>poenae⁷</span> <span class='ocrx_word' id='word_1_726' title='bbox 1983 2715 2027 2736; x_wconf 90' lang='lat' dir='ltr'>aut</span> <span class='ocrx_word' id='word_1_727' title='bbox 2045 2719 2103 2743; x_wconf 85' lang='lat' dir='ltr'>pro-</span> 
     </span>
     <span class='ocr_line' id='line_1_95' title="bbox 1154 2755 2101 2787; baseline 0.002 -8"><span class='ocrx_word' id='word_1_728' title='bbox 1154 2757 1210 2785; x_wconf 82' lang='lat' dir='ltr'>pter</span> <span class='ocrx_word' id='word_1_729' title='bbox 1230 2755 1354 2779; x_wconf 76' lang='lat' dir='ltr'>offensam</span> <span class='ocrx_word' id='word_1_730' title='bbox 1375 2755 1512 2780; x_wconf 82' lang='lat' dir='ltr'>Maiestatis</span> <span class='ocrx_word' id='word_1_731' title='bbox 1532 2755 1634 2780; x_wconf 79' lang='lat' dir='ltr'>divinae</span> <span class='ocrx_word' id='word_1_732' title='bbox 1648 2759 1672 2780; x_wconf 85' lang='lat' dir='ltr'>et</span> <span class='ocrx_word' id='word_1_733' title='bbox 1691 2755 1772 2786; x_wconf 90' lang='lat' dir='ltr'>ipsius</span> <span class='ocrx_word' id='word_1_734' title='bbox 1786 2755 1901 2780; x_wconf 85' lang='lat' dir='ltr'>iustitiae.</span> <span class='ocrx_word' id='word_1_735' title='bbox 1917 2755 2028 2780; x_wconf 81' lang='lat' dir='ltr'>Primam</span> <span class='ocrx_word' id='word_1_736' title='bbox 2042 2763 2101 2787; x_wconf 88' lang='lat' dir='ltr'>poe-</span> 
     </span>
     <span class='ocr_line' id='line_1_96' title="bbox 1153 2797 2101 2831; baseline 0.002 -9"><span class='ocrx_word' id='word_1_737' title='bbox 1153 2799 1283 2823; x_wconf 86' lang='lat' dir='ltr'>nitentiam</span> <span class='ocrx_word' id='word_1_738' title='bbox 1304 2798 1399 2823; x_wconf 81' lang='lat' dir='ltr'>habere</span> <span class='ocrx_word' id='word_1_739' title='bbox 1419 2801 1502 2829; x_wconf 85' lang='lat' dir='ltr'>potest</span> <span class='ocrx_word' id='word_1_740' title='bbox 1521 2798 1612 2831; x_wconf 84' lang='lat' dir='ltr'>aliquis</span> <span class='ocrx_word' id='word_1_741' title='bbox 1631 2805 1661 2824; x_wconf 81' lang='lat' dir='ltr'>ex</span> <span class='ocrx_word' id='word_1_742' title='bbox 1681 2799 1741 2823; x_wconf 82' lang='lat' dir='ltr'>sohs</span> <span class='ocrx_word' id='word_1_743' title='bbox 1762 2797 1920 2823; x_wconf 84' lang='lat' dir='ltr'>naturalibus</span> <span class='ocrx_word' id='word_1_744' title='bbox 1939 2799 1994 2824; x_wconf 89' lang='lat' dir='ltr'>sine</span> <span class='ocrx_word' id='word_1_745' title='bbox 2008 2801 2101 2831; x_wconf 77' lang='lat' dir='ltr'>gratia3</span> 
     </span>
    </p>
   </div>
   <div class='ocr_carea' id='block_1_20' title="bbox 1144 2842 2103 2918">
    <p class='ocr_par' dir='ltr' id='par_1_40' title="bbox 1144 2842 2103 2918">
     <span class='ocr_line' id='line_1_97' title="bbox 1153 2842 2103 2873; baseline 0.001 -7"><span class='ocrx_word' id='word_1_746' title='bbox 1153 2842 1304 2868; x_wconf 60' lang='lat' dir='ltr'>sicutenim</span> <span class='ocrx_word' id='word_1_747' title='bbox 1325 2842 1403 2866; x_wconf 89' lang='lat' dir='ltr'>bomo</span> <span class='ocrx_word' id='word_1_748' title='bbox 1423 2842 1570 2866; x_wconf 81' lang='lat' dir='ltr'>naturaliter</span> <span class='ocrx_word' id='word_1_749' title='bbox 1589 2849 1616 2867; x_wconf 88' lang='lat' dir='ltr'>se</span> <span class='ocrx_word' id='word_1_750' title='bbox 1636 2842 1731 2873; x_wconf 73' lang='lat' dir='ltr'>diligit„</span> <span class='ocrx_word' id='word_1_751' title='bbox 1754 2843 1785 2866; x_wconf 85' lang='lat' dir='ltr'>ita</span> <span class='ocrx_word' id='word_1_752' title='bbox 1807 2842 1883 2866; x_wconf 88' lang='lat' dir='ltr'>etiam</span> <span class='ocrx_word' id='word_1_753' title='bbox 1903 2842 1957 2867; x_wconf 83' lang='lat' dir='ltr'>odit</span> <span class='ocrx_word' id='word_1_754' title='bbox 1982 2848 2059 2867; x_wconf 89' lang='lat' dir='ltr'>omne</span> <span class='ocrx_word' id='word_1_755' title='bbox 2078 2843 2103 2867; x_wconf 94' lang='lat' dir='ltr'>il-</span> 
     </span>
     <span class='ocr_line' id='line_1_98' title="bbox 1144 2875 2102 2918; baseline 0.001 -8"><span class='ocrx_word' id='word_1_756' title='bbox 1144 2875 1211 2916; x_wconf 66' lang='lat' dir='ltr'>⁵lud‚</span> <span class='ocrx_word' id='word_1_757' title='bbox 1232 2889 1338 2916; x_wconf 83' lang='lat' dir='ltr'>propter</span> <span class='ocrx_word' id='word_1_758' title='bbox 1358 2885 1428 2918; x_wconf 82' lang='lat' dir='ltr'>quod</span> <span class='ocrx_word' id='word_1_759' title='bbox 1449 2886 1556 2910; x_wconf 88' lang='lat' dir='ltr'>incurrit</span> <span class='ocrx_word' id='word_1_760' title='bbox 1575 2886 1681 2911; x_wconf 86' lang='lat' dir='ltr'>malum.</span> <span class='ocrx_word' id='word_1_761' title='bbox 1701 2886 1729 2911; x_wconf 81' lang='lat' dir='ltr'>Et</span> <span class='ocrx_word' id='word_1_762' title='bbox 1749 2887 1812 2911; x_wconf 83' lang='lat' dir='ltr'>haee</span> <span class='ocrx_word' id='word_1_763' title='bbox 1831 2887 1986 2917; x_wconf 76' lang='lat' dir='ltr'>poenitentia</span> <span class='ocrx_word' id='word_1_764' title='bbox 2015 2890 2053 2911; x_wconf 89' lang='lat' dir='ltr'>est</span> <span class='ocrx_word' id='word_1_765' title='bbox 2078 2887 2102 2911; x_wconf 90' lang='lat' dir='ltr'>in</span> 
     </span>
    </p>
   </div>
   <div class='ocr_carea' id='block_1_21' title="bbox 1153 2929 2103 3137">
    <p class='ocr_par' dir='ltr' id='par_1_41' title="bbox 1153 2929 2103 3137">
     <span class='ocr_line' id='line_1_99' title="bbox 1153 2929 2103 2962; baseline 0.001 -9"><span class='ocrx_word' id='word_1_766' title='bbox 1153 2929 1240 2960; x_wconf 85' lang='lat' dir='ltr'>malis,</span> <span class='ocrx_word' id='word_1_767' title='bbox 1260 2932 1285 2954; x_wconf 82' lang='lat' dir='ltr'>et</span> <span class='ocrx_word' id='word_1_768' title='bbox 1304 2936 1351 2960; x_wconf 89' lang='lat' dir='ltr'>per</span> <span class='ocrx_word' id='word_1_769' title='bbox 1370 2930 1443 2954; x_wconf 88' lang='lat' dir='ltr'>istam</span> <span class='ocrx_word' id='word_1_770' title='bbox 1465 2936 1597 2961; x_wconf 87' lang='lat' dir='ltr'>nunquam</span> <span class='ocrx_word' id='word_1_771' title='bbox 1618 2930 1709 2962; x_wconf 85' lang='lat' dir='ltr'>aliquis</span> <span class='ocrx_word' id='word_1_772' title='bbox 1728 2933 1842 2954; x_wconf 88' lang='lat' dir='ltr'>meretur</span> <span class='ocrx_word' id='word_1_773' title='bbox 1861 2931 1981 2961; x_wconf 77' lang='lat' dir='ltr'>veniam;</span> <span class='ocrx_word' id='word_1_774' title='bbox 2002 2930 2047 2955; x_wconf 87' lang='lat' dir='ltr'>sed</span> <span class='ocrx_word' id='word_1_775' title='bbox 2067 2937 2103 2955; x_wconf 86' lang='lat' dir='ltr'>se·</span> 
     </span>
     <span class='ocr_line' id='line_1_100' title="bbox 1153 2971 2103 3004; baseline 0.002 -8"><span class='ocrx_word' id='word_1_776' title='bbox 1153 2971 1237 2997; x_wconf 83' lang='lat' dir='ltr'>cunda</span> <span class='ocrx_word' id='word_1_777' title='bbox 1257 2979 1307 2997; x_wconf 92' lang='lat' dir='ltr'>non</span> <span class='ocrx_word' id='word_1_778' title='bbox 1327 2974 1365 2997; x_wconf 83' lang='lat' dir='ltr'>est</span> <span class='ocrx_word' id='word_1_779' title='bbox 1383 2973 1407 2996; x_wconf 88' lang='lat' dir='ltr'>iu</span> <span class='ocrx_word' id='word_1_780' title='bbox 1428 2973 1477 3003; x_wconf 84' lang='lat' dir='ltr'>eis,</span> <span class='ocrx_word' id='word_1_781' title='bbox 1499 2979 1546 2997; x_wconf 88' lang='lat' dir='ltr'>nec</span> <span class='ocrx_word' id='word_1_782' title='bbox 1569 2973 1637 2997; x_wconf 88' lang='lat' dir='ltr'>Deus</span> <span class='ocrx_word' id='word_1_783' title='bbox 1657 2979 1714 2997; x_wconf 86' lang='lat' dir='ltr'>eam</span> <span class='ocrx_word' id='word_1_784' title='bbox 1741 2972 1784 2997; x_wconf 90' lang='lat' dir='ltr'>dat</span> <span class='ocrx_word' id='word_1_785' title='bbox 1812 2973 1886 2998; x_wconf 83' lang='lat' dir='ltr'>alicui</span> <span class='ocrx_word' id='word_1_786' title='bbox 1916 2973 2035 3004; x_wconf 74' lang='lat' dir='ltr'>finaliter,</span> <span class='ocrx_word' id='word_1_787' title='bbox 2055 2974 2103 2999; x_wconf 87' lang='lat' dir='ltr'>nisi</span> 
     </span>
     <span class='ocr_line' id='line_1_101' title="bbox 1153 3016 2102 3048; baseline 0.002 -8"><span class='ocrx_word' id='word_1_788' title='bbox 1153 3016 1190 3048; x_wconf 79' lang='lat' dir='ltr'>ei,</span> <span class='ocrx_word' id='word_1_789' title='bbox 1212 3022 1272 3041; x_wconf 87' lang='lat' dir='ltr'>cum</span> <span class='ocrx_word' id='word_1_790' title='bbox 1292 3023 1343 3048; x_wconf 82' lang='lat' dir='ltr'>quo</span> <span class='ocrx_word' id='word_1_791' title='bbox 1365 3016 1491 3047; x_wconf 84' lang='lat' dir='ltr'>disposuit</span> <span class='ocrx_word' id='word_1_792' title='bbox 1510 3016 1713 3041; x_wconf 88' lang='lat' dir='ltr'>misericordiam</span> <span class='ocrx_word' id='word_1_793' title='bbox 1744 3023 1771 3041; x_wconf 88' lang='lat' dir='ltr'>se</span> <span class='ocrx_word' id='word_1_794' title='bbox 1799 3017 1936 3042; x_wconf 79' lang='lat' dir='ltr'>facturum.</span> <span class='ocrx_word' id='word_1_795' title='bbox 1956 3017 1984 3041; x_wconf 85' lang='lat' dir='ltr'>Et</span> <span class='ocrx_word' id='word_1_796' title='bbox 2003 3017 2036 3042; x_wconf 89' lang='lat' dir='ltr'>de</span> <span class='ocrx_word' id='word_1_797' title='bbox 2055 3018 2102 3042; x_wconf 81' lang='lat' dir='ltr'>ista</span> 
     </span>
     <span class='ocr_line' id='line_1_102' title="bbox 1153 3060 2102 3092; baseline 0.001 -8"><span class='ocrx_word' id='word_1_798' title='bbox 1153 3060 1271 3091; x_wconf 89' lang='lat' dir='ltr'>procedit</span> <span class='ocrx_word' id='word_1_799' title='bbox 1299 3061 1362 3085; x_wconf 82' lang='lat' dir='ltr'>ratio</span> <span class='ocrx_word' id='word_1_800' title='bbox 1382 3063 1406 3084; x_wconf 80' lang='lat' dir='ltr'>ot</span> <span class='ocrx_word' id='word_1_801' title='bbox 1435 3060 1547 3092; x_wconf 82' lang='lat' dir='ltr'>loquitur</span> <span class='ocrx_word' id='word_1_802' title='bbox 1566 3060 1726 3092; x_wconf 83' lang='lat' dir='ltr'>Bernardus,</span> <span class='ocrx_word' id='word_1_803' title='bbox 1747 3063 1771 3085; x_wconf 87' lang='lat' dir='ltr'>ct</span> <span class='ocrx_word' id='word_1_804' title='bbox 1790 3061 1875 3085; x_wconf 85' lang='lat' dir='ltr'>nullus</span> <span class='ocrx_word' id='word_1_805' title='bbox 1893 3064 1943 3092; x_wconf 83' lang='lat' dir='ltr'>est,</span> <span class='ocrx_word' id='word_1_806' title='bbox 1964 3061 2007 3092; x_wconf 83' lang='lat' dir='ltr'>qui</span> <span class='ocrx_word' id='word_1_807' title='bbox 2027 3062 2102 3086; x_wconf 87' lang='lat' dir='ltr'>istam</span> 
     </span>
     <span class='ocr_line' id='line_1_103' title="bbox 1154 3104 2102 3137; baseline 0.002 -9"><span class='ocrx_word' id='word_1_808' title='bbox 1154 3104 1260 3133; x_wconf 80' lang='lat' dir='ltr'>habeat,</span> <span class='ocrx_word' id='word_1_809' title='bbox 1281 3105 1325 3136; x_wconf 89' lang='lat' dir='ltr'>qui</span> <span class='ocrx_word' id='word_1_810' title='bbox 1351 3111 1401 3130; x_wconf 91' lang='lat' dir='ltr'>non</span> <span class='ocrx_word' id='word_1_811' title='bbox 1427 3108 1600 3136; x_wconf 81' lang='lat' dir='ltr'>consequatur</span> <span class='ocrx_word' id='word_1_812' title='bbox 1627 3112 1640 3129; x_wconf 88' lang='lat' dir='ltr'>a</span> <span class='ocrx_word' id='word_1_813' title='bbox 1670 3105 1779 3129; x_wconf 90' lang='lat' dir='ltr'>Domino</span> <span class='ocrx_word' id='word_1_814' title='bbox 1808 3106 1909 3130; x_wconf 71' lang='lat' dir='ltr'>venian}</span> <span class='ocrx_word' id='word_1_815' title='bbox 1938 3105 1993 3137; x_wconf 73' lang='lat' dir='ltr'>[cfr.</span> <span class='ocrx_word' id='word_1_816' title='bbox 2022 3112 2102 3137; x_wconf 86' lang='lat' dir='ltr'>supra</span> 
     </span>
    </p>
   </div>
   <div class='ocr_carea' id='block_1_22' title="bbox 1152 3146 2102 3266">
    <p class='ocr_par' dir='ltr' id='par_1_42' title="bbox 1152 3146 2102 3266">
     <span class='ocr_line' id='line_1_104' title="bbox 1155 3146 2102 3180; baseline 0.002 -9"><span class='ocrx_word' id='word_1_817' title='bbox 1155 3154 1180 3178; x_wconf 85' lang='lat' dir='ltr'>p.</span> <span class='ocrx_word' id='word_1_818' title='bbox 1199 3148 1214 3172; x_wconf 96' lang='grc'>1.</span> <span class='ocrx_word' id='word_1_819' title='bbox 1235 3155 1256 3172; x_wconf 83' lang='lat' dir='ltr'>a.</span> <span class='ocrx_word' id='word_1_820' title='bbox 1282 3148 1302 3172; x_wconf 90' lang='lat' dir='ltr'>l.</span> <span class='ocrx_word' id='word_1_821' title='bbox 1325 3154 1349 3179; x_wconf 88' lang='lat' dir='ltr'>q.</span> <span class='ocrx_word' id='word_1_822' title='bbox 1371 3148 1393 3172; x_wconf 82' lang='lat' dir='ltr'>l.</span> <span class='ocrx_word' id='word_1_823' title='bbox 1414 3147 1446 3172; x_wconf 89' lang='lat' dir='ltr'>ad</span> <span class='ocrx_word' id='word_1_824' title='bbox 1466 3146 1512 3180; x_wconf 71' lang='lat' dir='ltr'>li.].</span> <span class='ocrx_word' id='word_1_825' title='bbox 1532 3161 1568 3166; x_wconf 97' lang='lat'><strong>—</strong></span> <span class='ocrx_word' id='word_1_826' title='bbox 1587 3147 1705 3173; x_wconf 85' lang='lat' dir='ltr'>Secundo</span> <span class='ocrx_word' id='word_1_827' title='bbox 1733 3149 1873 3180; x_wconf 84' lang='lat' dir='ltr'>quaeritur.</span> <span class='ocrx_word' id='word_1_828' title='bbox 1902 3148 1971 3173; x_wconf 90' lang='lat' dir='ltr'>ldem</span> <span class='ocrx_word' id='word_1_829' title='bbox 1997 3148 2055 3174; x_wconf 90' lang='lat' dir='ltr'>cod.</span> <span class='ocrx_word' id='word_1_830' title='bbox 2077 3149 2102 3173; x_wconf 91' lang='lat' dir='ltr'>in</span> 
     </span>
     <span class='ocr_line' id='line_1_105' title="bbox 1152 3191 1648 3222; baseline 0 -6"><span class='ocrx_word' id='word_1_831' title='bbox 1152 3191 1202 3216; x_wconf 80' lang='lat' dir='ltr'>fine</span> <span class='ocrx_word' id='word_1_832' title='bbox 1221 3191 1293 3216; x_wconf 84' lang='lat' dir='ltr'>addit</span> <span class='ocrx_word' id='word_1_833' title='bbox 1312 3191 1384 3222; x_wconf 85' lang='lat' dir='ltr'>plura</span> <span class='ocrx_word' id='word_1_834' title='bbox 1405 3191 1498 3216; x_wconf 91' lang='lat' dir='ltr'>nullius</span> <span class='ocrx_word' id='word_1_835' title='bbox 1517 3192 1648 3216; x_wconf 86' lang='lat' dir='ltr'>momenti.</span> 
     </span>
     <span class='ocr_line' id='line_1_106' title="bbox 1226 3234 2102 3266; baseline 0.002 -7"><span class='ocrx_word' id='word_1_836' title='bbox 1226 3234 1247 3250; x_wconf 87' lang='lat'>10</span> <span class='ocrx_word' id='word_1_837' title='bbox 1266 3235 1328 3260; x_wconf 78' lang='lat' dir='ltr'>Phil.</span> <span class='ocrx_word' id='word_1_838' title='bbox 1351 3234 1379 3266; x_wconf 80' lang='lat'>4,</span> <span class='ocrx_word' id='word_1_839' title='bbox 1400 3235 1423 3260; x_wconf 92' lang='grc'>7.</span> <span class='ocrx_word' id='word_1_840' title='bbox 1444 3249 1477 3253; x_wconf 82' lang='lat'>—</span> <span class='ocrx_word' id='word_1_841' title='bbox 1497 3235 1622 3266; x_wconf 85' lang='lat' dir='ltr'>Superius</span> <span class='ocrx_word' id='word_1_842' title='bbox 1640 3242 1689 3266; x_wconf 88' lang='lat' dir='ltr'>pro</span> <span class='ocrx_word' id='word_1_843' title='bbox 1708 3234 1800 3261; x_wconf 82' lang='lat' dir='ltr'>sedens</span> <span class='ocrx_word' id='word_1_844' title='bbox 1823 3235 1869 3261; x_wconf 81' lang='lat' dir='ltr'>iste</span> <span class='ocrx_word' id='word_1_845' title='bbox 1888 3235 1946 3261; x_wconf 91' lang='lat' dir='ltr'>cod.</span> <span class='ocrx_word' id='word_1_846' title='bbox 1966 3235 1986 3260; x_wconf 93' lang='grc' dir='ltr'>Ο</span> <span class='ocrx_word' id='word_1_847' title='bbox 2011 3235 2102 3262; x_wconf 82' lang='lat' dir='ltr'>sedens</span> 
     </span>
    </p>
   </div>
   <div class='ocr_carea' id='block_1_23' title="bbox 1155 3278 2103 3398">
    <p class='ocr_par' dir='ltr' id='par_1_43' title="bbox 1155 3278 2103 3398">
     <span class='ocr_line' id='line_1_107' title="bbox 1155 3278 1480 3312; baseline 0.003 -9"><span class='ocrx_word' id='word_1_848' title='bbox 1155 3278 1222 3311; x_wconf 80' lang='lat' dir='ltr'>ipse,</span> <span class='ocrx_word' id='word_1_849' title='bbox 1244 3278 1304 3303; x_wconf 87' lang='lat' dir='ltr'>edd.</span> <span class='ocrx_word' id='word_1_850' title='bbox 1323 3278 1395 3304; x_wconf 81' lang='lat' dir='ltr'>sedes</span> <span class='ocrx_word' id='word_1_851' title='bbox 1414 3278 1480 3312; x_wconf 77' lang='lat' dir='ltr'>ipsa.</span> 
     </span>
     <span class='ocr_line' id='line_1_108' title="bbox 1226 3322 2103 3354; baseline 0.002 -7"><span class='ocrx_word' id='word_1_852' title='bbox 1226 3322 1245 3338; x_wconf 86' lang='lat'>¹¹</span> <span class='ocrx_word' id='word_1_853' title='bbox 1266 3323 1387 3354; x_wconf 81' lang='lat' dir='ltr'>Gregor.,</span> <span class='ocrx_word' id='word_1_854' title='bbox 1410 3323 1436 3347; x_wconf 85' lang='lat' dir='ltr'>ll.</span> <span class='ocrx_word' id='word_1_855' title='bbox 1455 3322 1547 3347; x_wconf 85' lang='lat' dir='ltr'>Homil.</span> <span class='ocrx_word' id='word_1_856' title='bbox 1568 3323 1592 3347; x_wconf 92' lang='lat' dir='ltr'>in</span> <span class='ocrx_word' id='word_1_857' title='bbox 1618 3323 1715 3354; x_wconf 82' lang='lat' dir='ltr'>Evang.</span> <span class='ocrx_word' id='word_1_858' title='bbox 1741 3324 1829 3349; x_wconf 89' lang='lat' dir='ltr'>homil.</span> <span class='ocrx_word' id='word_1_859' title='bbox 1851 3323 1892 3348; x_wconf 78' lang='lat'>38.</span> <span class='ocrx_word' id='word_1_860' title='bbox 1913 3330 1938 3348; x_wconf 90' lang='lat' dir='ltr'>n.</span> <span class='ocrx_word' id='word_1_861' title='bbox 1960 3324 1992 3348; x_wconf 77' lang='lat'>2:</span> <span class='ocrx_word' id='word_1_862' title='bbox 2012 3324 2103 3349; x_wconf 84' lang='lat' dir='ltr'>Anima</span> 
     </span>
     <span class='ocr_line' id='line_1_109' title="bbox 1155 3366 1580 3398; baseline 0 -7"><span class='ocrx_word' id='word_1_863' title='bbox 1155 3370 1241 3391; x_wconf 88' lang='lat' dir='ltr'>autem</span> <span class='ocrx_word' id='word_1_864' title='bbox 1260 3367 1317 3391; x_wconf 87' lang='lat' dir='ltr'>iusti</span> <span class='ocrx_word' id='word_1_865' title='bbox 1337 3366 1412 3391; x_wconf 87' lang='lat' dir='ltr'>sedes</span> <span class='ocrx_word' id='word_1_866' title='bbox 1432 3366 1580 3398; x_wconf 87' lang='lat' dir='ltr'>sapientiae.</span> 
     </span>
    </p>
   </div>
  </div>
 </body>
</html>
