<?xml version="1.0" encoding="UTF-8"?>
<!DOCTYPE html PUBLIC "-//W3C//DTD XHTML 1.0 Transitional//EN"
    "http://www.w3.org/TR/xhtml1/DTD/xhtml1-transitional.dtd">
<html xmlns="http://www.w3.org/1999/xhtml" xml:lang="en" lang="en">
 <head>
  <title>
</title>
<meta http-equiv="Content-Type" content="text/html;charset=utf-8" />
  <meta name='ocr-system' content='tesseract 3.04.00' />
  <meta name='ocr-capabilities' content='ocr_page ocr_carea ocr_par ocr_line ocrx_word'/>
</head>
<body>
  <div class='ocr_page' id='page_1' title='image "./doctorisseraphic04bona_0984.png"; bbox 0 0 2483 3882; ppageno 0'>
   <div class='ocr_carea' id='block_1_1' title="bbox 288 792 438 814">
    <p class='ocr_par' dir='ltr' id='par_1_1' title="bbox 288 792 438 814">
     <span class='ocr_line' id='line_1_1' title="bbox 288 792 438 814; baseline -0.02 0"><span class='ocrx_word' id='word_1_1' title='bbox 288 792 438 814; x_wconf 71' lang='lat' dir='ltr'>Fundamenta.</span> 
     </span>
    </p>
   </div>
   <div class='ocr_carea' id='block_1_2' title="bbox 290 1851 436 1931">
    <p class='ocr_par' dir='ltr' id='par_1_2' title="bbox 290 1851 436 1931">
     <span class='ocr_line' id='line_1_2' title="bbox 290 1851 436 1882; baseline -0.007 -9"><span class='ocrx_word' id='word_1_2' title='bbox 290 1851 436 1882; x_wconf 73' lang='lat' dir='ltr'>Misericordia</span> 
     </span>
     <span class='ocr_line' id='line_1_3' title="bbox 300 1881 436 1900; baseline 0 -1"><span class='ocrx_word' id='word_1_3' title='bbox 300 1881 390 1900; x_wconf 80' lang='lat' dir='ltr'>sumitur</span> <span class='ocrx_word' id='word_1_4' title='bbox 400 1881 436 1899; x_wconf 87' lang='lat' dir='ltr'>tri—</span> 
     </span>
     <span class='ocr_line' id='line_1_4' title="bbox 298 1905 391 1931; baseline 0 -6"><span class='ocrx_word' id='word_1_5' title='bbox 298 1905 391 1931; x_wconf 77' lang='lat' dir='ltr'>pliciter.</span> 
     </span>
    </p>
   </div>
   <div class='ocr_carea' id='block_1_3' title="bbox 290 2062 440 2084">
    <p class='ocr_par' dir='ltr' id='par_1_3' title="bbox 290 2062 440 2084">
     <span class='ocr_line' id='line_1_5' title="bbox 290 2062 440 2084; baseline 0 0"><span class='ocrx_word' id='word_1_6' title='bbox 290 2063 341 2084; x_wconf 84' lang='lat' dir='ltr'>Item</span> <span class='ocrx_word' id='word_1_7' title='bbox 350 2062 440 2084; x_wconf 74' lang='lat' dir='ltr'>iustitia.</span> 
     </span>
    </p>
   </div>
   <div class='ocr_carea' id='block_1_4' title="bbox 451 281 513 312">
    <p class='ocr_par' dir='ltr' id='par_1_4' title="bbox 451 281 513 312">
     <span class='ocr_line' id='line_1_6' title="bbox 451 281 513 312; baseline 0 0"><span class='ocrx_word' id='word_1_8' title='bbox 451 281 513 312; x_wconf 69' lang='grc'>964-</span> 
     </span>
    </p>
   </div>
   <div class='ocr_carea' id='block_1_5' title="bbox 446 363 1404 1404">
    <p class='ocr_par' dir='ltr' id='par_1_5' title="bbox 448 363 1401 458">
     <span class='ocr_line' id='line_1_7' title="bbox 448 363 1401 407; baseline -0.005 -9"><span class='ocrx_word' id='word_1_9' title='bbox 448 366 583 398; x_wconf 79' lang='lat' dir='ltr'>ricordia</span> <span class='ocrx_word' id='word_1_10' title='bbox 602 375 701 407; x_wconf 21' lang='lat' dir='ltr'>*quam</span> <span class='ocrx_word' id='word_1_11' title='bbox 720 364 846 396; x_wconf 80' lang='lat' dir='ltr'>iustitia.</span> <span class='ocrx_word' id='word_1_12' title='bbox 872 363 988 405; x_wconf 81' lang='lat' dir='ltr'>Quodsi</span> <span class='ocrx_word' id='word_1_13' title='bbox 1006 363 1156 401; x_wconf 84' lang='lat' dir='ltr'>eundem,</span> <span class='ocrx_word' id='word_1_14' title='bbox 1182 365 1257 394; x_wconf 86' lang='lat' dir='ltr'>tunc</span> <span class='ocrx_word' id='word_1_15' title='bbox 1273 370 1330 394; x_wconf 82' lang='lat' dir='ltr'>nec</span> <span class='ocrx_word' id='word_1_16' title='bbox 1353 365 1401 394; x_wconf 89' lang='lat' dir='ltr'>est</span> 
     </span>
     <span class='ocr_line' id='line_1_8' title="bbox 448 415 1165 458; baseline -0.007 -7"><span class='ocrx_word' id='word_1_17' title='bbox 448 418 622 451; x_wconf 79' lang='lat' dir='ltr'>differentia</span> <span class='ocrx_word' id='word_1_18' title='bbox 646 427 664 448; x_wconf 78' lang='lat' dir='ltr'>a</span> <span class='ocrx_word' id='word_1_19' title='bbox 688 419 777 458; x_wconf 87' lang='lat' dir='ltr'>parte</span> <span class='ocrx_word' id='word_1_20' title='bbox 801 415 956 448; x_wconf 87' lang='lat' dir='ltr'>connotati</span> <span class='ocrx_word' id='word_1_21' title='bbox 987 424 1044 447; x_wconf 89' lang='lat' dir='ltr'>nec</span> <span class='ocrx_word' id='word_1_22' title='bbox 1067 415 1098 446; x_wconf 90' lang='lat' dir='ltr'>in</span> <span class='ocrx_word' id='word_1_23' title='bbox 1123 423 1165 447; x_wconf 86' lang='lat' dir='ltr'>se.</span> 
     </span>
    </p>

    <p class='ocr_par' dir='ltr' id='par_1_6' title="bbox 446 467 1401 719">
     <span class='ocr_line' id='line_1_9' title="bbox 535 467 1401 508; baseline -0.003 -7"><span class='ocrx_word' id='word_1_24' title='bbox 535 470 564 501; x_wconf 82' lang='lat'>3.</span> <span class='ocrx_word' id='word_1_25' title='bbox 590 470 682 507; x_wconf 82' lang='lat' dir='ltr'>item,</span> <span class='ocrx_word' id='word_1_26' title='bbox 707 468 836 500; x_wconf 81' lang='lat' dir='ltr'>ratione</span> <span class='ocrx_word' id='word_1_27' title='bbox 860 467 1001 499; x_wconf 87' lang='lat' dir='ltr'>videtur:</span> <span class='ocrx_word' id='word_1_28' title='bbox 1027 467 1101 508; x_wconf 87' lang='lat' dir='ltr'>quia</span> <span class='ocrx_word' id='word_1_29' title='bbox 1125 467 1341 499; x_wconf 78' lang='lat' dir='ltr'>misericordia</span> <span class='ocrx_word' id='word_1_30' title='bbox 1361 467 1401 499; x_wconf 82' lang='lat' dir='ltr'>sa-</span> 
     </span>
     <span class='ocr_line' id='line_1_10' title="bbox 447 519 1400 561; baseline -0.004 -7"><span class='ocrx_word' id='word_1_31' title='bbox 447 523 487 554; x_wconf 79' lang='lat' dir='ltr'>cit</span> <span class='ocrx_word' id='word_1_32' title='bbox 512 526 629 553; x_wconf 82' lang='lat' dir='ltr'>contra</span> <span class='ocrx_word' id='word_1_33' title='bbox 653 521 782 558; x_wconf 82' lang='lat' dir='ltr'>merita,</span> <span class='ocrx_word' id='word_1_34' title='bbox 811 523 846 551; x_wconf 87' lang='lat' dir='ltr'>ut</span> <span class='ocrx_word' id='word_1_35' title='bbox 872 520 988 551; x_wconf 85' lang='lat' dir='ltr'>bonum</span> <span class='ocrx_word' id='word_1_36' title='bbox 1020 519 1048 551; x_wconf 90' lang='lat' dir='ltr'>ei</span> <span class='ocrx_word' id='word_1_37' title='bbox 1074 519 1127 561; x_wconf 87' lang='lat' dir='ltr'>qui</span> <span class='ocrx_word' id='word_1_38' title='bbox 1161 519 1242 551; x_wconf 85' lang='lat' dir='ltr'>male</span> <span class='ocrx_word' id='word_1_39' title='bbox 1268 519 1400 558; x_wconf 79' lang='lat' dir='ltr'>meruit,</span> 
     </span>
     <span class='ocr_line' id='line_1_11' title="bbox 451 572 1400 612; baseline -0.003 -6"><span class='ocrx_word' id='word_1_40' title='bbox 451 576 503 606; x_wconf 87' lang='lat' dir='ltr'>sed</span> <span class='ocrx_word' id='word_1_41' title='bbox 530 573 645 605; x_wconf 79' lang='lat' dir='ltr'>iustitia</span> <span class='ocrx_word' id='word_1_42' title='bbox 669 572 850 605; x_wconf 79' lang='lat' dir='ltr'>secundum</span> <span class='ocrx_word' id='word_1_43' title='bbox 879 572 1007 610; x_wconf 82' lang='lat' dir='ltr'>merita3</span> <span class='ocrx_word' id='word_1_44' title='bbox 1031 572 1087 604; x_wconf 89' lang='lat' dir='ltr'>sed</span> <span class='ocrx_word' id='word_1_45' title='bbox 1119 572 1202 604; x_wconf 88' lang='lat' dir='ltr'>idem</span> <span class='ocrx_word' id='word_1_46' title='bbox 1227 580 1307 612; x_wconf 86' lang='lat' dir='ltr'>opus</span> <span class='ocrx_word' id='word_1_47' title='bbox 1339 580 1400 603; x_wconf 90' lang='lat' dir='ltr'>non</span> 
     </span>
     <span class='ocr_line' id='line_1_12' title="bbox 448 624 1400 668; baseline -0.003 -10"><span class='ocrx_word' id='word_1_48' title='bbox 448 631 547 668; x_wconf 85' lang='lat' dir='ltr'>potest</span> <span class='ocrx_word' id='word_1_49' title='bbox 585 625 650 658; x_wconf 82' lang='lat' dir='ltr'>fieri</span> <span class='ocrx_word' id='word_1_50' title='bbox 687 628 805 657; x_wconf 81' lang='lat' dir='ltr'>contra</span> <span class='ocrx_word' id='word_1_51' title='bbox 842 624 953 656; x_wconf 88' lang='lat' dir='ltr'>merita</span> <span class='ocrx_word' id='word_1_52' title='bbox 988 627 1018 656; x_wconf 91' lang='lat' dir='ltr'>et</span> <span class='ocrx_word' id='word_1_53' title='bbox 1053 624 1235 656; x_wconf 85' lang='lat' dir='ltr'>secundum</span> <span class='ocrx_word' id='word_1_54' title='bbox 1273 624 1400 656; x_wconf 87' lang='lat' dir='ltr'>merita:</span> 
     </span>
     <span class='ocr_line' id='line_1_13' title="bbox 446 681 597 719; baseline -0.007 -9"><span class='ocrx_word' id='word_1_55' title='bbox 446 687 520 719; x_wconf 80' lang='lat' dir='ltr'>ergo</span> <span class='ocrx_word' id='word_1_56' title='bbox 540 681 597 710; x_wconf 83' lang='lat' dir='ltr'>etc.</span> 
     </span>
    </p>

    <p class='ocr_par' dir='ltr' id='par_1_7' title="bbox 449 728 1403 929">
     <span class='ocr_line' id='line_1_14' title="bbox 535 728 1403 770; baseline -0.003 -7"><span class='ocrx_word' id='word_1_57' title='bbox 535 730 682 763; x_wconf 69' lang='lat' dir='ltr'>CONTRA:</span> <span class='ocrx_word' id='word_1_58' title='bbox 722 731 749 760; x_wconf 82' lang='grc'>1.</span> <span class='ocrx_word' id='word_1_59' title='bbox 782 730 883 770; x_wconf 80' lang='lat' dir='ltr'>Super</span> <span class='ocrx_word' id='word_1_60' title='bbox 915 729 993 760; x_wconf 91' lang='lat' dir='ltr'>illud</span> <span class='ocrx_word' id='word_1_61' title='bbox 1031 728 1142 761; x_wconf 79' lang='lat' dir='ltr'>Psalmi</span> <span class='ocrx_word' id='word_1_62' title='bbox 1164 728 1189 760; x_wconf 84' lang='lat'>¹:</span> <span class='ocrx_word' id='word_1_63' title='bbox 1226 728 1403 760; x_wconf 76' lang='lat' dir='ltr'><em>Universae</em></span> 
     </span>
     <span class='ocr_line' id='line_1_15' title="bbox 451 781 1403 819; baseline -0.001 -5"><span class='ocrx_word' id='word_1_64' title='bbox 451 783 522 815; x_wconf 70' lang='lat' dir='ltr'>ciac</span> <span class='ocrx_word' id='word_1_65' title='bbox 546 782 681 815; x_wconf 82' lang='lat' dir='ltr'>Domini</span> <span class='ocrx_word' id='word_1_66' title='bbox 704 782 938 814; x_wconf 68' lang='lat' dir='ltr'>misericordia</span> <span class='ocrx_word' id='word_1_67' title='bbox 962 786 991 813; x_wconf 86' lang='lat' dir='ltr'>et</span> <span class='ocrx_word' id='word_1_68' title='bbox 1013 781 1158 819; x_wconf 79' lang='lat' dir='ltr'>veritas,·</span> <span class='ocrx_word' id='word_1_69' title='bbox 1181 781 1256 813; x_wconf 88' lang='lat' dir='ltr'>dicit</span> <span class='ocrx_word' id='word_1_70' title='bbox 1270 807 1273 810; x_wconf 97' lang='lat'>.</span> <span class='ocrx_word' id='word_1_71' title='bbox 1287 781 1403 813; x_wconf 86' lang='lat' dir='ltr'>Cassio-</span> 
     </span>
     <span class='ocr_line' id='line_1_16' title="bbox 449 834 1402 876; baseline -0.001 -9"><span class='ocrx_word' id='word_1_72' title='bbox 449 837 565 868; x_wconf 86' lang='lat' dir='ltr'>dorus:</span> <span class='ocrx_word' id='word_1_73' title='bbox 587 848 601 864; x_wconf 89' lang='lat'>«</span> <span class='ocrx_word' id='word_1_74' title='bbox 617 836 693 868; x_wconf 85' lang='lat' dir='ltr'>Haec</span> <span class='ocrx_word' id='word_1_75' title='bbox 711 835 774 867; x_wconf 88' lang='lat' dir='ltr'>duo</span> <span class='ocrx_word' id='word_1_76' title='bbox 799 835 827 867; x_wconf 91' lang='lat' dir='ltr'>in</span> <span class='ocrx_word' id='word_1_77' title='bbox 846 835 931 866; x_wconf 90' lang='lat' dir='ltr'>omni</span> <span class='ocrx_word' id='word_1_78' title='bbox 951 843 1046 876; x_wconf 91' lang='lat' dir='ltr'>opere</span> <span class='ocrx_word' id='word_1_79' title='bbox 1063 834 1185 866; x_wconf 81' lang='lat' dir='ltr'>Domini</span> <span class='ocrx_word' id='word_1_80' title='bbox 1203 834 1298 866; x_wconf 88' lang='lat' dir='ltr'>simul</span> <span class='ocrx_word' id='word_1_81' title='bbox 1315 838 1402 873; x_wconf 82' lang='lat' dir='ltr'>sunt,</span> 
     </span>
     <span class='ocr_line' id='line_1_17' title="bbox 449 888 1068 929; baseline -0.003 -9"><span class='ocrx_word' id='word_1_82' title='bbox 449 889 506 921; x_wconf 84' lang='lat' dir='ltr'>etsi</span> <span class='ocrx_word' id='word_1_83' title='bbox 529 898 589 920; x_wconf 90' lang='lat' dir='ltr'>non</span> <span class='ocrx_word' id='word_1_84' title='bbox 615 888 704 920; x_wconf 87' lang='lat' dir='ltr'>nobis</span> <span class='ocrx_word' id='word_1_85' title='bbox 729 888 824 920; x_wconf 86' lang='lat' dir='ltr'>simul</span> <span class='ocrx_word' id='word_1_86' title='bbox 848 891 1068 929; x_wconf 79' lang='lat' dir='ltr'>appareant».</span> 
     </span>
    </p>

    <p class='ocr_par' dir='ltr' id='par_1_8' title="bbox 449 940 1404 1139">
     <span class='ocr_line' id='line_1_18' title="bbox 537 940 1404 982; baseline -0.001 -9"><span class='ocrx_word' id='word_1_87' title='bbox 537 943 565 973; x_wconf 59' lang='grc' dir='ltr'>ζ).</span> <span class='ocrx_word' id='word_1_88' title='bbox 593 941 684 980; x_wconf 84' lang='lat' dir='ltr'>item,</span> <span class='ocrx_word' id='word_1_89' title='bbox 708 941 915 982; x_wconf 80' lang='lat' dir='ltr'>Augustinus,</span> <span class='ocrx_word' id='word_1_90' title='bbox 940 941 979 973; x_wconf 91' lang='lat' dir='ltr'>de</span> <span class='ocrx_word' id='word_1_91' title='bbox 1003 940 1176 972; x_wconf 76' lang='lat' dir='ltr'>Concordia</span> <span class='ocrx_word' id='word_1_92' title='bbox 1197 940 1404 982; x_wconf 83' lang='lat' dir='ltr'>Evangelista-</span> 
     </span>
     <span class='ocr_line' id='line_1_19' title="bbox 449 993 1404 1035; baseline -0.002 -9"><span class='ocrx_word' id='word_1_93' title='bbox 449 1004 520 1026; x_wconf 88' lang='lat' dir='ltr'>rum</span> <span class='ocrx_word' id='word_1_94' title='bbox 536 994 564 1025; x_wconf 73' lang='lat'>²:</span> <span class='ocrx_word' id='word_1_95' title='bbox 595 1006 610 1023; x_wconf 84' lang='lat'>«</span> <span class='ocrx_word' id='word_1_96' title='bbox 627 994 725 1031; x_wconf 86' lang='lat' dir='ltr'>Deus⁷</span> <span class='ocrx_word' id='word_1_97' title='bbox 743 993 796 1035; x_wconf 85' lang='lat' dir='ltr'>qui</span> <span class='ocrx_word' id='word_1_98' title='bbox 814 1003 864 1026; x_wconf 85' lang='lat' dir='ltr'>res</span> <span class='ocrx_word' id='word_1_99' title='bbox 889 994 1046 1026; x_wconf 80' lang='lat' dir='ltr'>humanas</span> <span class='ocrx_word' id='word_1_100' title='bbox 1070 998 1177 1032; x_wconf 79' lang='lat' dir='ltr'>curat,</span> <span class='ocrx_word' id='word_1_101' title='bbox 1194 994 1276 1025; x_wconf 86' lang='lat' dir='ltr'>iuste</span> <span class='ocrx_word' id='word_1_102' title='bbox 1299 997 1330 1025; x_wconf 86' lang='lat' dir='ltr'>et</span> <span class='ocrx_word' id='word_1_103' title='bbox 1351 993 1404 1025; x_wconf 87' lang='lat' dir='ltr'>mi-</span> 
     </span>
     <span class='ocr_line' id='line_1_20' title="bbox 451 1046 1404 1088; baseline -0.001 -9"><span class='ocrx_word' id='word_1_104' title='bbox 451 1047 652 1080; x_wconf 86' lang='lat' dir='ltr'>sericorditer</span> <span class='ocrx_word' id='word_1_105' title='bbox 684 1051 791 1085; x_wconf 85' lang='lat' dir='ltr'>curat,</span> <span class='ocrx_word' id='word_1_106' title='bbox 816 1051 851 1079; x_wconf 87' lang='lat' dir='ltr'>ut</span> <span class='ocrx_word' id='word_1_107' title='bbox 886 1056 942 1079; x_wconf 86' lang='lat' dir='ltr'>nec</span> <span class='ocrx_word' id='word_1_108' title='bbox 966 1047 1151 1088; x_wconf 74' lang='lat' dir='ltr'>praecludat</span> <span class='ocrx_word' id='word_1_109' title='bbox 1188 1046 1404 1078; x_wconf 79' lang='lat' dir='ltr'>misericordia</span> 
     </span>
     <span class='ocr_line' id='line_1_21' title="bbox 449 1099 1335 1139; baseline 0 -8"><span class='ocrx_word' id='word_1_110' title='bbox 449 1100 618 1139; x_wconf 83' lang='lat' dir='ltr'>iustitiam,</span> <span class='ocrx_word' id='word_1_111' title='bbox 643 1109 699 1133; x_wconf 88' lang='lat' dir='ltr'>nec</span> <span class='ocrx_word' id='word_1_112' title='bbox 723 1100 841 1133; x_wconf 86' lang='lat' dir='ltr'>iustitia</span> <span class='ocrx_word' id='word_1_113' title='bbox 866 1100 1115 1132; x_wconf 87' lang='lat' dir='ltr'>misericordiam</span> <span class='ocrx_word' id='word_1_114' title='bbox 1139 1099 1335 1132; x_wconf 86' lang='lat' dir='ltr'>excludat».</span> 
     </span>
    </p>

    <p class='ocr_par' dir='ltr' id='par_1_9' title="bbox 448 1152 1404 1404">
     <span class='ocr_line' id='line_1_22' title="bbox 539 1152 1404 1194; baseline -0.001 -10"><span class='ocrx_word' id='word_1_115' title='bbox 539 1153 568 1185; x_wconf 82' lang='lat'>3.</span> <span class='ocrx_word' id='word_1_116' title='bbox 592 1153 684 1191; x_wconf 69' lang='lat' dir='ltr'>item,</span> <span class='ocrx_word' id='word_1_117' title='bbox 712 1153 841 1184; x_wconf 84' lang='lat' dir='ltr'>ratione</span> <span class='ocrx_word' id='word_1_118' title='bbox 857 1153 996 1185; x_wconf 86' lang='lat' dir='ltr'>videtur:</span> <span class='ocrx_word' id='word_1_119' title='bbox 1022 1152 1096 1194; x_wconf 81' lang='lat' dir='ltr'>quia</span> <span class='ocrx_word' id='word_1_120' title='bbox 1113 1152 1196 1185; x_wconf 87' lang='lat' dir='ltr'>Deus</span> <span class='ocrx_word' id='word_1_121' title='bbox 1221 1155 1404 1184; x_wconf 86' lang='lat' dir='ltr'>remunerat</span> 
     </span>
     <span class='ocr_line' id='line_1_23' title="bbox 449 1204 1402 1246; baseline -0.002 -9"><span class='ocrx_word' id='word_1_122' title='bbox 449 1206 586 1246; x_wconf 82' lang='lat' dir='ltr'>aliquem</span> <span class='ocrx_word' id='word_1_123' title='bbox 603 1214 700 1246; x_wconf 89' lang='lat' dir='ltr'>supra</span> <span class='ocrx_word' id='word_1_124' title='bbox 717 1205 923 1246; x_wconf 67' lang='lat' dir='ltr'>condignum,</span> <span class='ocrx_word' id='word_1_125' title='bbox 941 1209 1074 1243; x_wconf 80' lang='lat' dir='ltr'>constat,</span> <span class='ocrx_word' id='word_1_126' title='bbox 1092 1204 1177 1246; x_wconf 90' lang='lat' dir='ltr'>quod</span> <span class='ocrx_word' id='word_1_127' title='bbox 1201 1204 1285 1236; x_wconf 88' lang='lat' dir='ltr'>istud</span> <span class='ocrx_word' id='word_1_128' title='bbox 1303 1212 1402 1236; x_wconf 89' lang='lat' dir='ltr'>unum</span> 
     </span>
     <span class='ocr_line' id='line_1_24' title="bbox 449 1256 1404 1300; baseline -0.002 -10"><span class='ocrx_word' id='word_1_129' title='bbox 449 1262 496 1290; x_wconf 82' lang='lat' dir='ltr'>est</span> <span class='ocrx_word' id='word_1_130' title='bbox 519 1266 613 1300; x_wconf 79' lang='lat' dir='ltr'>opUS‚</span> <span class='ocrx_word' id='word_1_131' title='bbox 629 1266 686 1290; x_wconf 88' lang='lat' dir='ltr'>nec</span> <span class='ocrx_word' id='word_1_132' title='bbox 703 1262 750 1289; x_wconf 86' lang='lat' dir='ltr'>est</span> <span class='ocrx_word' id='word_1_133' title='bbox 775 1257 1009 1290; x_wconf 76' lang='lat' dir='ltr'>misericordiae</span> <span class='ocrx_word' id='word_1_134' title='bbox 1025 1260 1166 1295; x_wconf 85' lang='lat' dir='ltr'>tantum,</span> <span class='ocrx_word' id='word_1_135' title='bbox 1192 1257 1266 1298; x_wconf 79' lang='lat' dir='ltr'>quia</span> <span class='ocrx_word' id='word_1_136' title='bbox 1286 1256 1404 1288; x_wconf 90' lang='lat' dir='ltr'>meruit</span> 
     </span>
     <span class='ocr_line' id='line_1_25' title="bbox 448 1309 1404 1352; baseline 0 -10"><span class='ocrx_word' id='word_1_137' title='bbox 448 1310 632 1352; x_wconf 82' lang='lat' dir='ltr'>praemiari,</span> <span class='ocrx_word' id='word_1_138' title='bbox 651 1319 706 1342; x_wconf 90' lang='lat' dir='ltr'>nec</span> <span class='ocrx_word' id='word_1_139' title='bbox 724 1309 858 1341; x_wconf 81' lang='lat' dir='ltr'>iustitiae</span> <span class='ocrx_word' id='word_1_140' title='bbox 877 1313 997 1341; x_wconf 86' lang='lat' dir='ltr'>tantum</span> <span class='ocrx_word' id='word_1_141' title='bbox 1009 1335 1016 1348; x_wconf 90' lang='lat'>,</span> <span class='ocrx_word' id='word_1_142' title='bbox 1033 1309 1108 1351; x_wconf 87' lang='lat' dir='ltr'>quia</span> <span class='ocrx_word' id='word_1_143' title='bbox 1124 1319 1186 1341; x_wconf 90' lang='lat' dir='ltr'>non</span> <span class='ocrx_word' id='word_1_144' title='bbox 1203 1312 1325 1341; x_wconf 87' lang='lat' dir='ltr'>tautum</span> <span class='ocrx_word' id='word_1_145' title='bbox 1343 1318 1404 1342; x_wconf 86' lang='lat' dir='ltr'>me-</span> 
     </span>
     <span class='ocr_line' id='line_1_26' title="bbox 449 1360 1402 1404; baseline -0.002 -10"><span class='ocrx_word' id='word_1_146' title='bbox 449 1363 513 1394; x_wconf 90' lang='lat' dir='ltr'>ruit</span> <span class='ocrx_word' id='word_1_147' title='bbox 534 1362 720 1404; x_wconf 85' lang='lat' dir='ltr'>praemiari:</span> <span class='ocrx_word' id='word_1_148' title='bbox 739 1371 813 1403; x_wconf 76' lang='lat' dir='ltr'>ergo</span> <span class='ocrx_word' id='word_1_149' title='bbox 830 1361 925 1394; x_wconf 85' lang='lat' dir='ltr'>simul</span> <span class='ocrx_word' id='word_1_150' title='bbox 944 1361 1179 1394; x_wconf 78' lang='lat' dir='ltr'>misericordiae</span> <span class='ocrx_word' id='word_1_151' title='bbox 1203 1364 1233 1393; x_wconf 89' lang='lat' dir='ltr'>et</span> <span class='ocrx_word' id='word_1_152' title='bbox 1258 1360 1402 1393; x_wconf 87' lang='lat' dir='ltr'>iustitiae.</span> 
     </span>
    </p>
   </div>
   <div class='ocr_carea' id='block_1_6' title="bbox 804 1477 1045 1500">
    <p class='ocr_par' dir='ltr' id='par_1_10' title="bbox 804 1477 1045 1500">
     <span class='ocr_line' id='line_1_27' title="bbox 804 1477 1045 1500; baseline -0.004 -1"><span class='ocrx_word' id='word_1_153' title='bbox 804 1477 1045 1500; x_wconf 85' lang='lat' dir='ltr'>CONCLUSIO.</span> 
     </span>
    </p>
   </div>
   <div class='ocr_carea' id='block_1_7' title="bbox 450 1573 1405 1712">
    <p class='ocr_par' dir='ltr' id='par_1_11' title="bbox 450 1573 1405 1712">
     <span class='ocr_line' id='line_1_28' title="bbox 450 1573 1404 1616; baseline -0.001 -10"><span class='ocrx_word' id='word_1_154' title='bbox 450 1575 489 1606; x_wconf 84' lang='lat' dir='ltr'>ln</span> <span class='ocrx_word' id='word_1_155' title='bbox 513 1575 621 1606; x_wconf 80' lang='lat' dir='ltr'>eodeni</span> <span class='ocrx_word' id='word_1_156' title='bbox 659 1584 752 1616; x_wconf 76' lang='lat' dir='ltr'>opere</span> <span class='ocrx_word' id='word_1_157' title='bbox 785 1574 844 1606; x_wconf 89' lang='lat' dir='ltr'>Dei</span> <span class='ocrx_word' id='word_1_158' title='bbox 873 1574 976 1605; x_wconf 85' lang='lat' dir='ltr'>simul</span> <span class='ocrx_word' id='word_1_159' title='bbox 1002 1577 1081 1605; x_wconf 84' lang='lat' dir='ltr'>sunt</span> <span class='ocrx_word' id='word_1_160' title='bbox 1110 1573 1344 1605; x_wconf 69' lang='lat' dir='ltr'>misericordia</span> <span class='ocrx_word' id='word_1_161' title='bbox 1376 1576 1404 1605; x_wconf 79' lang='lat' dir='ltr'>et</span> 
     </span>
     <span class='ocr_line' id='line_1_29' title="bbox 536 1626 1405 1664; baseline -0.002 -5"><span class='ocrx_word' id='word_1_162' title='bbox 536 1627 660 1659; x_wconf 79' lang='lat' dir='ltr'>veritas</span> <span class='ocrx_word' id='word_1_163' title='bbox 676 1627 858 1659; x_wconf 82' lang='lat' dir='ltr'>secundum</span> <span class='ocrx_word' id='word_1_164' title='bbox 887 1631 951 1659; x_wconf 83' lang='lat' dir='ltr'>tres</span> <span class='ocrx_word' id='word_1_165' title='bbox 975 1626 1105 1664; x_wconf 79' lang='lat' dir='ltr'>modos,</span> <span class='ocrx_word' id='word_1_166' title='bbox 1123 1626 1180 1658; x_wconf 84' lang='lat' dir='ltr'>sed</span> <span class='ocrx_word' id='word_1_167' title='bbox 1205 1635 1272 1658; x_wconf 83' lang='lat' dir='ltr'>non</span> <span class='ocrx_word' id='word_1_168' title='bbox 1294 1634 1405 1658; x_wconf 83' lang='lat' dir='ltr'>secun-</span> 
     </span>
     <span class='ocr_line' id='line_1_30' title="bbox 538 1679 951 1712; baseline -0.002 -1"><span class='ocrx_word' id='word_1_169' title='bbox 538 1680 617 1712; x_wconf 81' lang='lat' dir='ltr'>dum</span> <span class='ocrx_word' id='word_1_170' title='bbox 642 1680 771 1711; x_wconf 85' lang='lat' dir='ltr'>easdem</span> <span class='ocrx_word' id='word_1_171' title='bbox 795 1679 951 1711; x_wconf 83' lang='lat' dir='ltr'>rationes.</span> 
     </span>
    </p>
   </div>
   <div class='ocr_carea' id='block_1_8' title="bbox 450 1784 1406 2188">
    <p class='ocr_par' dir='ltr' id='par_1_12' title="bbox 450 1784 1406 2188">
     <span class='ocr_line' id='line_1_31' title="bbox 538 1784 1405 1827; baseline -0.002 -9"><span class='ocrx_word' id='word_1_172' title='bbox 538 1787 739 1818; x_wconf 79' lang='lat' dir='ltr'>RESPONDEo:</span> <span class='ocrx_word' id='word_1_173' title='bbox 770 1785 961 1824; x_wconf 75' lang='lat' dir='ltr'>Dicendum,</span> <span class='ocrx_word' id='word_1_174' title='bbox 987 1785 1071 1827; x_wconf 86' lang='lat' dir='ltr'>quod</span> <span class='ocrx_word' id='word_1_175' title='bbox 1103 1784 1337 1817; x_wconf 85' lang='lat' dir='ltr'>misericordia</span> <span class='ocrx_word' id='word_1_176' title='bbox 1361 1784 1405 1816; x_wconf 91' lang='lat' dir='ltr'>di-</span> 
     </span>
     <span class='ocr_line' id='line_1_32' title="bbox 452 1837 1405 1880; baseline -0.003 -8"><span class='ocrx_word' id='word_1_177' title='bbox 452 1839 533 1872; x_wconf 82' lang='lat' dir='ltr'>citur</span> <span class='ocrx_word' id='word_1_178' title='bbox 557 1839 736 1880; x_wconf 77' lang='lat' dir='ltr'>tripliciter,</span> <span class='ocrx_word' id='word_1_179' title='bbox 762 1838 906 1870; x_wconf 87' lang='lat' dir='ltr'>similiter</span> <span class='ocrx_word' id='word_1_180' title='bbox 931 1842 961 1871; x_wconf 84' lang='lat' dir='ltr'>et</span> <span class='ocrx_word' id='word_1_181' title='bbox 985 1837 1125 1870; x_wconf 81' lang='lat' dir='ltr'>iustitia.</span> <span class='ocrx_word' id='word_1_182' title='bbox 1151 1838 1215 1870; x_wconf 92' lang='lat' dir='ltr'>Uno</span> <span class='ocrx_word' id='word_1_183' title='bbox 1240 1837 1333 1870; x_wconf 88' lang='lat' dir='ltr'>modo</span> <span class='ocrx_word' id='word_1_184' title='bbox 1350 1837 1405 1869; x_wconf 91' lang='lat' dir='ltr'>mi-</span> 
     </span>
     <span class='ocr_line' id='line_1_33' title="bbox 451 1889 1405 1933; baseline -0.002 -8"><span class='ocrx_word' id='word_1_185' title='bbox 451 1892 621 1925; x_wconf 84' lang='lat' dir='ltr'>sericordia</span> <span class='ocrx_word' id='word_1_186' title='bbox 654 1892 829 1933; x_wconf 72' lang='lat' dir='ltr'>largissime</span> <span class='ocrx_word' id='word_1_187' title='bbox 862 1891 976 1924; x_wconf 77' lang='lat' dir='ltr'>[licitur</span> <span class='ocrx_word' id='word_1_188' title='bbox 1005 1891 1138 1923; x_wconf 72' lang='lat' dir='ltr'>(livinae</span> <span class='ocrx_word' id='word_1_189' title='bbox 1170 1890 1325 1923; x_wconf 83' lang='lat' dir='ltr'>bonitatis</span> <span class='ocrx_word' id='word_1_190' title='bbox 1355 1889 1405 1932; x_wconf 79' lang='lat' dir='ltr'>af-</span> 
     </span>
     <span class='ocr_line' id='line_1_34' title="bbox 450 1942 1405 1987; baseline -0.002 -10"><span class='ocrx_word' id='word_1_191' title='bbox 450 1945 611 1987; x_wconf 78' lang='lat' dir='ltr'>fluentia‚·</span> <span class='ocrx_word' id='word_1_192' title='bbox 646 1944 855 1977; x_wconf 86' lang='lat' dir='ltr'>communiter</span> <span class='ocrx_word' id='word_1_193' title='bbox 887 1953 962 1976; x_wconf 79' lang='lat' dir='ltr'>vero</span> <span class='ocrx_word' id='word_1_194' title='bbox 998 1943 1113 1976; x_wconf 86' lang='lat' dir='ltr'>dicitur</span> <span class='ocrx_word' id='word_1_195' title='bbox 1151 1942 1334 1985; x_wconf 70' lang='lat' dir='ltr'>beniynitas</span> <span class='ocrx_word' id='word_1_196' title='bbox 1369 1943 1405 1975; x_wconf 88' lang='lat' dir='ltr'>in</span> 
     </span>
     <span class='ocr_line' id='line_1_35' title="bbox 450 1995 1405 2040; baseline -0.002 -10"><span class='ocrx_word' id='word_1_197' title='bbox 450 1997 740 2040; x_wconf 64' lang='lat' dir='ltr'>supererogatione</span> <span class='ocrx_word' id='word_1_198' title='bbox 765 1996 925 2028; x_wconf 85' lang='lat' dir='ltr'>bonorum</span> <span class='ocrx_word' id='word_1_199' title='bbox 934 2008 945 2034; x_wconf 83' lang='lat'>,·</span> <span class='ocrx_word' id='word_1_200' title='bbox 969 1997 1076 2029; x_wconf 79' lang='lat' dir='ltr'>stricte</span> <span class='ocrx_word' id='word_1_201' title='bbox 1102 2005 1176 2028; x_wconf 91' lang='lat' dir='ltr'>vero</span> <span class='ocrx_word' id='word_1_202' title='bbox 1204 1995 1320 2028; x_wconf 85' lang='lat' dir='ltr'>dicitur</span> <span class='ocrx_word' id='word_1_203' title='bbox 1341 1995 1405 2037; x_wconf 81' lang='lat' dir='ltr'>pie-</span> 
     </span>
     <span class='ocr_line' id='line_1_36' title="bbox 452 2048 1404 2082; baseline -0.002 0"><span class='ocrx_word' id='word_1_204' title='bbox 452 2055 503 2082; x_wconf 82' lang='lat' dir='ltr'>tas</span> <span class='ocrx_word' id='word_1_205' title='bbox 527 2050 563 2082; x_wconf 85' lang='lat' dir='ltr'>in</span> <span class='ocrx_word' id='word_1_206' title='bbox 578 2049 798 2082; x_wconf 70' lang='lat' dir='ltr'>sublevatione</span> <span class='ocrx_word' id='word_1_207' title='bbox 814 2049 991 2081; x_wconf 79' lang='lat' dir='ltr'>malorum.</span> <span class='ocrx_word' id='word_1_208' title='bbox 1007 2067 1045 2071; x_wconf 78' lang='lat'>—</span> <span class='ocrx_word' id='word_1_209' title='bbox 1062 2048 1210 2080; x_wconf 82' lang='lat' dir='ltr'>Similiter</span> <span class='ocrx_word' id='word_1_210' title='bbox 1227 2052 1257 2080; x_wconf 87' lang='lat' dir='ltr'>et</span> <span class='ocrx_word' id='word_1_211' title='bbox 1274 2048 1404 2080; x_wconf 83' lang='lat' dir='ltr'>iustitia</span> 
     </span>
     <span class='ocr_line' id='line_1_37' title="bbox 451 2099 1405 2137; baseline -0.004 -2"><span class='ocrx_word' id='word_1_212' title='bbox 451 2103 565 2135; x_wconf 87' lang='lat' dir='ltr'>dicitur</span> <span class='ocrx_word' id='word_1_213' title='bbox 583 2102 839 2135; x_wconf 86' lang='lat' dir='ltr'>communissime</span> <span class='ocrx_word' id='word_1_214' title='bbox 856 2101 988 2133; x_wconf 77' lang='lat' dir='ltr'>{livinae</span> <span class='ocrx_word' id='word_1_215' title='bbox 1010 2100 1163 2133; x_wconf 83' lang='lat' dir='ltr'>bonitatis</span> <span class='ocrx_word' id='word_1_216' title='bbox 1180 2099 1387 2132; x_wconf 84' lang='lat' dir='ltr'>condecentia</span> <span class='ocrx_word' id='word_1_217' title='bbox 1394 2111 1405 2137; x_wconf 84' lang='lat'>,-</span> 
     </span>
     <span class='ocr_line' id='line_1_38' title="bbox 453 2152 1406 2188; baseline -0.003 -1"><span class='ocrx_word' id='word_1_218' title='bbox 453 2156 662 2188; x_wconf 85' lang='lat' dir='ltr'>communiter</span> <span class='ocrx_word' id='word_1_219' title='bbox 686 2164 760 2187; x_wconf 82' lang='lat' dir='ltr'>vero</span> <span class='ocrx_word' id='word_1_220' title='bbox 785 2155 900 2187; x_wconf 89' lang='lat' dir='ltr'>dicitur</span> <span class='ocrx_word' id='word_1_221' title='bbox 925 2153 1109 2186; x_wconf 72' lang='lat' dir='ltr'>liberalitas</span> <span class='ocrx_word' id='word_1_222' title='bbox 1134 2153 1169 2185; x_wconf 90' lang='lat' dir='ltr'>in</span> <span class='ocrx_word' id='word_1_223' title='bbox 1191 2152 1406 2185; x_wconf 71' lang='lat' dir='ltr'>retributione</span> 
     </span>
    </p>
   </div>
   <div class='ocr_carea' id='block_1_9' title="bbox 1434 375 1442 2127">
    <p class='ocr_par' dir='ltr' id='par_1_13' title="bbox 1434 375 1442 2127">
     <span class='ocr_line' id='line_1_39' title="bbox 1434 375 1442 2127; baseline 0 0"><span class='ocrx_word' id='word_1_224' title='bbox 1434 375 1442 2127; x_wconf 95' lang='lat' dir='ltr'> </span> 
     </span>
    </p>
   </div>
   <div class='ocr_carea' id='block_1_10' title="bbox 1208 275 1655 307">
    <p class='ocr_par' dir='ltr' id='par_1_14' title="bbox 1208 275 1655 307">
     <span class='ocr_line' id='line_1_40' title="bbox 1208 275 1655 307; baseline -0.002 0"><span class='ocrx_word' id='word_1_225' title='bbox 1208 275 1492 307; x_wconf 79' lang='lat' dir='ltr'>SENTENTIARUM</span> <span class='ocrx_word' id='word_1_226' title='bbox 1516 275 1584 307; x_wconf 78' lang='lat' dir='ltr'>Liss.</span> <span class='ocrx_word' id='word_1_227' title='bbox 1608 275 1655 307; x_wconf 78' lang='lat' dir='ltr'>[V.</span> 
     </span>
    </p>
   </div>
   <div class='ocr_carea' id='block_1_11' title="bbox 1463 361 2483 2194">
    <p class='ocr_par' dir='ltr' id='par_1_15' title="bbox 1463 361 2415 445">
     <span class='ocr_line' id='line_1_41' title="bbox 1463 361 2415 404; baseline 0.002 -11"><span class='ocrx_word' id='word_1_228' title='bbox 1463 361 1717 403; x_wconf 83' lang='lat' dir='ltr'>praenziorum;</span> <span class='ocrx_word' id='word_1_229' title='bbox 1750 362 1857 394; x_wconf 86' lang='lat' dir='ltr'>stricte</span> <span class='ocrx_word' id='word_1_230' title='bbox 1888 362 2045 394; x_wconf 82' lang='lat' dir='ltr'>severitas</span> <span class='ocrx_word' id='word_1_231' title='bbox 2079 363 2113 394; x_wconf 84' lang='lat' dir='ltr'>in</span> <span class='ocrx_word' id='word_1_232' title='bbox 2143 363 2311 404; x_wconf 76' lang='lat' dir='ltr'>punitione</span> <span class='ocrx_word' id='word_1_233' title='bbox 2345 372 2415 395; x_wconf 90' lang='lat' dir='ltr'>ma-</span> 
     </span>
     <span class='ocr_line' id='line_1_42' title="bbox 1466 413 1613 445; baseline -0.007 0"><span class='ocrx_word' id='word_1_234' title='bbox 1466 413 1574 445; x_wconf 83' lang='lat' dir='ltr'>lorum</span> <span class='ocrx_word' id='word_1_235' title='bbox 1591 413 1613 444; x_wconf 79' lang='lat'>³.</span> 
     </span>
    </p>

    <p class='ocr_par' dir='ltr' id='par_1_16' title="bbox 1467 466 2483 1716">
     <span class='ocr_line' id='line_1_43' title="bbox 1554 466 2483 508; baseline 0.003 -10"><span class='ocrx_word' id='word_1_236' title='bbox 1554 466 1733 498; x_wconf 85' lang='lat' dir='ltr'>Secundum</span> <span class='ocrx_word' id='word_1_237' title='bbox 1758 466 1853 508; x_wconf 85' lang='lat' dir='ltr'>igitur</span> <span class='ocrx_word' id='word_1_238' title='bbox 1878 467 1935 499; x_wconf 91' lang='lat' dir='ltr'>bos</span> <span class='ocrx_word' id='word_1_239' title='bbox 1952 471 2015 499; x_wconf 88' lang='lat' dir='ltr'>tres</span> <span class='ocrx_word' id='word_1_240' title='bbox 2032 467 2142 499; x_wconf 90' lang='lat' dir='ltr'>modos</span> <span class='ocrx_word' id='word_1_241' title='bbox 2166 467 2261 500; x_wconf 89' lang='lat' dir='ltr'>simul</span> <span class='ocrx_word' id='word_1_242' title='bbox 2284 470 2418 500; x_wconf 82' lang='lat' dir='ltr'>currunt</span> <span class='ocrx_word' id='word_1_243' title='bbox 2433 479 2483 503; x_wconf 62' lang='lat' dir='ltr'>eone</span> 
     </span>
     <span class='ocr_line' id='line_1_44' title="bbox 1467 511 2483 560; baseline 0.002 -10"><span class='ocrx_word' id='word_1_244' title='bbox 1467 518 1496 549; x_wconf 90' lang='lat' dir='ltr'>in</span> <span class='ocrx_word' id='word_1_245' title='bbox 1521 518 1631 550; x_wconf 88' lang='lat' dir='ltr'>eodem</span> <span class='ocrx_word' id='word_1_246' title='bbox 1648 527 1752 560; x_wconf 88' lang='lat' dir='ltr'>opere.</span> <span class='ocrx_word' id='word_1_247' title='bbox 1770 518 1847 551; x_wconf 89' lang='lat' dir='ltr'>Nam</span> <span class='ocrx_word' id='word_1_248' title='bbox 1870 519 1980 560; x_wconf 76' lang='lat' dir='ltr'>primo</span> <span class='ocrx_word' id='word_1_249' title='bbox 1997 519 2090 551; x_wconf 87' lang='lat' dir='ltr'>modo</span> <span class='ocrx_word' id='word_1_250' title='bbox 2114 519 2358 557; x_wconf 76' lang='lat' dir='ltr'>misericordia,</span> <span class='ocrx_word' id='word_1_251' title='bbox 2375 520 2419 552; x_wconf 89' lang='lat' dir='ltr'>di·</span> <span class='ocrx_word' id='word_1_252' title='bbox 2431 511 2483 532; x_wconf 57' lang='lat'>³⁰⁰⁸*</span> 
     </span>
     <span class='ocr_line' id='line_1_45' title="bbox 1468 570 2419 611; baseline 0.003 -10"><span class='ocrx_word' id='word_1_253' title='bbox 1468 570 1558 603; x_wconf 87' lang='lat' dir='ltr'>vinae</span> <span class='ocrx_word' id='word_1_254' title='bbox 1574 570 1721 603; x_wconf 88' lang='lat' dir='ltr'>bonitatis</span> <span class='ocrx_word' id='word_1_255' title='bbox 1737 571 1912 611; x_wconf 84' lang='lat' dir='ltr'>affluentia,</span> <span class='ocrx_word' id='word_1_256' title='bbox 1936 575 1967 604; x_wconf 87' lang='lat' dir='ltr'>et</span> <span class='ocrx_word' id='word_1_257' title='bbox 1983 571 2129 610; x_wconf 84' lang='lat' dir='ltr'>iustitia,</span> <span class='ocrx_word' id='word_1_258' title='bbox 2154 572 2279 604; x_wconf 86' lang='lat' dir='ltr'>divinae</span> <span class='ocrx_word' id='word_1_259' title='bbox 2302 572 2419 605; x_wconf 85' lang='lat' dir='ltr'>bonita-</span> 
     </span>
     <span class='ocr_line' id='line_1_46' title="bbox 1468 623 2419 667; baseline 0.003 -13"><span class='ocrx_word' id='word_1_260' title='bbox 1468 623 1506 654; x_wconf 89' lang='lat' dir='ltr'>tis</span> <span class='ocrx_word' id='word_1_261' title='bbox 1531 623 1748 662; x_wconf 75' lang='lat' dir='ltr'>condecentia,</span> <span class='ocrx_word' id='word_1_262' title='bbox 1774 628 1848 656; x_wconf 90' lang='lat' dir='ltr'>sunt</span> <span class='ocrx_word' id='word_1_263' title='bbox 1871 624 1903 656; x_wconf 89' lang='lat' dir='ltr'>in</span> <span class='ocrx_word' id='word_1_264' title='bbox 1927 624 2038 657; x_wconf 89' lang='lat' dir='ltr'>eodem</span> <span class='ocrx_word' id='word_1_265' title='bbox 2062 634 2173 666; x_wconf 84' lang='lat' dir='ltr'>opere,</span> <span class='ocrx_word' id='word_1_266' title='bbox 2198 625 2240 657; x_wconf 88' lang='lat' dir='ltr'>ita</span> <span class='ocrx_word' id='word_1_267' title='bbox 2271 625 2356 667; x_wconf 85' lang='lat' dir='ltr'>quod</span> <span class='ocrx_word' id='word_1_268' title='bbox 2388 625 2419 657; x_wconf 91' lang='lat' dir='ltr'>in</span> 
     </span>
     <span class='ocr_line' id='line_1_47' title="bbox 1468 675 2420 717; baseline 0.004 -11"><span class='ocrx_word' id='word_1_269' title='bbox 1468 675 1552 707; x_wconf 89' lang='lat' dir='ltr'>omni</span> <span class='ocrx_word' id='word_1_270' title='bbox 1577 684 1688 716; x_wconf 89' lang='lat' dir='ltr'>opere,</span> <span class='ocrx_word' id='word_1_271' title='bbox 1713 676 1787 717; x_wconf 87' lang='lat' dir='ltr'>quia</span> <span class='ocrx_word' id='word_1_272' title='bbox 1810 677 1916 709; x_wconf 88' lang='lat' dir='ltr'>omnia</span> <span class='ocrx_word' id='word_1_273' title='bbox 1939 677 2012 709; x_wconf 84' lang='lat' dir='ltr'>facit</span> <span class='ocrx_word' id='word_1_274' title='bbox 2035 686 2077 710; x_wconf 86' lang='lat' dir='ltr'>ex</span> <span class='ocrx_word' id='word_1_275' title='bbox 2112 677 2253 710; x_wconf 86' lang='lat' dir='ltr'>affluenti</span> <span class='ocrx_word' id='word_1_276' title='bbox 2283 678 2420 711; x_wconf 85' lang='lat' dir='ltr'>bonitate</span> 
     </span>
     <span class='ocr_line' id='line_1_48' title="bbox 1469 727 2421 772; baseline 0.003 -13"><span class='ocrx_word' id='word_1_277' title='bbox 1469 731 1498 759; x_wconf 86' lang='lat' dir='ltr'>et</span> <span class='ocrx_word' id='word_1_278' title='bbox 1522 727 1600 759; x_wconf 85' lang='lat' dir='ltr'>nihil</span> <span class='ocrx_word' id='word_1_279' title='bbox 1624 728 1697 760; x_wconf 82' lang='lat' dir='ltr'>facit</span> <span class='ocrx_word' id='word_1_280' title='bbox 1720 737 1762 760; x_wconf 80' lang='lat' dir='ltr'>ex</span> <span class='ocrx_word' id='word_1_281' title='bbox 1785 729 1925 761; x_wconf 86' lang='lat' dir='ltr'>affluenti</span> <span class='ocrx_word' id='word_1_282' title='bbox 1951 729 2104 768; x_wconf 88' lang='lat' dir='ltr'>bonitate,</span> <span class='ocrx_word' id='word_1_283' title='bbox 2129 730 2188 762; x_wconf 85' lang='lat' dir='ltr'>nisi</span> <span class='ocrx_word' id='word_1_284' title='bbox 2215 730 2300 772; x_wconf 84' lang='lat' dir='ltr'>quod</span> <span class='ocrx_word' id='word_1_285' title='bbox 2332 730 2421 762; x_wconf 88' lang='lat' dir='ltr'>decet</span> 
     </span>
     <span class='ocr_line' id='line_1_49' title="bbox 1468 780 2421 814; baseline 0.002 -2"><span class='ocrx_word' id='word_1_286' title='bbox 1468 780 1639 812; x_wconf 84' lang='lat' dir='ltr'>bonitatem</span> <span class='ocrx_word' id='word_1_287' title='bbox 1663 790 1764 813; x_wconf 89' lang='lat' dir='ltr'>suam.</span> <span class='ocrx_word' id='word_1_288' title='bbox 1780 800 1825 804; x_wconf 77' lang='lat'>—-</span> <span class='ocrx_word' id='word_1_289' title='bbox 1841 781 1989 814; x_wconf 87' lang='lat' dir='ltr'>Similiter</span> <span class='ocrx_word' id='word_1_290' title='bbox 2013 782 2154 814; x_wconf 84' lang='lat' dir='ltr'>secundo</span> <span class='ocrx_word' id='word_1_291' title='bbox 2178 782 2272 814; x_wconf 88' lang='lat' dir='ltr'>modo</span> <span class='ocrx_word' id='word_1_292' title='bbox 2296 781 2421 814; x_wconf 86' lang='lat' dir='ltr'>miseri-</span> 
     </span>
     <span class='ocr_line' id='line_1_50' title="bbox 1469 833 2422 876; baseline 0.003 -12"><span class='ocrx_word' id='word_1_293' title='bbox 1469 833 1605 871; x_wconf 80' lang='lat' dir='ltr'>cordia,</span> <span class='ocrx_word' id='word_1_294' title='bbox 1629 842 1711 874; x_wconf 87' lang='lat' dir='ltr'>quae</span> <span class='ocrx_word' id='word_1_295' title='bbox 1735 837 1781 866; x_wconf 87' lang='lat' dir='ltr'>est</span> <span class='ocrx_word' id='word_1_296' title='bbox 1805 834 1980 876; x_wconf 82' lang='lat' dir='ltr'>benignitas</span> <span class='ocrx_word' id='word_1_297' title='bbox 2004 835 2036 867; x_wconf 92' lang='lat' dir='ltr'>in</span> <span class='ocrx_word' id='word_1_298' title='bbox 2064 835 2340 876; x_wconf 82' lang='lat' dir='ltr'>supererogatione</span> <span class='ocrx_word' id='word_1_299' title='bbox 2370 834 2422 867; x_wconf 91' lang='lat' dir='ltr'>bo-</span> 
     </span>
     <span class='ocr_line' id='line_1_51' title="bbox 1469 885 2422 928; baseline 0.002 -11"><span class='ocrx_word' id='word_1_300' title='bbox 1469 894 1602 924; x_wconf 86' lang='lat' dir='ltr'>norum,</span> <span class='ocrx_word' id='word_1_301' title='bbox 1626 889 1657 918; x_wconf 87' lang='lat' dir='ltr'>et</span> <span class='ocrx_word' id='word_1_302' title='bbox 1680 885 1828 924; x_wconf 83' lang='lat' dir='ltr'>iustitia,</span> <span class='ocrx_word' id='word_1_303' title='bbox 1853 896 1934 928; x_wconf 84' lang='lat' dir='ltr'>quae</span> <span class='ocrx_word' id='word_1_304' title='bbox 1958 891 2004 919; x_wconf 87' lang='lat' dir='ltr'>est</span> <span class='ocrx_word' id='word_1_305' title='bbox 2029 887 2200 920; x_wconf 81' lang='lat' dir='ltr'>liberalitas</span> <span class='ocrx_word' id='word_1_306' title='bbox 2224 888 2255 919; x_wconf 91' lang='lat' dir='ltr'>in</span> <span class='ocrx_word' id='word_1_307' title='bbox 2289 887 2422 920; x_wconf 81' lang='lat' dir='ltr'>retribu-</span> 
     </span>
     <span class='ocr_line' id='line_1_52' title="bbox 1469 938 2422 982; baseline 0.003 -12"><span class='ocrx_word' id='word_1_308' title='bbox 1469 938 1552 970; x_wconf 83' lang='lat' dir='ltr'>tione</span> <span class='ocrx_word' id='word_1_309' title='bbox 1576 939 1805 980; x_wconf 82' lang='lat' dir='ltr'>praemiorum,</span> <span class='ocrx_word' id='word_1_310' title='bbox 1823 939 1918 972; x_wconf 90' lang='lat' dir='ltr'>simul</span> <span class='ocrx_word' id='word_1_311' title='bbox 1935 943 2142 979; x_wconf 83' lang='lat' dir='ltr'>concurrunt,</span> <span class='ocrx_word' id='word_1_312' title='bbox 2159 940 2244 982; x_wconf 82' lang='lat' dir='ltr'>quia,</span> <span class='ocrx_word' id='word_1_313' title='bbox 2261 949 2332 973; x_wconf 83' lang='lat' dir='ltr'>eum</span> <span class='ocrx_word' id='word_1_314' title='bbox 2347 940 2358 955; x_wconf 74' lang='lat'>⁴²</span> <span class='ocrx_word' id='word_1_315' title='bbox 2375 949 2422 973; x_wconf 88' lang='lat' dir='ltr'>re-</span> 
     </span>
     <span class='ocr_line' id='line_1_53' title="bbox 1471 991 2422 1035; baseline 0.003 -12"><span class='ocrx_word' id='word_1_316' title='bbox 1471 991 1582 1023; x_wconf 81' lang='lat' dir='ltr'>tribuit</span> <span class='ocrx_word' id='word_1_317' title='bbox 1605 991 1703 1029; x_wconf 89' lang='lat' dir='ltr'>bona,</span> <span class='ocrx_word' id='word_1_318' title='bbox 1727 1001 1790 1024; x_wconf 89' lang='lat' dir='ltr'>non</span> <span class='ocrx_word' id='word_1_319' title='bbox 1814 992 1962 1025; x_wconf 88' lang='lat' dir='ltr'>retribuit</span> <span class='ocrx_word' id='word_1_320' title='bbox 1982 992 2040 1025; x_wconf 90' lang='lat' dir='ltr'>nisi</span> <span class='ocrx_word' id='word_1_321' title='bbox 2065 993 2197 1025; x_wconf 87' lang='lat' dir='ltr'>merenti</span> <span class='ocrx_word' id='word_1_322' title='bbox 2222 997 2253 1025; x_wconf 89' lang='lat' dir='ltr'>et</span> <span class='ocrx_word' id='word_1_323' title='bbox 2269 1002 2366 1035; x_wconf 88' lang='lat' dir='ltr'>supra</span> <span class='ocrx_word' id='word_1_324' title='bbox 2389 993 2422 1026; x_wconf 88' lang='lat' dir='ltr'>id</span> 
     </span>
     <span class='ocr_line' id='line_1_54' title="bbox 1469 1044 2421 1086; baseline 0.002 -11"><span class='ocrx_word' id='word_1_325' title='bbox 1469 1044 1554 1086; x_wconf 84' lang='lat' dir='ltr'>quod</span> <span class='ocrx_word' id='word_1_326' title='bbox 1579 1044 1705 1076; x_wconf 84' lang='lat' dir='ltr'>meruit.</span> <span class='ocrx_word' id='word_1_327' title='bbox 1721 1063 1764 1067; x_wconf 90' lang='lat'>—</span> <span class='ocrx_word' id='word_1_328' title='bbox 1777 1044 1926 1077; x_wconf 88' lang='lat' dir='ltr'>Similiter</span> <span class='ocrx_word' id='word_1_329' title='bbox 1949 1045 2043 1077; x_wconf 83' lang='lat' dir='ltr'>tertio</span> <span class='ocrx_word' id='word_1_330' title='bbox 2060 1045 2153 1077; x_wconf 89' lang='lat' dir='ltr'>modo</span> <span class='ocrx_word' id='word_1_331' title='bbox 2176 1045 2421 1084; x_wconf 81' lang='lat' dir='ltr'>misericordia,</span> 
     </span>
     <span class='ocr_line' id='line_1_55' title="bbox 1469 1096 2421 1138; baseline 0.001 -9"><span class='ocrx_word' id='word_1_332' title='bbox 1469 1106 1550 1138; x_wconf 83' lang='lat' dir='ltr'>quae</span> <span class='ocrx_word' id='word_1_333' title='bbox 1575 1100 1622 1129; x_wconf 87' lang='lat' dir='ltr'>est</span> <span class='ocrx_word' id='word_1_334' title='bbox 1645 1097 1744 1138; x_wconf 85' lang='lat' dir='ltr'>pietas</span> <span class='ocrx_word' id='word_1_335' title='bbox 1768 1097 1799 1128; x_wconf 91' lang='lat' dir='ltr'>in</span> <span class='ocrx_word' id='word_1_336' title='bbox 1831 1096 2047 1129; x_wconf 85' lang='lat' dir='ltr'>sublevatione</span> <span class='ocrx_word' id='word_1_337' title='bbox 2070 1097 2246 1136; x_wconf 80' lang='lat' dir='ltr'>malorum,</span> <span class='ocrx_word' id='word_1_338' title='bbox 2276 1101 2307 1130; x_wconf 88' lang='lat' dir='ltr'>et</span> <span class='ocrx_word' id='word_1_339' title='bbox 2330 1098 2421 1130; x_wconf 81' lang='lat' dir='ltr'>iusti-</span> 
     </span>
     <span class='ocr_line' id='line_1_56' title="bbox 1471 1150 2421 1191; baseline 0.001 -9"><span class='ocrx_word' id='word_1_340' title='bbox 1471 1150 1536 1188; x_wconf 82' lang='lat' dir='ltr'>tia,</span> <span class='ocrx_word' id='word_1_341' title='bbox 1568 1159 1650 1191; x_wconf 81' lang='lat' dir='ltr'>quae</span> <span class='ocrx_word' id='word_1_342' title='bbox 1681 1154 1728 1182; x_wconf 88' lang='lat' dir='ltr'>est</span> <span class='ocrx_word' id='word_1_343' title='bbox 1759 1150 1910 1182; x_wconf 88' lang='lat' dir='ltr'>severitas</span> <span class='ocrx_word' id='word_1_344' title='bbox 1942 1150 1972 1182; x_wconf 90' lang='lat' dir='ltr'>in</span> <span class='ocrx_word' id='word_1_345' title='bbox 2010 1151 2216 1183; x_wconf 86' lang='lat' dir='ltr'>retributione</span> <span class='ocrx_word' id='word_1_346' title='bbox 2248 1151 2421 1191; x_wconf 83' lang='lat' dir='ltr'>malorum,</span> 
     </span>
     <span class='ocr_line' id='line_1_57' title="bbox 1469 1202 2420 1246; baseline 0.003 -12"><span class='ocrx_word' id='word_1_347' title='bbox 1469 1202 1565 1235; x_wconf 87' lang='lat' dir='ltr'>simul</span> <span class='ocrx_word' id='word_1_348' title='bbox 1581 1206 1732 1241; x_wconf 88' lang='lat' dir='ltr'>currunt,</span> <span class='ocrx_word' id='word_1_349' title='bbox 1758 1203 1831 1244; x_wconf 85' lang='lat' dir='ltr'>quia</span> <span class='ocrx_word' id='word_1_350' title='bbox 1847 1212 2010 1244; x_wconf 85' lang='lat' dir='ltr'>nunquam</span> <span class='ocrx_word' id='word_1_351' title='bbox 2028 1203 2070 1234; x_wconf 86' lang='lat' dir='ltr'>ita</span> <span class='ocrx_word' id='word_1_352' title='bbox 2094 1212 2202 1235; x_wconf 89' lang='lat' dir='ltr'>severe</span> <span class='ocrx_word' id='word_1_353' title='bbox 2219 1203 2323 1245; x_wconf 84' lang='lat' dir='ltr'>punit,</span> <span class='ocrx_word' id='word_1_354' title='bbox 2345 1205 2420 1246; x_wconf 83' lang='lat' dir='ltr'>quin</span> 
     </span>
     <span class='ocr_line' id='line_1_58' title="bbox 1469 1256 2451 1302; baseline 0.003 -15"><span class='ocrx_word' id='word_1_355' title='bbox 1469 1256 1597 1298; x_wconf 83' lang='lat' dir='ltr'>aliquod</span> <span class='ocrx_word' id='word_1_356' title='bbox 1622 1256 1763 1294; x_wconf 80' lang='lat' dir='ltr'>debitum</span> <span class='ocrx_word' id='word_1_357' title='bbox 1785 1256 1825 1288; x_wconf 92' lang='lat' dir='ltr'>de</span> <span class='ocrx_word' id='word_1_358' title='bbox 1849 1264 1948 1297; x_wconf 87' lang='lat' dir='ltr'>poena</span> <span class='ocrx_word' id='word_1_359' title='bbox 1965 1256 2109 1288; x_wconf 88' lang='lat' dir='ltr'>dimittat.</span> <span class='ocrx_word' id='word_1_360' title='bbox 2126 1275 2170 1279; x_wconf 90' lang='lat'>-—</span> <span class='ocrx_word' id='word_1_361' title='bbox 2186 1257 2234 1289; x_wconf 88' lang='lat' dir='ltr'>Sic</span> <span class='ocrx_word' id='word_1_362' title='bbox 2258 1257 2353 1299; x_wconf 83' lang='lat' dir='ltr'>igitur</span> <span class='ocrx_word' id='word_1_363' title='bbox 2370 1268 2420 1300; x_wconf 88' lang='lat' dir='ltr'>pa·</span> <span class='ocrx_word' id='word_1_364' title='bbox 2448 1300 2451 1302; x_wconf 21' lang='grc' dir='ltr'>Ι</span> 
     </span>
     <span class='ocr_line' id='line_1_59' title="bbox 1471 1307 2483 1352; baseline 0.004 -13"><span class='ocrx_word' id='word_1_365' title='bbox 1471 1311 1526 1346; x_wconf 87' lang='lat' dir='ltr'>tet,</span> <span class='ocrx_word' id='word_1_366' title='bbox 1544 1308 1629 1349; x_wconf 86' lang='lat' dir='ltr'>quod</span> <span class='ocrx_word' id='word_1_367' title='bbox 1646 1307 1862 1340; x_wconf 88' lang='lat' dir='ltr'>misericordia</span> <span class='ocrx_word' id='word_1_368' title='bbox 1878 1311 1909 1340; x_wconf 86' lang='lat' dir='ltr'>et</span> <span class='ocrx_word' id='word_1_369' title='bbox 1929 1307 2045 1339; x_wconf 87' lang='lat' dir='ltr'>veritas</span> <span class='ocrx_word' id='word_1_370' title='bbox 2066 1308 2331 1342; x_wconf 83' lang='lat' dir='ltr'>communissime</span> <span class='ocrx_word' id='word_1_371' title='bbox 2347 1314 2420 1343; x_wconf 88' lang='lat' dir='ltr'>sunt</span> <span class='ocrx_word' id='word_1_372' title='bbox 2435 1321 2483 1352; x_wconf 69' lang='lat' dir='ltr'>eque</span> 
     </span>
     <span class='ocr_line' id='line_1_60' title="bbox 1469 1349 2483 1402; baseline 0.003 -10"><span class='ocrx_word' id='word_1_373' title='bbox 1469 1361 1500 1392; x_wconf 91' lang='lat' dir='ltr'>in</span> <span class='ocrx_word' id='word_1_374' title='bbox 1525 1361 1635 1393; x_wconf 90' lang='lat' dir='ltr'>eodem</span> <span class='ocrx_word' id='word_1_375' title='bbox 1660 1369 1772 1402; x_wconf 80' lang='lat' dir='ltr'>opere,</span> <span class='ocrx_word' id='word_1_376' title='bbox 1797 1360 1870 1402; x_wconf 82' lang='lat' dir='ltr'>quia</span> <span class='ocrx_word' id='word_1_377' title='bbox 1895 1360 1925 1392; x_wconf 89' lang='lat' dir='ltr'>in</span> <span class='ocrx_word' id='word_1_378' title='bbox 1951 1360 2041 1392; x_wconf 86' lang='lat' dir='ltr'>omni</span> <span class='ocrx_word' id='word_1_379' title='bbox 2060 1369 2154 1401; x_wconf 84' lang='lat' dir='ltr'>opere</span> <span class='ocrx_word' id='word_1_380' title='bbox 2171 1361 2244 1400; x_wconf 77' lang='lat' dir='ltr'>Dei3</span> <span class='ocrx_word' id='word_1_381' title='bbox 2268 1362 2322 1394; x_wconf 89' lang='lat' dir='ltr'>sed</span> <span class='ocrx_word' id='word_1_382' title='bbox 2340 1372 2421 1394; x_wconf 89' lang='lat' dir='ltr'>com-</span> <span class='ocrx_word' id='word_1_383' title='bbox 2442 1349 2483 1369; x_wconf 72' lang='lat'><strong>“¹¹³¹</strong></span> 
     </span>
     <span class='ocr_line' id='line_1_61' title="bbox 1469 1413 2422 1455; baseline 0.002 -10"><span class='ocrx_word' id='word_1_384' title='bbox 1469 1413 1614 1446; x_wconf 79' lang='lat' dir='ltr'>maniter</span> <span class='ocrx_word' id='word_1_385' title='bbox 1632 1417 1705 1446; x_wconf 85' lang='lat' dir='ltr'>sunt</span> <span class='ocrx_word' id='word_1_386' title='bbox 1729 1414 1760 1445; x_wconf 87' lang='lat' dir='ltr'>in</span> <span class='ocrx_word' id='word_1_387' title='bbox 1777 1414 1860 1445; x_wconf 89' lang='lat' dir='ltr'>omni</span> <span class='ocrx_word' id='word_1_388' title='bbox 1879 1422 1973 1455; x_wconf 86' lang='lat' dir='ltr'>opere</span> <span class='ocrx_word' id='word_1_389' title='bbox 1997 1413 2225 1445; x_wconf 74' lang='lat' dir='ltr'>retributionis</span> <span class='ocrx_word' id='word_1_390' title='bbox 2243 1414 2422 1453; x_wconf 87' lang='lat' dir='ltr'>bonorum,-</span> 
     </span>
     <span class='ocr_line' id='line_1_62' title="bbox 1468 1466 2421 1509; baseline 0.002 -11"><span class='ocrx_word' id='word_1_391' title='bbox 1468 1466 1603 1508; x_wconf 81' lang='lat' dir='ltr'>proprie</span> <span class='ocrx_word' id='word_1_392' title='bbox 1635 1469 1708 1498; x_wconf 88' lang='lat' dir='ltr'>sunt</span> <span class='ocrx_word' id='word_1_393' title='bbox 1734 1467 1762 1498; x_wconf 92' lang='lat' dir='ltr'>in</span> <span class='ocrx_word' id='word_1_394' title='bbox 1796 1466 2010 1498; x_wconf 74' lang='lat' dir='ltr'>retributione</span> <span class='ocrx_word' id='word_1_395' title='bbox 2031 1475 2218 1507; x_wconf 77' lang='lat' dir='ltr'>poenarum</span> <span class='ocrx_word' id='word_1_396' title='bbox 2250 1471 2280 1499; x_wconf 85' lang='lat' dir='ltr'>et</span> <span class='ocrx_word' id='word_1_397' title='bbox 2304 1468 2421 1509; x_wconf 88' lang='lat' dir='ltr'>suppli-</span> 
     </span>
     <span class='ocr_line' id='line_1_63' title="bbox 1470 1518 2483 1561; baseline 0.002 -10"><span class='ocrx_word' id='word_1_398' title='bbox 1470 1519 1602 1551; x_wconf 88' lang='lat' dir='ltr'>ciorum.</span> <span class='ocrx_word' id='word_1_399' title='bbox 1619 1538 1663 1542; x_wconf 84' lang='lat'>-—</span> <span class='ocrx_word' id='word_1_400' title='bbox 1686 1519 1764 1551; x_wconf 82' lang='lat' dir='ltr'>Sunt</span> <span class='ocrx_word' id='word_1_401' title='bbox 1788 1523 1892 1550; x_wconf 83' lang='lat' dir='ltr'>tamen</span> <span class='ocrx_word' id='word_1_402' title='bbox 1924 1519 1954 1550; x_wconf 90' lang='lat' dir='ltr'>in</span> <span class='ocrx_word' id='word_1_403' title='bbox 1979 1518 2090 1554; x_wconf 85' lang='lat' dir='ltr'>eodem</span> <span class='ocrx_word' id='word_1_404' title='bbox 2122 1528 2216 1561; x_wconf 87' lang='lat' dir='ltr'>opere</span> <span class='ocrx_word' id='word_1_405' title='bbox 2246 1520 2420 1552; x_wconf 86' lang='lat' dir='ltr'>secundum</span> <span class='ocrx_word' id='word_1_406' title='bbox 2434 1531 2483 1553; x_wconf 69' lang='lat' dir='ltr'>conc</span> 
     </span>
     <span class='ocr_line' id='line_1_64' title="bbox 1469 1572 2423 1614; baseline 0.002 -11"><span class='ocrx_word' id='word_1_407' title='bbox 1469 1572 1562 1603; x_wconf 83' lang='lat' dir='ltr'>aliam</span> <span class='ocrx_word' id='word_1_408' title='bbox 1587 1576 1618 1604; x_wconf 87' lang='lat' dir='ltr'>et</span> <span class='ocrx_word' id='word_1_409' title='bbox 1641 1572 1734 1604; x_wconf 84' lang='lat' dir='ltr'>aliam</span> <span class='ocrx_word' id='word_1_410' title='bbox 1756 1572 1981 1604; x_wconf 84' lang='lat' dir='ltr'>conditionem:</span> <span class='ocrx_word' id='word_1_411' title='bbox 2008 1572 2037 1604; x_wconf 90' lang='lat' dir='ltr'>in</span> <span class='ocrx_word' id='word_1_412' title='bbox 2056 1576 2209 1614; x_wconf 85' lang='lat' dir='ltr'>quantum</span> <span class='ocrx_word' id='word_1_413' title='bbox 2234 1572 2317 1604; x_wconf 89' lang='lat' dir='ltr'>enim</span> <span class='ocrx_word' id='word_1_414' title='bbox 2335 1573 2423 1605; x_wconf 87' lang='lat' dir='ltr'>retri-</span> 
     </span>
     <span class='ocr_line' id='line_1_65' title="bbox 1470 1623 2422 1666; baseline 0.002 -10"><span class='ocrx_word' id='word_1_415' title='bbox 1470 1625 1538 1656; x_wconf 90' lang='lat' dir='ltr'>buit</span> <span class='ocrx_word' id='word_1_416' title='bbox 1561 1623 1804 1666; x_wconf 65' lang='lat' dir='ltr'>quodmerust,</span> <span class='ocrx_word' id='word_1_417' title='bbox 1829 1624 1976 1662; x_wconf 83' lang='lat' dir='ltr'>iustitia,·</span> <span class='ocrx_word' id='word_1_418' title='bbox 2001 1625 2030 1656; x_wconf 91' lang='lat' dir='ltr'>in</span> <span class='ocrx_word' id='word_1_419' title='bbox 2055 1628 2209 1665; x_wconf 80' lang='lat' dir='ltr'>quantum</span> <span class='ocrx_word' id='word_1_420' title='bbox 2235 1634 2348 1666; x_wconf 85' lang='lat' dir='ltr'>supra,</span> <span class='ocrx_word' id='word_1_421' title='bbox 2372 1625 2422 1658; x_wconf 88' lang='lat' dir='ltr'>vel</span> 
     </span>
     <span class='ocr_line' id='line_1_66' title="bbox 1469 1677 1834 1716; baseline 0 -7"><span class='ocrx_word' id='word_1_422' title='bbox 1469 1677 1566 1716; x_wconf 86' lang='lat' dir='ltr'>infra,</span> <span class='ocrx_word' id='word_1_423' title='bbox 1591 1677 1834 1709; x_wconf 82' lang='lat' dir='ltr'>misericordia.</span> 
     </span>
    </p>

    <p class='ocr_par' dir='ltr' id='par_1_17' title="bbox 1470 1729 2483 1982">
     <span class='ocr_line' id='line_1_67' title="bbox 1559 1729 2483 1771; baseline 0.003 -10"><span class='ocrx_word' id='word_1_424' title='bbox 1559 1730 1603 1762; x_wconf 81' lang='lat' dir='ltr'>Ex</span> <span class='ocrx_word' id='word_1_425' title='bbox 1622 1729 1671 1762; x_wconf 86' lang='lat' dir='ltr'>his</span> <span class='ocrx_word' id='word_1_426' title='bbox 1707 1733 1813 1771; x_wconf 84' lang='lat' dir='ltr'>patent</span> <span class='ocrx_word' id='word_1_427' title='bbox 1837 1729 1941 1761; x_wconf 88' lang='lat' dir='ltr'>omnia</span> <span class='ocrx_word' id='word_1_428' title='bbox 1976 1729 2112 1770; x_wconf 82' lang='lat' dir='ltr'>obiecta,</span> <span class='ocrx_word' id='word_1_429' title='bbox 2137 1729 2211 1771; x_wconf 81' lang='lat' dir='ltr'>quia</span> <span class='ocrx_word' id='word_1_430' title='bbox 2246 1730 2275 1762; x_wconf 91' lang='lat' dir='ltr'>in</span> <span class='ocrx_word' id='word_1_431' title='bbox 2312 1731 2421 1763; x_wconf 87' lang='lat' dir='ltr'>eodem</span> <span class='ocrx_word' id='word_1_432' title='bbox 2435 1742 2483 1764; x_wconf 63' lang='grc' dir='ltr'>Αᾱε</span> 
     </span>
     <span class='ocr_line' id='line_1_68' title="bbox 1470 1782 2424 1824; baseline 0.001 -10"><span class='ocrx_word' id='word_1_433' title='bbox 1470 1791 1564 1824; x_wconf 82' lang='lat' dir='ltr'>opere</span> <span class='ocrx_word' id='word_1_434' title='bbox 1581 1783 1758 1815; x_wconf 86' lang='lat' dir='ltr'>necessario</span> <span class='ocrx_word' id='word_1_435' title='bbox 1775 1782 1934 1815; x_wconf 87' lang='lat' dir='ltr'>concurrit</span> <span class='ocrx_word' id='word_1_436' title='bbox 1947 1791 2014 1814; x_wconf 85' lang='lat' dir='ltr'>esse</span> <span class='ocrx_word' id='word_1_437' title='bbox 2028 1783 2275 1816; x_wconf 88' lang='lat' dir='ltr'>misericordiam</span> <span class='ocrx_word' id='word_1_438' title='bbox 2293 1787 2323 1816; x_wconf 86' lang='lat' dir='ltr'>et</span> <span class='ocrx_word' id='word_1_439' title='bbox 2339 1784 2424 1816; x_wconf 88' lang='lat' dir='ltr'>iusti-</span> 
     </span>
     <span class='ocr_line' id='line_1_69' title="bbox 1470 1834 2423 1874; baseline 0 -7"><span class='ocrx_word' id='word_1_440' title='bbox 1470 1835 1563 1874; x_wconf 84' lang='lat' dir='ltr'>tiam;</span> <span class='ocrx_word' id='word_1_441' title='bbox 1587 1839 1618 1867; x_wconf 91' lang='lat' dir='ltr'>et</span> <span class='ocrx_word' id='word_1_442' title='bbox 1641 1834 1817 1867; x_wconf 80' lang='lat' dir='ltr'>differunt⁵</span> <span class='ocrx_word' id='word_1_443' title='bbox 1843 1835 1873 1866; x_wconf 89' lang='lat' dir='ltr'>in</span> <span class='ocrx_word' id='word_1_444' title='bbox 1899 1834 2098 1872; x_wconf 80' lang='lat' dir='ltr'>connotatis,</span> <span class='ocrx_word' id='word_1_445' title='bbox 2123 1834 2193 1867; x_wconf 88' lang='lat' dir='ltr'>ideo</span> <span class='ocrx_word' id='word_1_446' title='bbox 2218 1844 2279 1867; x_wconf 87' lang='lat' dir='ltr'>non</span> <span class='ocrx_word' id='word_1_447' title='bbox 2304 1835 2423 1867; x_wconf 87' lang='lat' dir='ltr'>ratione</span> 
     </span>
     <span class='ocr_line' id='line_1_70' title="bbox 1471 1887 2422 1928; baseline 0 -9"><span class='ocrx_word' id='word_1_448' title='bbox 1471 1896 1606 1928; x_wconf 76' lang='lat' dir='ltr'>operum</span> <span class='ocrx_word' id='word_1_449' title='bbox 1631 1887 1849 1925; x_wconf 76' lang='lat' dir='ltr'>diversorum,</span> <span class='ocrx_word' id='word_1_450' title='bbox 1874 1887 1928 1919; x_wconf 83' lang='lat' dir='ltr'>sed</span> <span class='ocrx_word' id='word_1_451' title='bbox 1954 1887 2074 1919; x_wconf 89' lang='lat' dir='ltr'>ratione</span> <span class='ocrx_word' id='word_1_452' title='bbox 2091 1887 2291 1919; x_wconf 87' lang='lat' dir='ltr'>diversarum</span> <span class='ocrx_word' id='word_1_453' title='bbox 2317 1887 2422 1920; x_wconf 83' lang='lat' dir='ltr'>condi-</span> 
     </span>
     <span class='ocr_line' id='line_1_71' title="bbox 1471 1931 1974 1982; baseline 0 -10"><span class='ocrx_word' id='word_1_454' title='bbox 1471 1941 1596 1972; x_wconf 86' lang='lat' dir='ltr'>tionum</span> <span class='ocrx_word' id='word_1_455' title='bbox 1621 1940 1652 1972; x_wconf 92' lang='lat' dir='ltr'>in</span> <span class='ocrx_word' id='word_1_456' title='bbox 1677 1940 1787 1973; x_wconf 86' lang='lat' dir='ltr'>eodem</span> <span class='ocrx_word' id='word_1_457' title='bbox 1812 1949 1918 1982; x_wconf 87' lang='lat' dir='ltr'>opere.</span> <span class='ocrx_word' id='word_1_458' title='bbox 1971 1931 1974 1934; x_wconf 42' lang='lat'><strong>⁴</strong></span> 
     </span>
    </p>

    <p class='ocr_par' dir='ltr' id='par_1_18' title="bbox 1470 1994 2483 2194">
     <span class='ocr_line' id='line_1_72' title="bbox 1559 1994 2483 2036; baseline 0.002 -11"><span class='ocrx_word' id='word_1_459' title='bbox 1559 1994 1588 2026; x_wconf 84' lang='lat'>3.</span> <span class='ocrx_word' id='word_1_460' title='bbox 1620 1994 1664 2026; x_wconf 78' lang='lat' dir='ltr'>Ad</span> <span class='ocrx_word' id='word_1_461' title='bbox 1687 1994 1767 2026; x_wconf 88' lang='lat' dir='ltr'>illud</span> <span class='ocrx_word' id='word_1_462' title='bbox 1791 1994 1876 2036; x_wconf 85' lang='lat' dir='ltr'>quod</span> <span class='ocrx_word' id='word_1_463' title='bbox 1900 1994 2064 2033; x_wconf 85' lang='lat' dir='ltr'>obiicitur,</span> <span class='ocrx_word' id='word_1_464' title='bbox 2095 1994 2179 2036; x_wconf 86' lang='lat' dir='ltr'>quod</span> <span class='ocrx_word' id='word_1_465' title='bbox 2209 1994 2423 2027; x_wconf 84' lang='lat' dir='ltr'>misericordia</span> <span class='ocrx_word' id='word_1_466' title='bbox 2435 2006 2483 2028; x_wconf 67' lang='lat' dir='ltr'>Aa:</span> 
     </span>
     <span class='ocr_line' id='line_1_73' title="bbox 1471 2033 2473 2089; baseline 0.001 -10"><span class='ocrx_word' id='word_1_467' title='bbox 1471 2047 1543 2079; x_wconf 82' lang='lat' dir='ltr'>facit</span> <span class='ocrx_word' id='word_1_468' title='bbox 1567 2051 1674 2079; x_wconf 86' lang='lat' dir='ltr'>contra</span> <span class='ocrx_word' id='word_1_469' title='bbox 1700 2047 1828 2085; x_wconf 72' lang='lat' dir='ltr'>inerita3</span> <span class='ocrx_word' id='word_1_470' title='bbox 1854 2047 1941 2086; x_wconf 78' lang='lat' dir='ltr'>dico,</span> <span class='ocrx_word' id='word_1_471' title='bbox 1967 2047 2050 2088; x_wconf 86' lang='lat' dir='ltr'>quod</span> <span class='ocrx_word' id='word_1_472' title='bbox 2075 2057 2137 2079; x_wconf 90' lang='lat' dir='ltr'>non</span> <span class='ocrx_word' id='word_1_473' title='bbox 2163 2047 2281 2080; x_wconf 86' lang='lat' dir='ltr'>dicitur</span> <span class='ocrx_word' id='word_1_474' title='bbox 2297 2057 2332 2080; x_wconf 86' lang='lat' dir='ltr'>eo</span> <span class='ocrx_word' id='word_1_475' title='bbox 2355 2046 2423 2089; x_wconf 88' lang='lat' dir='ltr'>ipso</span> <span class='ocrx_word' id='word_1_476' title='bbox 2448 2033 2473 2055; x_wconf 67' lang='lat' dir='ltr'>³d</span> 
     </span>
     <span class='ocr_line' id='line_1_74' title="bbox 1471 2099 2423 2141; baseline 0.001 -10"><span class='ocrx_word' id='word_1_477' title='bbox 1471 2099 1722 2137; x_wconf 83' lang='lat' dir='ltr'>misericordia,</span> <span class='ocrx_word' id='word_1_478' title='bbox 1750 2099 1823 2140; x_wconf 80' lang='lat' dir='ltr'>quia</span> <span class='ocrx_word' id='word_1_479' title='bbox 1854 2099 1926 2132; x_wconf 84' lang='lat' dir='ltr'>facit</span> <span class='ocrx_word' id='word_1_480' title='bbox 1959 2103 2075 2131; x_wconf 84' lang='lat' dir='ltr'>contra</span> <span class='ocrx_word' id='word_1_481' title='bbox 2105 2099 2233 2138; x_wconf 82' lang='lat' dir='ltr'>merita,</span> <span class='ocrx_word' id='word_1_482' title='bbox 2263 2100 2317 2132; x_wconf 83' lang='lat' dir='ltr'>sed</span> <span class='ocrx_word' id='word_1_483' title='bbox 2351 2100 2423 2141; x_wconf 82' lang='lat' dir='ltr'>quia</span> 
     </span>
     <span class='ocr_line' id='line_1_75' title="bbox 1470 2152 2312 2194; baseline -0.001 -10"><span class='ocrx_word' id='word_1_484' title='bbox 1470 2152 1543 2184; x_wconf 81' lang='lat' dir='ltr'>facit</span> <span class='ocrx_word' id='word_1_485' title='bbox 1568 2162 1695 2194; x_wconf 84' lang='lat' dir='ltr'>supra;</span> <span class='ocrx_word' id='word_1_486' title='bbox 1719 2155 1749 2184; x_wconf 87' lang='lat' dir='ltr'>et</span> <span class='ocrx_word' id='word_1_487' title='bbox 1774 2152 1832 2183; x_wconf 90' lang='lat' dir='ltr'>hoc</span> <span class='ocrx_word' id='word_1_488' title='bbox 1857 2152 1951 2184; x_wconf 90' lang='lat' dir='ltr'>simul</span> <span class='ocrx_word' id='word_1_489' title='bbox 1977 2161 2048 2184; x_wconf 89' lang='lat' dir='ltr'>cum</span> <span class='ocrx_word' id='word_1_490' title='bbox 2076 2152 2193 2185; x_wconf 81' lang='lat' dir='ltr'>iustitia</span> <span class='ocrx_word' id='word_1_491' title='bbox 2218 2152 2312 2184; x_wconf 65' lang='lat' dir='ltr'>statss.</span> 
     </span>
    </p>
   </div>
   <div class='ocr_carea' id='block_1_12' title="bbox 1313 2276 1566 2318">
    <p class='ocr_par' dir='ltr' id='par_1_19' title="bbox 1313 2276 1566 2318">
     <span class='ocr_line' id='line_1_76' title="bbox 1313 2276 1566 2318; baseline -0.004 -9"><span class='ocrx_word' id='word_1_492' title='bbox 1313 2276 1497 2318; x_wconf 87' lang='lat' dir='ltr'>QUAESTIO</span> <span class='ocrx_word' id='word_1_493' title='bbox 1522 2277 1566 2308; x_wconf 86' lang='grc' dir='ltr'><strong>ΙΙΙ.</strong></span> 
     </span>
    </p>
   </div>
   <div class='ocr_carea' id='block_1_13' title="bbox 653 2374 2223 2475">
    <p class='ocr_par' dir='ltr' id='par_1_20' title="bbox 653 2374 2223 2475">
     <span class='ocr_line' id='line_1_77' title="bbox 653 2374 2223 2417; baseline -0.001 -9"><span class='ocrx_word' id='word_1_494' title='bbox 653 2377 769 2409; x_wconf 83' lang='lat' dir='ltr'>Utrum</span> <span class='ocrx_word' id='word_1_495' title='bbox 797 2376 831 2408; x_wconf 81' lang='lat' dir='ltr'>in</span> <span class='ocrx_word' id='word_1_496' title='bbox 856 2376 947 2408; x_wconf 90' lang='lat' dir='ltr'>omni</span> <span class='ocrx_word' id='word_1_497' title='bbox 969 2385 1063 2417; x_wconf 75' lang='lat' dir='ltr'>opere</span> <span class='ocrx_word' id='word_1_498' title='bbox 1089 2375 1223 2408; x_wconf 84' lang='lat' dir='ltr'>Domini</span> <span class='ocrx_word' id='word_1_499' title='bbox 1245 2375 1289 2406; x_wconf 87' lang='lat' dir='ltr'>sit</span> <span class='ocrx_word' id='word_1_500' title='bbox 1312 2374 1546 2407; x_wconf 84' lang='lat' dir='ltr'>misericordia</span> <span class='ocrx_word' id='word_1_501' title='bbox 1570 2379 1598 2406; x_wconf 84' lang='lat' dir='ltr'>et</span> <span class='ocrx_word' id='word_1_502' title='bbox 1621 2374 1756 2412; x_wconf 83' lang='lat' dir='ltr'>veritas,</span> <span class='ocrx_word' id='word_1_503' title='bbox 1780 2375 1961 2406; x_wconf 84' lang='lat' dir='ltr'>secundum</span> <span class='ocrx_word' id='word_1_504' title='bbox 1987 2374 2075 2417; x_wconf 78' lang='lat' dir='ltr'>quod</span> <span class='ocrx_word' id='word_1_505' title='bbox 2097 2375 2223 2416; x_wconf 88' lang='lat' dir='ltr'>proprie</span> 
     </span>
     <span class='ocr_line' id='line_1_78' title="bbox 1073 2432 1808 2475; baseline -0.003 -10"><span class='ocrx_word' id='word_1_506' title='bbox 1073 2432 1301 2474; x_wconf 78' lang='lat' dir='ltr'>accipiuntur,</span> <span class='ocrx_word' id='word_1_507' title='bbox 1326 2442 1371 2464; x_wconf 87' lang='lat' dir='ltr'>an</span> <span class='ocrx_word' id='word_1_508' title='bbox 1395 2432 1576 2475; x_wconf 82' lang='lat' dir='ltr'>aliquando</span> <span class='ocrx_word' id='word_1_509' title='bbox 1600 2436 1808 2473; x_wconf 77' lang='lat' dir='ltr'>separentur.</span> 
     </span>
    </p>
   </div>
   <div class='ocr_carea' id='block_1_14' title="bbox 449 2543 1408 2693">
    <p class='ocr_par' dir='ltr' id='par_1_21' title="bbox 449 2543 1408 2693">
     <span class='ocr_line' id='line_1_79' title="bbox 540 2543 1408 2585; baseline -0.002 -8"><span class='ocrx_word' id='word_1_510' title='bbox 540 2545 661 2583; x_wconf 80' lang='lat' dir='ltr'>Tertio,</span> <span class='ocrx_word' id='word_1_511' title='bbox 686 2545 759 2577; x_wconf 86' lang='lat' dir='ltr'>dato</span> <span class='ocrx_word' id='word_1_512' title='bbox 777 2545 861 2585; x_wconf 78' lang='lat' dir='ltr'>quod</span> <span class='ocrx_word' id='word_1_513' title='bbox 880 2544 911 2576; x_wconf 89' lang='lat' dir='ltr'>in</span> <span class='ocrx_word' id='word_1_514' title='bbox 929 2544 1019 2576; x_wconf 78' lang='lat' dir='ltr'>ouini</span> <span class='ocrx_word' id='word_1_515' title='bbox 1042 2553 1136 2585; x_wconf 88' lang='lat' dir='ltr'>opere</span> <span class='ocrx_word' id='word_1_516' title='bbox 1153 2544 1275 2576; x_wconf 90' lang='lat' dir='ltr'>Domini</span> <span class='ocrx_word' id='word_1_517' title='bbox 1298 2543 1338 2575; x_wconf 88' lang='lat' dir='ltr'>sit</span> <span class='ocrx_word' id='word_1_518' title='bbox 1355 2543 1408 2575; x_wconf 91' lang='lat' dir='ltr'>mi-</span> 
     </span>
     <span class='ocr_line' id='line_1_80' title="bbox 455 2588 1407 2639; baseline -0.003 -9"><span class='ocrx_word' id='word_1_519' title='bbox 455 2598 627 2631; x_wconf 81' lang='lat' dir='ltr'>sericordia</span> <span class='ocrx_word' id='word_1_520' title='bbox 651 2602 681 2630; x_wconf 82' lang='lat' dir='ltr'>et</span> <span class='ocrx_word' id='word_1_521' title='bbox 705 2597 836 2636; x_wconf 78' lang='lat' dir='ltr'>veritas,</span> <span class='ocrx_word' id='word_1_522' title='bbox 860 2597 1035 2630; x_wconf 86' lang='lat' dir='ltr'>secundum</span> <span class='ocrx_word' id='word_1_523' title='bbox 1060 2597 1143 2639; x_wconf 85' lang='lat' dir='ltr'>quod</span> <span class='ocrx_word' id='word_1_524' title='bbox 1169 2588 1326 2629; x_wconf 50' lang='lat' dir='ltr'>dicuntur*</span> <span class='ocrx_word' id='word_1_525' title='bbox 1343 2596 1407 2628; x_wconf 86' lang='lat' dir='ltr'>lar-</span> 
     </span>
     <span class='ocr_line' id='line_1_81' title="bbox 449 2649 1406 2693; baseline -0.002 -11"><span class='ocrx_word' id='word_1_526' title='bbox 449 2651 601 2693; x_wconf 64' lang='lat' dir='ltr'>ffl‘sslme,</span> <span class='ocrx_word' id='word_1_527' title='bbox 627 2650 801 2692; x_wconf 77' lang='lat' dir='ltr'>quaeritur,</span> <span class='ocrx_word' id='word_1_528' title='bbox 819 2654 933 2692; x_wconf 30' lang='lat' dir='ltr'>&#39;utrum</span> <span class='ocrx_word' id='word_1_529' title='bbox 960 2651 1134 2682; x_wconf 84' lang='lat' dir='ltr'>secundum</span> <span class='ocrx_word' id='word_1_530' title='bbox 1164 2649 1247 2690; x_wconf 84' lang='lat' dir='ltr'>quod</span> <span class='ocrx_word' id='word_1_531' title='bbox 1268 2649 1406 2690; x_wconf 76' lang='lat' dir='ltr'>proprie</span> 
     </span>
    </p>
   </div>
   <div class='ocr_carea' id='block_1_15' title="bbox 1471 2543 2422 2628">
    <p class='ocr_par' dir='ltr' id='par_1_22' title="bbox 1471 2543 2422 2628">
     <span class='ocr_line' id='line_1_82' title="bbox 1471 2543 2422 2585; baseline -0.001 -10"><span class='ocrx_word' id='word_1_532' title='bbox 1471 2543 1680 2585; x_wconf 84' lang='lat' dir='ltr'>accipiuntur,</span> <span class='ocrx_word' id='word_1_533' title='bbox 1704 2552 1742 2575; x_wconf 88' lang='lat' dir='ltr'>an</span> <span class='ocrx_word' id='word_1_534' title='bbox 1768 2543 1937 2585; x_wconf 83' lang='lat' dir='ltr'>aliquando</span> <span class='ocrx_word' id='word_1_535' title='bbox 1962 2547 2158 2584; x_wconf 84' lang='lat' dir='ltr'>separentur.</span> <span class='ocrx_word' id='word_1_536' title='bbox 2186 2543 2219 2574; x_wconf 81' lang='lat' dir='ltr'>Et</span> <span class='ocrx_word' id='word_1_537' title='bbox 2243 2543 2327 2584; x_wconf 83' lang='lat' dir='ltr'>quod</span> <span class='ocrx_word' id='word_1_538' title='bbox 2345 2551 2422 2580; x_wconf 83' lang='lat' dir='ltr'>non,</span> 
     </span>
     <span class='ocr_line' id='line_1_83' title="bbox 1472 2597 1607 2628; baseline -0.007 -1"><span class='ocrx_word' id='word_1_539' title='bbox 1472 2597 1607 2628; x_wconf 89' lang='lat' dir='ltr'>videtur.</span> 
     </span>
    </p>
   </div>
   <div class='ocr_carea' id='block_1_16' title="bbox 1563 2647 2483 2704">
    <p class='ocr_par' dir='ltr' id='par_1_23' title="bbox 1563 2647 2483 2704">
     <span class='ocr_line' id='line_1_84' title="bbox 1563 2647 2483 2704; baseline -0.001 -24"><span class='ocrx_word' id='word_1_540' title='bbox 1563 2650 1589 2680; x_wconf 81' lang='lat'>1.</span> <span class='ocrx_word' id='word_1_541' title='bbox 1615 2649 1715 2690; x_wconf 85' lang='lat' dir='ltr'>Super</span> <span class='ocrx_word' id='word_1_542' title='bbox 1741 2648 1817 2680; x_wconf 89' lang='lat' dir='ltr'>illud</span> <span class='ocrx_word' id='word_1_543' title='bbox 1844 2648 1955 2680; x_wconf 81' lang='lat' dir='ltr'>Psalmi</span> <span class='ocrx_word' id='word_1_544' title='bbox 1973 2648 1998 2679; x_wconf 87' lang='lat'>⁷:</span> <span class='ocrx_word' id='word_1_545' title='bbox 2024 2648 2287 2679; x_wconf 58' lang='lat' dir='ltr'>illisericordiam</span> <span class='ocrx_word' id='word_1_546' title='bbox 2322 2652 2349 2679; x_wconf 89' lang='lat' dir='ltr'>et</span> <span class='ocrx_word' id='word_1_547' title='bbox 2377 2647 2483 2704; x_wconf 54' lang='lat' dir='ltr'>w&#39;mtl</span> 
     </span>
    </p>
   </div>
   <div class='ocr_carea' id='block_1_17' title="bbox 1150 2760 1731 2765">
    <p class='ocr_par' dir='ltr' id='par_1_24' title="bbox 1150 2760 1731 2765">
     <span class='ocr_line' id='line_1_85' title="bbox 1150 2760 1731 2765; baseline 0 0"><span class='ocrx_word' id='word_1_548' title='bbox 1150 2760 1731 2765; x_wconf 95' lang='lat' dir='ltr'> </span> 
     </span>
    </p>
   </div>
   <div class='ocr_carea' id='block_1_18' title="bbox 451 2831 1408 3434">
    <p class='ocr_par' dir='ltr' id='par_1_25' title="bbox 451 2831 1407 3126">
     <span class='ocr_line' id='line_1_86' title="bbox 524 2831 1406 2863; baseline -0.002 -6"><span class='ocrx_word' id='word_1_549' title='bbox 524 2833 530 2848; x_wconf 83' lang='lat'>¹</span> <span class='ocrx_word' id='word_1_550' title='bbox 554 2833 644 2858; x_wconf 65' lang='lat' dir='ltr'>l&#39;salin.</span> <span class='ocrx_word' id='word_1_551' title='bbox 666 2832 712 2863; x_wconf 71' lang='lat'>24,</span> <span class='ocrx_word' id='word_1_552' title='bbox 730 2833 769 2857; x_wconf 54' lang='lat'>110.</span> <span class='ocrx_word' id='word_1_553' title='bbox 791 2847 823 2850; x_wconf 94' lang='lat'>—</span> <span class='ocrx_word' id='word_1_554' title='bbox 845 2833 932 2857; x_wconf 72' lang='lat' dir='ltr'>Glossn</span> <span class='ocrx_word' id='word_1_555' title='bbox 962 2832 1097 2857; x_wconf 62' lang='lat' dir='ltr'>exhibetur</span> <span class='ocrx_word' id='word_1_556' title='bbox 1116 2839 1130 2857; x_wconf 81' lang='lat' dir='ltr'>a</span> <span class='ocrx_word' id='word_1_557' title='bbox 1156 2833 1228 2857; x_wconf 74' lang='lat' dir='ltr'>Petro</span> <span class='ocrx_word' id='word_1_558' title='bbox 1258 2831 1406 2856; x_wconf 85' lang='lat' dir='ltr'>Lombardo</span> 
     </span>
     <span class='ocr_line' id='line_1_87' title="bbox 452 2874 1407 2908; baseline -0.002 -7"><span class='ocrx_word' id='word_1_559' title='bbox 452 2878 476 2901; x_wconf 86' lang='lat' dir='ltr'>in</span> <span class='ocrx_word' id='word_1_560' title='bbox 498 2878 565 2901; x_wconf 80' lang='lat' dir='ltr'>bunc</span> <span class='ocrx_word' id='word_1_561' title='bbox 586 2877 685 2907; x_wconf 77' lang='lat' dir='ltr'>locuni,</span> <span class='ocrx_word' id='word_1_562' title='bbox 708 2875 750 2901; x_wconf 85' lang='lat' dir='ltr'>ubi</span> <span class='ocrx_word' id='word_1_563' title='bbox 772 2883 820 2907; x_wconf 83' lang='lat' dir='ltr'>pro</span> <span class='ocrx_word' id='word_1_564' title='bbox 845 2875 927 2901; x_wconf 73' lang='lat' dir='ltr'>sinml</span> <span class='ocrx_word' id='word_1_565' title='bbox 955 2877 1103 2908; x_wconf 71' lang='lat' dir='ltr'>appareant</span> <span class='ocrx_word' id='word_1_566' title='bbox 1132 2875 1295 2901; x_wconf 78' lang='lat' dir='ltr'>substituitur</span> <span class='ocrx_word' id='word_1_567' title='bbox 1323 2874 1407 2900; x_wconf 65' lang='lat' dir='ltr'>mani</span> 
     </span>
     <span class='ocr_line' id='line_1_88' title="bbox 451 2917 1407 2953; baseline -0.003 -8"><span class='ocrx_word' id='word_1_568' title='bbox 451 2920 515 2952; x_wconf 75' lang='lat' dir='ltr'>feste</span> <span class='ocrx_word' id='word_1_569' title='bbox 535 2921 690 2953; x_wconf 65' lang='lat' dir='ltr'>ammirans.</span> <span class='ocrx_word' id='word_1_570' title='bbox 711 2920 840 2950; x_wconf 71' lang='lat' dir='ltr'>Expositio</span> <span class='ocrx_word' id='word_1_571' title='bbox 861 2920 938 2944; x_wconf 73' lang='lat' dir='ltr'>liuius</span> <span class='ocrx_word' id='word_1_572' title='bbox 958 2919 1003 2943; x_wconf 53' lang='lat' dir='ltr'>loti</span> <span class='ocrx_word' id='word_1_573' title='bbox 1025 2923 1107 2944; x_wconf 74' lang='lat' dir='ltr'>sumtu</span> <span class='ocrx_word' id='word_1_574' title='bbox 1128 2923 1166 2944; x_wconf 85' lang='lat' dir='ltr'>cst</span> <span class='ocrx_word' id='word_1_575' title='bbox 1194 2926 1223 2943; x_wconf 62' lang='lat' dir='ltr'>cx</span> <span class='ocrx_word' id='word_1_576' title='bbox 1253 2917 1407 2943; x_wconf 83' lang='lat' dir='ltr'>Cassiodoro</span> 
     </span>
     <span class='ocr_line' id='line_1_89' title="bbox 454 2962 1407 2996; baseline -0.002 -8"><span class='ocrx_word' id='word_1_577' title='bbox 454 2968 477 2989; x_wconf 79' lang='lat' dir='ltr'>ct</span> <span class='ocrx_word' id='word_1_578' title='bbox 496 2965 653 2996; x_wconf 65' lang='lat' dir='ltr'>Augustino,</span> <span class='ocrx_word' id='word_1_579' title='bbox 669 2965 700 2989; x_wconf 69' lang='lat' dir='ltr'>ito</span> <span class='ocrx_word' id='word_1_580' title='bbox 717 2964 787 2996; x_wconf 74' lang='lat' dir='ltr'>quod</span> <span class='ocrx_word' id='word_1_581' title='bbox 809 2964 891 2994; x_wconf 77' lang='lat' dir='ltr'>prinin</span> <span class='ocrx_word' id='word_1_582' title='bbox 914 2970 974 2993; x_wconf 75' lang='lat' dir='ltr'>pars</span> <span class='ocrx_word' id='word_1_583' title='bbox 994 2964 1024 2987; x_wconf 81' lang='lat' dir='ltr'>sit</span> <span class='ocrx_word' id='word_1_584' title='bbox 1039 2962 1204 2993; x_wconf 60' lang='lat' dir='ltr'>Cossioztmt,</span> <span class='ocrx_word' id='word_1_585' title='bbox 1222 2962 1335 2987; x_wconf 76' lang='lat' dir='ltr'>secunda</span> <span class='ocrx_word' id='word_1_586' title='bbox 1353 2962 1407 2987; x_wconf 78' lang='lat' dir='ltr'>Au-</span> 
     </span>
     <span class='ocr_line' id='line_1_90' title="bbox 451 3006 1406 3040; baseline -0.003 -7"><span class='ocrx_word' id='word_1_587' title='bbox 451 3007 553 3040; x_wconf 74' lang='lat' dir='ltr'>(sustini</span> <span class='ocrx_word' id='word_1_588' title='bbox 566 3009 600 3037; x_wconf 90' lang='lat' dir='ltr'>(in</span> <span class='ocrx_word' id='word_1_589' title='bbox 616 3009 684 3033; x_wconf 81' lang='lat' dir='ltr'>hunc</span> <span class='ocrx_word' id='word_1_590' title='bbox 704 3008 762 3039; x_wconf 85' lang='lat' dir='ltr'>loc.)</span> <span class='ocrx_word' id='word_1_591' title='bbox 775 3016 779 3038; x_wconf 77' lang='lat'><em>3</em></span> <span class='ocrx_word' id='word_1_592' title='bbox 800 3009 824 3032; x_wconf 88' lang='lat' dir='ltr'>in</span> <span class='ocrx_word' id='word_1_593' title='bbox 839 3007 951 3032; x_wconf 61' lang='lat' dir='ltr'>secunda</span> <span class='ocrx_word' id='word_1_594' title='bbox 966 3012 1046 3037; x_wconf 79' lang='lat' dir='ltr'>parte,</span> <span class='ocrx_word' id='word_1_595' title='bbox 1061 3014 1128 3038; x_wconf 76' lang='lat' dir='ltr'>quoe</span> <span class='ocrx_word' id='word_1_596' title='bbox 1140 3006 1220 3031; x_wconf 64' lang='lat' dir='ltr'>rerba</span> <span class='ocrx_word' id='word_1_597' title='bbox 1236 3013 1249 3030; x_wconf 85' lang='lat' dir='ltr'>a</span> <span class='ocrx_word' id='word_1_598' title='bbox 1265 3007 1288 3030; x_wconf 77' lang='lat' dir='ltr'>S.</span> <span class='ocrx_word' id='word_1_599' title='bbox 1310 3006 1406 3030; x_wconf 74' lang='lat' dir='ltr'>Donav-</span> 
     </span>
     <span class='ocr_line' id='line_1_91' title="bbox 453 3049 1405 3083; baseline -0.004 -7"><span class='ocrx_word' id='word_1_600' title='bbox 453 3052 610 3083; x_wconf 68' lang='lat' dir='ltr'>allegantur,</span> <span class='ocrx_word' id='word_1_601' title='bbox 628 3051 748 3076; x_wconf 66' lang='lat' dir='ltr'>videntur</span> <span class='ocrx_word' id='word_1_602' title='bbox 768 3052 899 3083; x_wconf 68' lang='lat' dir='ltr'>apposito,</span> <span class='ocrx_word' id='word_1_603' title='bbox 915 3051 973 3083; x_wconf 77' lang='lat' dir='ltr'>quio</span> <span class='ocrx_word' id='word_1_604' title='bbox 989 3050 1059 3081; x_wconf 84' lang='lat' dir='ltr'>apud</span> <span class='ocrx_word' id='word_1_605' title='bbox 1074 3052 1180 3081; x_wconf 69' lang='lat' dir='ltr'>August.</span> <span class='ocrx_word' id='word_1_606' title='bbox 1201 3050 1237 3081; x_wconf 90' lang='lat' dir='ltr'>(in</span> <span class='ocrx_word' id='word_1_607' title='bbox 1260 3051 1327 3074; x_wconf 81' lang='lat' dir='ltr'>liunc</span> <span class='ocrx_word' id='word_1_608' title='bbox 1347 3049 1405 3082; x_wconf 82' lang='lat' dir='ltr'>loc.)</span> 
     </span>
     <span class='ocr_line' id='line_1_92' title="bbox 454 3094 1151 3126; baseline -0.001 -7"><span class='ocrx_word' id='word_1_609' title='bbox 454 3103 502 3119; x_wconf 83' lang='lat' dir='ltr'>non</span> <span class='ocrx_word' id='word_1_610' title='bbox 524 3098 670 3120; x_wconf 82' lang='lat' dir='ltr'>occurrunt.</span> <span class='ocrx_word' id='word_1_611' title='bbox 692 3095 740 3120; x_wconf 87' lang='lat' dir='ltr'>Csr.</span> <span class='ocrx_word' id='word_1_612' title='bbox 762 3094 917 3126; x_wconf 59' lang='lat' dir='ltr'>Cossiodor„</span> <span class='ocrx_word' id='word_1_613' title='bbox 937 3095 961 3119; x_wconf 88' lang='lat' dir='ltr'>in</span> <span class='ocrx_word' id='word_1_614' title='bbox 982 3095 1020 3118; x_wconf 79' lang='lat' dir='ltr'>Ps.</span> <span class='ocrx_word' id='word_1_615' title='bbox 1046 3094 1105 3125; x_wconf 79' lang='lat'>100,</span> <span class='ocrx_word' id='word_1_616' title='bbox 1129 3095 1151 3118; x_wconf 59' lang='lat' dir='ltr'>il.</span> 
     </span>
    </p>

    <p class='ocr_par' dir='ltr' id='par_1_26' title="bbox 454 3138 1408 3296">
     <span class='ocr_line' id='line_1_93' title="bbox 522 3138 1407 3170; baseline -0.002 -6"><span class='ocrx_word' id='word_1_617' title='bbox 522 3139 532 3154; x_wconf 72' lang='lat'>‘2</span> <span class='ocrx_word' id='word_1_618' title='bbox 553 3139 622 3164; x_wconf 84' lang='lat' dir='ltr'>Libr.</span> <span class='ocrx_word' id='word_1_619' title='bbox 644 3139 659 3163; x_wconf 88' lang='lat' dir='ltr'>l.</span> <span class='ocrx_word' id='word_1_620' title='bbox 681 3146 701 3163; x_wconf 86' lang='lat' dir='ltr'>c.</span> <span class='ocrx_word' id='word_1_621' title='bbox 728 3138 764 3163; x_wconf 79' lang='lat' dir='ltr'>ii.</span> <span class='ocrx_word' id='word_1_622' title='bbox 786 3146 809 3163; x_wconf 90' lang='lat' dir='ltr'>n.</span> <span class='ocrx_word' id='word_1_623' title='bbox 831 3140 876 3163; x_wconf 72' lang='lat'>21:</span> <span class='ocrx_word' id='word_1_624' title='bbox 898 3139 965 3163; x_wconf 65' lang='lat' dir='ltr'>Deus</span> <span class='ocrx_word' id='word_1_625' title='bbox 991 3145 1072 3169; x_wconf 80' lang='lat' dir='ltr'>unus,</span> <span class='ocrx_word' id='word_1_626' title='bbox 1094 3139 1137 3170; x_wconf 77' lang='lat' dir='ltr'>qui</span> <span class='ocrx_word' id='word_1_627' title='bbox 1169 3138 1225 3163; x_wconf 83' lang='lat' dir='ltr'>fecit</span> <span class='ocrx_word' id='word_1_628' title='bbox 1254 3138 1353 3163; x_wconf 80' lang='lat' dir='ltr'>caeluni</span> <span class='ocrx_word' id='word_1_629' title='bbox 1383 3142 1407 3163; x_wconf 78' lang='lat' dir='ltr'>ct</span> 
     </span>
     <span class='ocr_line' id='line_1_94' title="bbox 455 3183 1408 3214; baseline -0.001 -6"><span class='ocrx_word' id='word_1_630' title='bbox 455 3187 547 3208; x_wconf 55' lang='lat' dir='ltr'>terrani</span> <span class='ocrx_word' id='word_1_631' title='bbox 567 3188 592 3209; x_wconf 84' lang='lat' dir='ltr'>ct</span> <span class='ocrx_word' id='word_1_632' title='bbox 612 3191 652 3208; x_wconf 70' lang='lat' dir='ltr'>res</span> <span class='ocrx_word' id='word_1_633' title='bbox 672 3185 800 3209; x_wconf 73' lang='lat' dir='ltr'>nunninus</span> <span class='ocrx_word' id='word_1_634' title='bbox 819 3184 884 3208; x_wconf 81' lang='lat' dir='ltr'>iusto</span> <span class='ocrx_word' id='word_1_635' title='bbox 904 3190 933 3208; x_wconf 78' lang='lat' dir='ltr'>nc</span> <span class='ocrx_word' id='word_1_636' title='bbox 953 3183 1153 3208; x_wconf 77' lang='lat' dir='ltr'>misericorditer</span> <span class='ocrx_word' id='word_1_637' title='bbox 1171 3186 1256 3214; x_wconf 83' lang='lat' dir='ltr'>curat,</span> <span class='ocrx_word' id='word_1_638' title='bbox 1271 3184 1303 3208; x_wconf 79' lang='lat' dir='ltr'>ita</span> <span class='ocrx_word' id='word_1_639' title='bbox 1321 3186 1347 3208; x_wconf 86' lang='lat' dir='ltr'>nt</span> <span class='ocrx_word' id='word_1_640' title='bbox 1361 3190 1408 3207; x_wconf 72' lang='lat' dir='ltr'>nec</span> 
     </span>
     <span class='ocr_line' id='line_1_95' title="bbox 454 3226 1405 3258; baseline -0.001 -7"><span class='ocrx_word' id='word_1_641' title='bbox 454 3227 603 3257; x_wconf 69' lang='lat' dir='ltr'>praecludat</span> <span class='ocrx_word' id='word_1_642' title='bbox 632 3228 724 3251; x_wconf 77' lang='lat' dir='ltr'>institia</span> <span class='ocrx_word' id='word_1_643' title='bbox 755 3227 974 3257; x_wconf 77' lang='lat' dir='ltr'>inisericordiam,</span> <span class='ocrx_word' id='word_1_644' title='bbox 1004 3234 1050 3251; x_wconf 74' lang='lat' dir='ltr'>nce</span> <span class='ocrx_word' id='word_1_645' title='bbox 1078 3226 1203 3258; x_wconf 77' lang='lat' dir='ltr'>impediat</span> <span class='ocrx_word' id='word_1_646' title='bbox 1230 3226 1405 3251; x_wconf 80' lang='lat' dir='ltr'>misericordia</span> 
     </span>
     <span class='ocr_line' id='line_1_96' title="bbox 456 3271 642 3296; baseline 0 -2"><span class='ocrx_word' id='word_1_647' title='bbox 456 3271 575 3296; x_wconf 77' lang='lat' dir='ltr'>iustitiam</span> <span class='ocrx_word' id='word_1_648' title='bbox 596 3276 642 3296; x_wconf 81' lang='lat' dir='ltr'>ctc.</span> 
     </span>
    </p>

    <p class='ocr_par' dir='ltr' id='par_1_27' title="bbox 455 3314 1406 3434">
     <span class='ocr_line' id='line_1_97' title="bbox 525 3314 1405 3346; baseline 0 -8"><span class='ocrx_word' id='word_1_649' title='bbox 525 3314 534 3329; x_wconf 63' lang='lat' dir='ltr'>si</span> <span class='ocrx_word' id='word_1_650' title='bbox 553 3315 680 3345; x_wconf 75' lang='lat' dir='ltr'>Aiis‹.·lni.,</span> <span class='ocrx_word' id='word_1_651' title='bbox 697 3316 809 3345; x_wconf 64' lang='lat' dir='ltr'>tuos-tog.</span> <span class='ocrx_word' id='word_1_652' title='bbox 831 3322 852 3339; x_wconf 80' lang='lat' dir='ltr'>c.</span> <span class='ocrx_word' id='word_1_653' title='bbox 879 3315 906 3338; x_wconf 79' lang='lat'>10</span> <span class='ocrx_word' id='word_1_654' title='bbox 919 3320 924 3338; x_wconf 74' lang='lat'>2</span> <span class='ocrx_word' id='word_1_655' title='bbox 939 3314 1004 3340; x_wconf 83' lang='lat' dir='ltr'>Cum</span> <span class='ocrx_word' id='word_1_656' title='bbox 1025 3316 1091 3339; x_wconf 70' lang='lat' dir='ltr'>enini</span> <span class='ocrx_word' id='word_1_657' title='bbox 1107 3315 1184 3346; x_wconf 85' lang='lat' dir='ltr'>punis</span> <span class='ocrx_word' id='word_1_658' title='bbox 1199 3315 1291 3344; x_wconf 81' lang='lat' dir='ltr'>malos,</span> <span class='ocrx_word' id='word_1_659' title='bbox 1309 3315 1405 3339; x_wconf 82' lang='lat' dir='ltr'>iustum</span> 
     </span>
     <span class='ocr_line' id='line_1_98' title="bbox 456 3358 1406 3389; baseline 0.003 -10"><span class='ocrx_word' id='word_1_660' title='bbox 456 3361 508 3387; x_wconf 61' lang='lat' dir='ltr'>cst,</span> <span class='ocrx_word' id='word_1_661' title='bbox 530 3358 587 3388; x_wconf 71' lang='lat' dir='ltr'>quin</span> <span class='ocrx_word' id='word_1_662' title='bbox 610 3358 709 3382; x_wconf 76' lang='lat' dir='ltr'>illorum</span> <span class='ocrx_word' id='word_1_663' title='bbox 733 3359 829 3383; x_wconf 66' lang='lat' dir='ltr'>inci-itis</span> <span class='ocrx_word' id='word_1_664' title='bbox 849 3359 1059 3388; x_wconf 71' lang='lat' dir='ltr'>conrei·1it;cuin</span> <span class='ocrx_word' id='word_1_665' title='bbox 1080 3365 1142 3383; x_wconf 70' lang='lat' dir='ltr'>vcro</span> <span class='ocrx_word' id='word_1_666' title='bbox 1157 3359 1241 3389; x_wconf 84' lang='lat' dir='ltr'>parcis</span> <span class='ocrx_word' id='word_1_667' title='bbox 1263 3359 1352 3388; x_wconf 76' lang='lat' dir='ltr'>inuiis,</span> <span class='ocrx_word' id='word_1_668' title='bbox 1372 3359 1406 3382; x_wconf 89' lang='lat' dir='ltr'>iu-</span> 
     </span>
     <span class='ocr_line' id='line_1_99' title="bbox 455 3402 1406 3434; baseline 0.003 -11"><span class='ocrx_word' id='word_1_669' title='bbox 455 3404 522 3424; x_wconf 77' lang='lat' dir='ltr'>stuni</span> <span class='ocrx_word' id='word_1_670' title='bbox 544 3404 593 3431; x_wconf 70' lang='lat' dir='ltr'>cst,</span> <span class='ocrx_word' id='word_1_671' title='bbox 616 3409 664 3425; x_wconf 79' lang='lat' dir='ltr'>non</span> <span class='ocrx_word' id='word_1_672' title='bbox 686 3402 744 3432; x_wconf 65' lang='lat' dir='ltr'>quin</span> <span class='ocrx_word' id='word_1_673' title='bbox 767 3402 867 3426; x_wconf 76' lang='lat' dir='ltr'>illorum</span> <span class='ocrx_word' id='word_1_674' title='bbox 889 3403 999 3428; x_wconf 67' lang='lat' dir='ltr'>inuritis,</span> <span class='ocrx_word' id='word_1_675' title='bbox 1016 3402 1060 3427; x_wconf 73' lang='lat' dir='ltr'>scd</span> <span class='ocrx_word' id='word_1_676' title='bbox 1082 3403 1141 3434; x_wconf 79' lang='lat' dir='ltr'>quin</span> <span class='ocrx_word' id='word_1_677' title='bbox 1155 3402 1263 3427; x_wconf 77' lang='lat' dir='ltr'>bonitati</span> <span class='ocrx_word' id='word_1_678' title='bbox 1278 3406 1335 3427; x_wconf 79' lang='lat' dir='ltr'>tuae</span> <span class='ocrx_word' id='word_1_679' title='bbox 1349 3408 1406 3427; x_wconf 83' lang='lat' dir='ltr'>con-</span> 
     </span>
    </p>
   </div>
   <div class='ocr_carea' id='block_1_19' title="bbox 1436 2835 1440 3432">
    <p class='ocr_par' dir='ltr' id='par_1_28' title="bbox 1436 2835 1440 3432">
     <span class='ocr_line' id='line_1_100' title="bbox 1436 2835 1440 3432; baseline 0 0"><span class='ocrx_word' id='word_1_680' title='bbox 1436 2835 1440 3432; x_wconf 95' lang='lat' dir='ltr'> </span> 
     </span>
    </p>
   </div>
   <div class='ocr_carea' id='block_1_20' title="bbox 1470 2829 2422 3432">
    <p class='ocr_par' dir='ltr' id='par_1_29' title="bbox 1472 2829 2422 2943">
     <span class='ocr_line' id='line_1_101' title="bbox 1473 2829 2422 2861; baseline -0.002 -6"><span class='ocrx_word' id='word_1_681' title='bbox 1473 2831 1566 2855; x_wconf 69' lang='lat' dir='ltr'>docens</span> <span class='ocrx_word' id='word_1_682' title='bbox 1588 2834 1633 2855; x_wconf 81' lang='lat' dir='ltr'>est.</span> <span class='ocrx_word' id='word_1_683' title='bbox 1654 2831 1716 2855; x_wconf 74' lang='lat' dir='ltr'>Num</span> <span class='ocrx_word' id='word_1_684' title='bbox 1744 2830 1873 2861; x_wconf 69' lang='lat' dir='ltr'>parcendo</span> <span class='ocrx_word' id='word_1_685' title='bbox 1895 2830 1968 2855; x_wconf 82' lang='lat' dir='ltr'>malis</span> <span class='ocrx_word' id='word_1_686' title='bbox 1989 2831 2020 2854; x_wconf 73' lang='lat' dir='ltr'>ita</span> <span class='ocrx_word' id='word_1_687' title='bbox 2042 2831 2123 2854; x_wconf 79' lang='lat' dir='ltr'>iustus</span> <span class='ocrx_word' id='word_1_688' title='bbox 2142 2837 2170 2854; x_wconf 70' lang='lat' dir='ltr'>cs</span> <span class='ocrx_word' id='word_1_689' title='bbox 2189 2829 2332 2854; x_wconf 69' lang='lat' dir='ltr'>secundun]</span> <span class='ocrx_word' id='word_1_690' title='bbox 2357 2831 2379 2853; x_wconf 90' lang='lat' dir='ltr'>te</span> <span class='ocrx_word' id='word_1_691' title='bbox 2397 2831 2422 2853; x_wconf 86' lang='lat' dir='ltr'>et</span> 
     </span>
     <span class='ocr_line' id='line_1_102' title="bbox 1473 2873 2420 2905; baseline -0.003 -6"><span class='ocrx_word' id='word_1_692' title='bbox 1473 2882 1521 2899; x_wconf 83' lang='lat' dir='ltr'>non</span> <span class='ocrx_word' id='word_1_693' title='bbox 1543 2874 1688 2899; x_wconf 74' lang='lat' dir='ltr'>secundun]</span> <span class='ocrx_word' id='word_1_694' title='bbox 1704 2882 1770 2905; x_wconf 67' lang='lat' dir='ltr'>nos7</span> <span class='ocrx_word' id='word_1_695' title='bbox 1785 2875 1851 2899; x_wconf 81' lang='lat' dir='ltr'>sicut</span> <span class='ocrx_word' id='word_1_696' title='bbox 1871 2875 2018 2899; x_wconf 72' lang='lat' dir='ltr'>misericors</span> <span class='ocrx_word' id='word_1_697' title='bbox 2037 2881 2064 2898; x_wconf 83' lang='lat' dir='ltr'>es</span> <span class='ocrx_word' id='word_1_698' title='bbox 2084 2873 2227 2898; x_wconf 69' lang='lat' dir='ltr'>secundun)</span> <span class='ocrx_word' id='word_1_699' title='bbox 2255 2880 2301 2897; x_wconf 75' lang='lat' dir='ltr'>nos</span> <span class='ocrx_word' id='word_1_700' title='bbox 2326 2876 2350 2897; x_wconf 86' lang='lat' dir='ltr'>et</span> <span class='ocrx_word' id='word_1_701' title='bbox 2371 2878 2420 2896; x_wconf 88' lang='lat' dir='ltr'>non</span> 
     </span>
     <span class='ocr_line' id='line_1_103' title="bbox 1472 2919 1725 2943; baseline -0.004 0"><span class='ocrx_word' id='word_1_702' title='bbox 1472 2919 1615 2943; x_wconf 59' lang='lat' dir='ltr'>secundum</span> <span class='ocrx_word' id='word_1_703' title='bbox 1637 2922 1659 2943; x_wconf 82' lang='lat' dir='ltr'>te</span> <span class='ocrx_word' id='word_1_704' title='bbox 1679 2923 1725 2943; x_wconf 76' lang='lat' dir='ltr'>cic.</span> 
     </span>
    </p>

    <p class='ocr_par' dir='ltr' id='par_1_30' title="bbox 1473 2959 2421 3038">
     <span class='ocr_line' id='line_1_104' title="bbox 1543 2959 2421 2994; baseline -0.001 -8"><span class='ocrx_word' id='word_1_705' title='bbox 1543 2962 1552 2977; x_wconf 79' lang='lat'><strong>⁴</strong></span> <span class='ocrx_word' id='word_1_706' title='bbox 1572 2962 1624 2987; x_wconf 72' lang='lat' dir='ltr'>Non</span> <span class='ocrx_word' id='word_1_707' title='bbox 1646 2963 1720 2993; x_wconf 76' lang='lat' dir='ltr'>pauci</span> <span class='ocrx_word' id='word_1_708' title='bbox 1742 2962 1817 2987; x_wconf 84' lang='lat' dir='ltr'>codd.</span> <span class='ocrx_word' id='word_1_709' title='bbox 1838 2961 1902 2994; x_wconf 78' lang='lat' dir='ltr'>quia</span> <span class='ocrx_word' id='word_1_710' title='bbox 1922 2961 1973 2987; x_wconf 76' lang='lat' dir='ltr'>cui.</span> <span class='ocrx_word' id='word_1_711' title='bbox 1994 2962 2099 2986; x_wconf 76' lang='lat' dir='ltr'>lnior-ius</span> <span class='ocrx_word' id='word_1_712' title='bbox 2119 2967 2166 2992; x_wconf 81' lang='lat' dir='ltr'>pro</span> <span class='ocrx_word' id='word_1_713' title='bbox 2192 2967 2275 2993; x_wconf 77' lang='lat' dir='ltr'>supra</span> <span class='ocrx_word' id='word_1_714' title='bbox 2302 2960 2329 2985; x_wconf 77' lang='lat' dir='ltr'>id</span> <span class='ocrx_word' id='word_1_715' title='bbox 2354 2959 2421 2993; x_wconf 79' lang='lat' dir='ltr'>quod</span> 
     </span>
     <span class='ocr_line' id='line_1_105' title="bbox 1473 3006 1779 3038; baseline 0 -8"><span class='ocrx_word' id='word_1_716' title='bbox 1473 3006 1529 3030; x_wconf 85' lang='lat' dir='ltr'>cod.</span> <span class='ocrx_word' id='word_1_717' title='bbox 1550 3006 1568 3030; x_wconf 86' lang='lat' dir='ltr'>E</span> <span class='ocrx_word' id='word_1_718' title='bbox 1587 3012 1672 3038; x_wconf 78' lang='lat' dir='ltr'>supra</span> <span class='ocrx_word' id='word_1_719' title='bbox 1691 3012 1779 3038; x_wconf 78' lang='lat' dir='ltr'>quam.</span> 
     </span>
    </p>

    <p class='ocr_par' dir='ltr' id='par_1_31' title="bbox 1471 3048 2419 3168">
     <span class='ocr_line' id='line_1_106' title="bbox 1543 3048 2419 3082; baseline -0.002 -9"><span class='ocrx_word' id='word_1_720' title='bbox 1543 3050 1553 3065; x_wconf 74' lang='lat'>5</span> <span class='ocrx_word' id='word_1_721' title='bbox 1574 3050 1628 3075; x_wconf 61' lang='lat' dir='ltr'>N&#39;at.</span> <span class='ocrx_word' id='word_1_722' title='bbox 1644 3049 1812 3082; x_wconf 70' lang='lat' dir='ltr'>legit1quia,</span> <span class='ocrx_word' id='word_1_723' title='bbox 1829 3056 1891 3075; x_wconf 75' lang='lat' dir='ltr'>cum</span> <span class='ocrx_word' id='word_1_724' title='bbox 1910 3049 1936 3074; x_wconf 77' lang='lat' dir='ltr'>in</span> <span class='ocrx_word' id='word_1_725' title='bbox 1958 3048 2046 3074; x_wconf 69' lang='lat' dir='ltr'>eodeni</span> <span class='ocrx_word' id='word_1_726' title='bbox 2067 3054 2143 3080; x_wconf 75' lang='lat' dir='ltr'>opere</span> <span class='ocrx_word' id='word_1_727' title='bbox 2162 3048 2326 3073; x_wconf 72' lang='lat' dir='ltr'>concurrant</span> <span class='ocrx_word' id='word_1_728' title='bbox 2339 3051 2419 3072; x_wconf 76' lang='lat' dir='ltr'>neccs-</span> 
     </span>
     <span class='ocr_line' id='line_1_107' title="bbox 1471 3090 2417 3126; baseline -0.005 -7"><span class='ocrx_word' id='word_1_729' title='bbox 1471 3093 1544 3119; x_wconf 68' lang='lat' dir='ltr'>sario</span> <span class='ocrx_word' id='word_1_730' title='bbox 1564 3093 1747 3119; x_wconf 73' lang='lat' dir='ltr'>im&#39;scricm·cl[u</span> <span class='ocrx_word' id='word_1_731' title='bbox 1768 3095 1791 3119; x_wconf 83' lang='lat' dir='ltr'>et</span> <span class='ocrx_word' id='word_1_732' title='bbox 1819 3092 1934 3124; x_wconf 79' lang='lat' dir='ltr'>iustitia,</span> <span class='ocrx_word' id='word_1_733' title='bbox 1961 3092 2088 3126; x_wconf 53' lang='lat' dir='ltr'>disserunt</span> <span class='ocrx_word' id='word_1_734' title='bbox 2116 3093 2212 3117; x_wconf 77' lang='lat' dir='ltr'>lamen.</span> <span class='ocrx_word' id='word_1_735' title='bbox 2242 3091 2335 3115; x_wconf 77' lang='lat' dir='ltr'>Eadem</span> <span class='ocrx_word' id='word_1_736' title='bbox 2367 3090 2417 3115; x_wconf 77' lang='lat' dir='ltr'>Vnt.</span> 
     </span>
     <span class='ocr_line' id='line_1_108' title="bbox 1473 3135 1902 3168; baseline 0 -7"><span class='ocrx_word' id='word_1_737' title='bbox 1473 3144 1532 3162; x_wconf 75' lang='lat' dir='ltr'>inox</span> <span class='ocrx_word' id='word_1_738' title='bbox 1552 3142 1609 3168; x_wconf 83' lang='lat' dir='ltr'>post</span> <span class='ocrx_word' id='word_1_739' title='bbox 1629 3136 1684 3162; x_wconf 76' lang='lat' dir='ltr'>idco</span> <span class='ocrx_word' id='word_1_740' title='bbox 1705 3143 1758 3162; x_wconf 80' lang='lat' dir='ltr'>non</span> <span class='ocrx_word' id='word_1_741' title='bbox 1778 3137 1849 3161; x_wconf 84' lang='lat' dir='ltr'>addit</span> <span class='ocrx_word' id='word_1_742' title='bbox 1867 3135 1902 3161; x_wconf 73' lang='lat' dir='ltr'>in.</span> 
     </span>
    </p>

    <p class='ocr_par' dir='ltr' id='par_1_32' title="bbox 1542 3180 2159 3211">
     <span class='ocr_line' id='line_1_109' title="bbox 1542 3180 2159 3211; baseline -0.005 -5"><span class='ocrx_word' id='word_1_743' title='bbox 1542 3181 1552 3196; x_wconf 69' lang='lat' dir='ltr'>c</span> <span class='ocrx_word' id='word_1_744' title='bbox 1574 3181 1637 3206; x_wconf 63' lang='lat' dir='ltr'>Vide</span> <span class='ocrx_word' id='word_1_745' title='bbox 1657 3181 1771 3206; x_wconf 80' lang='lat' dir='ltr'>scholion</span> <span class='ocrx_word' id='word_1_746' title='bbox 1792 3181 1824 3205; x_wconf 81' lang='lat' dir='ltr'>ad</span> <span class='ocrx_word' id='word_1_747' title='bbox 1844 3180 2041 3211; x_wconf 65' lang='lat' dir='ltr'>praecedentem</span> <span class='ocrx_word' id='word_1_748' title='bbox 2062 3183 2159 3211; x_wconf 74' lang='lat' dir='ltr'>quaest.</span> 
     </span>
    </p>

    <p class='ocr_par' dir='ltr' id='par_1_33' title="bbox 1470 3222 2418 3432">
     <span class='ocr_line' id='line_1_110' title="bbox 1542 3222 2418 3256; baseline -0.003 -7"><span class='ocrx_word' id='word_1_749' title='bbox 1542 3225 1552 3241; x_wconf 78' lang='lat'>&#39;¹</span> <span class='ocrx_word' id='word_1_750' title='bbox 1574 3225 1664 3250; x_wconf 67' lang='lat' dir='ltr'>l&#39;solni.</span> <span class='ocrx_word' id='word_1_751' title='bbox 1690 3226 1748 3256; x_wconf 69' lang='lat'>100,</span> <span class='ocrx_word' id='word_1_752' title='bbox 1775 3226 1792 3249; x_wconf 92' lang='grc'>1.</span> <span class='ocrx_word' id='word_1_753' title='bbox 1813 3239 1846 3243; x_wconf 85' lang='grc'>-</span> <span class='ocrx_word' id='word_1_754' title='bbox 1866 3225 1953 3249; x_wconf 82' lang='lat' dir='ltr'>Glossu</span> <span class='ocrx_word' id='word_1_755' title='bbox 1975 3223 2115 3249; x_wconf 78' lang='lat' dir='ltr'>ordinaria</span> <span class='ocrx_word' id='word_1_756' title='bbox 2143 3223 2214 3254; x_wconf 81' lang='lat' dir='ltr'>apud</span> <span class='ocrx_word' id='word_1_757' title='bbox 2243 3222 2363 3247; x_wconf 58' lang='lat' dir='ltr'>strabum</span> <span class='ocrx_word' id='word_1_758' title='bbox 2390 3227 2418 3246; x_wconf 87' lang='lat' dir='ltr'>ex</span> 
     </span>
     <span class='ocr_line' id='line_1_111' title="bbox 1472 3266 2413 3300; baseline -0.004 -7"><span class='ocrx_word' id='word_1_759' title='bbox 1472 3270 1580 3300; x_wconf 67' lang='lat' dir='ltr'>August.</span> <span class='ocrx_word' id='word_1_760' title='bbox 1595 3269 1630 3299; x_wconf 86' lang='lat' dir='ltr'>(in</span> <span class='ocrx_word' id='word_1_761' title='bbox 1646 3270 1713 3293; x_wconf 81' lang='lat' dir='ltr'>linnc</span> <span class='ocrx_word' id='word_1_762' title='bbox 1728 3269 1803 3299; x_wconf 77' lang='lat' dir='ltr'>loc.):</span> <span class='ocrx_word' id='word_1_763' title='bbox 1822 3278 1832 3290; x_wconf 72' lang='grc' dir='ltr'><strong><em>α</em></strong></span> <span class='ocrx_word' id='word_1_764' title='bbox 1848 3267 2019 3293; x_wconf 73' lang='lat' dir='ltr'>Misericordia</span> <span class='ocrx_word' id='word_1_765' title='bbox 2035 3274 2116 3298; x_wconf 78' lang='lat' dir='ltr'>nunc,</span> <span class='ocrx_word' id='word_1_766' title='bbox 2131 3266 2255 3291; x_wconf 83' lang='lat' dir='ltr'>iudiciuin</span> <span class='ocrx_word' id='word_1_767' title='bbox 2269 3267 2293 3290; x_wconf 89' lang='lat' dir='ltr'>in</span> <span class='ocrx_word' id='word_1_768' title='bbox 2308 3266 2392 3290; x_wconf 76' lang='lat' dir='ltr'>tuturo</span> <span class='ocrx_word' id='word_1_769' title='bbox 2403 3271 2413 3285; x_wconf 69' lang='lat' dir='ltr'>n</span> 
     </span>
     <span class='ocr_line' id='line_1_112' title="bbox 1472 3309 2417 3343; baseline -0.006 -6"><span class='ocrx_word' id='word_1_770' title='bbox 1472 3312 1522 3337; x_wconf 74' lang='lat' dir='ltr'>Csr.</span> <span class='ocrx_word' id='word_1_771' title='bbox 1542 3313 1629 3337; x_wconf 72' lang='lat' dir='ltr'>Glossu</span> <span class='ocrx_word' id='word_1_772' title='bbox 1650 3312 1791 3338; x_wconf 74' lang='lat' dir='ltr'>ordinaria</span> <span class='ocrx_word' id='word_1_773' title='bbox 1810 3314 1834 3337; x_wconf 93' lang='lat' dir='ltr'>in</span> <span class='ocrx_word' id='word_1_774' title='bbox 1856 3313 1892 3337; x_wconf 79' lang='lat' dir='ltr'>Ps.</span> <span class='ocrx_word' id='word_1_775' title='bbox 1913 3312 1958 3343; x_wconf 66' lang='lat' dir='ltr'>at,</span> <span class='ocrx_word' id='word_1_776' title='bbox 1977 3313 2016 3336; x_wconf 70' lang='grc'>10.</span> <span class='ocrx_word' id='word_1_777' title='bbox 2038 3314 2119 3336; x_wconf 83' lang='lat' dir='ltr'>suinta</span> <span class='ocrx_word' id='word_1_778' title='bbox 2135 3318 2166 3335; x_wconf 70' lang='lat' dir='ltr'>cx</span> <span class='ocrx_word' id='word_1_779' title='bbox 2181 3311 2340 3341; x_wconf 73' lang='lat' dir='ltr'>Augustino:</span> <span class='ocrx_word' id='word_1_780' title='bbox 2355 3309 2417 3338; x_wconf 81' lang='lat' dir='ltr'>Ergo</span> 
     </span>
     <span class='ocr_line' id='line_1_113' title="bbox 1471 3351 2414 3382; baseline -0.005 -1"><span class='ocrx_word' id='word_1_781' title='bbox 1471 3356 1612 3382; x_wconf 54' lang='lat' dir='ltr'>montuosae</span> <span class='ocrx_word' id='word_1_782' title='bbox 1629 3356 1687 3381; x_wconf 78' lang='lat' dir='ltr'>‘ciac</span> <span class='ocrx_word' id='word_1_783' title='bbox 1708 3356 1807 3381; x_wconf 80' lang='lat' dir='ltr'>Dimini</span> <span class='ocrx_word' id='word_1_784' title='bbox 1824 3359 1883 3381; x_wconf 78' lang='lat' dir='ltr'>sunt</span> <span class='ocrx_word' id='word_1_785' title='bbox 1902 3356 1954 3380; x_wconf 87' lang='lat' dir='ltr'>duo</span> <span class='ocrx_word' id='word_1_786' title='bbox 1975 3355 2102 3380; x_wconf 82' lang='lat' dir='ltr'>adventus</span> <span class='ocrx_word' id='word_1_787' title='bbox 2130 3354 2180 3378; x_wconf 84' lang='lat' dir='ltr'>Filii</span> <span class='ocrx_word' id='word_1_788' title='bbox 2209 3355 2268 3378; x_wconf 77' lang='lat' dir='ltr'>Dei:</span> <span class='ocrx_word' id='word_1_789' title='bbox 2288 3359 2354 3379; x_wconf 78' lang='lat' dir='ltr'>unns</span> <span class='ocrx_word' id='word_1_790' title='bbox 2373 3351 2414 3376; x_wconf 81' lang='lat' dir='ltr'>mi·</span> 
     </span>
     <span class='ocr_line' id='line_1_114' title="bbox 1470 3396 2414 3432; baseline -0.005 -7"><span class='ocrx_word' id='word_1_791' title='bbox 1470 3402 1590 3432; x_wconf 55' lang='lat' dir='ltr'>soranusvv</span> <span class='ocrx_word' id='word_1_792' title='bbox 1612 3401 1673 3425; x_wconf 75' lang='lat' dir='ltr'>alter</span> <span class='ocrx_word' id='word_1_793' title='bbox 1694 3401 1854 3425; x_wconf 71' lang='lat' dir='ltr'>iudicantis...</span> <span class='ocrx_word' id='word_1_794' title='bbox 1882 3401 1906 3424; x_wconf 89' lang='lat' dir='ltr'>ln</span> <span class='ocrx_word' id='word_1_795' title='bbox 1932 3400 2016 3431; x_wconf 83' lang='lat' dir='ltr'>primo</span> <span class='ocrx_word' id='word_1_796' title='bbox 2042 3398 2245 3423; x_wconf 65' lang='lat' dir='ltr'>inisericordiam</span> <span class='ocrx_word' id='word_1_797' title='bbox 2272 3396 2414 3431; x_wconf 76' lang='lat' dir='ltr'>[manifeste</span> 
     </span>
    </p>
   </div>
  </div>
 </body>
</html>
