2483 3882
319 595 399 616 Solutio
414 600 450 621 op-

304 622 428 648 positorum.

319 808 447 829 Notandum.

315 1557 349 1577 Ad
364 1557 447 1583 opposi-

358 1586 407 1603 lum.

303 2761 454 2783 Fundamenta.

466 290 528 321 950

463 375 544 407 velle
575 379 604 407 et
636 374 717 406 nolle
736 374 744 388 ¹
763 386 798 411 »3
822 377 852 405 et
883 382 954 405 cum
986 372 1124 414 aliquem
1155 374 1260 403 ament
1292 370 1408 408 Sancti,

464 427 668 469 compellunt,
685 430 720 457 ut
740 426 784 457 sic
801 425 916 463 dicam,
933 425 1033 456 Deum
1051 424 1191 465 diligere.
1212 423 1298 455 Unde
1321 423 1410 455 beata

463 480 557 521 Virgo
581 479 698 511 multos
721 481 899 518 peccatores
923 477 986 508 Deo
1010 476 1211 508 reconciliare
1236 475 1360 507 dicitur.

555 534 581 563 1.
606 531 647 562 Ad
673 530 751 562 illud
776 539 850 572 ergo
874 529 958 570 quod
982 529 1138 567 obiicitur,
1154 528 1238 570 quod
1259 537 1320 560 non
1338 532 1411 560 sunt

464 586 493 617 iu
518 588 601 616 statu
626 583 785 620 merendi3
809 582 995 620 dicendum,
1023 582 1108 623 quod
1132 590 1243 613 verum
1268 585 1315 613 est
1337 580 1410 612 sibi.

465 637 498 669 Et
517 640 706 677 praeterea,
724 643 785 666 non
810 634 953 667 redditur
980 633 1141 666 exauditio
1174 633 1298 671 merito,
1326 633 1411 675 quod

464 694 537 721 tunc
561 688 612 727 fit,
637 688 690 720 sed
717 688 844 726 merito,
862 687 945 728 quod
970 686 1148 728 praecessit.
1166 705 1209 709 —
1225 686 1315 727 Quod
1339 686 1412 718 obii-

464 742 554 779 citur,
579 740 663 782 quod
700 744 773 772 tunc
809 740 874 772 sine
909 739 1048 771 oratione
1084 738 1190 777 fieret;
1225 738 1411 776 dicendum,

463 794 547 836 quod
580 796 766 825 meruerunt
790 801 850 824 non
881 791 1090 832 simpliciter,
1115 791 1199 832 quod
1223 790 1272 823 isti
1297 790 1413 822 obtine-

463 850 533 878 rent
546 846 568 884 ²,
593 845 646 878 sed
671 844 731 877 sub
757 844 949 882 conditione,
976 843 1121 875 videlicet
1144 843 1168 875 si
1194 843 1252 884 ipsi
1285 842 1413 874 interce-

462 899 588 937 derent,
613 898 662 930 vel
694 897 745 929 alii
777 905 887 929 eorum
920 896 1060 929 subsidia
1084 896 1307 937 implorarent;
1332 894 1413 927 sicut

462 951 557 993 aliqui
583 951 682 983 Sancti
701 950 731 982 in
757 953 857 982 morte
882 949 1055 991 petierunt,
1072 949 1155 991 quod
1180 948 1333 980 Dominus
1361 956 1413 980 ex-

462 1004 586 1036 audiret
610 1004 789 1036 invocantes
820 1012 930 1035 eorum
962 1002 1180 1043 patrocinium.
1206 1020 1249 1024 ——
1274 1001 1308 1032 Et
1328 1000 1412 1042 quod

462 1057 553 1095 dicit,
571 1056 654 1098 quod
673 1056 820 1088 meritum
845 1064 953 1087 eorum
980 1058 1026 1087 est
1043 1054 1133 1096 plene
1158 1056 1411 1090 remuneratum;

1221 284 1503 316 SENTENTIARUM
1527 283 1594 315 LlB.
1619 284 1666 316 lv.

1474 378 1586 402 verum
1611 373 1657 402 est
1681 370 1719 402 de
1743 370 1855 402 merito
1888 369 2046 407 absoluto,
2071 371 2126 402 sed
2150 370 2188 402 de
2217 371 2327 403 merito
2351 380 2420 403 con-

1474 422 1633 454 ditionum
1657 421 1786 454 adbuc⁸
1811 425 1872 454 stat
1895 422 2030 454 conditio
2050 428 2080 454 et
2104 423 2244 455 merendi
2270 423 2357 455 ratio.

1563 476 1592 506 2.
1618 474 1646 506 3.
1671 475 1715 507 Ad
1739 474 1818 507 illud
1835 475 1919 516 quod
1946 475 2106 514 obiicitur,
2127 476 2211 517 quod
2228 476 2421 509 conformant

1475 527 1667 559 voluntatem
1704 536 1794 559 suam
1826 526 1949 559 divinae
1985 536 2041 569 per
2080 527 2204 566 omnia3
2236 528 2420 568 dicendum,

1475 579 1576 620 quod,
1594 579 1673 611 sicut
1686 579 1761 612 dicit
1777 580 1977 621 Augustinus,
1998 580 2037 612 de
2054 580 2335 613 Praedestinatione
2352 581 2421 613 San·
2435 592 2483 615 uota

1476 631 1631 669 ctorum⁴,
1655 631 1739 673 quod
1762 641 1884 664 «orare
1908 631 2061 664 debemus
2085 641 2142 673 pro
2165 632 2421 673 praedestinatis,

1476 683 1549 725 quia
1573 683 1704 715 fortasse
1726 684 1948 725 praedestinati
1973 687 2060 723 sunt,
2084 688 2119 716 ut
2143 684 2257 716 nostris
2281 685 2422 717 orationi-

1476 736 1536 768 bus
1560 735 1819 772 concedantur»;
1843 740 1873 768 et
1897 735 1921 768 si
1939 740 2095 768 constaret
2118 736 2207 769 nobis
2224 737 2283 769 boc
2307 741 2421 778 totum,

1476 789 1560 830 quod
1585 792 1688 821 essent
1711 789 1846 830 praevisi
1871 789 1985 821 salvari
2010 789 2049 821 ad
2074 793 2197 822 nostras
2220 799 2329 831 preces
2338 803 2346 829 ;
2371 791 2423 823 de-

1477 841 1625 874 beremus
1648 841 1757 883 utique
1789 850 1846 882 pro
1877 841 1921 873 eis
1945 850 2074 882 rogare,
2099 845 2129 874 et
2156 842 2315 875 fructuose
2340 852 2423 885 roga-

1476 904 1602 933 remus,
1627 894 1700 936 quia
1724 894 1763 926 ad
1789 903 1897 935 preces
1921 897 2043 926 nostras
2067 894 2237 927 salvantur.
2263 895 2311 928 Sic
2339 895 2424 928 intel-

1476 947 1637 989 ligendum
1661 950 1708 979 est
1731 947 1762 978 in
1787 947 1922 985 Sanctis,
1947 947 2142 988 quivident,
2166 947 2250 988 quod
2275 948 2358 980 Deus
2375 948 2424 981 de-

1477 1000 1575 1032 crevit
1599 1008 1654 1031 nos
1683 999 1806 1031 salvare
1830 999 1869 1031 ad
1895 999 2034 1040 ipsorum
2067 1009 2194 1041 preces;
2218 999 2288 1032 ideo
2312 1000 2424 1032 instan-

1476 1053 1595 1085 tissime
1619 1056 1729 1093 rogant
1754 1056 1784 1084 et.
1808 1052 1976 1093 impetrant
1991 1052 2011 1083 ⁵.

1320 1177 1503 1218 QUAESTtO
1527 1177 1572 1208 ΠΙ.

1088 1272 1205 1303 Utrum
1232 1270 1308 1302 utile
1331 1270 1373 1302 sit
1396 1269 1489 1302 bobis
1512 1279 1633 1311 royare
1657 1270 1804 1301 Sanctos.

550 1385 653 1418 Tertio
678 1385 852 1426 quaeritur,
875 1388 982 1416 utrum
1009 1383 1085 1415 utile
1116 1383 1155 1415 sit
1187 1382 1276 1414 nobis
1301 1390 1412 1423 rogare

462 1440 597 1472 Sanctos.
624 1439 658 1470 Et
682 1437 766 1479 quod
790 1446 869 1475 non,
894 1436 1036 1468 videtur:

552 1493 578 1523 1.
604 1491 682 1532 Quia
706 1491 763 1522 iste
787 1489 839 1530 qui
864 1488 1058 1520 convertitur
1082 1488 1121 1520 ad
1147 1487 1321 1529 rogandum
1340 1487 1411 1518 San-

462 1549 543 1583 ctos,
568 1548 622 1576 aut
645 1547 691 1575 est
715 1543 836 1584 (Myrtus
859 1541 1023 1579 exaudiri,
1048 1544 1102 1572 aut
1126 1550 1200 1572 uon.
1226 1540 1255 1571 Si
1288 1545 1335 1572 est
1366 1540 1412 1571 dz'-

458 1607 564 1640 fflzus,
588 1596 680 1629 etiam
706 1596 771 1627 sine
792 1595 910 1626 Sanctis
934 1594 1143 1632 exaudietur3
1167 1594 1191 1625 si
1208 1603 1273 1624 non
1298 1596 1344 1625 est
1368 1592 1411 1624 di-

461 1659 555 1691 gnus,
580 1649 672 1681 etiam
698 1656 769 1680 cum
788 1646 906 1679 Sanctis
930 1655 990 1678 non
1008 1646 1209 1684 exaudietur,
1234 1654 1290 1677 nec
1307 1645 1409 1677 Sancti

460 1701 615 1743 rogabunt
640 1709 696 1742 pro
721 1699 803 1741 ipso:
829 1707 904 1739 ergo
928 1702 985 1730 etc.

549 1756 578 1786 Ξ).
604 1754 695 1791 ltem,
712 1752 811 1784 oratio
835 1755 882 1784 est
898 1751 1017 1793 species
1042 1751 1162 1783 latriae
1171 1763 1181 1788 ;
1199 1751 1253 1783 sed
1278 1763 1292 1779 «
1306 1750 1410 1782 latria

460 1810 507 1840 est
538 1807 642 1839 cultus
674 1805 731 1838 soli
756 1805 819 1836 Deo
851 1804 1000 1836 debitus⁶
1022 1816 1055 1835 »ε
1089 1813 1164 1845 ergo
1195 1803 1294 1835 oratio
1319 1803 1411 1835 debet

460 1860 527 1893 fieri
553 1859 608 1891 soli
634 1859 707 1891 Deo.
735 1877 778 1881 —
806 1857 843 1889 St
866 1857 978 1894 dieas,
1011 1857 1096 1898 quod
1121 1860 1167 1889 est
1199 1856 1318 1897 species
1349 1865 1411 1888 non

461 1916 582 1945 tantum
607 1910 745 1948 latriae,
762 1910 818 1942 sed
842 1909 935 1942 etiam
953 1909 1084 1947 (tulum,-
1108 1917 1182 1950 ergo
1200 1909 1224 1940 si
1246 1909 1345 1950 magis
1363 1909 1412 1941 de-

460 1966 573 1998 bemus
597 1964 753 1996 bonorare
777 1962 929 2001 maiores,
954 1962 1097 2000 videtur,
1123 1961 1207 2003 quod
1224 1961 1309 1993 male
1328 1960 1412 2003 facit

461 2017 514 2059 qui
539 2016 706 2049 instantius
731 2018 818 2056 rogat
842 2014 996 2052 minores3
1021 2017 1051 2046 et
1075 2014 1133 2046 hoc
1159 2013 1283 2045 videtur
1310 2013 1413 2045 sculct-

462 2070 528 2108 tia,
553 2069 626 2111 quia
652 2068 785 2100 maiores
809 2067 929 2105 Sancti,
952 2070 988 2098 ut
1012 2066 1103 2098 beata
1129 2066 1236 2107 Virgo,
1265 2065 1413 2107 potentio-

461 2131 512 2155 res
536 2125 609 2154 sunt
633 2121 663 2152 in
688 2123 857 2161 conspectu
880 2119 944 2151 Dei.

551 2174 579 2207 3.
606 2174 697 2212 ltem,
722 2173 806 2205 Deus
829 2176 876 2204 est
900 2172 989 2204 nobis
1014 2171 1247 2204 misericordior
1271 2175 1302 2203 et
1326 2180 1412 2212 prae-

461 2228 578 2261 sentior
614 2235 707 2268 quam
747 2225 861 2266 aliquis
897 2225 1050 2261 Sanctus;
1086 2224 1140 2256 sed
1180 2224 1297 2256 stultus
1332 2227 1414 2256 esset

461 2281 514 2323 qui
547 2283 649 2322 posset
674 2279 761 2311 adire
786 2286 890 2319 regem
921 2281 951 2309 et
984 2277 1138 2308 inveniret
1162 2286 1233 2308 eum
1257 2276 1413 2317 benignio-

460 2343 527 2367 rem
545 2342 640 2375 quam
664 2331 854 2373 principem,
872 2330 936 2372 qui,
953 2330 1060 2362 relicto
1085 2338 1168 2371 rege,
1185 2329 1285 2361 adiret
1302 2330 1414 2371 princi-

460 2395 545 2429 pem:
571 2395 645 2426 ergo
670 2389 727 2416 etc.

549 2440 579 2471 lt.
604 2439 696 2476 Item,
725 2436 826 2469 Sancti
852 2440 925 2468 sunt
949 2436 1038 2468 nobis
1069 2436 1214 2468 absentes
1224 2447 1232 2473 3
1256 2435 1310 2467 sed
1340 2435 1415 2467 stul-

462 2496 512 2524 tus
536 2495 582 2524 est
606 2490 660 2532 qui
685 2489 804 2522 absenti
829 2488 982 2530 loquitur:
1008 2496 1083 2529 ergo
1107 2487 1223 2520 stultus
1247 2493 1294 2520 est
1317 2487 1370 2529 qui
1396 2496 1413 2518 a

462 2544 580 2577 Sanctis
604 2543 722 2585 aliquid
748 2542 833 2583 petit.
859 2542 956 2573 Forte
979 2540 1084 2578 (lices,
1110 2540 1193 2582 quod
1223 2540 1281 2582 ipsi
1308 2540 1413 2572 vident

462 2598 493 2630 in
518 2598 599 2635 De0;
623 2600 756 2628 contra:
782 2594 886 2636 Angeli
918 2597 1043 2635 portant
1074 2593 1238 2635 petitiones
1253 2593 1281 2631 7;
1307 2593 1362 2625 sed
1387 2593 1412 2625 si

461 2651 604 2683 lucerent
628 2650 657 2681 in
682 2648 799 2687 Verbo,
823 2647 940 2679 frustra
964 2650 1142 2689 portarent:
1169 2655 1243 2687 ergo
1267 2650 1324 2678 etc.

550 2702 693 2735 CONTRA:
714 2702 741 2732 1.
766 2700 826 2732 Nos
843 2700 996 2732 debemus
1020 2700 1147 2731 Sanctos
1165 2699 1216 2731 Dei
1244 2699 1413 2737 bonorare3

462 2756 516 2789 sed
540 2755 593 2797 qui
618 2758 687 2787 orat
710 2754 847 2796 aliquem
876 2753 980 2794 ipsum
1006 2752 1153 2784 honorat:
1179 2760 1253 2793 ergo
1278 2755 1334 2783 etc.

1565 1382 1594 1412 Ξ).
1619 1381 1712 1419 Item,
1730 1381 1802 1422 plus
1827 1384 1957 1422 possunt
1974 1380 2075 1413 Sancti
2101 1381 2129 1412 in
2148 1381 2236 1413 curia
2258 1381 2313 1414 Dei
2330 1391 2423 1424 quam

1475 1432 1570 1474 aliqui
1596 1433 1753 1474 principes
1778 1433 1808 1464 in
1834 1432 1921 1464 curia
1953 1433 2053 1474 regis;
2079 1433 2132 1465 sed
2165 1434 2334 1475 sapientiae
2362 1438 2424 1474 est,

1476 1485 1630 1517 volentem
1650 1485 1660 1500 Β
1686 1486 1855 1527 impetrare
1880 1486 1910 1517 in
1935 1486 2023 1518 curia
2051 1486 2133 1526 regis
2158 1486 2319 1528 deprecari
2344 1488 2425 1528 prin-

1476 1538 1576 1580 cipes:
1605 1546 1680 1579 ergo
1708 1542 1764 1570 etc.

1565 1590 1592 1622 3.
1618 1591 1709 1629 Item,
1735 1591 1792 1622 boc
1816 1591 1889 1623 facit
1912 1591 2120 1623 communiter
2139 1591 2287 1629 Ecclesia3
2312 1595 2342 1624 et
2359 1601 2425 1624 con—

1476 1647 1553 1683 stat,
1577 1644 1660 1685 quod
1686 1652 1746 1675 non
1771 1647 1872 1676 errat:
1898 1652 1973 1685 ergo
1996 1648 2054 1676 etc.

1831 1740 2067 1764 CONCLUSIO.

1594 1820 1679 1851 Deus
1703 1820 1844 1852 decrevit
1867 1823 1896 1851 ec
1918 1819 2038 1857 voluit,
2063 1819 2150 1862 quod
2173 1820 2311 1852 Sanctos

1850 1881 2058 1914 rogaremus.

1566 1961 1764 1997 Ruspououo:
1790 1960 1978 1999 Dicendum,
2011 1960 2094 2001 quod
2119 1960 2203 1993 Deus
2227 1960 2365 1993 decrevit
2394 1963 2424 1993 et
2436 1969 2483 1991 eone

1479 2013 1593 2051 voluit,
1619 2014 1702 2055 quod
1727 2014 1854 2045 Sanctos
1886 2022 2087 2054 rogaremus,
2114 2013 2225 2054 triplici
2250 2022 2291 2045 ex
2313 2023 2424 2053 causa,

1477 2066 1594 2098 scilicet
1617 2071 1746 2107 propter
1771 2070 1918 2097 nostram
1943 2065 2110 2107 inopiam,
2136 2065 2336 2098 Sanctorum
2362 2066 2425 2108 9ίο-

1477 2119 1568 2150 riam
1593 2122 1622 2151 et
1648 2118 1707 2150 Dez'
1736 2118 1962 2150 reverentiam.
1991 2138 2034 2142 —
2061 2119 2190 2160 Propter
2215 2119 2363 2160 inopium
2393 2119 2423 2152 in
2437 2127 2482 2148 σευ-ε

1477 2171 1648 2208 merendo,
1673 2174 1708 2203 ut
1727 2171 1781 2203 ubi
1799 2175 1905 2203 nostra
1929 2180 1990 2203 non
2008 2174 2210 2213 suppeterent
2234 2172 2360 2210 merita,
2376 2181 2425 2213 pa-

1479 2224 1672 2256 trocinentur
1688 2223 1803 2261 aliena;
1822 2228 1949 2265 propter
1968 2224 2103 2265 inopiam
2121 2224 2151 2255 in
2169 2224 2423 2266 contemplando,

1478 2276 1582 2318 utqui
1607 2285 1666 2308 non
1686 2285 1853 2317 possumus
1870 2285 2027 2308 summam
2046 2276 2145 2308 lucem
2168 2277 2307 2317 aspicere
2332 2277 2362 2309 in
2379 2286 2425 2315 se,

1478 2329 1667 2371 aspiciamus
1691 2329 1720 2361 in
1739 2329 1876 2367 Sanctis;
1902 2333 2029 2370 propter
2053 2329 2189 2370 inopiam
2208 2329 2237 2361 in
2265 2329 2425 2367 amando,

1478 2383 1552 2424 quia
1578 2382 1671 2414 miser
1694 2382 1787 2414 bomo
1811 2391 1844 2414 se
1870 2381 1968 2423 magis
1997 2382 2090 2414 sentit
2114 2381 2194 2414 affici
2220 2382 2302 2414 circa
2326 2390 2422 2414 unum

1478 2436 1624 2466 Sanctum
1651 2443 1745 2476 quam
1770 2434 1864 2466 etiam
1893 2434 1976 2466 circa
1999 2434 2109 2466 Deum.
2143 2434 2213 2466 ldeo
2245 2442 2424 2475 compassus

1477 2491 1611 2519 vostrae
1634 2487 1764 2528 inopiae
1796 2487 1910 2525 voluit,
1936 2496 1991 2518 nos
2024 2495 2134 2528 togare
2159 2487 2294 2519 Sanctos.
2321 2506 2362 2510 —
2386 2487 2423 2519 Ac
2435 2493 2483 2525 Δρ

1478 2549 1534 2582 per
1560 2541 1617 2572 boc
1642 2544 1726 2581 patet
1750 2539 1905 2581 primum:
1938 2539 2011 2580 quia
2036 2539 2087 2571 ille
2111 2539 2164 2581 qui
2189 2544 2260 2572 ante
2291 2543 2357 2572 erat
2385 2539 2425 2571 in-

1478 2595 1609 2636 dignus,
1628 2597 1716 2635 rogat
1739 2593 1879 2631 Sanctos,
1897 2597 1932 2625 ut
1952 2601 2062 2625 eorum
2080 2593 2252 2634 patrocinio
2275 2593 2425 2626 efficiatur

1479 2646 1593 2687 dignus
1607 2645 1628 2676 ⁹.

1568 2697 1720 2729 Secunda,
1756 2706 1850 2729 causa
1885 2701 1932 2729 est
1966 2697 2166 2729 Sanctorum
2199 2697 2329 2739 ylorz'a:
2354 2697 2425 2739 quia
2437 2703 2482 2725 eant

1480 2751 1563 2783 Deus
1598 2750 1666 2782 vult
1701 2750 1828 2782 Sanctos
1863 2759 1937 2782 suos
1974 2749 2164 2791 glorificare,
2197 2750 2265 2782 vult
2288 2759 2344 2792 per
2374 2758 2424 2782 eos

533 2932 540 2948 ¹
561 2932 676 2963 Sallust,
696 2931 801 2956 Catilina
821 2938 842 2955 c.
863 2931 911 2955 ‘202
930 2930 994 2955 Nam
1014 2930 1082 2954 idem
1102 2930 1168 2954 velle
1188 2932 1266 2961 atque
1286 2929 1365 2960 nolle,
1385 2936 1415 2954 ea

462 2976 568 3001 demum
580 2976 652 3000 firma
666 2975 775 3000 amicitia
789 2977 834 2999 est.
848 2988 883 2992 —
894 2974 941 2999 Pro
954 2973 1041 3000 Multa
1055 2972 1133 2998 etiam
1147 2973 1222 2998 codd.
1237 2973 1323 2998 Multa
1336 2972 1414 2998 enim.

532 3020 543 3036 ‘³
563 3019 643 3044 Codd.
664 3021 683 3043 Α
695 3019 742 3043 FG
755 3019 771 3042 L
784 3019 799 3042 P
812 3018 833 3050 Q
852 3017 898 3043 istc
918 3017 1058 3043 obtineret.
1079 3017 1153 3042 codd.
1176 3018 1192 3041 E
1205 3018 1209 3041 l
1222 3018 1243 3042 K
1262 3016 1334 3042 istud
1351 3016 1416 3042 obti-

463 3065 569 3095 nerent,
593 3064 648 3088 Vat.
669 3062 718 3088 ista
738 3061 896 3094 obtinerent,
920 3063 1016 3087 omisso
1035 3060 1088 3087 sed.
1104 3061 1219 3086 Subinde
1233 3068 1280 3092 pro
1293 3060 1415 3093 impetra-

462 3109 521 3133 rent
540 3114 570 3132 ex
590 3107 664 3131 codd.
686 3107 704 3130 Α
717 3107 736 3131 G
748 3107 769 3130 K
781 3106 799 3131 N
812 3106 831 3130 Y
843 3113 872 3130 aa
893 3105 1073 3131 substituimus
1091 3104 1275 3137 implorarent.

532 3151 544 3168 3
563 3150 625 3176 Cod.
647 3151 662 3175 S
682 3149 727 3175 secl
745 3156 799 3175 non
819 3149 849 3175 (Ie
869 3149 1062 3180 condemnato,
1084 3150 1108 3174 et
1126 3148 1182 3175 ideo
1203 3148 1298 3174 adhuc.

534 3194 544 3210 ⁴¹
563 3194 640 3219 Libro
655 3194 687 3225 tl,
704 3195 748 3226 qui
762 3193 794 3218 (le
808 3193 880 3218 Dono
895 3194 1102 3225 perseverantiae
1117 3193 1223 3223 dicitur,
1238 3200 1258 3217 c.
1274 3193 1315 3217 22.
1330 3199 1353 3217 n.
1368 3192 1414 3216 60:

464 3238 585 3263 Fortassis
598 3238 666 3262 onim
681 3238 717 3262 sic
728 3237 909 3268 praedestinati
920 3240 992 3268 sunt,
1008 3239 1035 3261 ut
1049 3237 1141 3261 nostris
1155 3236 1314 3261 orationibus
1327 3242 1415 3261 concc-

464 3282 555 3307 dantur
569 3286 592 3307 et
606 3282 730 3313 accipiant
742 3281 852 3307 eundem
873 3282 996 3313 gratiam,
1019 3288 1068 3313 qua
1089 3281 1169 3306 velint
1182 3284 1258 3313 atquc
1272 3281 1415 3305 efficiantur

464 3326 544 3350 electi.
566 3340 598 3343 —
619 3326 666 3351 Pro
686 3325 866 3352 concedantur
885 3325 944 3350 edd.
969 3324 1169 3358 confirmentur.
1195 3325 1300 3349 interius
1326 3331 1373 3356 pro
1392 3325 1416 3349 et

463 3367 613 3400 fructuose,
635 3369 705 3400 quod
725 3369 850 3400 praebent
868 3369 943 3394 codd.
965 3369 981 3392 L
994 3368 1027 3400 U,
1050 3368 1106 3393 cod.
1128 3368 1144 3392 F
1163 3374 1210 3393 nec
1232 3367 1411 3400 infructuose,

465 3411 505 3435 alii
525 3411 600 3436 codd.
621 3414 645 3436 ct
663 3412 722 3436 edd.
743 3413 773 3437 ut
789 3411 933 3444 fructuose.

1550 2928 1561 2944 ⁵
1580 2927 1629 2953 Ctr.
1650 2928 1690 2952 bic
1709 2927 1743 2952 lit.
1764 2927 1888 2959 Magistri,
1910 2934 1932 2952 c.
1956 2927 1979 2951 6.
2009 2928 2075 2952 circa
2105 2927 2190 2952 finem.
2210 2941 2244 2945 —
2264 2927 2329 2952 Vide
2356 2927 2423 2952 sebo-

1480 2974 1528 2998 lion
1549 2972 1581 2997 ad
1603 2971 1799 3003 praecedentem
1821 2975 1919 3003 quaest.

1550 3015 1561 3031 6
1580 3015 1728 3040 Secundum
1748 3016 1869 3046 August,
1892 3015 1923 3039 X.
1945 3015 1976 3040 de
1995 3014 2049 3040 Civ.
2070 3015 2127 3045 Dei,
2149 3022 2169 3040 c.
2192 3016 2213 3040 l.
2235 3022 2257 3039 n.
2279 3016 2301 3040 ⁶2.
2322 3014 2370 3040 Csr.
2390 3013 2422 3038 ΙΙΙ.

1480 3060 1547 3084 Sem.
1569 3059 1592 3084 d.
1613 3061 1636 3084 9.
1656 3066 1678 3083 a.
1700 3059 1723 3083 2.
1744 3066 1767 3090 q.
1790 3059 1813 3083 ·1.
1833 3066 1919 3091 seqq,
1940 3058 1984 3084 ubi
2008 3060 2085 3083 etiam
2111 3059 2143 3083 de
2168 3058 2250 3084 dulia.
2275 3073 2310 3077 —
2335 3057 2422 3083 Verbis

1479 3102 1511 3129 St
1528 3102 1600 3128 dicas
1620 3103 1707 3134 plures
1725 3102 1799 3127 codd.
1820 3105 1845 3127 et
1864 3102 1904 3127 cd.
1933 3103 1938 3126 l
1970 3102 2115 3133 praefigunt
2140 3103 2212 3127 Item.
2239 3101 2353 3127 Subinde
2377 3107 2421 3132 pro

1479 3147 1616 3179 debemus,
1638 3147 1708 3179 quod
1728 3148 1752 3171 in
1773 3146 1890 3178 pluribus
1916 3146 1992 3171 codd.
2019 3146 2194 3178 desideratur,
2215 3146 2327 3172 nonnulli
2347 3143 2419 3170 codd.

1479 3191 1564 3223 debet,
1587 3195 1611 3217 ot
1630 3199 1676 3223 pro
1697 3191 1831 3217 bonorare
1850 3191 1907 3216 cod.
1928 3191 1945 3215 L
1966 3197 2053 3216 orare.
2477 3215 2478 3218 ,

1549 3235 1560 3252 ⁷
1580 3235 1645 3260 Tob.
1671 3236 1712 3267 12,
1738 3236 1774 3260 1⁶2.
1795 3235 1855 3260 dicit
1875 3235 2003 3266 Rapbael:
2022 3235 2075 3266 Ego
2096 3235 2176 3260 obtuli
2196 3235 2335 3260 orationem
2355 3235 2420 3258 tuam
2476 3232 2478 3260 l

1480 3280 1596 3305 Domino.
1618 3294 1651 3297 —-
1672 3280 1718 3305 Pro
1739 3278 1855 3305 lucerent
1873 3279 1930 3304 cod.
1951 3279 1967 3302 F
1987 3278 2111 3305 viderent.

1550 3323 1560 3339 8
1580 3324 1627 3348 Pro
1646 3323 1776 3349 volentem
1796 3323 1851 3348 cod.
1873 3322 1893 3347 O
1912 3322 1995 3348 alicui
2012 3322 2116 3348 volenti.

1550 3367 1560 3383 ⁹
1582 3367 1636 3392 Vat.
1656 3366 1781 3400 indiyuus
1807 3366 1837 3392 de
1863 3373 1897 3398 se,
1919 3366 2039 3399 royamlo
2066 3365 2155 3399 [etiam
2181 3366 2221 3390 alii
2247 3364 2331 3395 codd,
2356 3367 2420 3388 exce·

1480 3414 1524 3442 pto
1548 3412 1580 3442 A,
1603 3410 1738 3444 roqcmdo]
1758 3410 1879 3442 Sanctus,
1898 3416 1991 3436 eorum
2007 3408 2156 3443 patrocinio
2176 3407 2288 3442 efficitur
2304 3405 2403 3440 diqnus.
2475 3407 2476 3440 t
