2483 3882
278 1555 432 1578 Fundamenta.

287 2719 321 2740 Aa
335 2719 418 2745 opposi-

325 2747 377 2766 tum.

441 235 504 268 838

1199 228 1482 261 SENTENTIARUM
1505 227 1572 260 LIB.
1598 228 1644 261 lv.

1253 399 1517 438 ARTICULUS
1546 400 1588 438 ΙΙ.

928 502 972 534 De
996 502 1193 544 disparitate
1216 501 1324 533 cultus
1348 501 1458 544 quoad
1482 500 1691 533 matrimonii
1712 500 1915 533 solutionem.

528 616 760 657 consequenter
776 617 930 656 quantum
954 613 993 645 ad
1018 612 1192 645 secundum
1218 611 1388 645 articulum

440 669 604 712 quaeritur
627 668 666 701 de
690 667 872 708 disparitate
903 665 1008 698 cultus
1036 674 1092 707 per
1124 664 1389 706 comparationem

439 722 479 754 ad
503 720 694 754 matrimonii
716 719 925 757 solutionem;
949 721 980 751 et
1003 718 1085 750 circa
1108 718 1167 750 hoc
1192 720 1390 759 quaeruntur

439 779 584 818 quatuor.

528 827 631 859 Primo
644 825 818 868 quaeritur,
831 828 951 863 utrum,
964 824 1062 856 altero
1075 823 1218 856 veniente
1231 823 1271 855 ad
1285 822 1389 861 fidem,

439 880 538 913 altero
560 882 743 912 remanente
775 878 806 910 in
834 877 1034 916 infidelitate,
1060 876 1201 910 solvatur
1233 875 1392 907 matrimo-

438 934 526 966 nium
552 936 705 975 quantum
729 931 769 964 ad
793 931 929 963 fidelem.

1542 612 1701 651 Secundo,
1722 615 1830 644 utrum
1849 612 1989 644 solvatur
2006 615 2159 654 quantum
2177 612 2216 644 ad
2234 612 2402 645 infidelem.

1542 665 1664 703 Tertio,
1681 668 1790 697 utrum
1815 664 1965 703 solvatur,
1983 673 2056 697 cum
2080 665 2159 697 alter
2183 665 2351 707 coniugum
2368 666 2404 698 fit

1455 717 1599 750 infidelis.

1543 770 1678 811 Quarto,
1702 772 1830 808 utrum,
1854 773 1988 811 utroque
2006 770 2147 802 veniente
2164 770 2201 802 ad
2220 770 2331 809 fidem,
2348 771 2405 803 sol-

1456 827 1547 855 vatur
1572 821 1807 854 matrimonium
1840 825 1968 864 propter
1999 831 2207 864 personarum
2239 823 2404 864 illegitimi-

1455 879 1560 908 tatem.

1312 1061 1495 1103 QUAEsrio
1519 1061 1540 1093 i.

689 1163 824 1199 Utrum,
849 1161 952 1193 altero
977 1160 1158 1202 infidelium
1183 1159 1326 1191 veniente
1349 1159 1396 1191 acl
1416 1158 1533 1201 sidem,
1558 1158 1661 1190 altero
1685 1163 1872 1191 remanente
1895 1159 1931 1191 in
1955 1159 2164 1200 infidelitate,

1063 1217 1213 1250 solvatur
1234 1216 1488 1248 matrimonium
1513 1216 1624 1259 quoarl
1646 1215 1781 1257 fidelem.

528 1333 685 1374 Quantum
718 1340 792 1372 ergo
827 1330 867 1362 ad
898 1329 1037 1371 primum
1071 1329 1114 1361 sic
1145 1328 1328 1370 proceditur
1360 1331 1390 1359 et

438 1386 623 1423 ostenditur,
640 1384 723 1426 quod
749 1383 983 1415 matrimonium
1011 1381 1151 1414 solvatur
1172 1384 1324 1422 quantum
1350 1381 1390 1412 ad

437 1441 673 1480 permanentem
698 1437 728 1468 in
754 1436 824 1468 tide.

529 1492 555 1523 l.
581 1490 701 1522 Primae
725 1489 764 1521 ad
789 1488 965 1521 Corinthios
982 1487 1152 1529 septimo¹z
1173 1487 1298 1527 Quodsi
1320 1486 1391 1527 infi-

439 1544 518 1576 delis
535 1542 682 1580 discedit,
699 1542 856 1579 discedat,
874 1551 938 1573 non
959 1541 1043 1573 enim
1061 1544 1106 1572 est
1121 1539 1275 1571 servituti
1289 1539 1391 1571 subie-

437 1601 509 1629 ctus
535 1595 645 1638 frater
677 1599 737 1627 aut
761 1604 858 1626 soror
886 1594 920 1625 in
945 1592 1144 1625 huiusmodi.
1170 1593 1270 1634 Super
1295 1601 1389 1634 quem

435 1650 538 1682 locum
560 1649 634 1681 dicit
651 1647 848 1680 Ambrosius:
873 1646 1095 1678 «Contumelia
1117 1645 1273 1677 Creatoris
1298 1645 1390 1677 solvit

434 1703 668 1735 matrimonium
689 1702 717 1733 in
736 1710 771 1734 eo
788 1700 840 1742 qui
860 1699 1066 1741 relinquitur,
1092 1708 1130 1731 ne
1154 1702 1320 1731 accusetur
1337 1698 1390 1729 alii

435 1755 600 1797 copulatus
617 1767 647 1786 υ.

524 1809 553 1839 9.
577 1808 670 1843 ἰῐθη],
697 1806 930 1838 matrimonium
956 1814 1017 1836 non
1042 1807 1088 1836 est
1113 1807 1221 1835 ratum
1246 1804 1312 1836 sine
1338 1803 1390 1835 Sa-

435 1863 595 1893 cramento
628 1859 795 1900 baptismi3
825 1858 878 1890 sed
904 1858 988 1899 quod
1013 1866 1073 1889 non
1099 1860 1146 1889 est
1169 1860 1274 1888 ratum
1300 1855 1391 1888 solvi-

434 1918 487 1946 tur
510 1922 566 1955 per
590 1912 825 1944 fornicationem
856 1911 1073 1952 corporalem:
1098 1919 1173 1951 ergo
1197 1913 1227 1941 et
1250 1918 1307 1951 per
1331 1909 1390 1940 t'or-

434 1967 619 1999 nicationem
653 1965 859 2007 spiritualem.
889 1964 978 2005 Quod
1003 1966 1109 1995 autem
1136 1965 1236 1994 ratum
1263 1962 1302 1994 sit
1334 1971 1389 2003 per

434 2021 626 2062 baptismum
638 2045 645 2058 ,
670 2022 754 2060 patet
778 2027 834 2060 per
851 2017 1079 2055 Innocentium,
1097 2016 1210 2054 Extra,
1228 2015 1266 2047 de
1284 2015 1390 2047 Divor-

434 2073 529 2112 tiis²,
556 2073 685 2113 Quanto
711 2077 738 2104 te
761 2071 936 2103 novimus:
960 2071 1248 2107 «Sacramentum,
1274 2069 1388 2110 inquit,

434 2126 598 2168 baptismi,
623 2125 707 2167 quod
732 2124 829 2157 semet
861 2127 907 2157 est
939 2123 1131 2161 admissum,
1164 2125 1268 2154 ratum
1294 2121 1388 2154 efficit

434 2179 567 2221 coniugii
593 2179 829 2211 Sacramentum
847 2190 876 2208 n.

523 2231 551 2263 3.
577 2232 672 2269 Item,
698 2231 811 2263 mulier
835 2239 896 2262 non
930 2233 1031 2271 potest
1062 2228 1231 2270 prohibere
1264 2228 1388 2267 virum,

433 2289 468 2317 ut
492 2294 553 2316 non
583 2287 785 2316 convertatur
809 2283 846 2315 ad
874 2283 990 2315 fidem:
1016 2291 1091 2323 ergo
1116 2281 1141 2313 si
1167 2290 1227 2313 non
1252 2280 1320 2312 vult
1345 2289 1387 2312 se-

433 2338 486 2380 qui
519 2337 569 2369 vel
601 2337 799 2375 cohabitare,
823 2345 883 2368 non
918 2339 1018 2378 potest
1047 2334 1233 2376 prohibere,
1258 2337 1293 2366 ut
1327 2343 1387 2365 non

433 2391 614 2429 contrabat,
639 2399 711 2421 cum
737 2389 785 2420 vir
809 2389 848 2421 ad
873 2389 1095 2421 continentiam
1119 2396 1180 2419 non
1205 2390 1359 2419 teneatur.

521 2443 551 2474 li.
575 2443 668 2479 Item,
693 2442 805 2474 fortius
827 2441 990 2474 vinculum
1013 2440 1104 2472 solvit
1120 2440 1243 2477 minus,
1261 2439 1314 2471 ubi
1335 2439 1388 2471 mi-

432 2504 493 2528 nus
525 2498 697 2537 repugnat3
729 2495 783 2527 sed
807 2495 927 2527 fortiori
955 2493 1080 2525 vinculo
1106 2496 1229 2525 tenetur
1254 2491 1388 2533 baptiza-

432 2553 483 2581 tus
506 2549 570 2580 Deo
602 2558 694 2590 quam
720 2548 814 2579 uxori
839 2547 978 2579 infideli:
1005 2555 1080 2588 ergo
1105 2546 1159 2578 ubi
1184 2545 1299 2577 mulier
1325 2554 1386 2576 non

432 2601 600 2633 concordat
624 2601 683 2639 eiss,
709 2601 841 2633 solvitur
867 2600 1029 2631 vinculum
1054 2600 1093 2631 ab
1120 2600 1195 2640 ipsa.

521 2654 667 2686 CONTRA:
696 2655 722 2685 t.
748 2654 868 2685 Primae
893 2653 930 2685 ad
957 2652 1134 2684 Corinthios
1151 2651 1330 2693 septimo⁴:
1352 2651 1390 2683 Si

434 2706 507 2749 quis
523 2707 576 2737 vir
594 2705 689 2738 habet
705 2705 866 2747 infidelem
890 2715 1040 2743 uxorem,
1058 2714 1123 2736 non
1140 2704 1286 2736 (limittat
1302 2713 1386 2741 cam,

433 2759 464 2790 si
487 2759 644 2791 consentit
667 2757 878 2790 cohabitare:
904 2767 978 2799 ergo
1005 2757 1240 2788 matrimonium
1266 2760 1312 2788 est
1336 2756 1387 2788 atl-

432 2812 495 2844 huc
521 2812 601 2843 inter
625 2820 693 2843 eos:
719 2820 793 2852 ergo
818 2820 873 2843 nec
898 2810 1060 2842 vinculum
1093 2809 1235 2848 solvitur,
1261 2818 1316 2841 nec
1341 2818 1387 2841 co-

432 2865 583 2896 habitatio
608 2864 777 2903 dividitur,
802 2864 900 2896 altero
925 2872 1085 2895 converso.

522 2918 550 2949 02.
575 2916 665 2953 Item,
684 2916 919 2948 matrimonium
937 2918 1191 2948 consummatum
1209 2923 1265 2955 per
1282 2914 1385 2946 carnis

1456 1327 1710 1360 commixtionem
1734 1327 1888 1369 significat
1904 1328 2051 1360 unionem
2069 1332 2255 1361 naturarum
2274 1329 2302 1361 in
2321 1329 2407 1362 Chri-

1456 1381 1546 1419 sto⁵;
1571 1380 1625 1412 sed
1650 1380 1703 1412 illa
1734 1384 1781 1413 est
1812 1380 1939 1412 omnino
1964 1381 2159 1414 insolubilis:
2186 1391 2260 1423 ergo
2285 1386 2314 1414 et
2346 1383 2407 1415 tale

1456 1433 1690 1465 matrimonium
1706 1445 1712 1464 :
1738 1442 1812 1475 ergo
1829 1434 1854 1465 si
1872 1434 2038 1466 carnaliter
2056 1438 2129 1466 sunt
2153 1435 2329 1474 commixti,
2348 1436 2407 1468 tale

1456 1485 1617 1518 vinculum
1643 1495 1703 1518 non
1728 1489 1829 1527 potest
1853 1486 1941 1519 solvi.

1545 1538 1574 1570 3.
1599 1539 1691 1575 item,
1716 1539 1799 1580 quod
1832 1542 1953 1571 rectum
1979 1543 2025 1571 est
2052 1548 2106 1581 per
2131 1540 2202 1572 fidei
2229 1541 2408 1574 Sacramen-

1458 1596 1523 1624 tum
1548 1601 1609 1624 non
1632 1592 1820 1631 infirmatur,
1838 1593 1892 1625 sed
1918 1593 2123 1626 confirmatur
2133 1602 2145 1632 3'
2159 1594 2213 1626 sed
2231 1594 2311 1626 inter
2329 1595 2408 1627 duos

1455 1645 1597 1677 infideles
1622 1650 1705 1678 recte
1730 1649 1924 1678 contractum
1949 1649 1996 1678 est
2021 1647 2272 1679 matrimonium:
2291 1656 2365 1689 ergo
2382 1648 2407 1680 si

1456 1707 1618 1740 nunquam
1655 1699 1851 1737 infirmatur7
1885 1700 1909 1731 si
1942 1699 2109 1740 persistant
2142 1700 2170 1731 in
2207 1699 2407 1739 infidelitate,

1455 1752 1535 1784 nec⁶
1558 1751 1583 1784 si
1608 1751 1687 1784 alter
1711 1752 1815 1784 veniat
1839 1752 1879 1784 ad
1904 1752 2010 1784 fidem.

1544 1805 1573 1836 li.
1599 1805 1692 1843 ltem,
1717 1805 1741 1837 si
1766 1805 1844 1837 alter
1869 1805 2037 1846 coniugum
2054 1809 2201 1845 ,transeat
2225 1806 2263 1837 ad
2281 1806 2403 1847 frugem

1457 1857 1595 1889 melioris
1620 1858 1717 1896 vitae,
1742 1861 1850 1899 utpote
1875 1857 1913 1889 ad
1947 1858 2147 1899 religionem,
2180 1867 2240 1890 non
2274 1858 2406 1890 solvitur

1455 1910 1691 1941 matrimonium
1717 1914 1969 1942 consummatum
1986 1910 2016 1942 ⁷:
2050 1919 2124 1952 ergo
2156 1919 2213 1943 nec
2246 1911 2270 1943 si
2295 1911 2407 1943 transit

1455 1963 1494 1994 atl
1517 1963 1623 1995 fidem.

1809 2077 2047 2101 CONCLUSIO.

1456 2174 1493 2206 St
1523 2174 1557 2206 in
1588 2174 1802 2206 matrimonio
1837 2174 2019 2215 infidelium
2055 2184 2125 2206 una
2162 2178 2289 2206 tantum
2323 2183 2406 2216 pars

1544 2227 1746 2259 conuertitur
1778 2227 1824 2259 acl
1853 2227 1962 2268 fidem,
1987 2226 2066 2259 haee
2090 2227 2252 2259 libe-ratur
2277 2227 2318 2259 ab
2343 2226 2407 2270 offi-

1544 2280 1593 2312 cio
1610 2278 1862 2312 cohabitationis
1879 2283 1908 2311 et
1925 2279 2024 2312 debiti
2039 2280 2194 2318 Solvendi,
2213 2280 2312 2312 immo
2331 2284 2407 2312 tune

1543 2332 1584 2364 ab
1609 2333 1679 2374 ipso
1703 2332 1834 2364 vinculo
1858 2332 2083 2371 matrimonii,
2108 2333 2240 2375 quando
2265 2332 2405 2374 infidelis

1543 2395 1608 2417 non
1624 2385 1695 2417 vult
1714 2384 1903 2417 cohabitare
1919 2385 1989 2417 sine
2005 2386 2202 2418 contumelia
2230 2386 2405 2418 Grecttoris.

1543 2492 1745 2523 Responnno:
1772 2491 1962 2530 Dicendum,
1987 2492 2073 2533 quod
2106 2491 2262 2534 loquendo
2291 2492 2330 2524 de
2362 2501 2406 2524 so-

1454 2545 1571 2577 lutione
1596 2548 1749 2586 quantum
1773 2545 1812 2577 acl
1838 2543 2110 2576 cohabitationem
2127 2549 2157 2577 et
2173 2550 2326 2577 mutuam
2342 2555 2405 2577 ser·
2419 2550 2483 2571 Couch

1452 2597 1602 2635 vitutem,
1628 2597 1686 2629 hoc
1709 2600 1756 2629 est
1784 2597 1812 2628 in
1847 2601 1997 2639 potestate
2023 2597 2145 2636 fidelis3
2170 2598 2224 2630 sed
2249 2597 2404 2640 loquendo

1454 2651 1492 2683 de
1517 2650 1669 2683 solutione
1693 2654 1847 2692 quantum
1864 2650 1903 2682 ad
1921 2650 2105 2692 ruptionem
2131 2651 2274 2689 vinculi,
2300 2651 2483 2696 distin-Distu

1452 2703 1614 2744 guendum
1639 2706 1705 2735 est:
1724 2703 1871 2744 quoniam
1890 2702 2025 2735 infidelis
2042 2707 2096 2735 aut
2112 2703 2181 2735 vult
2197 2702 2403 2742 cohabitare,

1452 2759 1507 2787 aut
1522 2765 1597 2786 non.
1615 2755 1644 2786 Si
1661 2754 1731 2786 vult
1754 2753 1961 2793 cohabitare,
1979 2758 2033 2787 aut
2050 2765 2125 2787 eum
2142 2756 2338 2798 blasphemia
2354 2765 2405 2788 no-

1453 2809 1545 2840 minis
1569 2808 1701 2845 Christi,
1718 2812 1773 2840 aut
1788 2808 1878 2845 sine;
1896 2808 1919 2839 si
1937 2808 2026 2846 sine,
2044 2813 2099 2840 aut
2115 2812 2151 2841 ut
2163 2808 2341 2850 pertrahat
2364 2809 2404 2841 ad

1453 2861 1678 2899 infidelitatem,
1695 2864 1750 2892 aut
1765 2870 1839 2892 non.
1857 2880 1900 2883 —-
1916 2861 1945 2892 Si
1962 2861 2031 2892 vult
2047 2861 2226 2894 cohabitare
2244 2862 2310 2894 sine
2327 2862 2405 2894 hlas-

1453 2914 1579 2955 phemia
1608 2913 1742 2945 nominis
1773 2913 1904 2952 Christi,
1929 2917 1959 2946 et
1983 2914 2025 2945 ita
2049 2914 2132 2956 quod
2157 2923 2218 2946 non
2242 2914 2404 2956 pertrahat

504 3098 512 3114 1
534 3099 607 3124 Vers.
629 3098 669 3124 15.
690 3112 722 3116 —
742 3098 829 3123 Verba
849 3098 980 3123 Ambrosii
1007 3100 1093 3123 sumta
1113 3101 1172 3122 sunt
1191 3104 1221 3122 ex
1241 3096 1384 3122 Comment.

433 3143 457 3167 in
478 3143 548 3167 hunc
570 3143 616 3167 loc.
637 3142 697 3167 olim
718 3142 855 3167 Ambrosio
876 3142 980 3167 tributo.
999 3141 1049 3167 Ct'r.
1070 3142 1111 3167 hic
1124 3141 1159 3167 lit.
1174 3142 1296 3173 Magistri,
1318 3147 1340 3166 c.
1361 3141 1384 3166 5.

503 3186 513 3202 ‘2
533 3186 601 3211 Libr.
622 3186 662 3211 lV.
683 3187 718 3212 tit.
741 3187 781 3211 19.
801 3193 822 3211 c.
843 3186 876 3211 7:
897 3186 960 3218 Quia
990 3186 1186 3211 Sacramentum
1215 3185 1287 3216 fidei,
1314 3185 1385 3217 quod

433 3231 513 3256 semel
533 3234 570 3256 est
589 3231 746 3262 admissum,
768 3237 901 3263 nunquam
921 3231 1052 3262 amittitur,
1073 3230 1119 3256 sed
1138 3234 1222 3255 ratum
1242 3232 1289 3255 etc.

503 3273 514 3290 3
534 3274 595 3299 Cod.
618 3275 635 3299 L
655 3275 685 3307 (E
704 3282 718 3299 a
738 3274 851 3299 secunda
872 3276 960 3306 manu)
979 3273 1048 3308 fidei.

505 3316 515 3332 ⁴
534 3317 608 3342 Vcrs.
634 3319 680 3343 12:
700 3319 725 3343 Si
745 3320 803 3350 quis
816 3319 893 3344 frater
906 3325 1015 3344 uxorem
1030 3317 1107 3343 habet
1120 3318 1267 3350 infidelem,
1283 3320 1307 3343 et
1322 3318 1385 3343 haec

435 3361 560 3386 conscntit
579 3360 693 3386 habitare
713 3369 772 3387 cum
792 3362 847 3393 illo,
869 3369 918 3387 non
939 3362 1048 3387 dimittat
1067 3362 1143 3387 illam.

1521 3096 1531 3112 ⁵
1551 3096 1602 3121 Cfr.
1621 3103 1700 3127 supra
1721 3096 1746 3122 d.
1769 3097 1811 3121 26.
1833 3104 1854 3121 a.
1876 3097 1899 3121 2.
1921 3103 1944 3128 q.
1970 3097 1989 3121 Ι.
2010 3099 2036 3121 et
2055 3096 2078 3121 3.

1520 3140 1530 3156 ‘⁷'
1550 3140 1612 3166 Cod.
1633 3142 1653 3166 1<
1675 3141 1695 3172 (t
1714 3148 1728 3166 a
1747 3140 1861 3166 secunda
1888 3141 1977 3172 manu)
1997 3139 2102 3166 videtur
2127 3139 2257 3172 similiter,
2280 3140 2339 3165 edd.
2359 3147 2402 3165 su-

1450 3186 1537 3215 perius
1558 3188 1614 3215 post
1632 3191 1696 3218 erqo
1716 3186 1813 3209 omisso
1831 3184 1869 3216 si,
1891 3185 1933 3209 hic
1952 3184 2041 3216 legunt
2060 3190 2123 3217 erqo
2141 3190 2207 3216 nec;
2220 3186 2244 3209 et
2264 3184 2341 3215 paulo
2360 3190 2400 3208 su-

1450 3230 1538 3259 perius
1559 3229 1615 3254 Vat.
1637 3229 1729 3254 omittit
1748 3228 1794 3254 sed
1812 3227 1998 3262 confirmatur.

1519 3272 1529 3288 ⁷
1549 3273 1615 3298 Vide
1634 3280 1713 3304 supra
1733 3272 1759 3298 d.
1781 3272 1822 3297 27.
1843 3280 1864 3297 a.
1886 3273 1909 3297 3.
1930 3279 1954 3304 q.
1974 3272 1993 3297 1.
2013 3286 2047 3290 -
2061 3271 2180 3297 Permulti
2195 3271 2270 3297 codd.
2285 3274 2310 3296 et
2328 3270 2368 3296 ed.
2384 3271 2393 3295 «l

1449 3315 1646 3350 confirmatum.
