2483 3882
319 474 448 496 Notandum.

305 1147 458 1170 Fundamenta.

321 1886 356 1907 Ad
372 1885 454 1913 opposi-

363 1915 414 1933 tum.

465 271 529 303 960

466 356 637 394 demeriti;
661 360 690 388 et
714 356 757 387 sic
782 355 868 393 dico,
901 354 983 395 quod
1016 353 1171 385 meritum
1203 352 1416 385 delectationis

465 409 659 442 inordinatae
684 407 808 440 excedit
830 415 988 448 poenam,
1013 406 1086 447 quia
1111 405 1225 446 dignus
1249 408 1331 437 esset
1354 414 1417 436 am-

465 462 548 504 plius
573 461 688 502 puniri.
713 460 862 491 Servatur
887 467 962 499 ergo
994 458 1024 489 in
1049 457 1211 499 punitione
1233 457 1417 499 proportio-

464 513 607 551 malitae,
632 512 705 553 quia
723 519 853 552 magnae
870 510 981 552 culpae
998 519 1112 551 magua
1129 509 1281 551 infligitur
1298 519 1418 552 poena;

464 566 518 598 sed
543 574 604 597 non
625 563 816 606 proportio,
841 563 915 605 quia
946 566 1100 604 quantum
1132 563 1171 595 ad
1204 562 1417 595 intensionem

1480 356 1510 385 et
1534 352 1742 384 duratione-m
1767 361 1867 394 poena
1890 353 2015 385 excedit
2038 353 2180 395 culpam,
2203 354 2257 387 sed
2274 357 2427 396 quantum

1479 406 1519 438 ad
1543 405 1698 437 meritum
1723 406 1815 447 culpa
1839 415 1969 447 poenam
1986 406 2007 438 ¹.

1570 459 1600 490 [ι.
1626 459 1660 490 Et
1683 467 1740 500 per
1764 458 1822 490 hoc
1846 462 1931 500 patet
1951 459 2054 501 prima
2078 459 2173 491 ratio:
2191 460 2281 501 quia,
2298 459 2355 492 etsi
2380 460 2430 492 de*-

1482 510 1606 543 lectatio
1634 510 1673 543 sit
1698 514 1932 549 momentanea,
1957 511 2030 553 quia
2060 514 2164 543 tamen
2196 511 2365 544 offenditur
2394 520 2431 544 ea
2482 513 2483 553 ξ

1483 563 1601 595 bonum
1626 562 1799 602 infinitum,
1825 566 1965 596 meretur
1989 572 2121 605 poenam
2145 567 2305 596 aeternam
2320 563 2341 595 ².

2478 34 2480 67 l

2479 72 2481 110 l

1225 266 1509 298 SENTENTIARUM
1533 266 1601 298 LlB.
1626 266 1673 298 lV.
2480 194 2483 326 k

2481 344 2483 369 Ι

1323 727 1507 769 QUAEsrio
1531 727 1576 759 111.

894 839 1012 871 Utrum
1036 839 1124 871 Deus
1147 838 1399 871 misericordius
1423 842 1504 881 ayat
1527 847 1601 870 cum
1627 848 1693 870 uno
1717 848 1818 881 quam
1842 848 1918 871 eum
1941 839 2016 871 alio.

554 980 657 1012 Tertio
674 978 849 1021 quaeritur,
866 982 974 1010 utrum
993 978 1077 1010 Deus
1093 977 1331 1009 misericordius
1347 979 1419 1018 agat

465 1041 538 1065 cum
562 1041 625 1064 uno
650 1040 744 1073 quam
770 1039 842 1064 cum
866 1031 976 1063 altero.
1001 1031 1036 1063 Et
1060 1030 1144 1072 quod
1169 1030 1231 1068 sic,
1255 1029 1391 1061 videtur.

557 1086 584 1117 1.
608 1084 650 1116 Ad
678 1085 830 1116 Romanos
854 1083 980 1115 non0³:
1009 1082 1071 1115 Cui
1094 1082 1164 1114 vmitt
1186 1082 1374 1120 miseretur,
1392 1085 1421 1113 et

466 1147 560 1181 quem
583 1137 654 1169 vult
676 1137 838 1169 iactarat:
864 1136 889 1169 si
914 1145 989 1178 ergo
1012 1135 1250 1168 misericordius
1266 1135 1329 1176 agit
1346 1144 1418 1167 cum

465 1200 545 1230 uno,
571 1199 664 1232 quem
690 1193 832 1226 revocat,
857 1198 952 1230 quam
984 1197 1055 1221 cum
1082 1197 1118 1220 eo
1142 1197 1236 1230 quem
1269 1188 1417 1220 indurat:

464 1246 549 1285 patet
573 1246 630 1275 etc.

556 1297 584 1327 Ξ.
610 1295 703 1334 Item,
727 1295 805 1327 ordo
829 1298 859 1326 et
883 1294 1002 1336 gradus
1025 1297 1072 1326 est
1097 1294 1126 1325 in
1152 1293 1316 1326 effectibus
1345 1293 1422 1325 divi-

464 1349 513 1381 nis
537 1352 666 1390 propter
691 1347 893 1389 sapientiam,
918 1347 1009 1379 cuius
1026 1351 1072 1379 est
1089 1347 1236 1379 ordinare
1251 1346 1280 1385 ⁴3
1305 1346 1359 1379 sed
1378 1346 1421 1378 di-

464 1402 538 1434 vina
563 1401 778 1433 misericordia
802 1410 862 1432 non
888 1400 1058 1432 miseretur
1075 1399 1133 1431 nisi
1152 1400 1309 1441 sapienter
1327 1403 1357 1431 et
1373 1408 1420 1431 or-

466 1454 590 1486 dinate:
616 1462 691 1495 ergo
715 1453 815 1495 magis
840 1453 893 1485 uni
920 1462 1015 1495 quam
1040 1452 1102 1484 alii.

556 1507 584 1539 3.
611 1507 702 1548 item,
728 1506 945 1539 miseric-ordia
969 1506 1110 1538 intuetur
1135 1505 1293 1537 miseriam
1310 1504 1339 1543 5;
1365 1504 1420 1537 sed

466 1569 550 1593 unus
574 1561 674 1601 magis
699 1563 746 1592 est
768 1560 865 1592 miser
889 1568 983 1601 quam
1009 1559 1109 1591 alter:
1135 1567 1211 1600 ergo
1228 1558 1312 1590 Deus
1329 1557 1422 1590 debet

466 1613 566 1655 magis
592 1613 733 1645 misereri
756 1613 850 1645 unius
874 1621 969 1654 quam
994 1612 1134 1644 alterius.

555 1667 585 1698 [ι.
615 1666 711 1705 Item,
744 1666 843 1707 magis
867 1666 1037 1698 miseretur
1061 1665 1113 1706 qui
1140 1664 1300 1697 miseriam
1324 1668 1422 1696 totam

467 1720 587 1758 aufert,
612 1728 707 1761 quam
732 1719 785 1761 qui
812 1722 967 1761 temperat
981 1718 991 1733 ὅ
1006 1731 1013 1756 ς
1031 1718 1085 1750 sed
1104 1718 1188 1750 Deus
1205 1717 1244 1749 ab
1261 1717 1422 1759 aliquibus

468 1773 571 1805 aufert
594 1776 690 1804 totam
716 1772 893 1811 miseriam,
918 1772 1078 1813 aliquibus
1103 1771 1239 1813 mitigat:
1265 1779 1340 1812 ergo
1364 1776 1422 1803 etc.

557 1826 697 1858 CONTRA:
718 1827 745 1857 1.
770 1826 863 1857 Actus
887 1828 917 1857 et
940 1825 1070 1857 effectus
1093 1824 1283 1865 respondent
1300 1824 1422 1856 habitui

469 1879 534 1911 sive
558 1879 670 1920 origini
702 1878 733 1909 in
765 1878 951 1920 quolibet⁷;
983 1878 1037 1910 sed
1069 1877 1176 1909 diviua
1205 1876 1423 1909 misericordia

468 1935 515 1964 est
539 1940 683 1964 summa:
709 1940 784 1973 ergo
801 1931 1031 1972 cuiuscumque
1049 1931 1235 1968 miseretur,
1251 1930 1422 1962 miseretur

468 1984 499 2016 in
525 1993 659 2017 summo.

558 2039 587 2069 2.
612 2038 705 2075 Item,
729 2036 946 2069 misericordia
970 2036 1110 2068 intuetur
1135 2036 1314 2068 miseriam:
1348 2045 1422 2077 ergo

470 2091 495 2123 si
520 2091 619 2132 magis
642 2090 812 2122 miseretur
835 2090 945 2127 alicui⁷
971 2098 1046 2131 ergo
1075 2089 1173 2131 magis
1199 2090 1334 2128 misero;
1368 2090 1422 2122 sed

469 2143 499 2175 in
525 2143 632 2175 futuro
657 2143 757 2184 magis
781 2143 877 2175 miser
901 2147 947 2175 est
971 2143 1023 2184 qui
1050 2143 1150 2183 magis
1174 2142 1329 2183 peccavit:
1348 2151 1423 2184 ergo

468 2196 568 2237 magis
599 2195 768 2227 miseretur
800 2196 867 2227 eius
892 2195 944 2237 qui
970 2195 1069 2236 magis
1098 2195 1247 2236 peccavit.
1272 2195 1332 2227 Sed
1364 2195 1422 2228 hoc

469 2253 515 2281 est
539 2249 780 2280 inconveniens:
807 2258 881 2290 ergo
905 2253 962 2281 etc.

558 2301 586 2334 3.
611 2302 705 2340 ltem,
730 2302 804 2343 quia
827 2301 911 2333 Deus
936 2306 983 2334 est
1007 2301 1275 2343 sapientissimus,
1296 2301 1367 2333 ideo
1384 2301 1424 2333 fa-

470 2355 510 2387 cit
534 2354 780 2396 sapientissime,
804 2354 959 2396 quidquid
984 2354 1076 2386 facit:
1102 2363 1177 2395 ergo
1192 2354 1202 2369 ²³
1225 2362 1296 2386 cum
1314 2354 1354 2386 sit
1370 2354 1424 2385 mi-

1484 976 1770 1016 sericordissimus,
1795 977 2087 1011 misericordissime
2111 987 2143 1011 se
2164 979 2259 1012 habet
2275 980 2312 1012 ad
2331 990 2436 1023 quem-

1484 1028 1578 1061 libet:
1604 1038 1679 1070 ergo
1702 1034 1759 1062 etc.

1838 1162 2076 1186 CONCLUSIO.

1485 1277 1640 1318 Respeetu
1672 1275 1801 1319 effeetus
1823 1277 1891 1309 sive
1914 1277 2121 1310 relevationis
2142 1288 2164 1311 α
2186 1279 2325 1312 miseria
2349 1281 2436 1313 Deus

1573 1329 1826 1362 misericordius
1842 1330 1913 1372 ayit
1929 1340 2004 1363 eum
2022 1341 2088 1363 urio
2105 1341 2206 1374 quam
2227 1341 2302 1364 cum
2320 1332 2434 1371 attero,

1575 1386 1641 1414 tam
1667 1382 1702 1414 in
1723 1383 1893 1424 praesenti
1915 1393 2016 1426 quam
2040 1383 2075 1415 in
2098 1382 2228 1426 futuro,
2252 1385 2310 1417 sed
2329 1385 2435 1417 cilice-r.

1577 1507 1778 1539 RESPONDEO:
1803 1506 1995 1545 Dicendum,
2028 1507 2111 1549 quod
2144 1508 2254 1550 nzayis
2286 1508 2438 1540 misereri

1486 1559 1545 1592 hoc
1577 1563 1679 1601 potest
1709 1559 1839 1601 intelligi
1871 1560 2056 1601 tripliciter:
2089 1564 2143 1593 aut
2167 1561 2277 1593 maiori
2303 1560 2482 1599 habitu,nis

1486 1615 1541 1644 aut
1571 1616 1667 1649 aetii,
1700 1616 1755 1644 aut
1778 1610 1898 1655 effectu.
1925 1613 2027 1645 Primo
2051 1613 2145 1646 modo
2169 1618 2199 1646 et
2222 1614 2361 1646 secundo
2384 1614 2483 1646 ini-cm

1486 1665 1633 1706 possibile
1658 1668 1722 1701 est;
1748 1665 1801 1697 sed
1827 1665 1918 1697 tertio
1942 1666 2054 1705 modo,
2079 1666 2196 1699 scilicet
2220 1671 2372 1708 quantum
2398 1667 2436 1699 ad

1487 1717 1650 1756 effectum,
1676 1717 1729 1759 qui
1754 1721 1800 1750 est
1817 1718 1967 1750 relevatio
1983 1728 2001 1750 a
2019 1718 2162 1757 miseria,
2180 1727 2291 1751 verum
2309 1723 2356 1752 est
2373 1723 2436 1752 tam

1487 1770 1518 1802 in
1541 1770 1709 1812 praesenti
1731 1780 1826 1812 quam
1852 1772 1881 1802 in
1905 1769 2023 1813 fiituro
2037 1771 2070 1809 ⁹;
2086 1772 2141 1804 sed
2157 1772 2248 1804 aliter
2264 1782 2368 1810 mine,
2386 1772 2437 1804 ali·
2450 1782 2483 1804 cor

1488 1826 1534 1855 ter
1552 1827 1648 1855 tune.-
1665 1824 1739 1865 quia
1756 1833 1839 1856 nunc
1857 1824 2105 1857 misericordiae
2121 1825 2250 1858 effectus
2267 1829 2340 1858 sunt
2356 1826 2437 1868 prin-

1488 1876 1620 1918 cipales,
1645 1880 1675 1909 et
1692 1877 1822 1909 effectus
1838 1877 1985 1909 iustitiae
2002 1882 2073 1909 sunt
2090 1879 2224 1917 annexi3
2242 1883 2315 1911 tunc
2332 1882 2436 1911 autem

1487 1930 1616 1963 effectus
1640 1930 1777 1963 iustitiae
1801 1934 1896 1962 erunt
1920 1931 2126 1972 principales,
2151 1935 2181 1964 et
2205 1932 2437 1964 misericordiae

1487 1986 1581 2015 erunt
1613 1983 1738 2015 annexi.
1771 1984 1861 2015 Tune
1893 1983 1975 2015 enim
2007 1983 2120 2015 recidet
2142 1984 2230 2016 Deus
2257 1984 2437 2017 sectandum

1488 2045 1588 2077 opera
1611 2045 1676 2068 sua
1699 2036 1878 2079 unicuique
1893 2036 1929 2074 ¹⁰,
1947 2046 2045 2077 nune,
2059 2040 2164 2069 autem
2190 2037 2365 2070 secundum
2390 2038 2438 2070 he-

1487 2088 1670 2130 nignitatem
1702 2097 1803 2120 suam.
1832 2089 1866 2121 Et
1891 2086 1959 2121 ideo
1984 2089 2167 2130 simpliciter
2191 2090 2291 2132 magis
2316 2091 2483 2123 misere-cor

1488 2145 1540 2173 tur
1564 2141 1594 2172 in
1615 2141 1786 2183 praesenti·
1808 2141 1876 2173 eius
1901 2142 1950 2174 cui
1976 2142 2075 2183 magis
2092 2142 2177 2181 vult,
2196 2142 2225 2174 in
2242 2141 2360 2185 futuro
2378 2152 2438 2175 ma—

1488 2195 1534 2236 gis
1558 2194 1626 2226 eius
1650 2195 1702 2236 qui
1729 2194 1828 2236 magis
1854 2194 1990 2236 indiget;
2008 2195 2092 2227 unde
2115 2195 2213 2236 magis
2236 2195 2350 2228 misero
2367 2196 2436 2238 plus

1488 2247 1676 2280 condonabit
1708 2247 1882 2279 secundum
1916 2247 2122 2288 quantitatem
2147 2247 2352 2286 absolutam,
2377 2258 2436 2281 non

1489 2304 1591 2333 tamen
1624 2300 1798 2333 secundum
1832 2301 2038 2342 quantitatem
2069 2300 2230 2339 relatam,
2263 2305 2297 2333 ut
2322 2301 2436 2343 patebit

1489 2358 1596 2395 postea
1613 2353 1647 2384 ¹¹.

540 2613 548 2628 1
564 2612 613 2638 Csr.
628 2620 706 2644 supra
720 2620 779 2645 pag.
794 2614 853 2645 922,
867 2616 927 2638 nota
941 2613 965 2638 7.
979 2614 1004 2637 in
1020 2613 1077 2638 tine.
1092 2627 1126 2631 -
1139 2613 1164 2638 ln
1179 2620 1262 2645 marg.
1277 2613 1334 2638 cod.
1351 2613 1367 2637 Ρ
1381 2620 1423 2638 ηο-

472 2660 550 2682 tatur:
570 2657 725 2690 Propertio,
744 2662 770 2683 ut
784 2658 824 2682 liic
844 2658 968 2688 sumitur,
989 2660 1040 2688 est,
1056 2658 1160 2689 quando
1176 2664 1256 2682 unum
1270 2657 1341 2682 alteri
1355 2664 1423 2682 com-

470 2705 575 2732 paratur
595 2708 654 2726 cum
675 2701 789 2733 quadam
809 2702 1060 2726 commensuratione
1081 2705 1104 2726 et
1119 2702 1290 2732 praecisione,
1305 2704 1331 2726 ut
1346 2708 1424 2733 quan-

470 2750 524 2771 tum
545 2747 611 2777 capit
630 2747 692 2777 hoc,
715 2748 813 2771 tantum
833 2746 909 2776 illud:
929 2746 975 2771 sed
992 2745 1232 2778 proportionalitas
1252 2749 1302 2776 est,
1318 2745 1423 2778 quando

469 2791 493 2815 in
514 2790 627 2822 generali
647 2794 671 2815 et
691 2798 741 2815 non
770 2797 829 2815 cum
859 2791 1031 2822 praecisione,
1052 2795 1079 2815 ut
1099 2794 1225 2823 quantum
1247 2791 1350 2822 meruit⁷
1373 2793 1423 2815 tan-

470 2839 523 2859 tum
544 2836 662 2866 recipiet,
683 2835 707 2859 id
722 2837 771 2865 est,
786 2836 806 2859 si
827 2835 951 2866 multum,
973 2835 1097 2867 multum,
1119 2836 1139 2859 si
1160 2842 1286 2866 parvum,
1303 2842 1422 2865 parvum.

470 2892 503 2896 —
524 2879 600 2903 Paulo
622 2881 679 2909 post.
698 2885 745 2909 pro
766 2878 834 2903 ratio
856 2878 918 2907 (scil.
941 2878 963 2903 4.
992 2878 1023 2903 ad
1052 2880 1155 2909 oppos.)
1185 2879 1261 2903 codd.
1291 2883 1314 2904 ct
1343 2878 1382 2903 ccl.
1413 2879 1418 2902 1

471 2923 629 2948 substituunt
649 2922 792 2955 rrxponsio.

541 2967 550 2983 ἵ
572 2967 636 2992 Vide
656 2968 770 2992 scholion
792 2967 823 2991 ad
844 2967 1042 2998 praecedentem
1065 2971 1162 2999 quaest.

538 3011 549 3027 3
569 3011 641 3036 Vcrs.
673 3011 719 3035 18:
749 3011 815 3042 Ergo
841 3011 914 3035 cuius
944 3011 999 3035 vult
1027 3014 1074 3035 etc.
1101 3025 1134 3027 —
1164 3011 1269 3035 inferius
1299 3018 1346 3042 pro
1370 3017 1424 3036 imo

472 3056 546 3081 codd.
568 3056 587 3080 G
608 3062 637 3079 aa
658 3055 703 3083 (bb
725 3062 736 3079 a
758 3055 871 3080 secunda
892 3055 983 3086 manu)
1003 3061 1039 3080 eo.

544 3098 553 3114 ⁴
572 3100 685 3130 Aristot.‚
706 3099 722 3124 l.
746 3100 853 3130 Metapli.
875 3106 895 3123 c.
918 3100 946 3124 2:
967 3099 1019 3124 Non
1049 3100 1117 3124 enim
1139 3099 1268 3127 ordinari,
1290 3099 1334 3124 sed
1356 3099 1426 3124 ordi-

472 3151 533 3168 nare
553 3146 653 3174 oportet
672 3144 822 3174 sapientem.
843 3143 891 3168 Ct'r.
913 3147 975 3168 tom.
999 3143 1013 3167 1.
1035 3150 1094 3174 pag.
1115 3143 1180 3173 685,
1203 3146 1260 3168 nota
1287 3144 1305 3168 l.

542 3188 552 3204 5
573 3188 700 3217 Dnimasc„
723 3188 746 3212 ll.
777 3188 808 3212 (le
835 3187 895 3212 Fide
924 3188 1025 3218 orthod.
1046 3195 1067 3212 c.
1094 3187 1135 3212 ΜΔ
1157 3188 1328 3212 Misericordia
1359 3186 1424 3220 [est]

474 3233 569 3256 tristitia
590 3233 613 3256 in
634 3232 721 3256 alicnis
742 3232 815 3256 malis
836 3231 891 3264 [erl.
913 3232 1009 3262 Mignc:
1031 3232 1064 3256 ob
1085 3239 1126 3256 res
1145 3232 1254 3257 aliorum
1275 3231 1422 3265 adversas]

474 3277 588 3307 Gregor.v
610 3276 666 3300 XX.
690 3276 772 3300 Tilox-al
794 3283 814 3300 c.
836 3276 876 3300 3⁶2.
899 3283 921 3299 n.
943 3275 1189 3301 632Ml5e17'00rd2'a
1202 3280 1287 3301 autem
1303 3283 1315 3300 a
1330 3277 1425 3301 misero

474 3319 551 3344 corde
571 3324 662 3344 vorata
682 3324 730 3349 cst,
751 3327 780 3344 eo
808 3320 878 3352 quod
909 3321 1088 3352 unusquisque
1118 3321 1245 3345 intucatur
1274 3322 1424 3352 quempiam

474 3364 623 3387 miserum...
645 3364 699 3393 ipsc
720 3363 820 3396 [dolor]
841 3371 885 3388 cor
905 3366 1030 3389 miserum
1046 3366 1112 3395 tacit,
1129 3368 1155 3389 ut
1175 3372 1263 3389 cuma
1283 3365 1424 3390 miseriati-

473 3405 554 3433 beret,
577 3407 615 3429 cui
637 3406 749 3430 intendit.

1560 2612 1570 2629 ⁶
1587 2612 1649 2637 Edd.
1670 2619 1752 2646 quam
1771 2611 1818 2645 qui
1835 2611 1973 2637 miseriam
1992 2611 2102 2645 mitiyat.

1558 2657 1569 2673 ⁷
1590 2657 1709 2682 Permulti
1730 2656 1805 2681 codd.
1826 2659 1850 2681 et
1869 2656 1908 2681 ed.
1926 2657 1934 2680 sl
1954 2657 2003 2681 lioe
2016 2657 2117 2681 axioma
2131 2655 2271 2681 attribuunt
2285 2657 2433 2688 Augustino,

1489 2702 1545 2726 voci
1565 2701 1647 2727 Actus
1672 2701 1864 2732 praemittentes
1892 2699 2070 2733 Auqztstinxus.
2097 2701 2198 2725 Praeter
2226 2700 2306 2725 verba
2332 2704 2392 2725 tom.
2412 2699 2435 2724 ll.

1489 2753 1547 2776 pag.
1568 2746 1634 2777 760,
1658 2750 1714 2771 nota
1736 2746 1759 2769 6.
1780 2745 1866 2770 allata:
1889 2745 1976 2776 Qualis
2005 2746 2083 2769 homo
2103 2747 2154 2775 est,
2175 2744 2237 2769 tales
2256 2748 2329 2770 actus
2349 2743 2433 2775 nabet3

1488 2791 1509 2814 si
1529 2790 1613 2815 bonus
1633 2791 1711 2815 homo
1730 2793 1780 2820 est,
1803 2789 1883 2814 bonos
1903 2793 1974 2814 actus
1995 2788 2072 2814 babet
2090 2791 2146 2820 ete,
2167 2790 2211 2814 csr.
2231 2789 2307 2814 etiam
2328 2787 2436 2813 X1V.de

1489 2834 1543 2859 Civ.
1564 2834 1622 2865 Dei,
1643 2841 1664 2859 c.
1686 2834 1714 2865 6,
1735 2834 1779 2859 ubi
1808 2835 1853 2858 ait:
1878 2834 2005 2858 «interest
2033 2836 2134 2864 autem,
2155 2832 2243 2866 qualis
2262 2834 2294 2858 sit
2320 2833 2435 2858 voluntas

1489 2879 1613 2909 bominis3
1635 2879 1705 2910 quia,
1726 2879 1746 2902 si
1767 2885 1889 2909 perversa
1911 2880 1961 2909 cst,
1985 2884 2122 2908 perversos
2150 2876 2253 2902 habebit
2274 2878 2321 2902 lios
2340 2878 2434 2907 motus;

1489 2924 1508 2947 si
1530 2926 1614 2947 autem
1636 2927 1702 2947 recta
1723 2926 1774 2954 est,
1796 2929 1845 2947 non
1866 2923 1948 2947 solum
1970 2921 2153 2953 inculpabiles,
2176 2928 2267 2946 verum
2293 2922 2368 2946 etiam
2387 2920 2434 2945 lau-

1489 2967 1587 2992 dabiles
1607 2972 1704 2992 crunt»
1726 2970 1772 2992 etc.
1795 2967 1859 2992 Vide
1878 2967 1954 2991 ctiam
1975 2967 2084 2996 Aristot.y
2106 2967 2130 2990 ll.
2152 2967 2229 2990 Etbic.
2251 2973 2271 2991 c.
2293 2966 2320 2997 6,
2342 2965 2385 2990 ubi
2404 2964 2434 2989 de

1489 3012 1590 3036 virtutis
1609 3011 1696 3035 habitu
1718 3011 1803 3039 (locet,
1826 3011 1909 3041 ipsum
1925 3014 1948 3034 et
1967 3010 2014 3035 «id
2035 3011 2108 3034 cuius
2128 3013 2166 3035 est
2185 3010 2275 3039 virtus,
2297 3009 2361 3034 bene
2380 3008 2433 3033 osfe-

1490 3058 1558 3079 ctum
1579 3055 1688 3079 reddere
1714 3057 1738 3079 ct
1757 3061 1823 3086 opus
1843 3055 1898 3079 cius
1922 3054 1988 3079 bene
2009 3054 2110 3079 efficere
2125 3064 2135 3076 υ
2153 3057 2200 3078 etc.
2216 3067 2249 3070 —
2264 3053 2310 3078 Pro
2333 3051 2434 3086 effectus

1491 3100 1545 3124 Vat.
1565 3099 1695 3133 affectus,-
1714 3099 1769 3124 cod.
1791 3099 1808 3123 E
1829 3099 1890 3129 legit
1907 3098 2026 3132 Affectus
2046 3099 2070 3123 et
2089 3097 2202 3131 effectus.

1560 3143 1570 3160 S
1589 3143 1650 3169 Cod.
1672 3144 1692 3168 U
1712 3150 1775 3176 erqo
1795 3142 1926 3169 simililer.

1559 3187 1570 3203 9
1589 3188 1710 3215 ΑηςηΙη].,
1733 3188 1846 3218 Droslog.
1867 3195 1888 3212 e.
1915 3188 1956 3212 lO:
1978 3187 2120 3212 Misericors
2139 3194 2178 3216 es,
2200 3193 2250 3211 non
2265 3187 2324 3218 quia
2345 3187 2369 3210 tu
2382 3190 2433 3209 sen-

1491 3234 1536 3258 tias
1555 3232 1695 3265 affectum,
1717 3232 1763 3257 scd
1784 3233 1843 3263 quia
1864 3238 1910 3256 nos
1929 3233 2054 3257 sentimus
2074 3230 2202 3264 effectum.

1560 3276 1581 3292 10
1601 3277 1686 3301 lllattn.
1708 3276 1749 3306 16,
1765 3275 1811 3300 27:
1826 3276 1855 3300 Et
1875 3278 1934 3300 tunc
1948 3275 2038 3300 reddet
2051 3276 2189 3306 unicuique
2203 3273 2345 3299 secundum
2359 3277 2432 3304 opera

1489 3322 1551 3345 cius.
1573 3320 1622 3345 Cfr.
1644 3321 1716 3345 Rom.
1738 3321 1770 3351 2,
1794 3321 1816 3344 6.

1562 3364 1581 3380 1¹
1602 3365 1704 3395 Quaest.
1725 3371 1778 3396 seq.
