2483 3882
782 279 874 310 DlST.
899 279 995 312 XLIV.
1022 278 1050 310 P.
1076 278 1108 309 11.
1133 278 1252 310 DUBIA.

35 367 206 412 praesentis
231 376 303 399 cum
328 367 461 399 horrore
485 369 613 408 generat
636 366 795 403 dolorem,
820 366 892 408 quia
921 375 982 398 non

35 425 80 455 est
102 420 235 462 cognitio
260 418 481 460 speculationis
505 422 644 458 tantum,
669 419 724 452 sed
756 419 860 461 potius
891 428 983 461 expe-

35 473 171 508 rientiae.
198 491 237 495 -
264 472 299 504 Et
322 480 379 513 per
403 472 462 504 hoc
485 474 570 513 patet
593 472 755 513 responsio
779 472 818 504 ad
849 481 983 514 sequens

34 531 64 560 et
94 526 185 558 etiam
218 524 258 557 ad
290 524 367 556 alias
398 524 554 563 rationes,
589 524 663 566 quia
694 534 755 557 non
787 529 910 567 oportet
942 525 982 557 ibi

35 579 121 622 poni,
145 577 299 609 virtutem
323 580 471 608 creatam
495 576 576 608 dari
603 576 692 619 iqui,
716 586 773 618 per
797 587 891 619 quam
913 582 984 620 agat

34 633 64 665 in
87 631 233 664 animam.

120 684 149 715 lt.
176 683 205 715 5.
229 682 272 715 Ad
297 681 376 714 illud
401 681 486 723 quod
510 681 657 714 obiicitur
680 690 721 714 ex
742 686 840 723 parte
859 683 983 724 pacien-

35 737 92 775 tis,
116 735 201 777 quod
232 735 337 767 anima
371 733 505 766 nobilior
541 737 588 766 est
623 743 772 775 corpore,
796 735 982 774 dicendum,

14 789 117 832 ‚quod
142 788 222 821 sicut
245 796 329 820 nunc
352 786 433 828 ignis
457 786 573 818 dicitur
597 795 690 828 agere
711 787 742 818 in
759 787 896 819 animam
913 797 984 819 cou-

33 843 179 875 iuuctam
204 840 304 873 carui
326 843 356 872 et
380 839 421 871 ibi
451 848 603 880 generare
634 839 793 878 dolorem,
817 849 877 871 non
910 840 983 882 quia

32 895 111 937 ignis
132 893 265 926 omuino
288 893 328 925 sit
351 892 485 930 faciens,
510 892 563 924 sed
588 892 662 933 quia
686 901 742 933 per
771 893 982 925 causationem

32 948 110 991 ignis
139 947 243 979 anima
275 945 369 978 habet
400 945 610 977 necessariam
644 945 837 978 occasionem
870 946 982 987 agendi

34 1003 62 1034 in
88 1009 122 1033 se
143 1004 173 1033 et
198 999 335 1041 patiendi
359 1008 377 1030 a
402 1007 452 1037 se,
476 1006 548 1030 cum
580 997 647 1039 ipsa
679 998 718 1030 sit
741 1007 773 1030 se
798 998 895 1039 ipsam
921 1008 983 1031 mo-

31 1063 123 1093 vens,
148 1053 228 1086 sicut
251 1052 326 1085 dicit
350 1051 542 1093 Augustinus
566 1050 597 1083 in
622 1054 712 1083 sexto
736 1051 872 1084 Musicae
887 1052 914 1090 ¹3
939 1052 983 1084 sic

32 1106 268 1149 intelligendum
293 1109 340 1138 est
363 1105 394 1136 in
418 1104 523 1136 anima
553 1108 712 1145 separata
721 1116 733 1142 ;
756 1104 811 1136 sed
840 1104 924 1146 quod
948 1104 983 1136 fit

32 1160 82 1193 hic
106 1159 263 1192 mediante
287 1166 437 1200 corpore,
460 1157 502 1189 ibi
527 1156 563 1189 fit
586 1157 775 1189 immediate.
810 1157 895 1190 Unde
926 1166 981 1190 nec

31 1214 62 1246 in
86 1213 250 1246 coniuncta
266 1220 322 1243 nec
340 1211 370 1242 in
388 1213 532 1252 separata
548 1209 612 1250 agit
627 1219 701 1241 vere
724 1209 908 1252 efficiendo,
927 1211 982 1242 sed

32 1265 233 1298 occasionem
254 1263 457 1306 praebendo,
482 1266 512 1295 et
536 1266 640 1294 tamen
665 1271 739 1294 vere
763 1262 878 1294 dicitur
899 1262 983 1304 affli-

29 1328 104 1362 9erc
127 1322 157 1350 et
182 1325 254 1350 vere
274 1317 415 1358 punire,
441 1316 521 1348 sicut
544 1323 619 1347 vere
644 1315 759 1347 dicitur
784 1315 978 1354 immutare,

30 1371 174 1414 quamvis
195 1370 300 1402 anima
324 1369 459 1411 speciem
489 1368 593 1410 potius
624 1368 655 1400 in
688 1377 720 1400 se
752 1368 860 1407 faciat,
886 1378 981 1410 quam

31 1434 49 1457 a
71 1432 202 1466 corpore
226 1423 331 1464 aliquo
355 1422 409 1454 fiat
427 1422 457 1453 in
475 1430 520 1454 ea.
538 1440 582 1444 —
597 1421 658 1453 Nec
675 1421 777 1454 obstat
795 1421 879 1453 istud
897 1422 980 1463 quod

31 1477 176 1510 obiicitur
200 1476 239 1508 de
259 1479 411 1518 peceato:
437 1474 510 1516 quia
534 1478 697 1516 peccatum
723 1483 783 1505 non
809 1474 852 1506 sic
881 1474 982 1516 dispo-

30 1529 74 1562 nit
98 1529 243 1570 spiritum
268 1528 307 1560 ad
332 1527 527 1569 passionem,
544 1530 579 1558 ut
600 1526 691 1559 faciat
709 1527 811 1567 ipsum
830 1536 903 1559 vere
921 1536 982 1558 ma-

30 1581 170 1615 terialem
196 1585 341 1622 respectu
367 1580 464 1622 ignis,
489 1588 561 1611 cum
586 1578 625 1611 sit
650 1579 794 1620 superior
818 1588 874 1620 per
895 1582 982 1610 natu-

30 1643 115 1673 ram3
132 1634 187 1666 sed
212 1637 353 1666 meretur
377 1633 461 1674 apud
484 1632 622 1664 divinam
640 1631 809 1670 iustitiam,
825 1635 877 1670 ut,
895 1631 981 1663 salva

29 1691 141 1719 natura
164 1686 304 1726 animae,
328 1686 413 1718 Deus
437 1685 536 1727 ipsam
563 1684 625 1726 igni
651 1684 761 1726 alliget
777 1687 807 1716 et
823 1684 980 1725 alligando

29 1740 200 1773 incarceret
214 1739 235 1779 ²,
252 1739 478 1772 incarcerando
502 1739 669 1771 horrorem
694 1738 741 1769 sui
767 1737 902 1770 carceris
927 1737 981 1769 im-

1936 277 1997 310 935

1047 359 1165 405 mittat,
1189 375 1226 398 ac
1257 374 1313 407 per
1337 366 1396 398 hoc
1420 364 1487 406 ipsa
1510 365 1614 397 anima
1638 366 1677 398 ad
1702 366 1910 407 praesentiam
1934 375 1998 398 car-

1047 419 1128 451 ceris
1152 427 1227 451 vero
1251 418 1358 451 dolore
1382 421 1413 450 et
1437 418 1591 450 moestitia
1615 426 1647 450 se
1671 418 1797 459 affligat.

1138 472 1166 503 6.
1191 471 1234 503 Ad
1259 471 1337 503 illud
1362 471 1444 512 quod
1471 470 1617 503 obiicitur
1642 471 1681 503 de
1705 471 1831 510 dolore,
1849 471 1933 513 quod
1950 474 1997 505 est

1048 523 1159 556 divisio
1182 523 1340 565 partium;
1365 523 1550 563 dicendum,
1575 523 1659 565 quod
1684 523 1737 555 illa
1761 533 1821 555 non
1854 527 1900 555 est
1924 523 1997 564 defi·
2011 534 2140 556 Notandum.

1047 576 1128 607 uitio
1150 575 1334 618 ycncralz's,
1352 575 1407 608 sed
1431 575 1629 608 solummodo
1651 575 1786 615 doloris,
1804 576 1856 618 qui
1874 580 1921 608 est
1937 576 1999 608 ani-

1048 638 1117 661 mae
1141 639 1180 660 ea·
1204 639 1325 667 atrae,-
1349 629 1403 661 sed
1428 628 1481 660 illa
1505 638 1600 670 quam
1625 629 1762 670 assignat
1790 629 1996 670 Augustinus,

1053 681 1170 714 «dolor
1195 685 1242 714 est
1266 681 1427 714 dissensus
1451 681 1491 713 ab
1515 681 1564 713 his
1597 681 1719 713 rebus»
1757 684 1814 713 etc.
1847 681 1883 713 Ut
1915 682 1997 713 enim

1047 735 1183 767 ostendit
1206 734 1398 776 Augustinus
1423 734 1452 765 in
1478 733 1628 775 vigesimo
1664 734 1766 775 primo
1798 734 1836 766 de
1868 734 1997 766 Civitate

1047 787 1100 819 Dei
1117 787 1139 825 ³,
1165 787 1254 819 dolor
1278 787 1382 829 potius
1407 787 1491 819 venit
1515 795 1555 819 ex
1581 787 1808 828 impedimento
1839 786 1996 828 operatio·
2011 794 2139 816 Notandum.

1048 840 1101 871 uis
1124 840 1258 872 animae
1281 849 1376 881 quam
1402 849 1443 872 ex
1468 839 1609 881 corporis
1633 839 1784 878 sectione,
1810 839 1890 871 sicut
1913 842 1998 881 patet

1047 893 1077 924 in
1102 893 1299 934 paralyticis,
1324 893 1353 924 in
1380 892 1495 934 quibus
1512 896 1559 925 est
1574 892 1712 934 partium
1730 892 1824 924 sectio
1841 892 1907 924 sine
1923 891 1998 924 affli-

1047 946 1165 985 ctione,
1190 946 1264 988 quia
1287 945 1391 978 anima
1416 945 1446 977 in
1471 945 1532 977 illis
1555 954 1616 977 non
1642 945 1735 977 habet
1766 945 1996 986 operationem,

1047 1008 1127 1040 quae
1151 999 1192 1030 ibi
1218 998 1426 1040 impediatur3
1450 1002 1481 1030 et
1505 998 1653 1040 quoniam
1677 998 1832 1039 potentiae
1856 997 1994 1037 animae,

1047 1060 1127 1093 quae
1159 1055 1232 1084 sunt
1264 1051 1332 1084 eius
1363 1054 1486 1093 partes,
1510 1051 1647 1093 quodam
1679 1051 1772 1083 modo
1803 1054 1935 1093 possunt
1964 1051 1996 1083 in

1047 1105 1113 1136 suis
1137 1104 1371 1146 operationibus
1396 1104 1563 1146 inquietari
1596 1107 1626 1136 et
1657 1103 1803 1145 impediri
1835 1103 1996 1136 occasione

1046 1160 1189 1198 accepta,
1215 1157 1287 1190 hinc
1322 1160 1385 1197 est,
1410 1157 1494 1199 quod
1531 1157 1659 1199 spiritus
1694 1157 1801 1189 dolere
1836 1159 1936 1198 potest
1966 1160 1997 1189 et

1046 1209 1150 1251 asssigi.

1135 1264 1163 1294 7.
1189 1263 1232 1295 Ad
1256 1263 1334 1295 illud
1352 1263 1434 1304 quod
1454 1262 1565 1295 ultimo
1581 1262 1745 1302 obiicitur,
1762 1262 1845 1304 quod
1863 1262 1996 1304 puniens

1045 1315 1172 1353 adimit;
1197 1315 1384 1354 dicendum,
1410 1315 1493 1357 quod
1519 1315 1598 1348 sicut
1616 1315 1645 1347 in
1663 1315 1861 1357 ademptione
1878 1315 1996 1357 peccati

1046 1377 1107 1400 non
1131 1368 1282 1400 adimitur
1307 1369 1424 1410 aliquid
1450 1369 1488 1401 de
1506 1368 1680 1400 substantia
1705 1368 1754 1400 vel
1782 1368 1918 1410 potentia
1935 1368 1997 1400 ani-

1046 1430 1133 1460 mae,
1158 1422 1211 1454 sed
1237 1421 1340 1454 solum
1365 1422 1404 1454 de
1428 1421 1588 1453 habilitate
1620 1421 1657 1453 ad
1691 1421 1822 1462 gratiam
1855 1424 1884 1453 et
1914 1421 1998 1453 iusti-

1046 1474 1164 1513 tiam⁴¹3
1190 1475 1233 1507 sic
1258 1484 1313 1516 per
1338 1475 1439 1517 ignem
1464 1474 1642 1516 punitivum
1668 1474 1818 1506 adimitur
1842 1474 1895 1506 illa
1913 1474 1996 1506 habi-

1046 1527 1134 1566 litas,
1160 1528 1334 1560 secundum
1360 1537 1454 1569 quam
1479 1527 1583 1559 anima
1607 1530 1654 1559 est
1677 1526 1790 1558 habilis
1814 1527 1852 1558 ad
1879 1526 1995 1568 gloriae

1046 1584 1076 1612 et
1101 1579 1303 1612 beatitudinis
1328 1579 1494 1618 laetitiam3
1512 1588 1568 1611 nec
1592 1587 1716 1620 semper
1738 1588 1818 1610 nova
1834 1579 1995 1618 adimitur,

1046 1631 1101 1664 sed
1125 1632 1193 1664 eius
1217 1632 1376 1673 ademptio
1399 1635 1446 1664 est
1476 1631 1651 1664 afflictionis
1683 1631 1891 1670 continuatio,
1916 1632 1995 1664 sicut

1045 1694 1141 1726 supra
1156 1684 1166 1699 ⁵
1192 1685 1311 1717 dictum
1336 1688 1382 1717 est
1406 1685 1445 1717 de
1468 1685 1684 1726 ademptione,
1709 1693 1789 1726 quae
1813 1684 1847 1716 fit
1876 1685 1906 1716 in
1931 1693 1996 1717 cor-

1044 1746 1130 1779 pore.
1155 1756 1196 1761 —
1222 1738 1256 1769 Et
1279 1738 1357 1770 haec
1380 1737 1462 1769 dicta
1487 1737 1651 1770 sufficiant.

682 1901 793 1934 DUBIA
818 1901 923 1933 CIRCA
948 1901 1134 1933 LITTERAM
1157 1901 1340 1934 MAGISTRI.

439 2041 515 2073 DUB.
544 2040 564 2072 Ι.

113 2149 146 2181 In
170 2153 259 2191 parte
290 2147 349 2180 ista
380 2151 453 2180 sunt
481 2146 692 2179 dubitationes
716 2147 798 2179 circa
822 2146 977 2185 litteram,

29 2205 59 2236 et
81 2202 184 2245 primo
217 2210 312 2243 super
343 2201 403 2233 hoc
435 2200 519 2243 quod
552 2199 646 2232 dicit:
671 2199 761 2231 Illud
783 2198 980 2241 investigari

29 2259 168 2298 oportet,
200 2259 316 2287 utrum
349 2257 499 2286 monstra
523 2257 712 2295 resuryaut.
738 2253 907 2293 Quaeritur
939 2252 978 2284 de

27 2308 174 2341 monstris
198 2311 229 2340 et
253 2308 292 2340 de
308 2307 503 2349 gigantibus,
520 2309 630 2339 utrum
647 2308 824 2347 resurgant.
843 2305 878 2337 Et
893 2305 977 2347 quod

28 2361 87 2401 sic,
111 2361 258 2400 videtur,
291 2360 365 2403 quia
396 2359 475 2391 nihil
507 2359 601 2391 debet
625 2358 770 2400 deperire
785 2358 795 2372 ‘³
820 2358 978 2390 humanae

10 2417 166 2446 maturae.
184 2432 228 2437 —
244 2413 335 2452 Item,
359 2412 518 2454 quomodo
541 2414 692 2453 poterunt
715 2411 841 2443 evenire
872 2410 979 2442 huius-

28 2466 109 2499 modi
141 2466 241 2498 moles
265 2469 328 2498 tam
354 2474 486 2506 magnae
511 2465 550 2497 de
579 2463 765 2506 corporibus
797 2462 978 2501 hominum,

28 2528 97 2551 cum
122 2519 185 2551 nati
210 2518 327 2551 fuerint
349 2527 390 2550 ex
414 2518 536 2550 Adam?

115 2572 317 2604 Rsssrounsso:
342 2571 537 2609 Dicendum,
561 2570 646 2612 quod
678 2572 817 2601 monstra
841 2577 901 2600 non
934 2576 979 2599 re-

29 2628 171 2666 surgent,
196 2633 254 2666 pro
278 2633 315 2656 eo
339 2624 423 2666 quod
456 2632 518 2656 non
543 2626 590 2655 est
613 2622 657 2654 ibi
681 2624 813 2654 naturae
844 2620 978 2659 veritas,

1042 2039 1095 2071 sed
1121 2039 1224 2081 potius
1248 2048 1358 2078 error;
1383 2040 1467 2072 unde
1491 2039 1515 2072 si
1541 2043 1615 2072 sunt
1646 2040 1871 2081 magnitudinis
1892 2041 1995 2082 gigan-

1041 2095 1108 2124 teae
1133 2092 1162 2123 in
1188 2092 1254 2130 via,
1278 2092 1309 2123 in
1334 2092 1435 2133 patria
1458 2101 1519 2124 non
1543 2095 1645 2124 erunt.

1130 2143 1168 2176 Si
1183 2154 1258 2176 vero
1275 2153 1438 2187 quaeras.-
1455 2144 1539 2177 unde
1556 2144 1737 2177 babuerunt
1753 2148 1879 2177 ortum?
1893 2145 1994 2177 dicen-
2007 2152 2042 2184 aa
2058 2156 2151 2201 {maest

1043 2197 1119 2228 dum
1131 2223 1138 2235 ,
1155 2196 1249 2238 quod,
1267 2196 1347 2229 sicut
1364 2200 1472 2228 narrat
1488 2196 1639 2238 Iosephus
1653 2197 1674 2235 ⁷,
1692 2197 1860 2229 daemones
1876 2197 1992 2235 incubi,
2021 2185 2153 2227 ἒῖῗαίιωῖἶῖ

1042 2250 1191 2282 assumtis
1215 2249 1415 2291 corporibus,
1432 2253 1599 2291 generant,
1631 2253 1661 2281 et
1693 2249 1825 2281 daemon
1858 2249 1994 2281 ostendit
2021 2233 2117 2259 ”phum'

1044 2302 1187 2341 mulieri,
1211 2311 1282 2334 cum
1301 2311 1364 2343 qua
1380 2302 1565 2341 concubuit,
1590 2302 1724 2343 figuram
1744 2301 1835 2334 talem
1859 2302 1995 2334 hominis

1044 2355 1193 2393 maximi3
1217 2358 1247 2387 et
1270 2355 1340 2387 ideo
1364 2358 1431 2386 tum
1457 2358 1585 2396 propter
1610 2354 1738 2387 seminis
1766 2354 1995 2396 multiplicatio-

1045 2417 1130 2446 nem,
1154 2411 1222 2439 tum
1247 2410 1376 2449 propter
1393 2407 1542 2439 virtutem
1559 2407 1725 2440 animalem
1752 2411 1920 2448 generatus
1936 2408 1995 2440 fuit

1044 2461 1137 2492 homo
1163 2459 1260 2491 mirae
1284 2460 1525 2501 magnitudinis,
1550 2463 1580 2491 et
1604 2459 1655 2492 ille
1684 2460 1885 2501 postmodum
1917 2459 1995 2492 alios

1044 2517 1241 2555 generat-
1257 2513 1297 2545 Si
1319 2522 1482 2555 quaeras:
1508 2513 1665 2554 quomodo
1689 2513 1822 2545 daemon
1844 2521 1994 2554 generare
2005 2522 2153 2553 Altaquaestio

1044 2569 1161 2607 potest,
1186 2574 1258 2597 cum
1284 2565 1369 2597 solus
1399 2577 1414 2593 «
1430 2565 1524 2596 homo
1549 2568 1676 2605 generet
1701 2565 1858 2597 hominem
1874 2565 1884 2580 Β
1902 2568 1939 2596 »?
1955 2564 1994 2597 ad
2018 2549 2114 2570 mmm*

1043 2619 1102 2651 hoc
1127 2621 1227 2660 potest
1251 2617 1453 2659 responderi,
1470 2617 1555 2659 quod
1573 2617 1723 2656 daemon,
1748 2617 1837 2658 prius
1854 2620 1994 2649 assumta

98 2881 106 2897 ¹
127 2881 188 2914 Cap.
209 2882 234 2907 5.
256 2889 280 2907 n.
301 2883 324 2907 9.
338 2885 363 2908 et
383 2883 423 2907 112.
439 2896 473 2899 —
487 2882 613 2913 Superius
632 2887 681 2912 pro
693 2886 823 2913 generare
840 2886 890 2904 non
904 2878 979 2910 pauci

30 2924 102 2950 codd.
114 2932 286 2959 ayqeuerwe,
299 2929 324 2951 et
338 2933 386 2958 pro
400 2925 581 2952 causationem
595 2924 672 2950 codd.
686 2924 704 2948 E
715 2924 732 2948 F
742 2924 762 2948 G
774 2924 795 2948 M
806 2923 825 2947 N
837 2922 856 2947 O
867 2922 888 2946 Y
902 2920 981 2947 actio-

30 2974 103 3001 mm,
116 2970 188 2995 multi
208 2970 249 2995 alii
269 2977 329 2995 cum
348 2970 389 2996 ed.
414 2971 419 2995 1
445 2968 624 3001 curationem,
647 2968 704 2993 Vm.
719 2964 980 3001 approoeimatz'ouem

30 3010 70 3037 vel
87 3012 275 3039 causationem.

97 3055 108 3072 2
126 3057 159 3081 lta
183 3057 242 3082 cod.
263 3058 293 3089 E,
314 3058 338 3082 in
359 3057 415 3082 aliis
434 3059 459 3082 et
478 3056 537 3082 edd.
566 3055 758 3082 incarceretur.
788 3054 912 3084 Superius
932 3059 979 3083 pro

30 3105 46 3124 a
65 3105 173 3133 corpore
193 3101 250 3126 Vat.
270 3100 299 3126 in
317 3107 436 3135 corpore.

97 3144 108 3161 ³
127 3144 188 3177 Cap.
215 3146 238 3171 3.
264 3153 288 3171 n.
315 3147 338 3171 2.
359 3145 408 3171 Csr.
435 3145 498 3170 ibid.
525 3145 592 3169 XlV.
618 3151 640 3168 c.
663 3143 703 3168 115.
732 3150 755 3167 n.
776 3143 805 3173 2,
832 3141 875 3166 ubi
901 3142 979 3166 etiam

31 3191 176 3218 praenotata
201 3189 316 3215 definitio
340 3189 436 3214 doloris
462 3188 581 3213 occurrit.
608 3186 707 3212 Clarius
732 3189 817 3210 tamen
847 3192 913 3217 quae
939 3185 980 3209 hic

31 3231 180 3257 exhibentur
199 3234 320 3264 proponit
338 3234 447 3264 August.
467 3233 491 3257 in
512 3232 555 3257 Vl.
578 3231 700 3261 Musicae,
721 3237 742 3255 c.
763 3230 787 3254 5.
808 3236 833 3254 n.
862 3229 886 3253 9.
906 3235 979 3260 seqq.

29 3287 64 3293 —
83 3275 107 3300 ln
127 3276 177 3301 fine
195 3277 269 3302 solut.
290 3276 378 3302 verbis
397 3275 535 3302 occasione
554 3275 660 3307 accepta
680 3273 738 3298 cod.
760 3272 781 3297 Y
801 3273 929 3298 interserit
947 3270 980 3297 ab

32 3318 186 3346 extrinseco.

100 3361 110 3379 ⁴
130 3364 194 3390 Vide
214 3365 240 3390 ll.
261 3366 329 3390 Sent.
356 3365 380 3390 d.
401 3364 441 3389 35.
462 3371 484 3389 a.
512 3364 535 3388 ¹1.
560 3370 585 3395 q.
607 3363 629 3387 vl.
650 3365 674 3387 et
700 3369 722 3386 a.
743 3362 766 3386 2.
793 3368 818 3394 q.
846 3361 869 3386 3.
889 3374 924 3378 —
942 3360 979 3385 De

31 3404 139 3432 laesione
158 3415 256 3439 poenae
276 3410 320 3434 cfr.
342 3409 459 3440 August,
480 3407 547 3433 th.
568 3407 601 3432 de
620 3405 675 3432 Civ.
694 3406 753 3438 Dei,
774 3413 797 3430 c.
823 3405 859 3430 l3.
880 3411 904 3429 n.
925 3405 948 3429 2.

1115 2876 1125 2893 ⁵
1144 2877 1246 2908 Quaest.
1266 2875 1385 2908 praeced.
1406 2875 1439 2900 ad
1459 2876 1482 2900 2.
1504 2889 1537 2892 —
1557 2874 1622 2900 Vide
1641 2875 1756 2900 scholion
1785 2875 1818 2900 ad
1839 2874 1993 2907 praeceden-

1044 2924 1094 2946 tem
1116 2923 1214 2953 quaest.

1113 2964 1124 2980 6
1144 2963 1206 2989 Cod.
1221 2964 1245 2988 S.
1260 2963 1330 2989 addit
1343 2962 1373 2989 de
1386 2962 1502 2989 veritate.
1515 2962 1621 2988 inferius
1635 2969 1682 2994 pro
1695 2963 1821 2995 poterunt
1833 2961 1909 2987 codd.
1921 2962 1958 2986 El
1972 2962 1994 2987 K

1043 3008 1195 3041 potuerunt.

1113 3052 1124 3068 ⁷
1143 3052 1214 3077 Libr.
1235 3051 1251 3076 1.
1273 3051 1305 3077 de
1324 3051 1407 3083 Antiq.
1437 3050 1490 3075 lud.
1514 3058 1536 3076 c.
1565 3050 1588 3075 5.
1618 3049 1668 3076 Csr.
1698 3053 1758 3075 tom.
1785 3050 1812 3075 ll.
1845 3057 1905 3082 pag.
1929 3050 1994 3080 219,

1044 3100 1101 3121 nota
1124 3095 1146 3120 4.

1113 3139 1124 3155 8
1143 3140 1254 3171 Aristot,
1275 3139 1326 3163 Vll.
1352 3139 1461 3170 llietaph.
1491 3141 1549 3163 text.
1576 3138 1618 3163 22.
1649 3137 1700 3168 (Vl.
1721 3144 1742 3162 c.
1770 3137 1814 3169 7.).
1836 3151 1869 3155 —-
1890 3137 1995 3163 lnferius

1044 3191 1092 3217 pro
1112 3183 1204 3217 aliqua
1224 3181 1341 3208 remedia
1360 3182 1418 3207 cod.
1438 3182 1457 3206 B
1476 3181 1568 3215 aliqua
1586 3180 1688 3213 media,
1711 3181 1770 3207 cod.
1789 3180 1808 3206 C
1827 3179 1920 3214 aliqua
1938 3180 1994 3207 aui-

1044 3227 1127 3253 malia
1147 3227 1246 3258 (plures
1266 3226 1339 3251 codd.
1359 3225 1490 3257 amicilia,
1512 3225 1569 3251 cod.
1590 3225 1610 3250 Ο
1630 3224 1780 3258 sacrificia,
1802 3224 1859 3249 cod.
1874 3225 1894 3249 M
1915 3224 1992 3257 alia),

1045 3271 1121 3297 codd.
1142 3271 1182 3296 lK
1203 3270 1324 3304 aliquam
1342 3269 1410 3302 vim,
1432 3269 1508 3295 codd.
1528 3269 1548 3294 N
1567 3277 1596 3294 aa
1622 3268 1728 3302 aliquas
1754 3268 1876 3294 astutias.
1896 3268 1947 3294 Cfr.
1968 3269 1993 3294 ll.

1045 3317 1113 3341 Sent.
1135 3315 1158 3340 d.
1180 3315 1202 3339 8.
1225 3322 1248 3346 p.
1270 3315 1285 3339 l.
1305 3322 1328 3340 a.
1349 3315 1371 3339 3.
1392 3322 1416 3346 q.
1439 3315 1466 3345 l,
1487 3313 1531 3339 ubi
1558 3315 1606 3339 hac
1635 3313 1667 3339 de
1694 3321 1721 3339 re
1751 3320 1831 3345 agens
1851 3314 1876 3338 S.
1896 3313 1993 3339 Bonav.

1044 3361 1090 3385 ait:
1111 3359 1229 3392 Quadam
1249 3358 1393 3392 sagacilate
1412 3359 1499 3390 ipsum
1519 3357 1632 3393 [semen]
1661 3359 1685 3383 in
1715 3365 1761 3383 sua
1790 3358 1883 3383 virtute
1912 3360 1995 3383 custo-

1044 3403 1118 3429 diunt
1137 3406 1184 3428 etc.
