<?xml version="1.0" encoding="UTF-8"?>
<!DOCTYPE html PUBLIC "-//W3C//DTD XHTML 1.0 Transitional//EN"
    "http://www.w3.org/TR/xhtml1/DTD/xhtml1-transitional.dtd">
<html xmlns="http://www.w3.org/1999/xhtml" xml:lang="en" lang="en">
 <head>
  <title>
</title>
<meta http-equiv="Content-Type" content="text/html;charset=utf-8" />
  <meta name='ocr-system' content='tesseract 3.04.00' />
  <meta name='ocr-capabilities' content='ocr_page ocr_carea ocr_par ocr_line ocrx_word'/>
</head>
<body>
  <div class='ocr_page' id='page_1' title='image "./doctorisseraphic04bona_0140.png"; bbox 0 0 2483 3882; ppageno 0'>
   <div class='ocr_carea' id='block_1_1' title="bbox 333 246 1539 286">
    <p class='ocr_par' dir='ltr' id='par_1_1' title="bbox 333 246 1539 286">
     <span class='ocr_line' id='line_1_1' title="bbox 333 246 1539 286; baseline -0.008 0"><span class='ocrx_word' id='word_1_1' title='bbox 333 255 392 286; x_wconf 70' lang='lat'>120</span> <span class='ocrx_word' id='word_1_2' title='bbox 1091 246 1375 279; x_wconf 63' lang='lat' dir='ltr'>SENTENTIARUM</span> <span class='ocrx_word' id='word_1_3' title='bbox 1401 246 1467 278; x_wconf 76' lang='lat' dir='ltr'>Ltss.</span> <span class='ocrx_word' id='word_1_4' title='bbox 1493 246 1539 277; x_wconf 91' lang='lat' dir='ltr'>lV.</span> 
     </span>
    </p>
   </div>
   <div class='ocr_carea' id='block_1_2' title="bbox 1345 329 2301 564">
    <p class='ocr_par' dir='ltr' id='par_1_2' title="bbox 1345 329 2301 564">
     <span class='ocr_line' id='line_1_2' title="bbox 1346 329 2300 369; baseline -0.005 -6"><span class='ocrx_word' id='word_1_5' title='bbox 1346 333 1515 363; x_wconf 79' lang='lat' dir='ltr'>visibilibus</span> <span class='ocrx_word' id='word_1_6' title='bbox 1537 331 1741 362; x_wconf 84' lang='lat' dir='ltr'>Sacramentis</span> <span class='ocrx_word' id='word_1_7' title='bbox 1766 338 1820 369; x_wconf 90' lang='lat' dir='ltr'>per</span> <span class='ocrx_word' id='word_1_8' title='bbox 1842 329 2059 366; x_wconf 88' lang='lat' dir='ltr'>ministerium,</span> <span class='ocrx_word' id='word_1_9' title='bbox 2082 329 2228 359; x_wconf 84' lang='lat' dir='ltr'>Dominus</span> <span class='ocrx_word' id='word_1_10' title='bbox 2249 337 2300 359; x_wconf 84' lang='lat' dir='ltr'>au—</span> 
     </span>
     <span class='ocr_line' id='line_1_3' title="bbox 1346 377 2298 417; baseline -0.005 -5"><span class='ocrx_word' id='word_1_11' title='bbox 1346 386 1404 412; x_wconf 78' lang='lat' dir='ltr'>tem</span> <span class='ocrx_word' id='word_1_12' title='bbox 1428 381 1571 411; x_wconf 80' lang='lat' dir='ltr'>invisibili</span> <span class='ocrx_word' id='word_1_13' title='bbox 1587 380 1682 417; x_wconf 80' lang='lat' dir='ltr'>gratia</span> <span class='ocrx_word' id='word_1_14' title='bbox 1699 387 1754 417; x_wconf 87' lang='lat' dir='ltr'>per</span> <span class='ocrx_word' id='word_1_15' title='bbox 1775 378 1935 417; x_wconf 87' lang='lat' dir='ltr'>Spiritum,</span> <span class='ocrx_word' id='word_1_16' title='bbox 1950 378 2000 408; x_wconf 86' lang='lat' dir='ltr'>nbi</span> <span class='ocrx_word' id='word_1_17' title='bbox 2021 381 2065 408; x_wconf 89' lang='lat' dir='ltr'>est</span> <span class='ocrx_word' id='word_1_18' title='bbox 2087 381 2167 407; x_wconf 92' lang='lat' dir='ltr'>totus</span> <span class='ocrx_word' id='word_1_19' title='bbox 2183 377 2298 407; x_wconf 85' lang='lat' dir='ltr'>fruetus</span> 
     </span>
     <span class='ocr_line' id='line_1_4' title="bbox 1346 425 2299 460; baseline -0.006 0"><span class='ocrx_word' id='word_1_20' title='bbox 1346 430 1510 460; x_wconf 80' lang='lat' dir='ltr'>visibilium</span> <span class='ocrx_word' id='word_1_21' title='bbox 1533 429 1808 459; x_wconf 80' lang='lat' dir='ltr'>sacramentorum.</span> <span class='ocrx_word' id='word_1_22' title='bbox 1830 426 1900 457; x_wconf 86' lang='lat' dir='ltr'>Sine</span> <span class='ocrx_word' id='word_1_23' title='bbox 1923 427 1980 456; x_wconf 80' lang='lat' dir='ltr'>hac</span> <span class='ocrx_word' id='word_1_24' title='bbox 2001 425 2240 456; x_wconf 78' lang='lat' dir='ltr'>sanctificatione</span> <span class='ocrx_word' id='word_1_25' title='bbox 2260 426 2299 454; x_wconf 93' lang='lat' dir='ltr'>vi-</span> 
     </span>
     <span class='ocr_line' id='line_1_5' title="bbox 1345 473 2301 513; baseline -0.005 -5"><span class='ocrx_word' id='word_1_26' title='bbox 1345 478 1444 508; x_wconf 86' lang='lat' dir='ltr'>sibilia</span> <span class='ocrx_word' id='word_1_27' title='bbox 1467 477 1660 507; x_wconf 85' lang='lat' dir='ltr'>Sacramenta</span> <span class='ocrx_word' id='word_1_28' title='bbox 1684 475 1758 504; x_wconf 84' lang='lat' dir='ltr'>nihil</span> <span class='ocrx_word' id='word_1_29' title='bbox 1780 478 1907 513; x_wconf 89' lang='lat' dir='ltr'>prosunt</span> <span class='ocrx_word' id='word_1_30' title='bbox 1923 486 1949 504; x_wconf 85' lang='lat'>».</span> <span class='ocrx_word' id='word_1_31' title='bbox 1964 490 2004 496; x_wconf 93' lang='lat'>—</span> <span class='ocrx_word' id='word_1_32' title='bbox 2019 474 2048 504; x_wconf 85' lang='lat' dir='ltr'>Si</span> <span class='ocrx_word' id='word_1_33' title='bbox 2071 474 2140 512; x_wconf 89' lang='lat' dir='ltr'>quis</span> <span class='ocrx_word' id='word_1_34' title='bbox 2162 473 2220 503; x_wconf 87' lang='lat' dir='ltr'>hoc</span> <span class='ocrx_word' id='word_1_35' title='bbox 2242 481 2301 503; x_wconf 83' lang='lat' dir='ltr'>me-</span> 
     </span>
     <span class='ocr_line' id='line_1_6' title="bbox 1346 523 1951 564; baseline -0.005 -8"><span class='ocrx_word' id='word_1_36' title='bbox 1346 527 1404 556; x_wconf 92' lang='lat' dir='ltr'>lius</span> <span class='ocrx_word' id='word_1_37' title='bbox 1425 525 1546 564; x_wconf 87' lang='lat' dir='ltr'>aperire</span> <span class='ocrx_word' id='word_1_38' title='bbox 1568 524 1693 563; x_wconf 86' lang='lat' dir='ltr'>poterit,</span> <span class='ocrx_word' id='word_1_39' title='bbox 1716 532 1773 553; x_wconf 87' lang='lat' dir='ltr'>nou</span> <span class='ocrx_word' id='word_1_40' title='bbox 1798 523 1919 553; x_wconf 89' lang='lat' dir='ltr'>invideo</span> <span class='ocrx_word' id='word_1_41' title='bbox 1932 523 1951 553; x_wconf 78' lang='lat'>².</span> 
     </span>
    </p>
   </div>
   <div class='ocr_carea' id='block_1_3' title="bbox 178 334 1282 567">
    <p class='ocr_par' dir='ltr' id='par_1_3' title="bbox 178 334 1282 567">
     <span class='ocr_line' id='line_1_7' title="bbox 326 334 1280 371; baseline -0.008 0"><span class='ocrx_word' id='word_1_42' title='bbox 326 349 424 371; x_wconf 78' lang='lat' dir='ltr'>servo.</span> <span class='ocrx_word' id='word_1_43' title='bbox 446 339 532 370; x_wconf 87' lang='lat' dir='ltr'>Unde</span> <span class='ocrx_word' id='word_1_44' title='bbox 553 342 582 369; x_wconf 87' lang='lat' dir='ltr'>et</span> <span class='ocrx_word' id='word_1_45' title='bbox 606 337 748 368; x_wconf 84' lang='lat' dir='ltr'>Dominus</span> <span class='ocrx_word' id='word_1_46' title='bbox 770 335 881 365; x_wconf 87' lang='lat' dir='ltr'>dicitur</span> <span class='ocrx_word' id='word_1_47' title='bbox 903 334 1094 365; x_wconf 81' lang='lat' dir='ltr'>sanctificare</span> <span class='ocrx_word' id='word_1_48' title='bbox 1116 338 1146 364; x_wconf 90' lang='lat' dir='ltr'>et</span> <span class='ocrx_word' id='word_1_49' title='bbox 1160 342 1280 371; x_wconf 87' lang='lat' dir='ltr'>servus;</span> 
     </span>
     <span class='ocr_line' id='line_1_8' title="bbox 326 382 1281 422; baseline -0.008 -2"><span class='ocrx_word' id='word_1_50' title='bbox 326 389 379 420; x_wconf 83' lang='lat' dir='ltr'>sed</span> <span class='ocrx_word' id='word_1_51' title='bbox 413 388 556 419; x_wconf 86' lang='lat' dir='ltr'>Dominus</span> <span class='ocrx_word' id='word_1_52' title='bbox 589 385 731 416; x_wconf 88' lang='lat' dir='ltr'>invisibili</span> <span class='ocrx_word' id='word_1_53' title='bbox 764 384 873 422; x_wconf 82' lang='lat' dir='ltr'>gratia,</span> <span class='ocrx_word' id='word_1_54' title='bbox 896 391 1002 413; x_wconf 88' lang='lat' dir='ltr'>servus</span> <span class='ocrx_word' id='word_1_55' title='bbox 1035 382 1146 412; x_wconf 90' lang='lat' dir='ltr'>visibili</span> <span class='ocrx_word' id='word_1_56' title='bbox 1179 382 1281 412; x_wconf 81' lang='lat' dir='ltr'>Sacra-</span> 
     </span>
     <span class='ocr_line' id='line_1_9' title="bbox 178 431 1281 479; baseline -0.011 -7"><span class='ocrx_word' id='word_1_57' title='bbox 178 442 436 479; x_wconf 54' lang='lat' dir='ltr'>Anguszmusstnenm.</span> <span class='ocrx_word' id='word_1_58' title='bbox 460 436 545 466; x_wconf 84' lang='lat' dir='ltr'>Unde</span> <span class='ocrx_word' id='word_1_59' title='bbox 565 435 751 472; x_wconf 82' lang='lat' dir='ltr'>Augustinus</span> <span class='ocrx_word' id='word_1_60' title='bbox 766 441 859 471; x_wconf 88' lang='lat' dir='ltr'>super</span> <span class='ocrx_word' id='word_1_61' title='bbox 873 432 1041 462; x_wconf 79' lang='lat' dir='ltr'>Levitioum</span> <span class='ocrx_word' id='word_1_62' title='bbox 1055 432 1081 461; x_wconf 86' lang='lat'>¹:</span> <span class='ocrx_word' id='word_1_63' title='bbox 1110 444 1121 457; x_wconf 77' lang='grc' dir='ltr'>κ</span> <span class='ocrx_word' id='word_1_64' title='bbox 1137 431 1281 461; x_wconf 87' lang='lat' dir='ltr'>Dominus</span> 
     </span>
     <span class='ocr_line' id='line_1_10' title="bbox 328 479 1282 524; baseline -0.007 -9"><span class='ocrx_word' id='word_1_65' title='bbox 328 486 387 516; x_wconf 87' lang='lat' dir='ltr'>ait:</span> <span class='ocrx_word' id='word_1_66' title='bbox 411 486 472 524; x_wconf 69' lang='lat' dir='ltr'>Eyo</span> <span class='ocrx_word' id='word_1_67' title='bbox 496 483 663 517; x_wconf 73' lang='lat' dir='ltr'>Dominus,</span> <span class='ocrx_word' id='word_1_68' title='bbox 686 480 742 520; x_wconf 67' lang='lat' dir='ltr'>qui</span> <span class='ocrx_word' id='word_1_69' title='bbox 761 479 934 518; x_wconf 75' lang='lat' dir='ltr'>sanctifico;</span> <span class='ocrx_word' id='word_1_70' title='bbox 956 479 994 510; x_wconf 84' lang='lat' dir='ltr'>de</span> <span class='ocrx_word' id='word_1_71' title='bbox 1009 480 1112 518; x_wconf 82' lang='lat' dir='ltr'>Moyse</span> <span class='ocrx_word' id='word_1_72' title='bbox 1134 480 1224 509; x_wconf 85' lang='lat' dir='ltr'>etiam</span> <span class='ocrx_word' id='word_1_73' title='bbox 1240 479 1282 508; x_wconf 89' lang='lat' dir='ltr'>di-</span> 
     </span>
     <span class='ocr_line' id='line_1_11' title="bbox 328 527 1282 567; baseline -0.006 -4"><span class='ocrx_word' id='word_1_74' title='bbox 328 538 408 563; x_wconf 81' lang='lat' dir='ltr'>ctum</span> <span class='ocrx_word' id='word_1_75' title='bbox 432 536 489 562; x_wconf 87' lang='lat' dir='ltr'>est:</span> <span class='ocrx_word' id='word_1_76' title='bbox 512 532 550 561; x_wconf 79' lang='lat' dir='ltr'>Ec</span> <span class='ocrx_word' id='word_1_77' title='bbox 571 528 772 566; x_wconf 66' lang='lat' dir='ltr'>sanctificabis</span> <span class='ocrx_word' id='word_1_78' title='bbox 797 538 874 558; x_wconf 75' lang='lat' dir='ltr'>eum.</span> <span class='ocrx_word' id='word_1_79' title='bbox 899 528 956 558; x_wconf 87' lang='lat' dir='ltr'>Sed</span> <span class='ocrx_word' id='word_1_80' title='bbox 973 529 1092 567; x_wconf 80' lang='lat' dir='ltr'>Moyses</span> <span class='ocrx_word' id='word_1_81' title='bbox 1113 527 1282 558; x_wconf 81' lang='lat' dir='ltr'>sanctificat</span> 
     </span>
    </p>
   </div>
   <div class='ocr_carea' id='block_1_4' title="bbox 1311 335 1314 466">
    <p class='ocr_par' dir='ltr' id='par_1_4' title="bbox 1311 335 1314 466">
     <span class='ocr_line' id='line_1_12' title="bbox 1311 335 1314 466; baseline 0 3416"><span class='ocrx_word' id='word_1_82' title='bbox 1311 335 1314 466; x_wconf 95' lang='lat' dir='ltr'> </span> 
     </span>
    </p>
   </div>
   <div class='ocr_carea' id='block_1_5' title="bbox 1311 469 1314 559">
    <p class='ocr_par' dir='ltr' id='par_1_5' title="bbox 1311 469 1314 559">
     <span class='ocr_line' id='line_1_13' title="bbox 1311 469 1314 559; baseline 0 3323"><span class='ocrx_word' id='word_1_83' title='bbox 1311 469 1314 559; x_wconf 95' lang='lat' dir='ltr'> </span> 
     </span>
    </p>
   </div>
   <div class='ocr_carea' id='block_1_6' title="bbox 699 693 1930 752">
    <p class='ocr_par' dir='ltr' id='par_1_6' title="bbox 699 693 1930 752">
     <span class='ocr_line' id='line_1_14' title="bbox 699 693 1930 752; baseline -0.005 0"><span class='ocrx_word' id='word_1_84' title='bbox 699 696 1195 752; x_wconf 75' lang='lat' dir='ltr'><strong>COMMENTARIUS</strong></span> <span class='ocrx_word' id='word_1_85' title='bbox 1234 696 1303 750; x_wconf 84' lang='lat' dir='ltr'>IN</span> <span class='ocrx_word' id='word_1_86' title='bbox 1341 693 1836 748; x_wconf 77' lang='lat' dir='ltr'>DISTINOTIONEM</span> <span class='ocrx_word' id='word_1_87' title='bbox 1875 693 1930 746; x_wconf 81' lang='lat' dir='ltr'>V.</span> 
     </span>
    </p>
   </div>
   <div class='ocr_carea' id='block_1_7' title="bbox 892 825 1741 880">
    <p class='ocr_par' dir='ltr' id='par_1_7' title="bbox 892 825 1741 880">
     <span class='ocr_line' id='line_1_15' title="bbox 892 825 1741 880; baseline -0.006 -13"><span class='ocrx_word' id='word_1_88' title='bbox 892 830 942 867; x_wconf 90' lang='lat' dir='ltr'>De</span> <span class='ocrx_word' id='word_1_89' title='bbox 961 829 1133 880; x_wconf 81' lang='lat' dir='ltr'>baptismo</span> <span class='ocrx_word' id='word_1_90' title='bbox 1154 841 1214 879; x_wconf 88' lang='lat' dir='ltr'>per</span> <span class='ocrx_word' id='word_1_91' title='bbox 1234 826 1523 877; x_wconf 75' lang='lat' dir='ltr'>comparationem</span> <span class='ocrx_word' id='word_1_92' title='bbox 1545 825 1588 862; x_wconf 89' lang='lat' dir='ltr'>ad</span> <span class='ocrx_word' id='word_1_93' title='bbox 1610 825 1741 862; x_wconf 86' lang='lat' dir='ltr'>dantes.</span> 
     </span>
    </p>
   </div>
   <div class='ocr_carea' id='block_1_8' title="bbox 818 945 1822 1104">
    <p class='ocr_par' dir='ltr' id='par_1_8' title="bbox 818 945 1822 1104">
     <span class='ocr_line' id='line_1_16' title="bbox 818 945 1822 986; baseline -0.006 -4"><span class='ocrx_word' id='word_1_94' title='bbox 818 950 897 981; x_wconf 66' lang='lat' dir='ltr'>Post</span> <span class='ocrx_word' id='word_1_95' title='bbox 922 948 1001 981; x_wconf 68' lang='lat' dir='ltr'>lutee</span> <span class='ocrx_word' id='word_1_96' title='bbox 1023 949 1192 981; x_wconf 67' lang='lat' dir='ltr'>sciendam</span> <span class='ocrx_word' id='word_1_97' title='bbox 1217 951 1278 985; x_wconf 76' lang='lat' dir='ltr'>est,</span> <span class='ocrx_word' id='word_1_98' title='bbox 1304 946 1558 979; x_wconf 62' lang='lat' dir='ltr'>&amp;tenementum</span> <span class='ocrx_word' id='word_1_99' title='bbox 1585 945 1741 986; x_wconf 68' lang='lat' dir='ltr'>baptismi</span> <span class='ocrx_word' id='word_1_100' title='bbox 1763 950 1822 977; x_wconf 77' lang='lat' dir='ltr'>etc.</span> 
     </span>
     <span class='ocr_line' id='line_1_17' title="bbox 1161 1070 1479 1104; baseline -0.006 -1"><span class='ocrx_word' id='word_1_101' title='bbox 1161 1070 1299 1104; x_wconf 83' lang='lat' dir='ltr'>DlVlSlO</span> <span class='ocrx_word' id='word_1_102' title='bbox 1323 1070 1479 1102; x_wconf 72' lang='lat' dir='ltr'>TEXTUS.</span> 
     </span>
    </p>
   </div>
   <div class='ocr_carea' id='block_1_9' title="bbox 330 1193 2308 1773">
    <p class='ocr_par' dir='ltr' id='par_1_9' title="bbox 330 1193 2308 1667">
     <span class='ocr_line' id='line_1_18' title="bbox 419 1193 2308 1242; baseline -0.004 -9"><span class='ocrx_word' id='word_1_103' title='bbox 419 1201 521 1242; x_wconf 84' lang='lat' dir='ltr'>Supra</span> <span class='ocrx_word' id='word_1_104' title='bbox 546 1199 768 1232; x_wconf 73' lang='lat' dir='ltr'>determinavit</span> <span class='ocrx_word' id='word_1_105' title='bbox 792 1199 937 1240; x_wconf 80' lang='lat' dir='ltr'>Magister</span> <span class='ocrx_word' id='word_1_106' title='bbox 962 1197 1000 1229; x_wconf 87' lang='lat' dir='ltr'>de</span> <span class='ocrx_word' id='word_1_107' title='bbox 1025 1197 1180 1238; x_wconf 80' lang='lat' dir='ltr'>baptismo</span> <span class='ocrx_word' id='word_1_108' title='bbox 1205 1195 1233 1226; x_wconf 91' lang='lat' dir='ltr'>in</span> <span class='ocrx_word' id='word_1_109' title='bbox 1252 1204 1285 1227; x_wconf 91' lang='lat' dir='ltr'>se</span> <span class='ocrx_word' id='word_1_110' title='bbox 1350 1194 1472 1227; x_wconf 83' lang='lat' dir='ltr'>collata.</span> <span class='ocrx_word' id='word_1_111' title='bbox 1506 1194 1537 1225; x_wconf 92' lang='lat' dir='ltr'>ln</span> <span class='ocrx_word' id='word_1_112' title='bbox 1574 1193 1713 1226; x_wconf 86' lang='lat' dir='ltr'>secunda</span> <span class='ocrx_word' id='word_1_113' title='bbox 1754 1202 1829 1225; x_wconf 83' lang='lat' dir='ltr'>vero</span> <span class='ocrx_word' id='word_1_114' title='bbox 1864 1193 2070 1232; x_wconf 74' lang='lat' dir='ltr'>determinat,</span> <span class='ocrx_word' id='word_1_115' title='bbox 2107 1193 2223 1235; x_wconf 81' lang='lat' dir='ltr'>quibus</span> <span class='ocrx_word' id='word_1_116' title='bbox 2259 1196 2308 1225; x_wconf 84' lang='lat' dir='ltr'>est</span> 
     </span>
     <span class='ocr_line' id='line_1_19' title="bbox 330 1245 2305 1295; baseline -0.005 -9"><span class='ocrx_word' id='word_1_117' title='bbox 330 1258 360 1286; x_wconf 80' lang='lat' dir='ltr'>et</span> <span class='ocrx_word' id='word_1_118' title='bbox 385 1263 440 1295; x_wconf 88' lang='lat' dir='ltr'>per</span> <span class='ocrx_word' id='word_1_119' title='bbox 476 1253 741 1295; x_wconf 74' lang='lat' dir='ltr'>comparationem</span> <span class='ocrx_word' id='word_1_120' title='bbox 773 1252 812 1284; x_wconf 85' lang='lat' dir='ltr'>ad</span> <span class='ocrx_word' id='word_1_121' title='bbox 846 1250 1092 1292; x_wconf 76' lang='lat' dir='ltr'>suscipientes¹3</span> <span class='ocrx_word' id='word_1_122' title='bbox 1119 1249 1168 1281; x_wconf 76' lang='lat' dir='ltr'>liic</span> <span class='ocrx_word' id='word_1_123' title='bbox 1194 1247 1285 1280; x_wconf 86' lang='lat' dir='ltr'>tertio</span> <span class='ocrx_word' id='word_1_124' title='bbox 1350 1247 1478 1285; x_wconf 85' lang='lat' dir='ltr'>collata,</span> <span class='ocrx_word' id='word_1_125' title='bbox 1505 1247 1586 1278; x_wconf 49' lang='lat' dir='ltr'>ibiff:</span> <span class='ocrx_word' id='word_1_126' title='bbox 1613 1246 1709 1278; x_wconf 71' lang='lat' dir='ltr'>Nunc</span> <span class='ocrx_word' id='word_1_127' title='bbox 1733 1246 1853 1288; x_wconf 67' lang='lat' dir='ltr'>(litibus</span> <span class='ocrx_word' id='word_1_128' title='bbox 1877 1245 1972 1278; x_wconf 73' lang='lat' dir='ltr'>liceat</span> <span class='ocrx_word' id='word_1_129' title='bbox 1990 1246 2175 1288; x_wconf 61' lang='lat' dir='ltr'>baptizare.</span> <span class='ocrx_word' id='word_1_130' title='bbox 2201 1246 2305 1278; x_wconf 83' lang='lat' dir='ltr'>Prima</span> 
     </span>
     <span class='ocr_line' id='line_1_20' title="bbox 332 1299 2304 1348; baseline -0.005 -9"><span class='ocrx_word' id='word_1_131' title='bbox 332 1307 394 1348; x_wconf 71' lang='lat' dir='ltr'>agit</span> <span class='ocrx_word' id='word_1_132' title='bbox 418 1307 457 1339; x_wconf 89' lang='lat' dir='ltr'>de</span> <span class='ocrx_word' id='word_1_133' title='bbox 479 1307 547 1348; x_wconf 87' lang='lat' dir='ltr'>ipso</span> <span class='ocrx_word' id='word_1_134' title='bbox 581 1315 638 1348; x_wconf 87' lang='lat' dir='ltr'>per</span> <span class='ocrx_word' id='word_1_135' title='bbox 674 1305 940 1347; x_wconf 85' lang='lat' dir='ltr'>comparationem</span> <span class='ocrx_word' id='word_1_136' title='bbox 973 1304 1011 1336; x_wconf 85' lang='lat' dir='ltr'>ad</span> <span class='ocrx_word' id='word_1_137' title='bbox 1046 1303 1173 1340; x_wconf 68' lang='lat' dir='ltr'>dantesg</span> <span class='ocrx_word' id='word_1_138' title='bbox 1198 1305 1228 1334; x_wconf 87' lang='lat' dir='ltr'>et</span> <span class='ocrx_word' id='word_1_139' title='bbox 1252 1301 1284 1333; x_wconf 82' lang='grc'>111</span> <span class='ocrx_word' id='word_1_140' title='bbox 1350 1310 1424 1342; x_wconf 81' lang='lat' dir='ltr'>pars</span> <span class='ocrx_word' id='word_1_141' title='bbox 1459 1300 1554 1331; x_wconf 84' lang='lat' dir='ltr'>habet</span> <span class='ocrx_word' id='word_1_142' title='bbox 1590 1303 1653 1331; x_wconf 88' lang='lat' dir='ltr'>tres</span> <span class='ocrx_word' id='word_1_143' title='bbox 1688 1303 1804 1341; x_wconf 86' lang='lat' dir='ltr'>partes.</span> <span class='ocrx_word' id='word_1_144' title='bbox 1842 1299 1872 1330; x_wconf 95' lang='lat' dir='ltr'>ln</span> <span class='ocrx_word' id='word_1_145' title='bbox 1909 1299 2012 1340; x_wconf 90' lang='lat' dir='ltr'>prima</span> <span class='ocrx_word' id='word_1_146' title='bbox 2038 1302 2126 1340; x_wconf 88' lang='lat' dir='ltr'>parte</span> <span class='ocrx_word' id='word_1_147' title='bbox 2150 1299 2304 1337; x_wconf 74' lang='lat' dir='ltr'>ostendit,</span> 
     </span>
     <span class='ocr_line' id='line_1_21' title="bbox 331 1351 2303 1401; baseline -0.005 -9"><span class='ocrx_word' id='word_1_148' title='bbox 331 1363 404 1392; x_wconf 83' lang='lat' dir='ltr'>sunt</span> <span class='ocrx_word' id='word_1_149' title='bbox 428 1359 544 1401; x_wconf 79' lang='lat' dir='ltr'>quibus</span> <span class='ocrx_word' id='word_1_150' title='bbox 568 1359 681 1391; x_wconf 88' lang='lat' dir='ltr'>collata</span> <span class='ocrx_word' id='word_1_151' title='bbox 704 1362 752 1390; x_wconf 86' lang='lat' dir='ltr'>est</span> <span class='ocrx_word' id='word_1_152' title='bbox 777 1361 912 1400; x_wconf 88' lang='lat' dir='ltr'>potestas</span> <span class='ocrx_word' id='word_1_153' title='bbox 936 1355 1124 1398; x_wconf 84' lang='lat' dir='ltr'>baptizandi.</span> <span class='ocrx_word' id='word_1_154' title='bbox 1152 1355 1185 1387; x_wconf 88' lang='lat' dir='ltr'>Et</span> <span class='ocrx_word' id='word_1_155' title='bbox 1210 1354 1286 1387; x_wconf 81' lang='lat' dir='ltr'>divi·</span> <span class='ocrx_word' id='word_1_156' title='bbox 1351 1354 1435 1396; x_wconf 87' lang='lat' dir='ltr'>qnod</span> <span class='ocrx_word' id='word_1_157' title='bbox 1468 1357 1605 1395; x_wconf 87' lang='lat' dir='ltr'>poteslas</span> <span class='ocrx_word' id='word_1_158' title='bbox 1636 1352 1814 1394; x_wconf 82' lang='lat' dir='ltr'>baptizandi</span> <span class='ocrx_word' id='word_1_159' title='bbox 1850 1352 2026 1394; x_wconf 80' lang='lat' dir='ltr'>aequaliter</span> <span class='ocrx_word' id='word_1_160' title='bbox 2056 1356 2104 1384; x_wconf 83' lang='lat' dir='ltr'>est</span> <span class='ocrx_word' id='word_1_161' title='bbox 2135 1351 2248 1384; x_wconf 80' lang='lat' dir='ltr'>efficax</span> <span class='ocrx_word' id='word_1_162' title='bbox 2274 1352 2303 1383; x_wconf 94' lang='lat' dir='ltr'>in</span> 
     </span>
     <span class='ocr_line' id='line_1_22' title="bbox 331 1404 2305 1453; baseline -0.004 -11"><span class='ocrx_word' id='word_1_163' title='bbox 331 1413 418 1445; x_wconf 79' lang='lat' dir='ltr'>ditur</span> <span class='ocrx_word' id='word_1_164' title='bbox 442 1413 519 1444; x_wconf 82' lang='lat' dir='ltr'>haec</span> <span class='ocrx_word' id='word_1_165' title='bbox 544 1421 618 1453; x_wconf 91' lang='lat' dir='ltr'>pars</span> <span class='ocrx_word' id='word_1_166' title='bbox 654 1412 683 1443; x_wconf 94' lang='lat' dir='ltr'>in</span> <span class='ocrx_word' id='word_1_167' title='bbox 720 1411 800 1443; x_wconf 80' lang='lat' dir='ltr'>duas</span> <span class='ocrx_word' id='word_1_168' title='bbox 837 1414 950 1452; x_wconf 88' lang='lat' dir='ltr'>partes.</span> <span class='ocrx_word' id='word_1_169' title='bbox 976 1410 1007 1441; x_wconf 87' lang='lat' dir='ltr'>ln</span> <span class='ocrx_word' id='word_1_170' title='bbox 1033 1409 1134 1451; x_wconf 85' lang='lat' dir='ltr'>prima</span> <span class='ocrx_word' id='word_1_171' title='bbox 1159 1408 1222 1450; x_wconf 80' lang='lat' dir='ltr'>agit</span> <span class='ocrx_word' id='word_1_172' title='bbox 1247 1408 1285 1440; x_wconf 88' lang='lat' dir='ltr'>de</span> <span class='ocrx_word' id='word_1_173' title='bbox 1351 1406 1498 1438; x_wconf 87' lang='lat' dir='ltr'>omnibus</span> <span class='ocrx_word' id='word_1_174' title='bbox 1524 1405 1685 1437; x_wconf 80' lang='lat' dir='ltr'>ministris.</span> <span class='ocrx_word' id='word_1_175' title='bbox 1710 1405 1740 1436; x_wconf 86' lang='lat' dir='ltr'>ln</span> <span class='ocrx_word' id='word_1_176' title='bbox 1774 1404 1914 1437; x_wconf 84' lang='lat' dir='ltr'>secunda</span> <span class='ocrx_word' id='word_1_177' title='bbox 1946 1413 2021 1436; x_wconf 88' lang='lat' dir='ltr'>vero</span> <span class='ocrx_word' id='word_1_178' title='bbox 2046 1404 2199 1443; x_wconf 84' lang='lat' dir='ltr'>ostendit,</span> <span class='ocrx_word' id='word_1_179' title='bbox 2224 1414 2305 1446; x_wconf 85' lang='lat' dir='ltr'>quae</span> 
     </span>
     <span class='ocr_line' id='line_1_23' title="bbox 330 1457 2305 1507; baseline -0.005 -9"><span class='ocrx_word' id='word_1_180' title='bbox 330 1469 483 1507; x_wconf 72' lang='lat' dir='ltr'>potestate</span> <span class='ocrx_word' id='word_1_181' title='bbox 508 1465 629 1498; x_wconf 83' lang='lat' dir='ltr'>collata.</span> <span class='ocrx_word' id='word_1_182' title='bbox 654 1465 685 1496; x_wconf 88' lang='lat' dir='ltr'>ln</span> <span class='ocrx_word' id='word_1_183' title='bbox 711 1464 849 1497; x_wconf 84' lang='lat' dir='ltr'>secunda</span> <span class='ocrx_word' id='word_1_184' title='bbox 877 1464 940 1504; x_wconf 78' lang='lat' dir='ltr'>agit</span> <span class='ocrx_word' id='word_1_185' title='bbox 964 1463 1002 1495; x_wconf 81' lang='lat' dir='ltr'>sle</span> <span class='ocrx_word' id='word_1_186' title='bbox 1027 1463 1076 1495; x_wconf 77' lang='lat' dir='ltr'>liis</span> <span class='ocrx_word' id='word_1_187' title='bbox 1100 1470 1181 1504; x_wconf 84' lang='lat' dir='ltr'>quae</span> <span class='ocrx_word' id='word_1_188' title='bbox 1205 1462 1285 1493; x_wconf 85' lang='lat' dir='ltr'>hanc</span> <span class='ocrx_word' id='word_1_189' title='bbox 1351 1460 1390 1492; x_wconf 85' lang='lat' dir='ltr'>sit</span> <span class='ocrx_word' id='word_1_190' title='bbox 1415 1460 1468 1492; x_wconf 86' lang='lat' dir='ltr'>illa</span> <span class='ocrx_word' id='word_1_191' title='bbox 1492 1462 1647 1501; x_wconf 81' lang='lat' dir='ltr'>potestas,</span> <span class='ocrx_word' id='word_1_192' title='bbox 1672 1458 1821 1500; x_wconf 80' lang='lat' dir='ltr'>quoniam</span> <span class='ocrx_word' id='word_1_193' title='bbox 1858 1461 1905 1490; x_wconf 83' lang='lat' dir='ltr'>est</span> <span class='ocrx_word' id='word_1_194' title='bbox 1941 1457 2038 1490; x_wconf 90' lang='lat' dir='ltr'>solius</span> <span class='ocrx_word' id='word_1_195' title='bbox 2063 1457 2226 1490; x_wconf 85' lang='lat' dir='ltr'>ministerii</span> <span class='ocrx_word' id='word_1_196' title='bbox 2252 1467 2305 1490; x_wconf 84' lang='lat' dir='ltr'>ex-</span> 
     </span>
     <span class='ocr_line' id='line_1_24' title="bbox 332 1510 2304 1561; baseline -0.006 -9"><span class='ocrx_word' id='word_1_197' title='bbox 332 1522 516 1561; x_wconf 74' lang='lat' dir='ltr'>potestatem</span> <span class='ocrx_word' id='word_1_198' title='bbox 542 1518 733 1560; x_wconf 74' lang='lat' dir='ltr'>expediunt,</span> <span class='ocrx_word' id='word_1_199' title='bbox 771 1517 819 1549; x_wconf 81' lang='lat' dir='ltr'>vel</span> <span class='ocrx_word' id='word_1_200' title='bbox 852 1516 1042 1558; x_wconf 73' lang='lat' dir='ltr'>impediunt,</span> <span class='ocrx_word' id='word_1_201' title='bbox 1072 1515 1152 1547; x_wconf 84' lang='lat' dir='ltr'>infra</span> <span class='ocrx_word' id='word_1_202' title='bbox 1180 1514 1286 1547; x_wconf 88' lang='lat' dir='ltr'>distin-</span> <span class='ocrx_word' id='word_1_203' title='bbox 1352 1513 1492 1551; x_wconf 90' lang='lat' dir='ltr'>terioris,</span> <span class='ocrx_word' id='word_1_204' title='bbox 1518 1513 1576 1544; x_wconf 87' lang='lat' dir='ltr'>ibi:</span> <span class='ocrx_word' id='word_1_205' title='bbox 1605 1512 1693 1552; x_wconf 65' lang='lat' dir='ltr'>Quia</span> <span class='ocrx_word' id='word_1_206' title='bbox 1717 1511 1942 1543; x_wconf 71' lang='lat' dir='ltr'>mz&#39;m&#39;scerz&#39;am</span> <span class='ocrx_word' id='word_1_207' title='bbox 1968 1515 2097 1543; x_wconf 71' lang='lat' dir='ltr'>tantum</span> <span class='ocrx_word' id='word_1_208' title='bbox 2122 1510 2249 1543; x_wconf 71' lang='lat' dir='ltr'>habent.</span> <span class='ocrx_word' id='word_1_209' title='bbox 2274 1511 2304 1543; x_wconf 88' lang='lat' dir='ltr'>ln</span> 
     </span>
     <span class='ocr_line' id='line_1_25' title="bbox 332 1564 2307 1617; baseline -0.005 -13"><span class='ocrx_word' id='word_1_210' title='bbox 332 1573 432 1605; x_wconf 75' lang='lat' dir='ltr'>ctione</span> <span class='ocrx_word' id='word_1_211' title='bbox 449 1572 590 1613; x_wconf 80' lang='lat' dir='ltr'>sequenti</span> <span class='ocrx_word' id='word_1_212' title='bbox 610 1571 693 1603; x_wconf 85' lang='lat' dir='ltr'>circa</span> <span class='ocrx_word' id='word_1_213' title='bbox 719 1570 876 1607; x_wconf 81' lang='lat' dir='ltr'>medium,</span> <span class='ocrx_word' id='word_1_214' title='bbox 902 1569 959 1601; x_wconf 82' lang='lat' dir='ltr'>ibi:</span> <span class='ocrx_word' id='word_1_215' title='bbox 979 1569 1047 1600; x_wconf 80' lang='lat' dir='ltr'>Hoc</span> <span class='ocrx_word' id='word_1_216' title='bbox 1064 1568 1160 1600; x_wconf 72' lang='lat' dir='ltr'>eciam</span> <span class='ocrx_word' id='word_1_217' title='bbox 1186 1567 1286 1599; x_wconf 72' lang='lat' dir='ltr'>scien·</span> <span class='ocrx_word' id='word_1_218' title='bbox 1318 1604 1320 1617; x_wconf 85' lang='lat'>.</span> <span class='ocrx_word' id='word_1_219' title='bbox 1351 1567 1442 1599; x_wconf 86' lang='lat' dir='ltr'>tertia</span> <span class='ocrx_word' id='word_1_220' title='bbox 1468 1575 1542 1598; x_wconf 90' lang='lat' dir='ltr'>vero</span> <span class='ocrx_word' id='word_1_221' title='bbox 1580 1569 1667 1607; x_wconf 82' lang='lat' dir='ltr'>parte</span> <span class='ocrx_word' id='word_1_222' title='bbox 1703 1564 1852 1603; x_wconf 83' lang='lat' dir='ltr'>ostendit,</span> <span class='ocrx_word' id='word_1_223' title='bbox 1877 1573 1958 1606; x_wconf 85' lang='lat' dir='ltr'>quae</span> <span class='ocrx_word' id='word_1_224' title='bbox 1993 1565 2033 1596; x_wconf 89' lang='lat' dir='ltr'>sit</span> <span class='ocrx_word' id='word_1_225' title='bbox 2062 1564 2115 1596; x_wconf 88' lang='lat' dir='ltr'>illa</span> <span class='ocrx_word' id='word_1_226' title='bbox 2151 1567 2307 1605; x_wconf 85' lang='lat' dir='ltr'>potestas,</span> 
     </span>
     <span class='ocr_line' id='line_1_26' title="bbox 333 1616 2308 1667; baseline -0.004 -11"><span class='ocrx_word' id='word_1_227' title='bbox 333 1625 411 1657; x_wconf 59' lang='lat' dir='ltr'>eliam</span> <span class='ocrx_word' id='word_1_228' title='bbox 437 1629 493 1661; x_wconf 76' lang='lat' dir='ltr'>esc,</span> <span class='ocrx_word' id='word_1_229' title='bbox 519 1623 606 1667; x_wconf 73' lang='lat' dir='ltr'>quod</span> <span class='ocrx_word' id='word_1_230' title='bbox 629 1623 702 1655; x_wconf 71' lang='lat' dir='ltr'>licet</span> <span class='ocrx_word' id='word_1_231' title='bbox 726 1627 773 1654; x_wconf 76' lang='lat' dir='ltr'>ter</span> <span class='ocrx_word' id='word_1_232' title='bbox 797 1627 854 1655; x_wconf 80' lang='lat' dir='ltr'>etc.</span> <span class='ocrx_word' id='word_1_233' title='bbox 1317 1621 1319 1648; x_wconf 78' lang='grc'>1</span> <span class='ocrx_word' id='word_1_234' title='bbox 1350 1628 1444 1661; x_wconf 81' lang='lat' dir='ltr'>quam</span> <span class='ocrx_word' id='word_1_235' title='bbox 1472 1618 1623 1650; x_wconf 84' lang='lat' dir='ltr'>Dominus</span> <span class='ocrx_word' id='word_1_236' title='bbox 1648 1617 1749 1659; x_wconf 87' lang='lat' dir='ltr'>potuit</span> <span class='ocrx_word' id='word_1_237' title='bbox 1766 1617 1842 1649; x_wconf 86' lang='lat' dir='ltr'>dare</span> <span class='ocrx_word' id='word_1_238' title='bbox 1860 1616 2030 1654; x_wconf 72' lang='lat' dir='ltr'>ministris,</span> <span class='ocrx_word' id='word_1_239' title='bbox 2047 1616 2180 1649; x_wconf 87' lang='lat' dir='ltr'>sednon</span> <span class='ocrx_word' id='word_1_240' title='bbox 2206 1616 2308 1655; x_wconf 85' lang='lat' dir='ltr'>dedit,</span> 
     </span>
    </p>

    <p class='ocr_par' dir='ltr' id='par_1_10' title="bbox 333 1669 2308 1773">
     <span class='ocr_line' id='line_1_27' title="bbox 422 1669 2308 1719; baseline -0.005 -9"><span class='ocrx_word' id='word_1_241' title='bbox 422 1678 524 1710; x_wconf 79' lang='lat' dir='ltr'>Prima</span> <span class='ocrx_word' id='word_1_242' title='bbox 548 1686 622 1719; x_wconf 85' lang='lat' dir='ltr'>pars</span> <span class='ocrx_word' id='word_1_243' title='bbox 647 1677 741 1709; x_wconf 89' lang='lat' dir='ltr'>habet</span> <span class='ocrx_word' id='word_1_244' title='bbox 765 1676 854 1708; x_wconf 77' lang='lat' dir='ltr'>duas,</span> <span class='ocrx_word' id='word_1_245' title='bbox 881 1676 911 1707; x_wconf 90' lang='lat' dir='ltr'>ln</span> <span class='ocrx_word' id='word_1_246' title='bbox 937 1676 1038 1717; x_wconf 85' lang='lat' dir='ltr'>prima</span> <span class='ocrx_word' id='word_1_247' title='bbox 1069 1673 1205 1706; x_wconf 85' lang='lat' dir='ltr'>ostendit</span> <span class='ocrx_word' id='word_1_248' title='bbox 1228 1673 1287 1704; x_wconf 86' lang='lat' dir='ltr'>Ma·</span> <span class='ocrx_word' id='word_1_249' title='bbox 1352 1672 1410 1704; x_wconf 85' lang='lat' dir='ltr'>ibi:</span> <span class='ocrx_word' id='word_1_250' title='bbox 1436 1671 1499 1703; x_wconf 77' lang='lat' dir='ltr'>Hic</span> <span class='ocrx_word' id='word_1_251' title='bbox 1523 1671 1711 1714; x_wconf 64' lang='lat' dir='ltr'>quaeritur,</span> <span class='ocrx_word' id='word_1_252' title='bbox 1729 1679 1813 1713; x_wconf 72' lang='lat' dir='ltr'>quae</span> <span class='ocrx_word' id='word_1_253' title='bbox 1828 1670 1871 1701; x_wconf 72' lang='lat' dir='ltr'>sic</span> <span class='ocrx_word' id='word_1_254' title='bbox 1889 1669 1947 1701; x_wconf 69' lang='lat' dir='ltr'>illa</span> <span class='ocrx_word' id='word_1_255' title='bbox 1961 1673 2119 1711; x_wconf 74' lang='lat' dir='ltr'>potestas,</span> <span class='ocrx_word' id='word_1_256' title='bbox 2138 1669 2191 1701; x_wconf 89' lang='lat' dir='ltr'>ubi</span> <span class='ocrx_word' id='word_1_257' title='bbox 2214 1669 2308 1707; x_wconf 84' lang='lat' dir='ltr'>dicit,</span> 
     </span>
     <span class='ocr_line' id='line_1_28' title="bbox 333 1723 1933 1773; baseline -0.006 -10"><span class='ocrx_word' id='word_1_258' title='bbox 333 1731 446 1773; x_wconf 72' lang='lat' dir='ltr'>gister,</span> <span class='ocrx_word' id='word_1_259' title='bbox 479 1739 559 1772; x_wconf 85' lang='lat' dir='ltr'>quae</span> <span class='ocrx_word' id='word_1_260' title='bbox 596 1730 635 1762; x_wconf 86' lang='lat' dir='ltr'>sit</span> <span class='ocrx_word' id='word_1_261' title='bbox 671 1729 724 1761; x_wconf 88' lang='lat' dir='ltr'>illa</span> <span class='ocrx_word' id='word_1_262' title='bbox 760 1732 910 1770; x_wconf 84' lang='lat' dir='ltr'>potestas,</span> <span class='ocrx_word' id='word_1_263' title='bbox 939 1737 1020 1770; x_wconf 83' lang='lat' dir='ltr'>quae</span> <span class='ocrx_word' id='word_1_264' title='bbox 1058 1726 1209 1759; x_wconf 86' lang='lat' dir='ltr'>ministris</span> <span class='ocrx_word' id='word_1_265' title='bbox 1241 1729 1287 1758; x_wconf 86' lang='lat' dir='ltr'>est</span> <span class='ocrx_word' id='word_1_266' title='bbox 1351 1725 1435 1767; x_wconf 87' lang='lat' dir='ltr'>quod</span> <span class='ocrx_word' id='word_1_267' title='bbox 1460 1728 1507 1756; x_wconf 81' lang='lat' dir='ltr'>est</span> <span class='ocrx_word' id='word_1_268' title='bbox 1531 1727 1669 1766; x_wconf 86' lang='lat' dir='ltr'>potestas</span> <span class='ocrx_word' id='word_1_269' title='bbox 1694 1723 1933 1764; x_wconf 69' lang='lat' dir='ltr'>cooperationis.</span> 
     </span>
    </p>
   </div>
   <div class='ocr_carea' id='block_1_10' title="bbox 1315 1201 1322 1764">
    <p class='ocr_par' dir='ltr' id='par_1_11' title="bbox 1315 1201 1322 1764">
     <span class='ocr_line' id='line_1_29' title="bbox 1315 1201 1322 1764; baseline 0 0"><span class='ocrx_word' id='word_1_270' title='bbox 1315 1201 1322 1764; x_wconf 95' lang='lat' dir='ltr'> </span> 
     </span>
    </p>
   </div>
   <div class='ocr_carea' id='block_1_11' title="bbox 1068 1849 1575 1892">
    <p class='ocr_par' dir='ltr' id='par_1_12' title="bbox 1068 1849 1575 1892">
     <span class='ocr_line' id='line_1_30' title="bbox 1068 1849 1575 1892; baseline -0.006 -9"><span class='ocrx_word' id='word_1_271' title='bbox 1068 1851 1277 1884; x_wconf 61' lang='lat' dir='ltr'>TRACTATlO</span> <span class='ocrx_word' id='word_1_272' title='bbox 1301 1849 1575 1892; x_wconf 66' lang='lat' dir='ltr'>QUAES&#39;HONUM.</span> 
     </span>
    </p>
   </div>
   <div class='ocr_carea' id='block_1_12' title="bbox 423 1973 2040 2021">
    <p class='ocr_par' dir='ltr' id='par_1_13' title="bbox 423 1973 2040 2021">
     <span class='ocr_line' id='line_1_31' title="bbox 423 1973 2040 2021; baseline -0.006 -9"><span class='ocrx_word' id='word_1_273' title='bbox 423 1980 465 2013; x_wconf 61' lang='lat' dir='ltr'>Ad</span> <span class='ocrx_word' id='word_1_274' title='bbox 492 1980 726 2021; x_wconf 66' lang='lat' dir='ltr'>intelligei‘itiam</span> <span class='ocrx_word' id='word_1_275' title='bbox 751 1988 860 2011; x_wconf 86' lang='lat' dir='ltr'>eorum</span> <span class='ocrx_word' id='word_1_276' title='bbox 886 1987 967 2020; x_wconf 80' lang='lat' dir='ltr'>quae</span> <span class='ocrx_word' id='word_1_277' title='bbox 985 1978 1135 2010; x_wconf 81' lang='lat' dir='ltr'>dicuntur</span> <span class='ocrx_word' id='word_1_278' title='bbox 1154 1977 1183 2008; x_wconf 90' lang='lat' dir='ltr'>in</span> <span class='ocrx_word' id='word_1_279' title='bbox 1201 1984 1289 2018; x_wconf 82' lang='lat' dir='ltr'>prae·</span> <span class='ocrx_word' id='word_1_280' title='bbox 1354 1984 1410 2017; x_wconf 87' lang='lat' dir='ltr'>per</span> <span class='ocrx_word' id='word_1_281' title='bbox 1435 1973 1701 2015; x_wconf 74' lang='lat' dir='ltr'>comparationem</span> <span class='ocrx_word' id='word_1_282' title='bbox 1726 1973 1766 2005; x_wconf 83' lang='lat' dir='ltr'>ad</span> <span class='ocrx_word' id='word_1_283' title='bbox 1792 1973 1917 2005; x_wconf 78' lang='lat' dir='ltr'>dantem</span> <span class='ocrx_word' id='word_1_284' title='bbox 1945 1973 2040 2004; x_wconf 87' lang='lat' dir='ltr'>illam.</span> 
     </span>
    </p>
   </div>
   <div class='ocr_carea' id='block_1_13' title="bbox 335 2026 2309 2334">
    <p class='ocr_par' dir='ltr' id='par_1_14' title="bbox 335 2026 2309 2334">
     <span class='ocr_line' id='line_1_32' title="bbox 337 2026 2180 2073; baseline -0.005 -7"><span class='ocrx_word' id='word_1_285' title='bbox 337 2034 413 2067; x_wconf 83' lang='lat' dir='ltr'>senti</span> <span class='ocrx_word' id='word_1_286' title='bbox 441 2033 655 2070; x_wconf 85' lang='lat' dir='ltr'>distinctione,</span> <span class='ocrx_word' id='word_1_287' title='bbox 680 2032 740 2064; x_wconf 85' lang='lat' dir='ltr'>tria</span> <span class='ocrx_word' id='word_1_288' title='bbox 765 2031 979 2073; x_wconf 79' lang='lat' dir='ltr'>principaliter</span> <span class='ocrx_word' id='word_1_289' title='bbox 1003 2032 1213 2072; x_wconf 85' lang='lat' dir='ltr'>quaeruntur.</span> <span class='ocrx_word' id='word_1_290' title='bbox 1442 2027 1531 2058; x_wconf 87' lang='lat' dir='ltr'>Circa</span> <span class='ocrx_word' id='word_1_291' title='bbox 1556 2027 1694 2068; x_wconf 84' lang='lat' dir='ltr'>primum</span> <span class='ocrx_word' id='word_1_292' title='bbox 1721 2026 1858 2058; x_wconf 84' lang='lat' dir='ltr'>breviter</span> <span class='ocrx_word' id='word_1_293' title='bbox 1883 2029 2082 2067; x_wconf 78' lang='lat' dir='ltr'>quaeruntur</span> <span class='ocrx_word' id='word_1_294' title='bbox 2107 2026 2180 2057; x_wconf 88' lang='lat' dir='ltr'>duo.</span> 
     </span>
     <span class='ocr_line' id='line_1_33' title="bbox 423 2078 2308 2127; baseline -0.005 -8"><span class='ocrx_word' id='word_1_295' title='bbox 423 2086 526 2118; x_wconf 82' lang='lat' dir='ltr'>Primo</span> <span class='ocrx_word' id='word_1_296' title='bbox 550 2086 714 2127; x_wconf 86' lang='lat' dir='ltr'>quaeritur</span> <span class='ocrx_word' id='word_1_297' title='bbox 739 2085 778 2117; x_wconf 88' lang='lat' dir='ltr'>de</span> <span class='ocrx_word' id='word_1_298' title='bbox 802 2087 954 2126; x_wconf 80' lang='lat' dir='ltr'>potestate</span> <span class='ocrx_word' id='word_1_299' title='bbox 978 2083 1091 2116; x_wconf 86' lang='lat' dir='ltr'>collata</span> <span class='ocrx_word' id='word_1_300' title='bbox 1116 2082 1289 2124; x_wconf 78' lang='lat' dir='ltr'>baptizam-</span> <span class='ocrx_word' id='word_1_301' title='bbox 1444 2080 1546 2112; x_wconf 82' lang='lat' dir='ltr'>Primo</span> <span class='ocrx_word' id='word_1_302' title='bbox 1581 2079 1765 2121; x_wconf 81' lang='lat' dir='ltr'>quaeritur,</span> <span class='ocrx_word' id='word_1_303' title='bbox 1790 2082 1899 2111; x_wconf 85' lang='lat' dir='ltr'>utrum</span> <span class='ocrx_word' id='word_1_304' title='bbox 1938 2078 1995 2111; x_wconf 89' lang='lat' dir='ltr'>soli</span> <span class='ocrx_word' id='word_1_305' title='bbox 2031 2079 2210 2111; x_wconf 82' lang='lat' dir='ltr'>sacerdotes</span> <span class='ocrx_word' id='word_1_306' title='bbox 2242 2079 2308 2111; x_wconf 87' lang='lat' dir='ltr'>sive</span> 
     </span>
     <span class='ocr_line' id='line_1_34' title="bbox 339 2131 2043 2181; baseline -0.005 -9"><span class='ocrx_word' id='word_1_307' title='bbox 339 2141 381 2172; x_wconf 85' lang='lat' dir='ltr'>ris</span> <span class='ocrx_word' id='word_1_308' title='bbox 406 2140 471 2172; x_wconf 85' lang='lat' dir='ltr'>sive</span> <span class='ocrx_word' id='word_1_309' title='bbox 496 2138 727 2181; x_wconf 81' lang='lat' dir='ltr'>baptizantibus</span> <span class='ocrx_word' id='word_1_310' title='bbox 751 2141 904 2179; x_wconf 87' lang='lat' dir='ltr'>quantum</span> <span class='ocrx_word' id='word_1_311' title='bbox 929 2136 969 2168; x_wconf 90' lang='lat' dir='ltr'>ad</span> <span class='ocrx_word' id='word_1_312' title='bbox 994 2136 1221 2168; x_wconf 84' lang='lat' dir='ltr'>extensionem.</span> <span class='ocrx_word' id='word_1_313' title='bbox 1353 2133 1457 2166; x_wconf 85' lang='lat' dir='ltr'>clerici</span> <span class='ocrx_word' id='word_1_314' title='bbox 1485 2133 1620 2165; x_wconf 83' lang='lat' dir='ltr'>babeant</span> <span class='ocrx_word' id='word_1_315' title='bbox 1645 2136 1829 2174; x_wconf 86' lang='lat' dir='ltr'>potestatem</span> <span class='ocrx_word' id='word_1_316' title='bbox 1855 2131 2043 2174; x_wconf 85' lang='lat' dir='ltr'>baptizandi.</span> 
     </span>
     <span class='ocr_line' id='line_1_35' title="bbox 425 2185 2309 2233; baseline -0.004 -8"><span class='ocrx_word' id='word_1_317' title='bbox 425 2193 568 2225; x_wconf 85' lang='lat' dir='ltr'>Secundo</span> <span class='ocrx_word' id='word_1_318' title='bbox 593 2192 631 2224; x_wconf 86' lang='lat' dir='ltr'>de</span> <span class='ocrx_word' id='word_1_319' title='bbox 656 2192 723 2233; x_wconf 89' lang='lat' dir='ltr'>ipsa</span> <span class='ocrx_word' id='word_1_320' title='bbox 747 2194 901 2232; x_wconf 81' lang='lat' dir='ltr'>quantum</span> <span class='ocrx_word' id='word_1_321' title='bbox 926 2190 965 2221; x_wconf 84' lang='lat' dir='ltr'>ad</span> <span class='ocrx_word' id='word_1_322' title='bbox 990 2189 1196 2221; x_wconf 84' lang='lat' dir='ltr'>intensionem</span> <span class='ocrx_word' id='word_1_323' title='bbox 1222 2188 1289 2220; x_wconf 85' lang='lat' dir='ltr'>sive</span> <span class='ocrx_word' id='word_1_324' title='bbox 1443 2186 1603 2222; x_wconf 74' lang='lat' dir='ltr'>Secundo,</span> <span class='ocrx_word' id='word_1_325' title='bbox 1640 2186 1712 2217; x_wconf 82' lang='lat' dir='ltr'>dato</span> <span class='ocrx_word' id='word_1_326' title='bbox 1748 2185 1830 2227; x_wconf 77' lang='lat' dir='ltr'>quod</span> <span class='ocrx_word' id='word_1_327' title='bbox 1869 2185 1962 2217; x_wconf 86' lang='lat' dir='ltr'>etiam</span> <span class='ocrx_word' id='word_1_328' title='bbox 1999 2185 2086 2223; x_wconf 86' lang='lat' dir='ltr'>laici,</span> <span class='ocrx_word' id='word_1_329' title='bbox 2122 2185 2309 2227; x_wconf 86' lang='lat' dir='ltr'>quaeritur,</span> 
     </span>
     <span class='ocr_line' id='line_1_36' title="bbox 335 2238 2307 2334; baseline -0.005 -56"><span class='ocrx_word' id='word_1_330' title='bbox 335 2246 515 2278; x_wconf 79' lang='lat' dir='ltr'>efficaciam.</span> <span class='ocrx_word' id='word_1_331' title='bbox 1320 2243 1323 2334; x_wconf 72' lang='grc' dir='ltr'>Ι</span> <span class='ocrx_word' id='word_1_332' title='bbox 1355 2243 1463 2272; x_wconf 89' lang='lat' dir='ltr'>utrum</span> <span class='ocrx_word' id='word_1_333' title='bbox 1491 2239 1637 2271; x_wconf 84' lang='lat' dir='ltr'>baeretici</span> <span class='ocrx_word' id='word_1_334' title='bbox 1664 2239 1693 2270; x_wconf 90' lang='lat' dir='ltr'>in</span> <span class='ocrx_word' id='word_1_335' title='bbox 1721 2243 1871 2280; x_wconf 82' lang='lat' dir='ltr'>potestate</span> <span class='ocrx_word' id='word_1_336' title='bbox 1896 2238 1949 2270; x_wconf 86' lang='lat' dir='ltr'>illa</span> <span class='ocrx_word' id='word_1_337' title='bbox 1978 2238 2211 2271; x_wconf 80' lang='lat' dir='ltr'>communicent</span> <span class='ocrx_word' id='word_1_338' title='bbox 2235 2247 2307 2270; x_wconf 84' lang='lat' dir='ltr'>cum</span> 
     </span>
    </p>
   </div>
   <div class='ocr_carea' id='block_1_14' title="bbox 424 2293 1525 2340">
    <p class='ocr_par' dir='ltr' id='par_1_15' title="bbox 424 2293 1525 2340">
     <span class='ocr_line' id='line_1_37' title="bbox 424 2293 1525 2340; baseline -0.006 -9"><span class='ocrx_word' id='word_1_339' title='bbox 424 2299 528 2331; x_wconf 85' lang='lat' dir='ltr'>Tertio</span> <span class='ocrx_word' id='word_1_340' title='bbox 552 2297 716 2340; x_wconf 85' lang='lat' dir='ltr'>quaeritur</span> <span class='ocrx_word' id='word_1_341' title='bbox 740 2296 778 2328; x_wconf 86' lang='lat' dir='ltr'>de</span> <span class='ocrx_word' id='word_1_342' title='bbox 804 2296 870 2338; x_wconf 86' lang='lat' dir='ltr'>ipsa</span> <span class='ocrx_word' id='word_1_343' title='bbox 895 2299 1045 2337; x_wconf 80' lang='lat' dir='ltr'>potestate</span> <span class='ocrx_word' id='word_1_344' title='bbox 1063 2294 1288 2335; x_wconf 84' lang='lat' dir='ltr'>baptizantium</span> <span class='ocrx_word' id='word_1_345' title='bbox 1354 2293 1525 2326; x_wconf 81' lang='lat' dir='ltr'>catholicis.</span> 
     </span>
    </p>
   </div>
   <div class='ocr_carea' id='block_1_15' title="bbox 1167 2418 1483 2456">
    <p class='ocr_par' dir='ltr' id='par_1_16' title="bbox 1167 2418 1483 2456">
     <span class='ocr_line' id='line_1_38' title="bbox 1167 2418 1483 2456; baseline 0 0"><span class='ocrx_word' id='word_1_346' title='bbox 1167 2418 1432 2456; x_wconf 72' lang='lat' dir='ltr'><strong>ARTICULUS</strong></span> <span class='ocrx_word' id='word_1_347' title='bbox 1457 2418 1483 2456; x_wconf 88' lang='grc' dir='ltr'>Ι.</span> 
     </span>
    </p>
   </div>
   <div class='ocr_carea' id='block_1_16' title="bbox 891 2524 1761 2568">
    <p class='ocr_par' dir='ltr' id='par_1_17' title="bbox 891 2524 1761 2568">
     <span class='ocr_line' id='line_1_39' title="bbox 891 2524 1761 2568; baseline -0.005 -9"><span class='ocrx_word' id='word_1_348' title='bbox 891 2528 935 2559; x_wconf 79' lang='lat' dir='ltr'>De</span> <span class='ocrx_word' id='word_1_349' title='bbox 959 2527 1141 2559; x_wconf 48' lang='lat' dir='ltr'>&lt;altene-ione</span> <span class='ocrx_word' id='word_1_350' title='bbox 1162 2526 1332 2568; x_wconf 68' lang='lat' dir='ltr'>potestatis</span> <span class='ocrx_word' id='word_1_351' title='bbox 1356 2525 1477 2557; x_wconf 69' lang='lat' dir='ltr'>collata</span> <span class='ocrx_word' id='word_1_352' title='bbox 1502 2524 1761 2566; x_wconf 63' lang='lat' dir='ltr'>baptizantibus.</span> 
     </span>
    </p>
   </div>
   <div class='ocr_carea' id='block_1_17' title="bbox 1210 2637 1437 2679">
    <p class='ocr_par' dir='ltr' id='par_1_18' title="bbox 1210 2637 1437 2679">
     <span class='ocr_line' id='line_1_40' title="bbox 1210 2637 1437 2679; baseline 0 -11"><span class='ocrx_word' id='word_1_353' title='bbox 1210 2637 1393 2679; x_wconf 37' lang='lat' dir='ltr'>Qoixsssrio</span> <span class='ocrx_word' id='word_1_354' title='bbox 1418 2637 1437 2669; x_wconf 90' lang='lat'>1.</span> 
     </span>
    </p>
   </div>
   <div class='ocr_carea' id='block_1_18' title="bbox 704 2734 1947 2777">
    <p class='ocr_par' dir='ltr' id='par_1_19' title="bbox 704 2734 1947 2777">
     <span class='ocr_line' id='line_1_41' title="bbox 704 2734 1947 2777; baseline -0.005 -6"><span class='ocrx_word' id='word_1_355' title='bbox 704 2739 821 2771; x_wconf 64' lang='lat' dir='ltr'>Uti-nm</span> <span class='ocrx_word' id='word_1_356' title='bbox 845 2738 908 2770; x_wconf 63' lang='lat' dir='ltr'>soll</span> <span class='ocrx_word' id='word_1_357' title='bbox 929 2737 1114 2770; x_wconf 59' lang='lat' dir='ltr'>scices-doces</span> <span class='ocrx_word' id='word_1_358' title='bbox 1137 2736 1205 2768; x_wconf 71' lang='lat' dir='ltr'>sive</span> <span class='ocrx_word' id='word_1_359' title='bbox 1228 2736 1341 2768; x_wconf 67' lang='lat' dir='ltr'>clerice?</span> <span class='ocrx_word' id='word_1_360' title='bbox 1364 2735 1505 2768; x_wconf 73' lang='lat' dir='ltr'>habeant</span> <span class='ocrx_word' id='word_1_361' title='bbox 1525 2739 1716 2777; x_wconf 67' lang='lat' dir='ltr'>potestatem</span> <span class='ocrx_word' id='word_1_362' title='bbox 1741 2734 1947 2777; x_wconf 66' lang='lat' dir='ltr'>baptizandi.</span> 
     </span>
    </p>
   </div>
   <div class='ocr_carea' id='block_1_19' title="bbox 180 2845 2312 3053">
    <p class='ocr_par' dir='ltr' id='par_1_20' title="bbox 429 2845 2311 2893">
     <span class='ocr_line' id='line_1_42' title="bbox 429 2845 2311 2893; baseline -0.004 -9"><span class='ocrx_word' id='word_1_363' title='bbox 429 2853 462 2884; x_wconf 79' lang='lat' dir='ltr'>Et</span> <span class='ocrx_word' id='word_1_364' title='bbox 486 2852 570 2893; x_wconf 81' lang='lat' dir='ltr'>quod</span> <span class='ocrx_word' id='word_1_365' title='bbox 596 2860 655 2883; x_wconf 86' lang='lat' dir='ltr'>non</span> <span class='ocrx_word' id='word_1_366' title='bbox 682 2854 802 2883; x_wconf 87' lang='lat' dir='ltr'>tantum</span> <span class='ocrx_word' id='word_1_367' title='bbox 822 2850 1010 2887; x_wconf 80' lang='lat' dir='ltr'>sacerdotes,</span> <span class='ocrx_word' id='word_1_368' title='bbox 1028 2848 1082 2881; x_wconf 88' lang='lat' dir='ltr'>sed</span> <span class='ocrx_word' id='word_1_369' title='bbox 1100 2848 1192 2880; x_wconf 80' lang='lat' dir='ltr'>etiam</span> <span class='ocrx_word' id='word_1_370' title='bbox 1212 2847 1291 2886; x_wconf 80' lang='lat' dir='ltr'>laici,</span> <span class='ocrx_word' id='word_1_371' title='bbox 1355 2851 1402 2879; x_wconf 87' lang='lat' dir='ltr'>est</span> <span class='ocrx_word' id='word_1_372' title='bbox 1426 2847 1619 2888; x_wconf 78' lang='lat' dir='ltr'>baptizatus3</span> <span class='ocrx_word' id='word_1_373' title='bbox 1644 2847 1697 2879; x_wconf 87' lang='lat' dir='ltr'>sed</span> <span class='ocrx_word' id='word_1_374' title='bbox 1724 2846 1829 2879; x_wconf 84' lang='lat' dir='ltr'>vetula</span> <span class='ocrx_word' id='word_1_375' title='bbox 1861 2855 1922 2878; x_wconf 91' lang='lat' dir='ltr'>non</span> <span class='ocrx_word' id='word_1_376' title='bbox 1959 2846 2149 2887; x_wconf 85' lang='lat' dir='ltr'>baptizaret,</span> <span class='ocrx_word' id='word_1_377' title='bbox 2174 2845 2231 2877; x_wconf 88' lang='lat' dir='ltr'>nisi</span> <span class='ocrx_word' id='word_1_378' title='bbox 2258 2846 2311 2877; x_wconf 82' lang='lat' dir='ltr'>lia-</span> 
     </span>
    </p>

    <p class='ocr_par' dir='ltr' id='par_1_21' title="bbox 180 2899 2312 3053">
     <span class='ocr_line' id='line_1_43' title="bbox 338 2899 1854 2940; baseline -0.005 -3"><span class='ocrx_word' id='word_1_379' title='bbox 338 2905 514 2938; x_wconf 84' lang='lat' dir='ltr'>ostenditur</span> <span class='ocrx_word' id='word_1_380' title='bbox 538 2905 591 2937; x_wconf 70' lang='lat' dir='ltr'>sic.</span> <span class='ocrx_word' id='word_1_381' title='bbox 1357 2899 1445 2931; x_wconf 85' lang='lat' dir='ltr'>beret</span> <span class='ocrx_word' id='word_1_382' title='bbox 1471 2902 1671 2940; x_wconf 82' lang='lat' dir='ltr'>potestatem:</span> <span class='ocrx_word' id='word_1_383' title='bbox 1698 2908 1773 2940; x_wconf 78' lang='lat' dir='ltr'>ergo</span> <span class='ocrx_word' id='word_1_384' title='bbox 1797 2903 1854 2931; x_wconf 80' lang='lat' dir='ltr'>etc.</span> 
     </span>
     <span class='ocr_line' id='line_1_44' title="bbox 434 2950 2311 2999; baseline -0.004 -10"><span class='ocrx_word' id='word_1_385' title='bbox 434 2960 458 2990; x_wconf 89' lang='lat' dir='ltr'>l.</span> <span class='ocrx_word' id='word_1_386' title='bbox 483 2958 511 2989; x_wconf 84' lang='lat' dir='ltr'>Si</span> <span class='ocrx_word' id='word_1_387' title='bbox 538 2957 712 2999; x_wconf 81' lang='lat' dir='ltr'>baptizaret</span> <span class='ocrx_word' id='word_1_388' title='bbox 744 2956 863 2991; x_wconf 65' lang='lat' dir='ltr'>vetula,</span> <span class='ocrx_word' id='word_1_389' title='bbox 897 2958 1021 2988; x_wconf 84' lang='lat' dir='ltr'>servata</span> <span class='ocrx_word' id='word_1_390' title='bbox 1052 2954 1154 2986; x_wconf 81' lang='lat' dir='ltr'>forma</span> <span class='ocrx_word' id='word_1_391' title='bbox 1185 2953 1293 2985; x_wconf 83' lang='lat' dir='ltr'>verbo·</span> <span class='ocrx_word' id='word_1_392' title='bbox 1447 2953 1476 2983; x_wconf 66' lang='lat' dir='ltr'>Q.</span> <span class='ocrx_word' id='word_1_393' title='bbox 1502 2952 1594 2990; x_wconf 85' lang='lat' dir='ltr'>ltem,</span> <span class='ocrx_word' id='word_1_394' title='bbox 1619 2952 1680 2983; x_wconf 87' lang='lat' dir='ltr'>alia</span> <span class='ocrx_word' id='word_1_395' title='bbox 1705 2952 1833 2984; x_wconf 68' lang='lat' dir='ltr'>mitione</span> <span class='ocrx_word' id='word_1_396' title='bbox 1857 2952 2000 2984; x_wconf 88' lang='lat' dir='ltr'>videtur:</span> <span class='ocrx_word' id='word_1_397' title='bbox 2027 2951 2212 2992; x_wconf 81' lang='lat' dir='ltr'>baptismus,</span> <span class='ocrx_word' id='word_1_398' title='bbox 2237 2950 2311 2992; x_wconf 86' lang='lat' dir='ltr'>quia</span> 
     </span>
     <span class='ocr_line' id='line_1_45' title="bbox 180 3004 2312 3053; baseline -0.004 -9"><span class='ocrx_word' id='word_1_399' title='bbox 180 3015 429 3050; x_wconf 38' lang='lat' dir='ltr'>F*mr-&amp;P-ff-‘mta-rum,</span> <span class='ocrx_word' id='word_1_400' title='bbox 454 3011 506 3043; x_wconf 88' lang='lat' dir='ltr'>ille</span> <span class='ocrx_word' id='word_1_401' title='bbox 531 3019 624 3053; x_wconf 84' lang='lat' dir='ltr'>quem</span> <span class='ocrx_word' id='word_1_402' title='bbox 658 3010 811 3051; x_wconf 80' lang='lat' dir='ltr'>baptizat,</span> <span class='ocrx_word' id='word_1_403' title='bbox 844 3017 904 3040; x_wconf 91' lang='lat' dir='ltr'>non</span> <span class='ocrx_word' id='word_1_404' title='bbox 938 3006 1193 3049; x_wconf 76' lang='lat' dir='ltr'>rebaptizatur³z</span> <span class='ocrx_word' id='word_1_405' title='bbox 1219 3014 1293 3047; x_wconf 81' lang='lat' dir='ltr'>ergo</span> <span class='ocrx_word' id='word_1_406' title='bbox 1358 3009 1404 3037; x_wconf 88' lang='lat' dir='ltr'>est</span> <span class='ocrx_word' id='word_1_407' title='bbox 1428 3006 1666 3038; x_wconf 82' lang='lat' dir='ltr'>Sacramentum</span> <span class='ocrx_word' id='word_1_408' title='bbox 1691 3005 1894 3043; x_wconf 82' lang='lat' dir='ltr'>necessitatis,</span> <span class='ocrx_word' id='word_1_409' title='bbox 1920 3005 1990 3037; x_wconf 89' lang='lat' dir='ltr'>ideo</span> <span class='ocrx_word' id='word_1_410' title='bbox 2014 3005 2191 3037; x_wconf 86' lang='lat' dir='ltr'>institutum</span> <span class='ocrx_word' id='word_1_411' title='bbox 2218 3008 2264 3036; x_wconf 86' lang='lat' dir='ltr'>est</span> <span class='ocrx_word' id='word_1_412' title='bbox 2282 3004 2312 3036; x_wconf 93' lang='lat' dir='ltr'>in</span> 
     </span>
    </p>
   </div>
   <div class='ocr_carea' id='block_1_20' title="bbox 1038 3112 1619 3118">
    <p class='ocr_par' dir='ltr' id='par_1_22' title="bbox 1038 3112 1619 3118">
     <span class='ocr_line' id='line_1_46' title="bbox 1038 3112 1619 3118; baseline 0 0"><span class='ocrx_word' id='word_1_413' title='bbox 1038 3112 1619 3118; x_wconf 95' lang='lat' dir='ltr'> </span> 
     </span>
    </p>
   </div>
   <div class='ocr_carea' id='block_1_21' title="bbox 340 3173 2314 3386">
    <p class='ocr_par' dir='ltr' id='par_1_23' title="bbox 340 3173 2312 3344">
     <span class='ocr_line' id='line_1_47' title="bbox 412 3173 2068 3211; baseline -0.004 -5"><span class='ocrx_word' id='word_1_414' title='bbox 412 3180 418 3196; x_wconf 83' lang='lat'>¹</span> <span class='ocrx_word' id='word_1_415' title='bbox 441 3180 510 3205; x_wconf 88' lang='lat' dir='ltr'>Libr.</span> <span class='ocrx_word' id='word_1_416' title='bbox 531 3180 566 3204; x_wconf 92' lang='grc'>111.</span> <span class='ocrx_word' id='word_1_417' title='bbox 587 3180 735 3211; x_wconf 79' lang='lat' dir='ltr'>Quaestion.</span> <span class='ocrx_word' id='word_1_418' title='bbox 754 3180 778 3204; x_wconf 93' lang='lat' dir='ltr'>in</span> <span class='ocrx_word' id='word_1_419' title='bbox 800 3179 962 3204; x_wconf 75' lang='lat' dir='ltr'>Dentateucli.</span> <span class='ocrx_word' id='word_1_420' title='bbox 977 3185 1001 3210; x_wconf 81' lang='lat' dir='ltr'>q.</span> <span class='ocrx_word' id='word_1_421' title='bbox 1017 3177 1058 3203; x_wconf 70' lang='lat'>84..</span> <span class='ocrx_word' id='word_1_422' title='bbox 1073 3177 1133 3202; x_wconf 90' lang='lat' dir='ltr'>Loci</span> <span class='ocrx_word' id='word_1_423' title='bbox 1147 3177 1295 3208; x_wconf 82' lang='lat' dir='ltr'>Scripturae</span> <span class='ocrx_word' id='word_1_424' title='bbox 1601 3174 1707 3200; x_wconf 74' lang='lat' dir='ltr'>NOTAE</span> <span class='ocrx_word' id='word_1_425' title='bbox 1726 3174 1768 3200; x_wconf 82' lang='lat' dir='ltr'>AD</span> <span class='ocrx_word' id='word_1_426' title='bbox 1789 3173 2068 3201; x_wconf 76' lang='lat' dir='ltr'>COMMENTARIUM.</span> 
     </span>
     <span class='ocr_line' id='line_1_48' title="bbox 341 3217 2312 3255; baseline -0.003 -7"><span class='ocrx_word' id='word_1_427' title='bbox 341 3225 420 3249; x_wconf 68' lang='lat' dir='ltr'>Lorii.</span> <span class='ocrx_word' id='word_1_428' title='bbox 442 3225 482 3255; x_wconf 73' lang='lat'>21,</span> <span class='ocrx_word' id='word_1_429' title='bbox 508 3224 552 3255; x_wconf 73' lang='lat'>¹53</span> <span class='ocrx_word' id='word_1_430' title='bbox 574 3224 651 3249; x_wconf 78' lang='lat' dir='ltr'>Exod.</span> <span class='ocrx_word' id='word_1_431' title='bbox 680 3225 720 3253; x_wconf 68' lang='lat'>⁶29,</span> <span class='ocrx_word' id='word_1_432' title='bbox 742 3223 782 3248; x_wconf 67' lang='lat'>22.</span> <span class='ocrx_word' id='word_1_433' title='bbox 802 3237 838 3242; x_wconf 90' lang='lat'>—</span> <span class='ocrx_word' id='word_1_434' title='bbox 858 3223 905 3247; x_wconf 81' lang='lat' dir='ltr'>Pro</span> <span class='ocrx_word' id='word_1_435' title='bbox 934 3223 1038 3255; x_wconf 69' lang='lat' dir='ltr'>Moyses</span> <span class='ocrx_word' id='word_1_436' title='bbox 1057 3220 1206 3255; x_wconf 74' lang='lat' dir='ltr'>sanctificat</span> <span class='ocrx_word' id='word_1_437' title='bbox 1224 3220 1293 3251; x_wconf 60' lang='lat' dir='ltr'>edd„</span> <span class='ocrx_word' id='word_1_438' title='bbox 1430 3219 1437 3235; x_wconf 83' lang='lat'>1</span> <span class='ocrx_word' id='word_1_439' title='bbox 1459 3219 1520 3244; x_wconf 84' lang='lat' dir='ltr'>Dist.</span> <span class='ocrx_word' id='word_1_440' title='bbox 1541 3219 1574 3243; x_wconf 89' lang='lat' dir='ltr'>lll.</span> <span class='ocrx_word' id='word_1_441' title='bbox 1596 3222 1620 3244; x_wconf 79' lang='lat' dir='ltr'>et</span> <span class='ocrx_word' id='word_1_442' title='bbox 1639 3219 1678 3244; x_wconf 89' lang='lat' dir='ltr'>lV.</span> <span class='ocrx_word' id='word_1_443' title='bbox 1699 3232 1734 3237; x_wconf 89' lang='lat'><em>-</em></span> <span class='ocrx_word' id='word_1_444' title='bbox 1763 3219 1826 3244; x_wconf 79' lang='lat' dir='ltr'>Edd.</span> <span class='ocrx_word' id='word_1_445' title='bbox 1855 3219 1975 3244; x_wconf 85' lang='lat' dir='ltr'>omittunt</span> <span class='ocrx_word' id='word_1_446' title='bbox 2002 3217 2029 3243; x_wconf 82' lang='lat' dir='ltr'>in</span> <span class='ocrx_word' id='word_1_447' title='bbox 2057 3225 2084 3243; x_wconf 81' lang='lat' dir='ltr'>se</span> <span class='ocrx_word' id='word_1_448' title='bbox 2112 3219 2148 3249; x_wconf 81' lang='lat' dir='ltr'>el,</span> <span class='ocrx_word' id='word_1_449' title='bbox 2184 3224 2231 3249; x_wconf 80' lang='lat' dir='ltr'>pro</span> <span class='ocrx_word' id='word_1_450' title='bbox 2260 3224 2312 3250; x_wconf 85' lang='lat' dir='ltr'>quo</span> 
     </span>
     <span class='ocr_line' id='line_1_49' title="bbox 340 3261 2129 3301; baseline -0.003 -9"><span class='ocrx_word' id='word_1_451' title='bbox 340 3271 445 3299; x_wconf 71' lang='lat' dir='ltr'>excepta</span> <span class='ocrx_word' id='word_1_452' title='bbox 478 3269 501 3298; x_wconf 83' lang='lat' dir='ltr'>l,</span> <span class='ocrx_word' id='word_1_453' title='bbox 521 3267 721 3301; x_wconf 70' lang='lat' dir='ltr'>sanctificabat,</span> <span class='ocrx_word' id='word_1_454' title='bbox 752 3268 897 3299; x_wconf 74' lang='lat' dir='ltr'>refragante,</span> <span class='ocrx_word' id='word_1_455' title='bbox 916 3268 993 3292; x_wconf 83' lang='lat' dir='ltr'>eiiam</span> <span class='ocrx_word' id='word_1_456' title='bbox 1014 3266 1145 3297; x_wconf 80' lang='lat' dir='ltr'>originali,</span> <span class='ocrx_word' id='word_1_457' title='bbox 1165 3264 1209 3290; x_wconf 86' lang='lat' dir='ltr'>ubi</span> <span class='ocrx_word' id='word_1_458' title='bbox 1236 3265 1294 3296; x_wconf 77' lang='lat' dir='ltr'>legi·</span> <span class='ocrx_word' id='word_1_459' title='bbox 1359 3263 1435 3288; x_wconf 81' lang='lat' dir='ltr'>codd.</span> <span class='ocrx_word' id='word_1_460' title='bbox 1455 3263 1475 3287; x_wconf 86' lang='lat'>11</span> <span class='ocrx_word' id='word_1_461' title='bbox 1487 3263 1507 3294; x_wconf 86' lang='lat' dir='ltr'><strong>Q</strong></span> <span class='ocrx_word' id='word_1_462' title='bbox 1528 3262 1555 3288; x_wconf 77' lang='lat' dir='ltr'>in</span> <span class='ocrx_word' id='word_1_463' title='bbox 1574 3269 1615 3294; x_wconf 79' lang='lat' dir='ltr'>se,</span> <span class='ocrx_word' id='word_1_464' title='bbox 1638 3261 1823 3288; x_wconf 67' lang='lat' dir='ltr'>determinabit</span> <span class='ocrx_word' id='word_1_465' title='bbox 1842 3262 1922 3288; x_wconf 77' lang='lat' dir='ltr'>etiam</span> <span class='ocrx_word' id='word_1_466' title='bbox 1941 3261 1972 3288; x_wconf 80' lang='lat' dir='ltr'>de</span> <span class='ocrx_word' id='word_1_467' title='bbox 1991 3261 2129 3295; x_wconf 66' lang='lat' dir='ltr'>baptismo.</span> 
     </span>
     <span class='ocr_line' id='line_1_50' title="bbox 341 3306 1741 3344; baseline -0.004 -7"><span class='ocrx_word' id='word_1_468' title='bbox 341 3318 398 3337; x_wconf 71' lang='lat' dir='ltr'>tur:</span> <span class='ocrx_word' id='word_1_469' title='bbox 418 3312 556 3344; x_wconf 81' lang='lat' dir='ltr'>Quomodo</span> <span class='ocrx_word' id='word_1_470' title='bbox 576 3319 639 3343; x_wconf 79' lang='lat' dir='ltr'>ergo</span> <span class='ocrx_word' id='word_1_471' title='bbox 659 3316 684 3337; x_wconf 84' lang='lat' dir='ltr'>et</span> <span class='ocrx_word' id='word_1_472' title='bbox 704 3312 803 3343; x_wconf 79' lang='lat' dir='ltr'>Moyses</span> <span class='ocrx_word' id='word_1_473' title='bbox 823 3311 963 3336; x_wconf 74' lang='lat' dir='ltr'>sanctificat</span> <span class='ocrx_word' id='word_1_474' title='bbox 981 3314 1006 3336; x_wconf 78' lang='lat' dir='ltr'>et</span> <span class='ocrx_word' id='word_1_475' title='bbox 1026 3310 1171 3335; x_wconf 67' lang='lat' dir='ltr'>Dominus?</span> <span class='ocrx_word' id='word_1_476' title='bbox 1429 3307 1439 3323; x_wconf 61' lang='grc' dir='ltr'>ἵ</span> <span class='ocrx_word' id='word_1_477' title='bbox 1461 3307 1484 3332; x_wconf 88' lang='grc'>111</span> <span class='ocrx_word' id='word_1_478' title='bbox 1506 3308 1634 3338; x_wconf 80' lang='lat' dir='ltr'>principio</span> <span class='ocrx_word' id='word_1_479' title='bbox 1654 3306 1679 3332; x_wconf 84' lang='lat' dir='ltr'>d.</span> <span class='ocrx_word' id='word_1_480' title='bbox 1701 3307 1741 3332; x_wconf 82' lang='lat' dir='ltr'>Vl.</span> 
     </span>
    </p>

    <p class='ocr_par' dir='ltr' id='par_1_24' title="bbox 409 3348 2314 3386">
     <span class='ocr_line' id='line_1_51' title="bbox 409 3348 2314 3386; baseline -0.003 -7"><span class='ocrx_word' id='word_1_481' title='bbox 409 3354 420 3371; x_wconf 70' lang='lat'>2</span> <span class='ocrx_word' id='word_1_482' title='bbox 441 3356 474 3380; x_wconf 83' lang='lat' dir='ltr'>De</span> <span class='ocrx_word' id='word_1_483' title='bbox 495 3356 542 3380; x_wconf 85' lang='lat' dir='ltr'>liae</span> <span class='ocrx_word' id='word_1_484' title='bbox 562 3355 673 3386; x_wconf 77' lang='lat' dir='ltr'>Magistri</span> <span class='ocrx_word' id='word_1_485' title='bbox 698 3356 820 3380; x_wconf 76' lang='lat' dir='ltr'>sententia</span> <span class='ocrx_word' id='word_1_486' title='bbox 847 3356 1019 3380; x_wconf 84' lang='lat' dir='ltr'>communiter</span> <span class='ocrx_word' id='word_1_487' title='bbox 1045 3361 1093 3379; x_wconf 87' lang='lat' dir='ltr'>non</span> <span class='ocrx_word' id='word_1_488' title='bbox 1121 3356 1222 3385; x_wconf 78' lang='lat' dir='ltr'>recepta</span> <span class='ocrx_word' id='word_1_489' title='bbox 1249 3353 1294 3378; x_wconf 80' lang='lat' dir='ltr'>cfr.</span> <span class='ocrx_word' id='word_1_490' title='bbox 1430 3351 1509 3377; x_wconf 63' lang='lat' dir='ltr'>³2Cfi&#39;.</span> <span class='ocrx_word' id='word_1_491' title='bbox 1530 3352 1593 3376; x_wconf 77' lang='lat' dir='ltr'>infra</span> <span class='ocrx_word' id='word_1_492' title='bbox 1614 3351 1648 3377; x_wconf 83' lang='lat' dir='ltr'>lit.</span> <span class='ocrx_word' id='word_1_493' title='bbox 1669 3352 1795 3383; x_wconf 76' lang='lat' dir='ltr'>Magistri,</span> <span class='ocrx_word' id='word_1_494' title='bbox 1823 3351 1848 3377; x_wconf 85' lang='lat' dir='ltr'>d.</span> <span class='ocrx_word' id='word_1_495' title='bbox 1878 3352 1918 3376; x_wconf 76' lang='lat' dir='ltr'>Vl.</span> <span class='ocrx_word' id='word_1_496' title='bbox 1948 3358 1968 3376; x_wconf 80' lang='lat' dir='ltr'>c.</span> <span class='ocrx_word' id='word_1_497' title='bbox 1999 3353 2022 3376; x_wconf 77' lang='lat'>2.</span> <span class='ocrx_word' id='word_1_498' title='bbox 2050 3366 2084 3369; x_wconf 97' lang='lat'><strong>—</strong></span> <span class='ocrx_word' id='word_1_499' title='bbox 2105 3351 2230 3382; x_wconf 76' lang='lat' dir='ltr'>Superius</span> <span class='ocrx_word' id='word_1_500' title='bbox 2256 3348 2314 3381; x_wconf 53' lang='lat' dir='ltr'>post</span> 
     </span>
    </p>
   </div>
   <div class='ocr_carea' id='block_1_22' title="bbox 1323 2847 1330 3425">
    <p class='ocr_par' dir='ltr' id='par_1_25' title="bbox 1323 2847 1330 3425">
     <span class='ocr_line' id='line_1_52' title="bbox 1323 2847 1330 3425; baseline 0 0"><span class='ocrx_word' id='word_1_501' title='bbox 1323 2847 1330 3425; x_wconf 95' lang='lat' dir='ltr'> </span> 
     </span>
    </p>
   </div>
   <div class='ocr_carea' id='block_1_23' title="bbox 340 3395 1926 3429">
    <p class='ocr_par' dir='ltr' id='par_1_26' title="bbox 340 3395 1926 3429">
     <span class='ocr_line' id='line_1_53' title="bbox 340 3395 1926 3429; baseline 0 -8"><span class='ocrx_word' id='word_1_502' title='bbox 340 3398 483 3423; x_wconf 61' lang='lat' dir='ltr'>Comment.</span> <span class='ocrx_word' id='word_1_503' title='bbox 507 3407 528 3423; x_wconf 81' lang='lat' dir='ltr'>a.</span> <span class='ocrx_word' id='word_1_504' title='bbox 550 3399 572 3423; x_wconf 74' lang='lat'>3.</span> <span class='ocrx_word' id='word_1_505' title='bbox 1361 3395 1423 3422; x_wconf 67' lang='lat' dir='ltr'>laici?</span> <span class='ocrx_word' id='word_1_506' title='bbox 1440 3396 1500 3421; x_wconf 85' lang='lat' dir='ltr'>edd.</span> <span class='ocrx_word' id='word_1_507' title='bbox 1521 3396 1642 3428; x_wconf 85' lang='lat' dir='ltr'>supplent</span> <span class='ocrx_word' id='word_1_508' title='bbox 1659 3395 1762 3428; x_wconf 70' lang='lat' dir='ltr'>possint</span> <span class='ocrx_word' id='word_1_509' title='bbox 1781 3395 1926 3429; x_wconf 74' lang='lat' dir='ltr'>baptizare.</span> 
     </span>
    </p>
   </div>
   <div class='ocr_carea' id='block_1_24' title="bbox 2461 23 2483 1189">
    <p class='ocr_par' dir='ltr' id='par_1_27' title="bbox 2461 23 2483 1189">
     <span class='ocr_line' id='line_1_54' title="bbox 2461 23 2483 1189; baseline 0 0"><span class='ocrx_word' id='word_1_510' title='bbox 2461 23 2483 1189; x_wconf 95' lang='lat' dir='ltr'> </span> 
     </span>
    </p>
   </div>
  </div>
 </body>
</html>
