2483 3882
860 269 1070 302 DlSTlNCTlO
1094 270 1190 303 XLVI.
1944 273 2006 305 955

0 369 28 391 up.
43 360 71 387 et
92 364 107 385 e
129 363 284 385 converso.
307 370 346 376 —
367 355 419 384 His
440 355 615 393 responderi
639 359 737 394 potest
758 356 815 385 sic:
833 356 890 386 illis
912 356 992 387 loeu-

43 403 186 438 tionibus,
203 403 313 441 quibus
336 403 506 432 huiusmodi
524 412 650 442 operum
673 404 747 434 fiunt
770 404 990 440 distinctiones,

41 456 73 483 ut
95 451 152 482 alia
174 451 415 486 misericordiae,
438 451 496 481 alia
530 452 676 488 iustitiae,
709 452 766 482 alia
794 452 918 482 bonitati
951 455 992 482 at-

41 500 226 535 tribuantur;
249 507 307 529 non
340 499 500 529 diversitas
530 498 726 536 subiacentis,
750 501 779 529 id
808 504 852 530 est
878 502 919 530 rei
943 501 990 530 liis

42 547 196 579 vocabulis
227 546 427 583 significatae,
450 547 647 584 exprimitur,
676 548 727 577 sed
763 549 892 578 varietas
924 556 991 577 sen-

40 604 126 627 suum
149 599 178 625 et
199 595 357 625 effectuum
379 595 406 624 in
429 594 577 624 creaturis
598 599 791 626 monstratur.
814 596 886 626 Cum
911 597 990 626 enim

41 645 150 675 dieitur
173 644 252 673 Deus
274 643 370 673 iustus
397 643 441 673 vel
471 641 607 677 iustitia,
631 644 757 673 essentia
782 644 882 673 divina
907 652 991 683 prae-

18 686 21 689 ’
41 693 170 729 dicatur;
194 696 222 722 et
244 693 350 728 etiam,
372 691 452 729 quod
484 691 548 729 ipse
577 691 615 720 sit
637 691 816 722 distributor
838 697 866 722 et
899 693 989 722 iudex

39 742 227 776 meritorum,
240 741 362 779 intelligi
380 740 478 770 datur.
490 740 532 770 lta
545 743 586 777 et,
599 748 668 769 eum
681 740 792 771 dicitur
804 741 990 775 misericors,

40 790 165 821 essentia
188 790 290 819 divina
313 789 522 827 praedicatur,
546 793 574 818 et
597 789 736 827 insuper,
760 789 840 827 quod
865 789 930 827 ipse
952 790 991 818 sit

40 839 216 869 miserorum
238 837 382 867 liberator
404 837 526 874 intelligi
550 837 648 866 datur.
672 836 830 871 Similiter,
853 845 922 866 eum
946 837 990 866 di-

39 888 116 918 citur
139 886 252 920 bouus,
275 886 403 915 essentia
425 885 525 914 divina
549 885 760 923 praedicatur,
777 888 808 914 ut
823 894 891 914 eum
915 885 990 914 diei-

40 940 86 966 tur
106 936 202 969 Deus,
225 938 254 964 et
276 935 399 972 insuper
431 937 537 963 auctor
566 933 700 963 omnium
724 933 871 963 bonorum
895 937 990 963 osten-

38 985 126 1014 ditur.
150 984 192 1014 Ita
208 987 245 1019 et,
261 991 330 1013 eum
353 983 465 1012 dicitur
488 983 586 1016 Deus,
602 982 731 1012 essentia
748 981 850 1011 divina
873 982 990 1020 praedi-

39 1036 139 1068 catur,
155 1035 184 1061 et
206 1031 270 1069 ipse
293 1030 442 1060 timendus
465 1029 640 1059 ostenditur.
664 1029 734 1059 Inde
751 1037 821 1066 ergo
838 1029 988 1068 quaedam

38 1090 128 1122 opera
148 1077 394 1112 misericordiae,
417 1078 565 1116 quaedam
596 1076 728 1107 iustitiae
750 1077 907 1113 dicuntur,
931 1086 987 1107 non

38 1131 108 1170 quin
132 1129 259 1159 essentia
282 1127 382 1157 divina
406 1127 481 1156 haee
497 1130 525 1156 et
540 1126 588 1156 illa
605 1130 761 1165 operetur,
779 1130 807 1156 et
822 1127 893 1165 quin
913 1127 989 1156 haec

37 1181 65 1209 et
86 1177 135 1207 illa
157 1177 216 1206 sint
238 1184 330 1215 opera
353 1175 473 1204 divinae
496 1175 655 1208 essenti-ae,
671 1183 749 1212 quae
772 1174 883 1204 dicitur
906 1175 989 1204 mise-

15 1226 164 1257 ·ricordia
196 1229 225 1255 et
257 1224 384 1260 iustitia;
407 1223 460 1253 sed
492 1223 563 1261 quia
591 1223 740 1261 quaedam
770 1226 855 1258 sunt,
877 1223 989 1261 quibus

37 1275 202 1306 ostenditur
225 1272 318 1303 iudesc
340 1277 368 1302 et
391 1280 503 1312 aequus
526 1270 726 1306 distributor,
749 1272 910 1310 quaedam,
926 1273 989 1310 qui-

33 1325 90 1355 bus
112 1322 279 1353 ostenditur
299 1319 701 1351 miserator—misericors
723 1321 802 1349 enim
825 1320 937 1350 dicitur
960 1322 987 1350 in

33 1376 157 1403 natura.
178 1370 340 1400 miserator
364 1370 392 1399 in
424 1369 610 1399 exhibitione
631 1385 670 1390 --
692 1372 722 1398 et
744 1369 772 1398 in
805 1369 987 1407 quibusdam

35 1421 176 1460 operibus
198 1419 310 1449 (licitur
331 1418 454 1447 effectus
474 1416 702 1446 inisericordiac
724 1426 806 1452 esse,
822 1418 850 1447 in
867 1418 989 1456 quibus-

34 1471 101 1500 dam
125 1469 247 1498 ell'ectus
269 1466 418 1501 iustitiae,
441 1475 499 1496 non
521 1466 602 1504 quod
626 1466 706 1496 aliud
730 1466 842 1496 efficiat
864 1467 987 1502 iustitia,

34 1519 114 1549 aliud
132 1516 337 1547 misericordia
354 1516 421 1552 Dei,
436 1515 459 1544 si
477 1515 513 1545 ad
531 1515 689 1544 essentiam
707 1515 832 1550 reseras,
847 1515 899 1545 sed
916 1516 986 1554 quia

35 1576 71 1598 ex
93 1565 274 1605 quibusdam
298 1563 454 1594 effectibus
476 1563 652 1600 intelligitur
674 1562 783 1598 iader,
806 1572 842 1593 ex
865 1564 988 1602 quibus-

35 1616 101 1646 dam
124 1613 297 1646 miserator,
314 1612 359 1642 vel
384 1616 415 1641 ut
437 1611 619 1650 quibusdam
636 1611 750 1650 placet,
767 1611 863 1641 iustus
886 1616 913 1642 et
932 1612 988 1642 mi-

34 1662 171 1693 scricors.

112 1711 170 1741 Sed
193 1709 358 1740 seeundum
376 1709 434 1738 hoc
456 1708 590 1737 occurrit
612 1708 763 1746 quaestio,
780 1708 932 1746 quomodo
949 1717 986 1739 ex

0 1757 26 1780 ¹¹³
35 1761 100 1791 aliis
122 1758 296 1788 ostendatur
319 1757 415 1787 iustas
437 1760 466 1786 et
488 1764 524 1786 ex
547 1756 614 1785 aliis
635 1755 827 1790 misericors,
851 1765 919 1786 cum
948 1758 986 1786 sit

34 1809 58 1838 ei
82 1808 160 1837 idem
183 1815 247 1836 esse
269 1805 384 1836 iustum
406 1808 435 1834 et
458 1812 523 1834 csse
544 1803 780 1833 misericordem,
798 1805 827 1834 Si
850 1806 927 1834 enim
944 1813 987 1835 se-

37 1857 166 1887 cundum
189 1855 315 1885 eandem
339 1854 484 1884 rationem
509 1853 620 1883 dieitur
640 1852 736 1883 iustus
758 1852 985 1888 etmisericors,

37 1914 72 1936 ex
94 1914 129 1935 eo
151 1913 257 1943 opere,
279 1912 339 1942 quo
363 1902 539 1940 intelligitur
559 1901 673 1936 iustus,
697 1902 874 1939 intelligitur
901 1902 987 1933 mise-

35 1953 147 1988 ricors,
170 1956 199 1983 et
219 1961 235 1982 e
256 1960 413 1982 converso.
434 1967 474 1972 —
495 1950 553 1980 Sed
584 1950 646 1980 dixi
676 1959 783 1988 supra,
805 1951 893 1989 quia,
916 1960 984 1981 cum

35 2001 145 2032 dicitnr
178 2002 255 2030 Deus
286 1999 383 2029 iustus
413 2002 442 2028 et
472 1997 665 2032 misericors,
688 1998 728 2027 ita
751 1998 857 2028 eadem
884 1998 985 2029 divina

35 2050 162 2080 essentia
185 2048 384 2086 significatur,
399 2051 428 2077 et
449 2046 615 2076 secundum
639 2055 705 2076 eam
727 2046 807 2076 idem
830 2048 987 2085 praedica-

35 2102 97 2135 tur‚
120 2101 152 2127 ut
173 2097 263 2127 etiam
286 2095 437 2135 quaedam
460 2095 580 2124 diversa
603 2094 815 2133 intelligantur.
844 2095 986 2132 intelligi-

32 2154 98 2176 mus
120 2145 199 2175 enim
221 2153 276 2183 per
297 2145 355 2174 hoc
383 2152 451 2173 eum
478 2142 688 2173 miseratorem
710 2147 739 2173 et
761 2142 875 2173 iustum
908 2142 986 2173 iudi-

0 2200 19 2214 ='·
33 2202 102 2224 cem.
116 2193 200 2229 Quod
217 2193 372 2223 evidenter
386 2191 547 2230 Origenes¹
565 2191 697 2221 ostendit
713 2191 832 2222 dicens:
856 2205 867 2218 «ι
879 2191 985 2222 Omnia

33 2251 109 2282 quae
131 2243 183 2272 Dei
206 2245 288 2278 sunt,
310 2241 446 2271 Christus
469 2244 526 2270 est:
550 2241 614 2278 ipse
647 2241 794 2278 sapientia
818 2240 896 2275 eius,
920 2241 984 2279 ipse

32 2291 189 2326 fortitudo,
211 2291 338 2326 iustitia,
360 2290 520 2326 sanctitas,
543 2290 608 2327 ipse
640 2288 810 2327 prudentia.
834 2289 892 2318 Sed
915 2297 983 2318 cum

31 2347 122 2369 unum
144 2339 182 2368 sit
204 2339 232 2368 in
255 2338 439 2373 subiacente,
454 2345 509 2376 pro
534 2337 679 2366 varietate
695 2345 838 2366 sensuum
855 2337 984 2366 diversis

12 2391 221 2426 -nuncupatur
244 2386 408 2416 vocabulis.
432 2385 520 2416 Aliud
545 2386 622 2415 enim
646 2385 796 2423 significat
816 2384 981 2424 sapientia,

32 2436 111 2466 aliud
133 2435 259 2466 iustitia.
281 2435 405 2471 Quando
428 2435 507 2464 enim
529 2433 679 2474 sapientia
702 2434 829 2471 dicitur,
852 2434 984 2472 discipli-

32 2486 76 2515 nis
97 2489 125 2515 te
147 2485 319 2515 divinarum
351 2484 615 2521 humanarumque
646 2491 748 2512 rerum
772 2483 920 2512 instruere
944 2483 983 2512 in-

32 2533 187 2571 telligitur3
211 2532 331 2571 quando
364 2531 501 2566 iustitia,
524 2531 702 2561 distributor
731 2535 760 2561 et
784 2531 874 2561 iudex
898 2532 984 2561 meri-

33 2584 127 2611 torum
149 2582 327 2611 insinuatur.
344 2581 385 2610 lta
408 2583 437 2610 et
456 2578 623 2618 prudentia
642 2587 711 2609 cum
734 2579 854 2615 dicitur,
877 2579 983 2608 doctor

32 2631 60 2657 et
80 2629 299 2659 demonstrator
322 2628 468 2658 bonarum
491 2631 520 2657 et
550 2627 698 2657 malarum
721 2635 821 2657 rerum
846 2627 891 2656 vel
914 2635 983 2656 neu-

33 2679 145 2707 trarum
167 2677 343 2715 intelligitur
354 2689 380 2705 n.

434 2774 502 2804 CAP.
524 2774 572 2805 IV.

62 2871 159 2907 Quare
182 2871 331 2912 quaedam
352 2881 444 2911 opera
465 2870 611 2901 dicuutur
632 2870 783 2905 iustitiae,
806 2869 955 2910 quaedam

226 2919 455 2950 misericordiae
474 2920 524 2950 vet
545 2919 687 2950 bonitatis
708 2918 772 2950 Dei.

109 3016 192 3052 Quod
215 3020 314 3047 autem
336 3016 485 3055 quaedam
508 3024 601 3055 opera
623 3015 868 3050 misericordiae,
892 3023 981 3054 quae-

33 3064 98 3095 dam
120 3064 270 3100 iustitiae,
293 3065 441 3104 quaedam
466 3064 595 3095 bonitati
616 3065 835 3100 attribuantur,
853 3065 881 3094 in
904 3064 981 3094 Scri-

32 3113 127 3151 pturis
148 3114 234 3143 facile
256 3117 301 3143 est
321 3114 465 3152 reperire.
487 3114 524 3143 Et
546 3113 583 3143 de
614 3111 827 3142 misericordia
856 3112 978 3150 quidem

1056 361 1085 386 et
1106 356 1222 387 iustitia
1244 358 1434 388 manifestum
1456 362 1516 394 est,
1539 359 1575 389 de
1599 358 1728 389 bonitate
1749 368 1819 389 vero
1842 364 1871 389 et
1891 359 2008 390 miseri-

1056 405 1160 435 cordia
1182 406 1312 444 amplius
1330 406 1410 436 latet.
1433 407 1489 436 Sed
1506 408 1691 444 Augustinus
1703 408 1713 422 ²
1729 408 1831 445 docet,
1850 408 1897 438 illa
1914 416 2007 447 opera

1056 454 1177 492 proprie
1207 454 1243 483 ad
1278 453 1521 485 misericordiam
1554 456 1718 493 pertinere,
1741 457 1852 494 quibus
1873 457 1965 495 aliqui
1989 465 2004 486 a

1056 501 1176 532 miseria
1200 502 1379 539 liberantur;
1403 503 1439 532 ad
1464 502 1624 533 bonitatem
1647 512 1717 533 vero
1741 513 1797 534 non
1821 505 1916 535 solum
1942 505 2003 540 illa,

1055 549 1108 578 sed
1130 549 1276 580 facturam
1299 554 1327 580 et
1349 551 1595 588 gubernationem
1613 552 1813 588 naturalium,
1830 553 1868 583 ita
1884 553 2004 583 dicens:

1061 596 1128 626 «Ad
1151 597 1394 628 misericordiam
1417 600 1560 637 pertinet,
1584 601 1664 638 qumi
1688 609 1702 629 a
1726 601 1859 638 peccatis
1882 602 2005 631 mundat
2018 609 2155 636 Augustinus.

1056 649 1084 674 et
1107 646 1143 675 de
1166 647 1284 676 miseria
1308 647 1430 684 liberat;
1448 648 1484 677 ad
1509 647 1669 678 homimem
1687 658 1773 685 vero,
1790 651 1870 688 quod
1888 651 2004 680 caelum

1055 697 1084 723 et
1107 698 1216 724 terram
1248 699 1277 724 et
1305 696 1404 725 onmia
1436 696 1522 726 valde
1553 697 1630 727 bona
1660 698 1789 732 creavit,
1813 702 1844 727 ut
1867 703 2003 728 essent».

1055 741 1149 771 idem:
1178 742 1279 773 «Caeli
1304 753 1360 773 non
1387 744 1520 781 indigent
1543 745 1764 782 misericordia,
1788 746 1837 775 ubi
1863 747 1942 776 nulla
1960 751 2005 777 est

1055 790 1189 825 miseria;
1213 791 1241 820 in
1265 796 1342 822 terra
1366 792 1494 822 hominis
1526 793 1659 823 abundat
1692 794 1827 828 miseria,
1851 799 1879 824 et
1901 804 2006 833 super-

1055 838 1189 869 abundat
1210 840 1327 869 Domini
1351 841 1702 871 misericordia.Miseria
1727 842 1816 880 igitur
1831 844 1961 873 bominis
1977 848 2005 873 et

1054 886 1265 917 misericordia
1295 889 1411 918 Domini
1443 889 1536 928 pterea
1566 894 1607 919 est
1629 894 1730 924 terra,
1758 900 1815 920 non
1838 891 1930 926 caeli,
1953 893 2003 930 qui

1055 942 1113 963 non
1137 934 1269 971 indigent
1292 937 1515 973 misericordia,
1538 938 1672 975 indigent
1688 942 1786 968 tamen
1810 944 1930 978 regente
1952 941 2006 970 Do-

1055 982 1144 1011 mino.
1167 982 1270 1013 Omnia
1294 985 1372 1014 enim
1396 985 1529 1022 indigent
1553 987 1690 1022 Domino,
1714 991 1743 1016 et
1765 988 1872 1018 misera
1896 992 1924 1017 et
1946 988 2006 1018 feli-

1054 1031 1117 1068 cia,
1140 1032 1210 1070 quia
1232 1033 1295 1062 sine
1319 1033 1368 1063 illo
1392 1034 1482 1063 miser
1504 1043 1561 1064 non
1584 1035 1774 1071 sublevatur,
1792 1036 1859 1066 felix
1884 1045 1941 1066 uon
1962 1045 2005 1066 re-

1054 1079 1170 1117 gitur».
1194 1081 1264 1110 Item
1299 1081 1386 1111 alibi:
1415 1081 1656 1113 «Iltisericordfa
1688 1087 1730 1113 est
1763 1092 1833 1123 erga
1862 1085 2004 1121 miseros,

1055 1126 1172 1158 bonitas
1194 1137 1261 1166 erga
1286 1130 1437 1168 quoslibet
1449 1143 1474 1160 ›1.
1491 1148 1530 1153 —
1545 1132 1696 1161 interdum
1715 1136 1812 1163 tamen
1833 1133 2004 1163 misericor-

1054 1175 1106 1205 dia
1128 1177 1210 1215 large
1233 1178 1382 1217 accipitur
1403 1183 1435 1209 ut
1458 1178 1582 1209 bouitas.

1465 1276 1533 1305 Car.
1557 1276 1590 1306 V.

1164 1370 1318 1406 Quomodo
1340 1371 1500 1401 universae
1521 1371 1588 1402 viae
1610 1372 1737 1403 Domini
1758 1373 1904 1403 dicuntur

1330 1419 1543 1450 misericordia
1564 1425 1590 1449 et
1610 1421 1729 1451 veritas.

1132 1516 1200 1545 Post
1223 1516 1298 1545 baec
1320 1516 1504 1546 considerari
1528 1521 1663 1555 oportet,
1686 1527 1722 1547 ex
1745 1527 1805 1557 quo
1827 1527 1916 1549 sensu
1938 1518 2003 1549 urii-

1051 1572 1154 1593 versae
1175 1563 1241 1593 viae
1264 1563 1392 1593 Domini
1412 1565 1550 1595 dieantur
1577 1565 1789 1596 misericordia
1811 1571 1837 1596 et
1858 1566 1969 1597 veritas
1983 1567 2001 1596 ³.

1050 1628 1090 1633 -
1103 1612 1164 1641 Hoc
1177 1612 1373 1649 multiplicem
1387 1613 1494 1651 recipit
1507 1614 1735 1651 expositionem.
1747 1615 1911 1645 Universae
1924 1616 2001 1645 enim
2019 1623 2128 1651 Expositio
2143 1623 2163 1644 ι.

1052 1660 1118 1689 viae
1150 1660 1266 1689 Domini
1300 1661 1507 1691 misericordia
1542 1666 1570 1691 et
1603 1663 1728 1699 veritas,
1752 1664 1862 1702 quibus
1889 1663 1929 1693 ad
1949 1673 2004 1694 rios

1050 1707 1148 1742 venit,
1170 1712 1202 1738 ut
1224 1709 1265 1738 ait
1287 1708 1472 1745 Augustinus
1494 1719 1586 1748 super
1606 1711 1774 1747 Psalmum,
1797 1712 2002 1749 intelliguntur
2016 1720 2154 1747 A11gusunus.

1050 1754 1110 1785 duo
1132 1755 1298 1786 adventus:
1317 1756 1458 1795 primus,
1481 1758 1508 1787 in
1533 1767 1592 1796 quo
1615 1759 1802 1788 manifestam
1819 1763 1847 1789 et
1863 1760 2005 1799 multipli-

1051 1812 1117 1833 cem
1140 1805 1380 1835 misericordiam
1398 1806 1483 1835 nobis
1506 1806 1656 1842 exliibuit3
1673 1811 1701 1836 et
1716 1807 1881 1843 sccundus,
1898 1809 1926 1838 in
1943 1817 2003 1847 quo

1053 1853 1234 1891 requirendo
1257 1853 1363 1883 merita
1386 1854 1529 1884 iustitiam
1553 1855 1716 1885 exhibebit.
1733 1856 1898 1886 Universae
1914 1857 2003 1887 etiam

1052 1901 1119 1931 viae
1142 1901 1274 1937 Domini,
1297 1901 1326 1930 id
1350 1906 1407 1939 est,
1430 1902 1541 1940 quibus
1561 1902 1603 1932 ad
1617 1903 1785 1933 Dominum
1800 1904 2004 1940 asceridimuS,

1052 1953 1121 1979 sunt
1142 1948 1276 1984 iustitia,
1292 1958 1350 1988 qua
1373 1958 1389 1980 a
1413 1950 1492 1980 malo
1508 1951 1709 1987 declinamus,
1726 1956 1755 1982 et
1774 1952 2003 1988 misericordia,

1052 2007 1110 2036 qua
1135 1998 1247 2027 bonum
1271 1998 1453 2028 saeimus.1n
1476 1999 1522 2028 his
1544 2000 1621 2029 euim
1645 2000 1765 2030 duobus
1780 2009 1868 2031 omne
1892 2002 2002 2031 bonum

1052 2048 1192 2077 meritum
1215 2047 1387 2077 includitur.
1410 2064 1451 2069 —-
1472 2048 1530 2078 Sed
1553 2057 1621 2078 cnm
1645 2050 1786 2087 superius
1808 2050 2005 2080 Cassiodorus

1051 2096 1177 2132 dixerit,
1194 2097 1222 2126 in
1239 2097 1285 2126 bis
1301 2096 1420 2126 duobus
1436 2097 1536 2127 onmia
1559 2105 1652 2136 opera
1676 2098 1728 2127 Dei
1752 2098 1879 2131 includi:
1897 2100 2003 2129 merito

1051 2145 1156 2182 quaeri
1179 2149 1291 2183 potest,
1307 2153 1344 2174 an
1369 2145 1396 2174 in
1419 2146 1499 2174 omni
1522 2154 1614 2183 opere
1630 2146 1746 2175 Domini
1772 2146 1846 2176 llaec
1862 2147 1922 2176 duo
1939 2155 2004 2177 mu-

1052 2196 1102 2222 tuo
1123 2193 1179 2222 sibi
1197 2193 1366 2230 iungantur.
1381 2210 1421 2215 —
1435 2193 1620 2228 Quibusdam
1644 2194 1771 2232 placuit,
1789 2203 1845 2224 non
1871 2196 1898 2225 in
1921 2196 2001 2225 omni
2017 2203 2127 2230 Expositio
2141 2203 2161 2224 2.

1051 2249 1142 2279 opere
1165 2241 1281 2270 Domini
1304 2241 1379 2271 baec
1396 2241 1456 2271 duo
1472 2250 1670 2278 concurrere,
1687 2243 1852 2272 secundum
1869 2244 2003 2283 effectum

1050 2289 1132 2325 (lieo;
1157 2297 1225 2318 nam
1247 2289 1414 2319 secundum
1448 2289 1607 2319 essentiam
1640 2299 1697 2320 non
1721 2291 1867 2321 dividitur
1890 2293 2004 2322 miseri-

1050 2338 1153 2368 cordia
1175 2346 1191 2367 a
1215 2338 1341 2374 iustitia,
1363 2338 1416 2367 sed
1439 2347 1531 2368 unum
1555 2343 1613 2374 est,
1638 2348 1742 2369 verum
1770 2340 1937 2370 secundum
1960 2342 2001 2380 ef—

1048 2386 1156 2425 fectum
1179 2394 1236 2415 non
1260 2387 1287 2415 in
1311 2386 1391 2415 omni
1421 2395 1512 2424 opere
1545 2386 1650 2416 dicunt
1672 2395 1737 2416 esse
1760 2388 1999 2418 misericordiam

1049 2439 1078 2464 et
1101 2435 1257 2472 iustitiam,
1280 2435 1332 2464 sed
1355 2435 1382 2464 in
1406 2435 1587 2473 quibusdam
1611 2439 1725 2465 tantum
1742 2435 2000 2472 misericordiam,

1050 2483 1078 2512 in
1100 2482 1166 2512 aliis
1189 2481 1355 2517 iustitiairi,
1378 2486 1468 2521 atque
1492 2483 1520 2512 in
1544 2483 1610 2512 aliis
1639 2483 1884 2513 miscricordicmi
1906 2489 1932 2514 et
1953 2484 2000 2515 iu-

1047 2530 1170 2561 stitiam.
1194 2532 1336 2560 Fatentur
1359 2535 1470 2566 tamen,
1493 2532 1586 2561 Deum
1617 2532 1716 2561 omnia
1739 2540 1817 2570 quae
1840 2533 1926 2567 facit,
1950 2534 2001 2562 mi-

1048 2580 1242 2609 sericorditer
1274 2588 1362 2617 agere
1389 2583 1417 2609 et
1445 2580 1536 2615 iuste,
1560 2580 1722 2609 relerentes
1751 2582 1897 2610 rationem
1926 2582 1998 2611 dieti

1048 2628 1085 2658 ad
1108 2629 1161 2658 Dei
1182 2628 1383 2662 voiuiitateiii‚
1406 2637 1485 2666 quae
1508 2629 1619 2658 iustitia
1644 2632 1688 2657 est
1721 2633 1749 2658 et
1771 2630 1998 2666 misericordia,

1048 2685 1105 2706 non
1128 2676 1165 2706 ad
1187 2676 1303 2715 effectus
1326 2676 1552 2706 misericordiae
1581 2681 1609 2706 et
1633 2677 1778 2712 iustitiae,
1803 2678 1853 2715 qui
1878 2682 1947 2707 sunt
1970 2679 1998 2708 in

1047 2726 1146 2755 rebus.
1169 2741 1209 2747 —
1230 2725 1302 2754 Aliis
1324 2731 1424 2754 autem
1447 2725 1582 2760 videtur,
1598 2725 1679 2763 quod
1696 2726 1774 2755 sieut
1790 2726 1902 2756 dicitur
1917 2727 1997 2757 Deus
2014 2735 2124 2762 Expositto
2138 2736 2158 2757 3.

1047 2774 1145 2803 onmia
1168 2782 1259 2811 opera
1276 2782 1329 2803 sua
1346 2773 1443 2803 iacere
1466 2773 1543 2803 iuste
1558 2777 1587 2802 et
1603 2774 1855 2811 inisericorditer3
1873 2775 1912 2805 ita
1929 2784 2000 2805 eon-

1046 2821 1215 2851 cedendum
1238 2821 1292 2857 sit,
1309 2822 1337 2850 in
1361 2821 1441 2850 omni
1464 2829 1556 2859 opere
1580 2821 1629 2851 Dei
1654 2821 1797 2851 iustitiam
1815 2831 1881 2852 esse
1904 2827 1932 2853 et
1948 2824 1999 2853 mi-

1046 2869 1257 2906 sericordiam,
1287 2869 1316 2898 id
1346 2873 1390 2898 est
1421 2869 1627 2904 elementiam,
1657 2870 1824 2900 secundum
1858 2872 1997 2902 effectum

1048 2917 1092 2947 vel
1115 2919 1246 2955 signum,
1269 2917 1338 2955 quia
1362 2917 1476 2946 nullum
1499 2925 1576 2955 opus
1598 2918 1649 2947 Dei
1673 2921 1733 2953 est,
1750 2918 1779 2947 in
1802 2927 1862 2957 quo
1886 2928 1943 2949 non
1960 2920 1999 2949 sit

1046 2966 1168 2996 effectus
1191 2965 1237 2995 vel
1258 2965 1376 3004 signnm
1399 2966 1560 3003 aequitatis
1584 2965 1629 2995 vel
1651 2965 1843 3002 clementiae,
1865 2968 1929 2997 sive
1951 2977 1998 2997 oc-

1046 3014 1140 3050 culte,
1162 3014 1225 3043 sive
1246 3017 1359 3052 aperte.
1382 3013 1551 3052 Aliquando
1585 3014 1664 3043 enim
1690 3015 1846 3044 manifesta
1873 3019 1918 3044 est
1940 3016 1997 3045 cle-

1045 3062 1155 3092 mentia
1177 3062 1241 3091 sive
1264 3061 1446 3099 benignitas,
1469 3066 1496 3091 et
1520 3062 1636 3091 occulta
1661 3063 1813 3101 aequitas,
1831 3063 1993 3102 aliquando

1045 3119 1061 3140 e
1083 3119 1238 3140 converso.

100 3312 109 3329 ¹
128 3314 218 3339 Homil.
239 3314 298 3339 Vlll.
320 3315 345 3339 in
365 3315 514 3345 leremiam,
535 3321 560 3339 n.
583 3315 605 3338 2.

99 3356 110 3372 ‘²
127 3357 241 3383 Enarrat.
253 3359 277 3383 in
290 3358 327 3383 Ps.
340 3357 398 3382 135.
410 3365 433 3382 ιι.
446 3357 469 3383 4.
483 3358 542 3389 Seq.
557 3357 628 3382 locus
639 3361 677 3382 est
687 3357 800 3382 Enarrat.
812 3357 835 3381 2.
847 3357 870 3381 in
883 3357 921 3381 ΡΞ.
937 3356 978 3381 32.

32 3405 107 3426 serm.
128 3402 151 3426 2.
171 3408 195 3427 n.
216 3401 243 3433 4,
265 3402 309 3427 ubi
329 3402 465 3434 respicitur
485 3403 525 3427 cit.
541 3402 631 3427 Psalmi
651 3408 676 3426 v.
697 3400 720 3425 5.
742 3401 844 3426 Tertius
863 3403 900 3425 est
914 3401 979 3425 eius-

1043 3312 1101 3337 dem
1122 3313 1236 3336 Enarrat.
1258 3312 1282 3336 in
1305 3312 1342 3336 l‘s.
1363 3311 1405 3336 24.
1428 3319 1451 3336 n.
1477 3313 1517 3342 10,
1538 3312 1683 3337 secundum
1704 3313 1856 3338 sententiam
1876 3313 1994 3339 verbote-

1043 3363 1090 3382 nus
1109 3357 1134 3381 iu
1154 3357 1242 3381 Glossu
1263 3356 1333 3387 apud
1354 3356 1484 3387 Lyn-anum
1504 3356 1570 3381 ibid.

1113 3400 1123 3416 ³
1143 3400 1232 3424 Psalm.
1254 3399 1300 3431 24,
1326 3400 1367 3431 ¹03
1390 3399 1467 3425 verba
1489 3401 1623 3432 Augustini
1644 3405 1703 3426 sunt
1722 3401 1771 3426 loc.
1792 3401 1832 3426 cit.
