2483 3882
326 962 360 982 Ad
375 964 455 987 quaest.

339 989 404 1009 incid.

474 238 538 269 7⁵28

475 324 600 362 oceidit,
626 332 681 355 nec
706 322 819 362 aliquis
836 320 971 352 moritur
994 323 1065 351 ante
1083 318 1288 360 puerperium
1313 318 1424 349 forma-

475 381 556 414 tum,
584 380 685 407 tamen
711 377 863 415 quantum
886 372 925 404 ad
949 372 1145 403 voluntatem
1169 379 1362 412 perversam
1379 370 1424 401 iu-

474 429 627 460 dicandus
651 431 697 459 est
721 426 894 463 homicida,
920 434 979 456 non
1006 425 1125 456 ratione
1154 423 1342 461 homicidii,
1367 423 1422 456 sed

473 479 644 520 iizalesieii;
661 478 745 510 unde
768 478 837 509 talis
860 477 938 509 inter
964 476 1121 509 maleficos
1137 476 1144 490 ¹
1163 479 1375 517 computatur,
1392 479 1423 508 et

474 533 534 564 tale
559 532 677 564 crimen
701 539 796 572 grave
820 533 876 562 est.

562 583 649 624 Quod
668 592 742 624 ergo
766 583 922 621 obiicitur,
939 582 1023 623 quod
1046 591 1104 613 non
1123 582 1162 614 sit
1187 581 1331 619 mortale,
1349 581 1423 622 quia

473 646 532 668 non
552 636 682 677 punitur
701 638 816 669 morte:
835 635 914 666 ratio
939 644 999 666 non
1016 635 1115 673 valet,
1134 634 1207 676 quia
1233 633 1332 665 multa
1349 637 1423 665 sunt

474 689 630 724 mortalia,
655 697 735 730 quae
760 692 859 720 morte
884 697 944 719 non
962 687 1197 729 plectebantur3
1222 691 1326 719 tamen
1344 687 1422 719 illud

473 742 600 783 gravius
625 741 727 773 scelus
752 744 815 779 est,
840 741 916 772 dum
942 749 981 772 ex
1008 743 1094 772 certa
1118 740 1245 772 scientia
1273 743 1423 781 operatur

472 798 579 826 contra
597 798 756 831 naturamg
774 796 882 825 contra
906 793 988 824 enim
1007 796 1152 824 naturam
1171 792 1343 825 bestiarum
1362 796 1421 833 est,

472 855 552 888 quae
577 846 697 887 prolem
722 850 916 887 exspectant.

561 899 649 940 Quod
682 899 856 940 quaeritur,
881 899 940 931 sub
976 908 1039 940 qno
1063 907 1176 940 genere
1213 898 1328 940 peccati
1366 898 1422 935 sit,

471 951 659 989 dicendum,
684 952 767 993 quod
792 955 911 992 spectat
935 951 974 983 ad
999 951 1210 992 maleficium.

560 1004 648 1044 Quod
684 1004 839 1041 obiicitur,
876 1004 961 1045 quod
995 1004 1064 1045 plus
1102 1008 1208 1041 nocet3
1233 1003 1422 1041 dicendum,

472 1057 555 1098 quod
581 1066 641 1089 non
673 1057 890 1089 consideratur
915 1057 1072 1097 quantitas
1104 1056 1282 1088 nocumenti
1316 1065 1423 1088 secun-

470 1110 546 1141 dum
573 1110 602 1141 id
635 1110 717 1151 quod
748 1114 850 1151 potest
874 1119 958 1146 esse,
984 1109 1038 1141 sed
1071 1109 1245 1141 secundum
1272 1109 1301 1141 id
1336 1109 1420 1150 quod

470 1167 533 1193 est:
559 1162 632 1203 quia
656 1162 828 1194 secundum
857 1161 887 1193 id
905 1161 989 1202 quod
1014 1165 1217 1203 potestesse,
1242 1169 1314 1193 cum
1339 1170 1423 1194 unus

472 1215 564 1245 homo
588 1223 643 1256 per
668 1214 895 1246 successionem
921 1214 1017 1255 possit
1040 1222 1109 1246 esse
1131 1213 1218 1254 origo
1244 1213 1342 1252 mille,
1369 1214 1421 1255 qui

471 1267 626 1299 occideret
650 1275 767 1305 unum,
791 1266 947 1299 occideret
980 1266 1081 1305 mille,
1106 1266 1190 1308 quod
1215 1266 1329 1298 salsum
1354 1271 1422 1304 est;

471 1323 501 1352 et
525 1319 612 1354 ideo,
637 1319 711 1361 quia
735 1319 875 1351 nondum
900 1323 947 1351 est
970 1319 1095 1357 anima,
1122 1318 1258 1351 necdum
1283 1323 1328 1350 est
1359 1322 1423 1351 tan-

471 1376 536 1404 tum
563 1372 697 1411 bonum,
723 1372 868 1413 quamvis
889 1382 955 1403 esse
978 1372 1096 1413 possit:
1121 1372 1191 1404 ideo
1210 1381 1269 1403 non
1295 1372 1338 1404 sic
1356 1381 1423 1413 gra-

470 1426 550 1457 viter
575 1429 690 1466 peccat.
717 1425 750 1457 Et
774 1425 817 1457 sic
842 1428 949 1466 patent
972 1424 1127 1457 obiecia2.

887 1530 962 1562 Due.
989 1531 1022 1562 V.

559 1639 633 1671 ltem
659 1638 822 1680 quaeritur
839 1638 878 1670 de
904 1638 962 1669 hoc
979 1637 1063 1678 quod
1081 1637 1172 1669 dicit:
1199 1636 1272 1668 Non
1285 1641 1422 1678 propter

470 1691 554 1723 illud
569 1691 695 1723 bialum
720 1690 880 1732 culpabile
896 1695 943 1722 esc
966 1689 1024 1722 lioc
1042 1690 1173 1722 bonum„
1190 1690 1322 1722 Videtur
1339 1690 1421 1722 enim

470 1744 583 1776 falsum
609 1744 730 1783 dicere,
748 1743 822 1785 quia
839 1744 960 1785 primae
976 1743 1015 1775 ad
1033 1743 1210 1775 Corinthios
1227 1743 1336 1785 quinto
1350 1743 1360 1758 ³
1380 1743 1422 1775 di-

471 1797 567 1835 citur,
592 1797 675 1838 quod
709 1797 875 1828 mmlieum
906 1795 1105 1838 fermentum
1139 1800 1239 1828 totam
1272 1805 1422 1828 massam

1234 231 1517 263 SENTENTIARUM
1541 230 1608 262 LlB.
1633 231 1679 263 IV.

1487 317 1690 358 corrumpit:
1715 326 1789 359 ergo
1808 317 1942 357 videtur,
1963 319 2047 360 quod
2065 319 2222 351 modicum
2240 320 2358 352 malum
2377 320 2433 353 foe-

1487 370 1541 401 dat
1564 370 1681 401 bonum
1707 370 1810 411 potius
1833 379 1927 412 quam
1953 379 1970 403 e
1994 380 2154 403 converso.

1576 423 1778 455 RESPONnao:
1804 423 1993 462 Dicendum,
2019 424 2102 464 quod
2126 424 2276 456 «malum
2301 429 2348 457 est
2371 434 2434 458 cor-

1487 476 1592 517 ruptio
1617 476 1714 507 boni4
1731 488 1766 514 »ς
1791 475 1860 508 dico
1885 476 1997 517 igitur,
2022 477 2106 518 quod
2124 476 2243 508 malum
2268 477 2432 519 dupliciter
2446 489 2481 510 Dis

1487 531 1588 569 potest
1612 528 1697 569 iungi
1722 528 1819 560 bono:
1844 532 1899 560 aut
1923 532 1958 560 ut
1973 528 2198 570 corruptibili,
2222 530 2324 562 autin
2341 540 2433 571 quan-

1487 585 1554 613 tum
1579 581 1777 613 medicinali.
1802 581 1831 612 Si
1849 581 1880 612 in
1905 585 2057 623 quantum
2075 582 2295 624 corruptibili,
2313 583 2356 616 sic
2373 593 2433 617 ma-
2447 594 2483 616 uni

1487 633 1553 665 lum
1578 633 1681 665 foedat
1705 633 1840 671 bonum;
1865 633 1889 666 si
1915 637 1950 665 ut
1966 634 2167 672 medicinali,
2185 635 2228 667 sic
2253 639 2382 668 curatur
2405 641 2435 669 et

1487 686 1667 728 expellitur.
1694 686 1728 718 Et
1752 689 1799 718 est
1822 686 2023 728 exemplum:
2049 688 2123 728 quia.
2156 687 2286 720 morbus
2310 688 2433 722 iunctus
2447 699 2483 721 Exe

1487 742 1618 770 naturae
1643 746 1736 770 sanae
1759 747 1827 770 eam
1853 738 1941 770 vitiat
1972 742 2003 770 et
2026 738 2182 778 infirmat3
2209 739 2338 772 morbus
2362 749 2434 773 vero

1487 791 1612 823 iunctus
1637 791 1810 823 medicinae
1834 800 1894 823 non
1913 791 2017 824 reddit
2041 792 2227 824 medicinam
2247 793 2435 833 morbidam,

1487 844 1543 877 sed
1561 845 1664 886 potius
1680 848 1812 876 curatur
1829 844 1868 876 ab
1887 845 1961 885 ipsa.
1986 845 2019 877 Et
2035 845 2183 886 quoniam
2201 846 2433 879 matrimonium

1487 899 1534 928 est
1558 896 1675 928 bonum
1699 896 1910 934 medicinale,
1942 896 2010 928 ideo
2035 906 2095 928 non
2120 896 2264 929 foedatur
2297 906 2315 929 a
2339 898 2435 937 malo,

1487 949 1543 982 sed
1567 950 1671 991 potius
1695 954 1785 982 curat
1809 949 1939 981 malum.

1885 1055 1962 1087 DUB.
1994 1055 2041 1088 Vl.

1576 1160 1651 1192 Item
1668 1160 1832 1202 quaeritur
1857 1161 1896 1193 de
1920 1160 1979 1193 boc
1996 1161 2078 1202 quod
2098 1161 2185 1199 dicit,
2204 1161 2287 1203 quod
2312 1161 2437 1194 admix-

1489 1214 1531 1245 tio
1557 1213 1707 1255 coniugis
1728 1213 1798 1245 sine
1822 1213 1937 1245 camis
1961 1213 2124 1254 voluptate
2140 1213 2216 1255 fieri
2231 1223 2296 1245 non
2316 1219 2436 1256 potest,-

1488 1270 1518 1298 et
1540 1266 1655 1298 iterum
1681 1266 1771 1298 dicit:
1803 1265 1959 1298 Carnalis
1977 1265 2126 1307 uobuptas
2148 1266 2218 1298 sine
2247 1266 2346 1308 culpa
2368 1267 2436 1299 nul-

1488 1319 1616 1351 latenus
1640 1328 1706 1351 esse
1726 1323 1839 1360 potest.
1864 1319 1924 1351 Hoc
1948 1319 2074 1351 videtur
2098 1319 2233 1352 falsum:
2259 1320 2332 1361 quia
2363 1323 2436 1352 tunc

1487 1372 1612 1404 nullum
1637 1372 1754 1404 coitum
1772 1372 1965 1413 contingeret
1989 1381 2056 1404 esse
2081 1372 2147 1404 sine
2165 1376 2308 1414 peccat03
2333 1376 2363 1405 et
2378 1373 2436 1405 hoc

1488 1430 1534 1458 est
1558 1429 1667 1458 contra
1691 1425 1875 1466 Gregorium
1892 1424 1912 1463 ⁵,
1938 1425 1989 1466 qui
2016 1425 2133 1466 excipit
2157 1434 2229 1457 eum
2260 1426 2313 1467 qui
2339 1427 2436 1467 gratia

1487 1478 1585 1520 prolis
1609 1479 1669 1511 coit
1693 1478 1758 1511 sive
1782 1488 1840 1520 pro
1864 1478 2043 1519 generanda
2067 1478 2173 1520 prole3
2205 1482 2235 1511 et
2260 1482 2363 1511 tamen
2392 1483 2436 1511 est

1488 1531 1591 1563 carnis
1611 1531 1774 1563 admixtio.

1577 1584 1776 1616 Ruspounuo:
1809 1584 2001 1623 Dicendum,
2033 1585 2117 1626 quod
2141 1584 2283 1617 facienda
2314 1589 2361 1617 est
2392 1586 2436 1618 vis

1488 1637 1518 1668 in
1543 1636 1658 1675 verbo,
1683 1636 1756 1678 quia
1785 1645 1847 1668 non
1871 1637 1987 1669 dicitur
2019 1637 2134 1668 caruis
2164 1637 2327 1669 admixtio
2351 1637 2437 1679 quili-

1487 1690 1540 1722 bet
1563 1693 1652 1722 actus
1684 1689 1876 1731 coniugalis,
1900 1690 1955 1722 sed
1988 1689 2040 1722 ille
2064 1690 2117 1731 qui
2145 1689 2178 1721 fit
2201 1690 2241 1722 ad
2266 1689 2437 1722 delectatio-

1487 1752 1559 1775 nem
1584 1743 1705 1782 carnis,
1730 1743 1780 1775 vel
1803 1743 1842 1775 ad
1867 1743 1936 1775 eius
1960 1743 2180 1775 excitationem
2196 1743 2218 1782 ⁶,
2243 1743 2273 1775 in
2291 1752 2353 1785 qua
2374 1743 2436 1785 qui-

1488 1796 1558 1828 dem
1585 1804 1710 1837 semper
1734 1799 1780 1828 est
1804 1795 1909 1838 aliqua
1933 1796 2035 1838 culpa.

1188 1993 1513 2035 DISTINCTIO
1544 1994 1731 2034 XXXII.

888 2183 956 2213 CAP.
980 2183 998 2213 l.

699 2281 740 2310 De
761 2280 912 2310 solatione
934 2280 1070 2310 carnalis
1093 2279 1193 2310 debiti.

549 2377 710 2407 Sciendum
734 2378 822 2407 etiam
846 2381 906 2412 est,
928 2378 1016 2415 quia,
1039 2385 1108 2406 cum
1133 2377 1161 2406 in
1192 2376 1331 2406 omuibus
1354 2376 1421 2406 aliis

469 2426 514 2455 x‘Ir
535 2425 649 2465 praesit
678 2426 813 2460 mulieri,
837 2429 868 2455 ut
899 2429 992 2464 eaput
1025 2425 1159 2463 corpori,
1183 2428 1225 2454 esi
1259 2425 1337 2454 enim
1371 2424 1421 2453 vir

470 2479 558 2513 eaput
579 2473 719 2504 mulieris
728 2486 742 2510 ‚·
764 2475 793 2503 in
809 2474 953 2503 solvendo
977 2477 1074 2503 tamen
1091 2474 1191 2503 carnis
1214 2473 1316 2503 debito
1330 2482 1420 2512 pares

468 2527 547 2552 sicui.
570 2522 638 2552 Ideo
661 2522 843 2561 Apostolus¹
869 2522 989 2560 utrique
1013 2522 1125 2560 pariter
1141 2521 1292 2559 praecipit
1310 2521 1337 2550 in
1363 2521 1420 2550 hac

468 2579 557 2601 causa
580 2571 638 2601 sibi
661 2571 788 2600 invicem
812 2571 936 2605 subiici,
961 2571 1114 2609 inquiens:
1137 2569 1188 2599 Vir
1208 2569 1341 2599 debitum
1357 2568 1422 2598 recl-

469 2619 520 2649 (lai
553 2619 661 2654 zcrori,
683 2619 826 2649 simililer
848 2624 873 2648 ec
894 2629 974 2650 uror
1004 2618 1094 2655 υἱνο,·
1117 2619 1187 2657 quia
1213 2617 1326 2648 vindici·
1358 2626 1420 2647 aori

1487 2182 1574 2212 liabet
1593 2186 1765 2221 potestatem
1786 2181 1837 2212 sui
1856 2182 2012 2221 corporis,
2034 2182 2086 2212 sed
2100 2182 2169 2218 vir,-
2184 2182 2327 2213 similiter
2349 2188 2375 2213 et
2388 2183 2435 2213 vir

1486 2240 1549 2260 uon
1571 2230 1658 2260 habet
1675 2234 1850 2269 potestatem
1879 2229 1931 2260 sui
1960 2230 2115 2270 coo-poris,
2137 2231 2189 2260 sed
2209 2231 2322 2261 mulier
2331 2244 2344 2267 ,·
2367 2233 2435 2271 quia

1487 2287 1542 2308 nec
1564 2279 1673 2308 mulier
1694 2279 1732 2309 ad
1755 2279 1846 2308 alium
1870 2279 1985 2315 virum,
2008 2287 2063 2309 nee
2086 2280 2131 2309 vir
2163 2280 2199 2309 ad
2223 2280 2311 2310 aliam
2337 2281 2435 2311 mulie-

1486 2335 1549 2357 rem
1572 2331 1751 2366 potestatem
1773 2328 1820 2357 sui
1843 2328 1981 2366 corporis
2003 2328 2110 2363 habet,
2133 2336 2188 2358 nec
2213 2329 2258 2358 vir
2284 2328 2322 2359 ad
2344 2329 2435 2358 conti·
2482 2355 2483 2365 ,

1486 2375 1617 2406 nendum
1641 2384 1695 2405 nec
1719 2375 1826 2405 mulier
1849 2379 2028 2414 potestatem
2051 2376 2143 2406 habet
2164 2376 2228 2406 sine
2252 2380 2354 2407 mutuo
2370 2385 2434 2407 con-
2482 2371 2483 2383 ³

1485 2433 1591 2459 sensu;
1613 2424 1666 2454 sed
1689 2424 1764 2454 alter
1786 2424 1910 2454 alterius
1932 2427 2110 2462 potestatem
2133 2424 2224 2454 habet
2244 2425 2389 2463 corporis,
2404 2428 2434 2455 nt
2481 2460 2483 2468 A

1485 2473 1621 2511 poscenti
1645 2472 1729 2502 alteri
1753 2481 1811 2502 non
1834 2472 1924 2502 liceat
1946 2472 2030 2502 alteri
2048 2480 2158 2510 negare
2174 2473 2318 2503 debitum.
2333 2474 2363 2503 In
2379 2473 2432 2503 hoc
2445 2470 2483 2516 ⁰⁰ss

1486 2521 1564 2550 enim
1583 2529 1675 2559 pares
1696 2525 1785 2555 sum,
1808 2521 1880 2559 qnia
1911 2528 1966 2550 nec
1999 2521 2063 2550 viro
2090 2529 2145 2550 nec
2175 2521 2293 2551 mulieri
2326 2530 2432 2560 corpus

1486 2577 1573 2599 suum
1596 2569 1667 2598 licet
1689 2568 1739 2599 alii
1763 2569 1897 2606 tradere,
1913 2569 1966 2599 sed
1981 2569 2038 2599 sibi
2056 2570 2184 2600 invicem
2202 2570 2353 2600 debitores
2368 2573 2433 2600 sunt

1488 2618 1515 2646 in
1539 2617 1595 2647 hac
1618 2625 1725 2654 eausa,
1749 2625 1784 2646 ne
1817 2617 1965 2655 peccandi
1997 2617 2085 2647 detur
2106 2618 2244 2654 occasio,
2267 2627 2322 2656 per
2353 2617 2432 2657 quod
2478 2628 2480 2643 1

542 2784 547 2799 ¹
569 2784 718 2809 Secundum
740 2785 776 2809 Du
796 2784 896 2815 Gange,
917 2785 1075 2809 Glossarium
1091 2788 1152 2815 etc,
1167 2783 1329 2817 uzaleficium
1343 2784 1421 2815 signi-

469 2827 526 2852 timi
546 2827 704 2859 quandoque
724 2831 859 2858 peecatum
880 2828 1006 2859 quodvis,
1036 2828 1193 2859 quandoque
1214 2827 1324 2852 membri
1346 2828 1421 2852 muti-

468 2871 603 2901 lationem,
626 2871 666 2895 vel
686 2878 819 2896 enormem
840 2872 977 2896 laesionem
1000 2871 1193 2902 (illahamium),
1214 2873 1239 2895 et
1258 2871 1365 2895 malefici
1387 2870 1421 2895 di-

468 2918 561 2940 cuntur
581 2916 764 2946 incantatores,
793 2915 888 2946 divini,
922 2916 1111 2946 mathematici,
1141 2916 1218 2945 magi.
1243 2915 1360 2945 litei-on„
1391 2914 1420 2939 V.

468 2957 610 2983 Comment.
632 2959 656 2983 in
678 2959 766 2983 [erem.
788 2959 835 2988 23,
856 2959 884 2982 9:
907 2958 1046 2988 §laleiicos,
1072 2965 1137 2990 quos
1157 2958 1198 2982 vel
1217 2957 1345 2991 veneficos
1365 2965 1421 2988 pos·

468 3009 559 3027 sumus
578 3002 709 3033 appellare
728 3002 768 3027 vel
788 3001 949 3027 daeitionuiii
960 3000 1194 3034 phantasmatibus
1207 3000 1355 3026 serrieiztes.
1371 3000 1420 3025 Ct‘r.

468 3046 611 3077 lustinian.,
638 3045 665 3071 C.
688 3046 729 3071 lX.
750 3046 782 3071 de
802 3046 921 3070 Maleficis
940 3050 987 3071 etc.
1008 3045 1054 3077 (tit.
1080 3046 1141 3077 itin).
1167 3059 1201 3063 —
1222 3046 1279 3070 Post
1297 3044 1343 3070 scd
1360 3045 1419 3070 cdd.

468 3091 609 3122 pluresque
629 3090 704 3115 codd.
724 3097 774 3115 non
795 3090 861 3115 bene
882 3089 981 3115 addunt
1000 3089 1088 3115 etiam.

539 3134 549 3150 ‘³
569 3133 649 3159 Codd.
670 3134 690 3158 R
703 3133 854 3159 T‘addunt:
882 3133 957 3165 Quod
976 3135 1044 3158 enim
1071 3133 1245 3165 quaerebatur
1271 3133 1302 3158 de
1323 3133 1421 3157 interse-

469 3182 537 3202 etore
557 3179 630 3208 pueri
650 3179 791 3209 christiani,
814 3181 837 3202 et
857 3179 915 3210 quis
935 3179 1019 3209 magis
1039 3180 1141 3209 peccet;
1169 3177 1322 3209 dicendum,
1349 3177 1420 3209 quod

469 3221 612 3246 seeundum
634 3222 749 3246 diversas
770 3221 988 3247 considerationes
1008 3222 1066 3252 plus
1086 3225 1169 3253 potest
1189 3228 1296 3252 peecare
1316 3222 1340 3245 iii
1355 3221 1417 3251 isto,

469 3268 493 3288 ct
511 3265 569 3295 plus
589 3266 612 3289 in
634 3265 686 3296 illo3
709 3265 778 3290 unde
798 3265 943 3290 secundum
963 3265 1210 3296 considerationem,
1226 3266 1330 3297 quaein
1346 3272 1420 3296 argu-

469 3311 555 3331 mento
576 3309 701 3340 tangitur,
722 3309 849 3340 concedo,
870 3309 942 3341 quod
963 3309 1020 3340 plus
1039 3312 1127 3340 peceat
1147 3309 1290 3334 occidendo
1311 3315 1360 3333 non
1377 3308 1420 3333 ba-

469 3352 605 3382 ptizatum,
631 3352 675 3376 sed
696 3353 715 3376 si
736 3352 769 3377 ob
790 3354 960 3378 reverentiam
986 3354 1174 3378 christianitatis
1198 3355 1315 3384 parceret
1334 3353 1419 3384 potius

1486 2782 1627 2814 baptizato,
1649 2783 1734 2807 minus
1755 2786 1886 2814 pecearet3
1907 2785 1991 2807 tamen
2012 2782 2074 2807 illud
2097 2786 2280 2814 argumentum
2300 2782 2359 2807 nihil
2379 2781 2433 2806 facit
2476 2764 2478 2808 i

1486 2826 1519 2851 ad
1539 2827 1713 2857 propositum,
1733 2827 1799 2851 sieut
1817 2829 1893 2857 patet.
2476 2817 2477 2820 ¹

1555 2870 1566 2886 ³
1587 2871 1659 2895 Vers.
1680 2871 1704 2895 6.
2475 2895 2476 2901 ¹

1555 2913 1566 2930 ⁴¹
1585 2914 1734 2939 Secundum
1755 2914 1874 2945 Dionys,
1896 2913 1929 2939 de
1949 2914 2004 2938 Dixi.
2025 2914 2098 2939 Nom.
2119 2921 2141 2939 c.
2164 2913 2186 2938 4.
2207 2914 2221 2946 S
2242 2915 2291 2945 203
2316 2914 2431 2945 AugusL,
2474 2927 2476 2931 ι

1486 2961 1573 2983 eontra
1594 2958 1670 2989 Epist.
1692 2958 1843 2989 Manichaei,
1872 2965 1892 2983 c.
1920 2958 1961 2983 35.
1986 2965 2011 2983 n.
2034 2958 2079 2989 39,
2100 2962 2124 2983 et
2144 2958 2176 2983 de
2196 2958 2289 2983 Natura
2309 2958 2368 2983 boni
2387 2960 2431 2981 etc.
2474 2969 2475 2983 ι

1486 3008 1506 3027 e.
1529 3002 1551 3026 i..
1572 3001 1621 3027 Cir.
1644 3002 1668 3026 ll.
1689 3002 1757 3027 Sent.
1778 3001 1801 3026 d.
1824 3002 1864 3027 35.
1886 3009 1932 3033 per
1953 3006 2040 3028 totam.

1555 3045 1566 3062 ⁵
1587 3046 1651 3071 Vide
1671 3047 1712 3071 hic
1732 3047 1765 3071 lit.
1787 3047 1913 3078 Magistri,
1935 3053 1956 3071 c.
1978 3047 2001 3071 8.
2022 3047 2088 3071 circa
2109 3046 2195 3071 finem.

1555 3089 1566 3105 6
1585 3090 1649 3115 Edd.
1669 3097 1729 3115 cum
1750 3090 1869 3121 pluribus
1889 3090 1964 3115 codd.
1985 3089 2210 3116 emercitationem.

1679 3177 1785 3203 NOTAE
1804 3176 1846 3203 AD
1864 3176 1949 3202 LIBR.
1971 3176 2240 3203 SENTENTIARUM.

2469 3244 2470 3255 l

1557 3265 1562 3280 ¹
1585 3266 1662 3296 Epist.
1677 3266 1692 3289 I.
1707 3265 1764 3290 Cor.
1778 3265 1802 3297 7,
1818 3266 1847 3297 33
1861 3266 1981 3296 superius
1995 3266 2130 3296 respicitur
2148 3264 2209 3290 ibid.
2229 3265 2234 3288 1
2247 3265 2266 3296 1,
2289 3264 2312 3288 3.
2327 3277 2360 3281 -—
2373 3262 2428 3287 inie-
2469 3266 2470 3297 j

1484 3309 1538 3333 rius
1557 3313 1594 3334 cst
1614 3309 1685 3334 loeus
1709 3311 1825 3340 August.,
1846 3308 1879 3334 de
1898 3309 1969 3333 Bono
1989 3309 2132 3340 coniugali,
2154 3315 2175 3333 c.
2196 3309 2220 3332 6.
2241 3315 2264 3332 n.
2287 3308 2309 3332 6.
2331 3307 2426 3331 Praece-

1485 3352 1568 3377 deniia
1589 3356 1707 3384 excerpta
1727 3356 1785 3378 sunt
1804 3359 1834 3377 ex
1854 3352 1941 3377 Glossa
1962 3352 1994 3377 ad
2016 3353 2130 3383 primum
2150 3352 2196 3376 loc.
2217 3352 2257 3376 cit.
2354 3347 2356 3350 ’
