2483 3882
256 1442 408 1463 Pandamenta.

413 254 496 286 1008

411 341 497 366 schola
517 341 541 364 S.
563 340 678 364 Thomae
698 338 754 370 (cfr.
775 338 800 362 S.
824 338 839 361 l.
860 344 884 368 q.
915 337 955 360 82.
981 343 1002 360 a.
1033 336 1066 366 3.)
1088 336 1111 359 in
1131 334 1278 359 subsidium
1298 341 1360 358 suae

412 385 550 409 sententiae
569 383 653 413 affert,
673 381 744 413 quod
764 380 911 406 intellectus
930 381 962 404 sit
982 379 1093 410 potentia
1121 378 1222 402 animae
1241 378 1358 402 omnium

411 427 582 457 nobilissima,
604 426 665 450 dum
685 425 751 450 Scot.
771 423 824 456 (hic
843 431 868 456 q.
891 423 913 447 4.
934 423 1014 454 later.)
1035 422 1126 446 diffuse
1140 424 1219 446 certat
1232 427 1279 452 pro
1293 421 1360 452 prin-

412 472 495 502 cipatu
518 468 671 499 voluntatis,
695 469 735 493 cui
749 467 905 498 suffragatur
918 466 994 490 IIenr.
1009 465 1088 490 Gand.
1103 464 1208 496 (Quodl.
1230 465 1252 488 ι1.
1268 472 1291 496 q.
1312 463 1359 494 14),

411 516 434 538 et
454 513 522 537 favet
540 513 614 537 etiam
636 512 660 535 S.
682 511 776 535 Bonav.
797 516 856 534 cum
873 509 1016 534 Alexandro
1031 509 1093 539 Hal„
1111 507 1238 533 Richardo
1258 514 1272 532 a
1286 507 1359 538 Mod„

413 558 534 588 aliisque,
555 559 583 580 ut
601 555 699 580 dictum
725 557 761 579 est
782 554 808 578 11.
836 554 904 578 Sent.
925 553 949 578 d.
971 553 1012 577 25.
1033 560 1059 584 p.
1083 552 1098 577 1.
1120 559 1144 584 q.
1164 552 1188 577 6.
1209 552 1234 576 in
1254 552 1360 576 scholio.

410 601 474 625 Hinc
493 601 574 624 Esuus
593 600 646 631 (hic
666 599 680 630 3
700 599 744 630 3.),
767 598 824 623 licet
852 598 979 629 praeferat
1008 597 1159 622 sententiam
1180 597 1204 621 S.
1230 596 1360 626 Thomas),

412 644 529 669 adductis
544 642 681 667 duodecim
695 642 855 673 argumentis
870 648 916 672 pro
929 642 1052 666 sententia
1068 641 1143 672 scoti,
1155 640 1269 671 pensatis
1283 640 1362 664 omni-

411 687 468 718 hus,
489 686 630 716 concludit,
653 686 775 718 pleraque
794 692 886 710 eorum
910 692 982 709 «non
1002 692 1058 709 esse
1079 685 1112 709 ila
1132 684 1210 715 levia,
1225 686 1252 708 ut
1266 684 1362 708 temere

412 732 516 756 Scotum
537 731 651 762 aliosque
673 729 800 761 quosdam
820 730 844 753 in
869 728 999 753 diversam
1026 727 1180 753 adduxerint
1198 728 1362 759 sententiam,

411 776 438 799 ut
459 773 567 805 proinde
583 780 632 797 non
648 773 776 798 immerito
797 773 862 798 inter
877 771 1035 803 problemata
1057 772 1198 803 theologica
1215 773 1365 796 numeretur

411 818 474 842 haec
494 817 645 849 quaestio».

1169 247 1452 279 SENTENTi-ARUM
1476 246 1544 278 LIB.
1568 247 1615 278 IV.

1497 333 1536 358 Vl.
1557 333 1593 357 De
1612 333 1668 364 ipsa
1688 333 1711 357 5.
1741 334 1893 365 quaestione
1920 337 2021 364 praeter
2045 334 2114 359 locos
2133 335 2199 360 citt.:
2219 335 2244 359 S.
2271 335 2374 366 Thom.‚

1427 377 1468 401 hic
1487 384 1511 408 (1.
1536 377 1555 400 1.
1576 379 1601 401 61
1619 377 1695 401 etiam
1716 376 1738 401 3.
1761 376 1803 407 (de
1824 376 2015 409 delectatione);
2030 378 2054 402 S.
2074 377 2090 402 l.
2104 378 2130 402 II.
2145 385 2172 410 q.
2194 379 2217 403 3.
2238 385 2260 403 a.
2276 378 2298 403 4.
2313 377 2336 402 5.
2351 378 2375 410 8,

1426 427 1450 452 q.
1472 420 1538 445 411.
1572 421 1590 444 1.
1621 421 1644 444 2.
1670 434 1703 437 —
1732 420 1854 452 Durand.‚
1875 421 1915 445 hic
1944 428 1968 453 q.
1996 421 2018 446 4».
2048 421 2071 446 5.
2093 435 2126 439 -
2145 422 2248 454 Dionys.
2276 421 2372 454 Carth.,

1426 464 1468 488 hic
1487 471 1512 495 q.
1535 465 1558 488 2.
1601 487 1604 494 ,

1498 507 1548 532 Vll.
1569 507 1705 533 Conclusio
1734 508 1756 532 6.
1786 509 1957 540 quaestionis,
1980 515 2058 540 quam
2087 509 2191 540 negavit
2214 509 2374 540 Iovinianus,

1426 552 1551 577 refutatus
1570 558 1583 576 a
1604 552 1629 576 S.
1649 551 1820 582 Hieronymo,
1841 551 2008 576 confirmatur
2028 552 2134 577 Decreto
2154 552 2250 583 Eugen.
2265 552 2304 577 IV.
2320 558 2376 577 con-

1428 600 1464 621 tra
1484 596 1609 626 Graecos,
1630 595 1674 620 ubi
1700 595 1804 626 dicitur,
1828 595 1910 620 Deum
1938 595 2026 621 videre
2047 596 2150 627 Beatos,
2173 603 2245 627 «pro
2274 597 2378 621 merito-

1427 645 1484 665 rum
1506 642 1590 664 tamen
1611 639 1758 664 diversitate
1777 639 1857 664 alium
1876 640 1925 664 alio
1946 640 2118 671 perfectius».

1498 683 1534 707 De
1553 683 1659 708 eadem:
1680 683 1756 715 Soet„
1779 683 1842 707 infra
1863 683 1887 708 d.
1908 683 1948 708 50.
1976 691 2000 716 q.
2021 684 2044 708 5.
2065 685 2088 709 6.
2109 698 2143 702 —
2163 685 2188 709 S.
2211 685 2312 716 Thom.‚
2337 685 2377 710 hic
2416 700 2425 701 ff

1428 734 1453 759 q.
1476 727 1499 751 2.
1520 734 1542 752 a.
1563 726 1591 758 4;
1612 727 1636 751 S.
1663 727 1678 751 l.
1708 727 1732 751 lI.
1763 734 1787 759 q.
1808 726 1831 751 5.
1860 734 1882 751 a.
1903 728 1927 752 2.
1947 741 1981 744 -
2000 727 2026 752 B.
2056 727 2159 759 Albert.‚
2181 729 2221 753 1116
2240 735 2262 753 a.
2285 729 2324 753 10.
2345 743 2378 746 —-

1428 771 1490 795 Detr.
1511 777 1525 795 a
1547 770 1614 801 Tan,
1637 771 1677 794 hic
1696 777 1717 795 6.
1740 771 1763 795 3.
1782 784 1818 788 -
1838 771 1956 796 Richard.
1977 778 1992 796 a
2012 771 2086 803 Med„
2107 772 2148 797 hic
2168 779 2189 796 6.
2211 773 2234 796 2.

1429 814 1531 845 Dionys.
1552 813 1647 846 Carth.‚
1670 815 1711 839 hic
1730 821 1755 846 q.
1776 815 1799 838 3.

2255 779 2278 804 (1.
2299 773 2323 797 8.
2343 785 2378 790 -

1277 969 1460 1010 0111113110
1485 970 1517 1001 v.

931 1080 1056 1121 Quibus
1079 1080 1230 1122 potentiis
1248 1080 1327 1111 insit
1351 1084 1446 1111 (tetus
1471 1079 1537 1111 sive
1562 1080 1707 1121 operatio
1730 1080 1866 1121 [floriac.

501 1221 615 1261 Quinto
647 1219 821 1261 quaeritur,
846 1219 884 1251 de
916 1222 987 1250 actu
1021 1218 1138 1259 gloriae
1170 1217 1236 1250 sive
1259 1225 1366 1258 opera-

414 1274 514 1311 tione.
539 1273 588 1305 6111
614 1273 702 1311 insit.
724 1276 756 1304 et
788 1271 973 1308 ostenditur.
998 1271 1080 1312 quod
1114 1274 1203 1302 actus
1227 1270 1295 1302 eius
1327 1270 1366 1302 sit

415 1326 562 1357 oninium
588 1325 815 1366 potentiarum:

506 1380 533 1409 l.
562 1378 641 1418 Quia
665 1377 764 1418 gloria
795 1381 842 1409 est
866 1376 1014 1418 perfectio
1042 1376 1139 1417 plena
1171 1379 1201 1408 et
1236 1375 1363 1407 ultima.

415 1430 492 1472 Quia
507 1430 602 1471 plena
615 1455 622 1466 ‚
640 1430 709 1461 ideo
727 1429 848 1470 perficit
867 1433 960 1460 totam
977 1429 1130 1460 animam:
1149 1437 1224 1469 ergo
1240 1437 1363 1460 onmem

415 1484 482 1515 eius
500 1482 694 1524 spiritualem
713 1482 892 1523 potentiam.
914 1482 993 1522 Quia
1009 1481 1143 1519 ultima,
1168 1481 1253 1512 ultra
1269 1490 1365 1523 quam

415 1545 475 1576 11011
500 1539 547 1567 631
574 1535 654 1572 alia:
685 1543 757 1566 cum
781 1534 925 1566 ultimata
957 1534 1105 1575 perfectio
1130 1534 1169 1566 sit
1199 1534 1366 1566 coniuncta.

415 1588 512 1626 actui,
538 1588 611 1630 quia
635 1591 724 1619 actus
740 1587 863 1628 perficit
886 1587 1028 1619 habitum
1045 1587 1068 1618 ¹:
1094 1595 1168 1628 ergo
1189 1595 1297 1619 omnes
1316 1596 1367 1628 po-

414 1641 528 1674 tentiae
553 1644 713 1682 ponuntur
738 1640 767 1671 in
795 1643 876 1672 actu.

503 1695 532 1725 2.
558 1694 630 1725 Item
645 1719 651 1731 ,
668 1693 767 1734 gloria
780 1696 879 1724 totum
898 1692 1030 1733 perficit,
1047 1692 1130 1734 quod
1149 1693 1248 1733 gratia
1265 1693 1368 1734 dispo-

415 1746 525 1785 nebat,
550 1746 603 1778 sed
629 1746 728 1786 gratia
753 1745 889 1787 disponit
912 1748 941 1777 et
966 1745 1088 1786 perficit
1110 1749 1200 1778 actus
1223 1746 1366 1785 animae,

414 1807 475 1830 non
502 1802 622 1830 tantum
647 1798 699 1838 qui
727 1801 799 1829 sunt
823 1797 853 1829 in
878 1798 995 1836 Deum,
1021 1798 1075 1830 sed
1100 1798 1192 1830 etiam
1218 1798 1271 1840 qui
1293 1802 1366 1831 sunt

414 1851 447 1883 in
470 1850 587 1882 bonum
617 1853 777 1888 creatum,
801 1859 857 1891 per
889 1850 1021 1883 virtutes
1045 1850 1258 1883 cardinales²z
1292 1860 1367 1893 ergo

415 1903 541 1946 gloriosi
566 1907 654 1935 actus
672 1912 731 1934 non
757 1906 877 1935 tantum
896 1907 989 1935 erunt
1013 1903 1042 1935 in
1060 1903 1175 1942 Deum,
1201 1904 1255 1936 sed
1272 1904 1364 1936 etiam

415 1956 446 1988 in
471 1959 658 1988 creaturam.

505 2008 534 2040 3.
558 2008 648 2046 Item,
674 2007 732 2040 hoc
756 2007 947 2040 ostenditur:
972 2007 1046 2049 quia
1070 2008 1203 2040 virtutes
1227 2009 1367 2041 cardina-

416 2061 461 2094 les
485 2061 658 2093 manebunt
690 2061 719 2092 in
744 2061 845 2102 patria
871 2061 899 2092 in
924 2065 1007 2093 statu
1035 2061 1205 2102 perfect02,
1229 2070 1303 2102 ergo
1336 2062 1366 2093 in

417 2118 509 2153 actu3
542 2114 596 2146 sed
628 2104 717 2146 actus
749 2122 857 2150 earum
894 2117 940 2146 est
973 2113 1003 2145 in
1036 2114 1084 2146 his
1112 2123 1192 2156 quae
1224 2118 1297 2146 sunt
1327 2115 1366 2147 ad

415 2166 527 2205 finem,
552 2170 582 2197 et
607 2174 700 2207 penes
724 2173 777 2198 eas
793 2165 933 2198 consistit
957 2170 1045 2198 actus
1062 2166 1196 2207 gloriae,
1221 2167 1312 2207 quia,
1331 2167 1368 2199 si-

416 2223 469 2252 cut
492 2228 601 2251 earum
627 2222 715 2251 actus
740 2227 823 2251 nunc
844 2222 916 2251 sunt
937 2219 1099 2261 mantici,
1125 2219 1166 2251 ita
1184 2223 1257 2252 tunc
1275 2224 1368 2252 erunt

413 2271 569 2314 9ῖο1·ἱο.ςίι
595 2280 669 2312 ergo
687 2275 743 2303 etc.

504 2325 593 2363 Item,
617 2325 791 2365 quaeritur,
816 2327 923 2356 utrum
950 2324 989 2356 sit
1014 2324 1054 2356 ibi
1079 2328 1174 2356 aetus
1195 2324 1368 2366 perficiens

415 2378 620 2410 memoriam.
646 2377 680 2409 Et
704 2377 788 2418 quod
814 2377 874 2416 sic=
899 2377 1041 2409 videtur:

503 2431 532 2462 [ι.
560 2431 624 2462 Per
641 2430 823 2462 rationein.-
849 2430 922 2472 quia
936 2456 943 2469 ,
961 2430 985 2462 si
1010 2430 1110 2475 gloria
1128 2430 1276 2462 reformat
1294 2430 1365 2462 ima-

417 2483 533 2524 ginem,
558 2486 588 2515 et
605 2483 707 2524 imago
731 2483 903 2515 attenditur
928 2486 1081 2524 quantum
1106 2482 1365 2522 admemoriam,

490 2713 497 2729 1
518 2713 595 2744 Quia,
616 2718 644 2738 ut
663 2713 723 2738 dicit
742 2714 851 2744 Aristot„
874 2713 899 2737 ll.
920 2713 952 2738 de
971 2713 1048 2738 Caelo
1067 2717 1091 2738 et
1111 2714 1223 2745 mundo,
1245 2717 1302 2739 text.
1325 2714 1366 2739 17.

419 2759 449 2783 (c.
471 2758 514 2788 3.),
535 2764 625 2782 eorum
645 2756 868 2789 unumquodque,
890 2763 1002 2788 quorum
1017 2760 1054 2782 est
1073 2764 1140 2788 opus
1154 2757 1180 2789 [i.
1194 2764 1216 2782 6.
1231 2757 1368 2791 operatio]

418 2804 456 2826 est
475 2802 556 2832 gratia
575 2802 669 2832 operis.
689 2800 738 2826 Csr.
759 2801 785 2825 Il.
807 2801 838 2826 de
858 2802 964 2832 Anima,
986 2803 1045 2826 text.
1066 2801 1091 2826 5.
1113 2801 1145 2833 (c.
1170 2802 1210 2834 l.).

488 2844 499 2859 2
518 2844 549 2869 Ut
568 2847 700 2869 ostensum
717 2847 756 2869 est
774 2844 811 2868 llI.
833 2845 901 2869 Sent.
925 2844 948 2869 d.
968 2844 1008 2868 33.
1029 2852 1053 2876 q.
1070 2845 1092 2869 ¹l.
1107 2859 1142 2862 —
1155 2845 1202 2870 Pro
1221 2845 1246 2870 et
1262 2844 1368 2878 perficit

418 2887 506 2920 plures
525 2888 602 2913 codd.
624 2892 648 2913 ct
667 2888 707 2913 ed.
730 2889 739 2913 ¹1
765 2894 827 2921 erqo
846 2887 960 2922 perficit,
983 2888 1060 2914 codd.
1083 2890 1104 2914 li
1116 2889 1138 2914 V
1157 2896 1221 2922 erqo
1241 2891 1271 2915 et.

488 2932 499 2948 3
520 2932 584 2958 Vide
604 2932 640 2957 Ill.
661 2933 728 2957 Sem.
750 2932 775 2957 d.
796 2932 837 2958 33.
858 2939 882 2964 q.
904 2933 932 2964 65
952 2932 1015 2957 ibid.
1035 2933 1059 2957 in
1087 2933 1162 2958 solut.
1183 2933 1216 2958 ad
1245 2934 1259 2958 3
1286 2937 1368 2959 osten-

420 2976 499 3007 ditur,
519 2983 562 3001 eas
581 2983 728 3008 remanere,
749 2977 807 3002 licet
825 2979 896 3002 actus
916 2984 1006 3002 earum
1025 2978 1075 3002 sint
1094 2978 1160 3002 circa
1181 2984 1210 3002 ea
1231 2984 1297 3009 quae
1311 2981 1370 3003 sunt

419 3020 450 3045 ad
471 3020 557 3045 finem.
578 3021 642 3045 Intra
662 3020 722 3046 edd.
744 3024 769 3045 et
789 3021 893 3052 plurimi
912 3021 988 3046 codd.
1010 3022 1085 3047 actus
1105 3027 1208 3046 eorum.

489 3063 499 3080 ⁴
519 3063 568 3089 Ct'r.
589 3064 604 3088 1.
625 3065 693 3089 Sent.
715 3065 739 3089 d.
761 3065 784 3089 3.
806 3072 832 3096 p.
863 3065 888 3089 ll.
918 3072 939 3089 6.
974 3065 994 3090 l.
1016 3072 1041 3097 q.
1066 3065 1085 3089 Ι.
1106 3065 1257 3096 (praecipue
1284 3065 1316 3090 ad
1341 3065 1365 3097 4,

420 3106 463 3132 uhi
484 3107 516 3132 de
535 3107 686 3140 memoria).

490 3150 500 3167 5
519 3151 543 3175 111
564 3150 658 3176 Cantic.
679 3159 756 3176 serm.
778 3152 818 3176 rlsl.
839 3159 864 3177 n.
886 3152 909 3176 5.

491 3193 501 3210 ὃ
520 3194 551 3219 Ut
570 3198 701 3220 ostensum
721 3198 759 3220 est
778 3195 814 3220 lll.
835 3196 902 3220 Sent.
923 3195 948 3220 d.
969 3197 1009 3221 26.
1030 3203 1053 3221 a.
1074 3197 1097 3221 2.
1118 3204 1143 3229 q.
1164 3196 1188 3222 5.
1211 3210 1244 3214 —
1263 3196 1325 3222 Cod.
1340 3204 1369 3221 aa

422 3236 505 3262 addit:
525 3237 592 3263 sicut
611 3238 751 3264 rationulis
769 3238 820 3272 fide
839 3240 864 3264 et
882 3239 1091 3272 concupiscibilis
1111 3239 1229 3266 caritate.

491 3281 502 3297 ⁷
523 3282 594 3307 Vers.
616 3283 656 3307 113.
675 3297 711 3301 —
736 3284 864 3315 Expositio
893 3284 970 3309 huius
998 3284 1061 3316 loci,
1089 3291 1155 3316 quae
1183 3285 1313 3317 sequitur,
1333 3287 1371 3310 est

422 3325 538 3355 August.⁷
558 3326 573 3349 I.
594 3325 626 3350 de
646 3326 730 3351 Doclr.
752 3327 836 3351 christ.
857 3334 879 3352 6.
899 3328 940 3352 38.
961 3335 985 3352 n.
1006 3327 1053 3359 42,
1073 3331 1098 3353 61
1116 3327 1252 3354 exhibetur
1270 3336 1284 3354 a
1298 3329 1371 3354 Petro

422 3367 570 3393 Lomhardo
595 3369 619 3393 in
649 3370 664 3394 l.
685 3369 743 3395 Cor.
766 3371 810 3402 l3,
834 3371 872 3395 13.
901 3371 1030 3404 Ambros.‚
1051 3372 1076 3397 11.
1097 3372 1129 3397 (16
1148 3372 1244 3398 Officiis
1264 3373 1370 3398 ministr.

1431 1216 1666 1257 intelligentiam
1685 1221 1715 1248 et
1732 1217 1924 1249 voluntatem
1939 1218 1961 1249 ⁴:
1980 1227 2053 1260 ergo
2070 1223 2206 1261 oportet,
2223 1221 2304 1262 quod
2321 1231 2381 1254 me-

1432 1269 1530 1300 moria
1554 1269 1594 1301 sit
1619 1270 1646 1300 in
1673 1273 1753 1301 actu.

1520 1324 1547 1354 5.
1574 1322 1666 1360 Item,
1692 1323 1749 1354 1106
1784 1323 1885 1364 ipsum
1912 1324 1986 1356 dicit
2017 1324 2234 1357 Bernardus5:
2265 1327 2380 1359 «Deus

1430 1375 1557 1407 futurus
1582 1379 1628 1407 est
1654 1375 1822 1408 intellectui
1841 1376 2003 1417 plenitudo
2020 1377 2115 1415 111613,
2135 1378 2286 1410 voluntati
2305 1379 2383 1411 mul-

1433 1428 1531 1460 titudo
1556 1429 1654 1470 pacis,
1680 1429 1848 1460 memoriae
1873 1430 2063 1461 continuatio
2087 1431 2325 1463 aeternitatis».

1520 1481 1609 1519 item,
1626 1482 1819 1519 ostenditur,
1844 1482 1927 1522 quod
1946 1482 1984 1513 sit
2001 1482 2042 1514 ibi
2060 1487 2155 1514 actus
2179 1484 2377 1517 irascibilis:

1521 1535 1548 1565 6.
1575 1534 1653 1574 Quia
1670 1535 1750 1575 quod
1771 1539 1817 1566 est
1836 1534 2026 1575 perfectibile
2043 1536 2159 1568 virtute
2176 1541 2223 1568 est
2244 1537 2382 1578 perfecti·

1431 1586 1492 1618 bile
1517 1587 1633 1627 gloria3
1658 1587 1712 1619 sed
1738 1587 1902 1619 irascibilis
1926 1587 2088 1628 perficitur
2113 1589 2202 1629 spe⁶z
2226 1598 2299 1631 ergo
2324 1594 2380 1623 etc.

1521 1641 1550 1671 7.
1575 1639 1667 1678 Item,
1692 1648 1787 1680 super
1814 1639 1889 1671 illud
1916 1641 2035 1682 primae
2068 1641 2107 1673 ad
2132 1642 2307 1675 Corinthios
2332 1644 2381 1676 de-

1431 1692 1511 1724 cimo
1536 1692 1665 1724 tertio⁷z
1690 1691 1787 1723 Nunc
1811 1697 1921 1724 autem
1945 1697 2079 1725 manent
2101 1697 2176 1733 etc.;
2201 1695 2382 1728 Ambrosius

1431 1744 1526 1783 dicit.
1563 1745 1648 1787 quod
1677 1757 1692 1774 «
1720 1746 1785 1786 spei
1822 1746 1969 1778 succedet
2005 1746 2165 1779 beatitudo
2189 1760 2225 1786 >›;
2262 1752 2292 1780 et
2327 1749 2384 1780 Α11-

1431 1797 1575 1838 gustinus
1593 1797 1736 1829 similiter
1761 1798 1819 1830 hoe
1844 1798 1919 1830 dicit
1943 1798 1982 1830 de
2014 1798 2160 1831 Doctrina
2191 1800 2382 1833 christiana:

1431 1858 1506 1891 ergo
1530 1854 1587 1882 etc.

1520 1904 1578 1935 SED
1602 1912 1738 1935 CONTRA:
1764 1904 1853 1944 Quod
1878 1913 1940 1936 non
1969 1905 2007 1936 sit
2031 1908 2120 1937 actus
2143 1905 2260 1947 gloriae
2278 1915 2383 1939 secuu-

1432 1956 1507 1988 dum
1534 1965 1643 1988 omnes
1665 1957 1832 1998 potentias,
1858 1957 1992 1989 videtur.

1523 2009 1549 2039 1.
1575 2008 1674 2049 Super
1692 2008 1770 2040 illud
1789 2009 1899 2041 Psalmi
1914 2009 1939 2040 S:
1969 2009 2144 2042 Ostendam
2170 2010 2219 2042 itti
2233 2011 2382 2044 satutare

1431 2070 1560 2098 meunt,-
1577 2060 1684 2093 Glossa
1708 2061 1795 2099 dicit,
1813 2062 1897 2103 quod
1927 2074 1942 2091 «
1959 2063 2036 2095 visio
2060 2067 2106 2096 est
2127 2067 2191 2096 tota
2216 2073 2335 2097 merces
2352 2077 2381 2097 »z

1431 2122 1506 2155 ergo
1530 2117 1593 2145 tota
1617 2114 1696 2146 ratio
1721 2114 1923 2147 beatitudinis
1948 2115 2087 2148 consistit
2112 2117 2140 2148 in
2173 2120 2246 2149 actu
2270 2117 2381 2150 intelli-

1429 2166 1566 2208 yentz'cte.
1588 2185 1628 2188 —
1647 2166 1684 2199 St
1699 2167 1812 2205 dicas,
1837 2168 1921 2209 quod
1940 2167 1998 2200 hoc
2015 2168 2132 2201 dictum
2150 2173 2195 2202 est
2213 2179 2268 2211 per
2285 2180 2380 2212 quan-

1432 2219 1504 2251 dam
1523 2219 1811 2258 concomitantiam3
1829 2221 1939 2252 eadem
1958 2221 2077 2253 ratione
2094 2222 2186 2254 dehet
2203 2223 2278 2261 dici,
2294 2224 2378 2265 quod

1432 2271 1511 2304 fides
1535 2275 1581 2304 est
1605 2275 1706 2304 totum
1731 2272 1888 2305 meritum.

1521 2326 1550 2356 2.
1575 2325 1650 2357 Item
1666 2351 1673 2364 ,
1698 2326 1878 2367 quaeritur:
1905 2335 2003 2367 quare
2024 2327 2109 2359 non⁰
2133 2329 2231 2369 inagis
2256 2328 2330 2361 dicit
2346 2329 2384 2361 de

1431 2377 1551 2409 unione
1582 2387 1675 2419 quam
1702 2378 1740 2410 de
1763 2378 1910 2410 visione?

1520 2429 1549 2462 3.
1574 2430 1648 2463 Item
1663 2456 1670 2469 ,
1695 2427 1887 2472 Augustinus
1923 2431 1961 2463 de
1997 2432 2134 2465 Moribus
2170 2433 2323 2466 Ecclesiae
2340 2434 2379 2466 ¹⁰:

1438 2483 1582 2515 «Beatus
1606 2487 1652 2515 est
1676 2483 1728 2525 qui
1754 2487 1838 2515 amat
1855 2484 2026 2525 optimum,
2052 2488 2169 2517 etcum
2196 2486 2289 2518 habet
2309 2487 2384 2527 opti-

1433 2721 1454 2739 c.
1474 2714 1497 2738 5.
1518 2721 1542 2739 n.
1565 2715 1611 2739 IS:
1634 2714 1689 2740 Vita
1710 2715 1778 2739 enim
1798 2714 1871 2740 beata
1893 2715 1991 2740 tructus
2017 2716 2205 2747 praesentium,
2225 2716 2278 2741 vita
2297 2721 2382 2741 autem

1433 2761 1534 2783 aeterna
1555 2765 1615 2789 spes
1635 2758 1782 2783 futurorum
1801 2762 1847 2784 est.
1868 2758 1918 2783 Csr.
1940 2759 2017 2790 Epist.
2038 2758 2079 2783 35.
2100 2766 2124 2784 n.
2146 2760 2186 2784 43.
2207 2767 2288 2792 seqq.⁷
2310 2763 2334 2785 et
2359 2761 2383 2785 in

1434 2802 1507 2827 Rom.
1522 2801 1598 2833 (inter
1617 2809 1697 2833 opera
1716 2802 1849 2834 Ambros.)
1869 2802 1899 2833 5,
1924 2803 1947 2828 4.

1503 2845 1514 2862 3
1533 2847 1623 2872 Psalm.
1645 2846 1692 2877 90,
1714 2847 1755 2872 16.
1777 2861 1810 2864 -
1831 2846 1934 2878 Glossa,
1949 2853 2027 2879 quam
2048 2847 2150 2873 exhibet
2163 2847 2227 2873 Petr.
2242 2847 2381 2873 Lombard.

1432 2891 1456 2915 in
1477 2891 1545 2915 hunc
1566 2891 1623 2922 Ioc.‚
1643 2894 1728 2915 sumta
1747 2894 1786 2915 est
1805 2897 1835 2915 ex
1855 2892 1963 2922 August.
1979 2891 2073 2923 (Serm.
2089 2892 2112 2916 2.
2126 2892 2151 2916 in
2166 2892 2204 2916 I‘s.
2219 2892 2260 2917 90.
2280 2899 2304 2916 n.
2323 2892 2381 2925 t3.)‚

1433 2935 1507 2959 cuius
1526 2933 1607 2959 verba
1627 2933 1687 2959 vide
1708 2936 1768 2959 tom.
1788 2934 1814 2959 ll.
1835 2941 1894 2965 pag.
1915 2933 1979 2966 543,
2000 2938 2059 2961 nota
2079 2935 2102 2960 6.

1504 2976 1513 2990 ⁹
1534 2978 1567 3003 Ex
1588 2978 1645 3003 cod.
1665 2978 1682 3002 F
1702 2979 1883 3009 supplevimus
1902 2984 1970 3010 non,
1993 2985 2070 3004 sensu
2100 2980 2148 3004 hoc
2173 2980 2298 3010 exigente.
2318 2979 2384 3004 Sub-

1434 3021 1493 3046 inde
1513 3028 1560 3052 pro
1581 3021 1678 3047 visione
1699 3022 1755 3046 Vat.
1775 3021 1920 3048 dilectione.

1505 3064 1526 3081 ¹⁰
1546 3065 1613 3091 Libr.
1634 3066 1648 3090 l.
1670 3072 1690 3091 c.
1721 3066 1743 3090 3.
1773 3073 1797 3090 n.
1819 3065 1848 3091 4:
1868 3066 1960 3091 Beatus
1984 3069 2082 3097 autem⁷
2104 3070 2228 3099 quantum
2255 3067 2382 3098 existimo,

1434 3116 1519 3141 neque
1538 3109 1579 3134 ille
1599 3109 1647 3134 dici
1668 3112 1765 3141 potest⁷
1779 3111 1823 3142 qui
1845 3117 1894 3135 non
1915 3109 1992 3135 habet
2012 3110 2083 3142 quod
2097 3114 2179 3142 amat,
2194 3111 2382 3143 qualecumque

1434 3154 1477 3185 sit;
1499 3160 1583 3185 neque
1603 3154 1646 3185 qui
1667 3153 1744 3178 habet
1764 3154 1834 3186 quod
1855 3156 1937 3185 amat,
1952 3155 1972 3179 si
1987 3155 2090 3179 noxium
2111 3155 2156 3186 sit;
2171 3161 2255 3187 neque
2274 3155 2381 3187 quinon

1434 3200 1503 3222 amat
1522 3197 1592 3229 quod
1613 3196 1703 3228 habet,
1724 3198 1801 3222 etiam
1821 3199 1841 3222 si
1870 3199 1998 3229 optimum
2023 3199 2080 3223 sit...
2102 3198 2227 3229 Quartum
2247 3201 2335 3230 restat,
2357 3201 2384 3223 ut

1436 3239 1527 3272 video,
1548 3240 1591 3266 ubi
1610 3240 1685 3266 beata
1705 3241 1763 3266 vita·
1776 3241 1884 3266 inveniri
1905 3243 1996 3273 queat,
2013 3248 2072 3266 cum
2093 3241 2118 3266 id
2139 3241 2209 3274 quod
2223 3244 2261 3266 est
2273 3242 2384 3266 hominis

1436 3285 1578 3316 optimum,
1598 3289 1622 3310 et
1641 3287 1741 3310 amatur
1760 3287 1785 3310 et
1804 3284 1922 3310 habetur.
1942 3299 1975 3303 —
1995 3285 2043 3310 Pro
2063 3284 2151 3317 habet,
2175 3285 2246 3318 quod
2260 3285 2384 3317 praebent

1436 3328 1512 3353 codd.
1533 3328 1665 3353 ELors
1678 3328 1710 3360 Y,
1731 3329 1772 3354 alii
1792 3329 1869 3354 codd.
1889 3334 1913 3354 et
1932 3329 1992 3354 edd.
2012 3330 2093 3355 amat.
2122 3328 2184 3355 Cod.
2204 3336 2234 3354 aa
2259 3328 2382 3354 brevius:

1436 3372 1533 3398 Beatus
1553 3373 1604 3404 est,
1626 3379 1688 3399 cum
1707 3378 1802 3398 (tinans
1822 3371 1935 3398 obtinuit
1952 3372 2095 3406 optimum,
2116 3372 2187 3406 qnod
2205 3374 2288 3398 amat.

2398 1916 2431 1937 Ad
2444 1921 2483 1943 oppi

2438 1944 2483 1964 tum.
