2483 3882
109 324 298 357 elementum
309 347 317 361 ,
341 320 398 353 nisi
416 320 498 353 adsit
515 319 662 356 verbum,
678 326 740 349 non
757 316 791 348 fit
808 316 1053 348 Sacramentum.

111 379 145 411 Et
160 376 191 408 si
207 379 241 407 tit
258 374 413 411 obiicias,
431 372 515 414 quod
532 380 614 413 aqua
630 369 825 403 benedicitur
845 376 901 410 per
923 375 1054 408 aquam,

110 433 140 463 et
161 429 265 462 oleum
281 437 337 470 per
354 426 459 459 oleum
482 424 679 457 benedicitur
692 423 718 461 Ι;
737 421 954 463 respondetur,
971 419 1055 460 quod

110 491 170 514 non
194 484 240 514 est
264 480 380 513 simile:
405 478 479 520 quia
510 476 701 510 consecratio
733 475 762 507 in
788 474 856 506 oleo
880 477 909 506 et
933 471 1057 505 benedi-

111 535 170 568 ctio
194 535 222 566 in
248 542 330 575 aqua
353 541 414 564 non
437 530 524 573 ponit
548 529 606 562 nisi
624 528 777 561 accidens
797 526 925 568 aliquod
942 528 972 557 et
988 533 1058 566 pro-

110 588 274 629 prietatem
302 584 460 627 quandam
493 581 762 619 sanctificationis3
786 580 840 612 sed
872 578 923 611 hic
955 585 1057 610 conse-

110 640 207 673 cratio
238 638 325 680 ponit
359 636 593 670 conversionem
625 634 660 666 in
691 642 806 665 verani
836 629 1057 664 substantiam

112 697 142 725 et
164 690 385 725 continentiam
413 688 573 726 eiusdem,
606 695 686 729 quae
718 689 765 718 est
795 695 813 717 a
844 684 910 717 sola
941 683 1058 715 virtute

111 746 248 778 increata
269 744 433 776 assistente
457 742 516 783 ipsi
543 741 637 773 verbo
649 740 670 772 2.

197 797 262 829 Alia
285 799 332 828 est
355 795 448 828 etiam
473 793 568 826 ratio:
602 793 676 834 quia
704 800 785 833 aqua
808 789 971 822 benedicta
994 790 1058 820 tota

0 836 8 881 ἶ
42 856 47 861 ’
76 868 95 876 ..
111 850 291 891 attingitur,
321 851 351 881 et
375 847 550 880 secundum
575 849 693 884 totum,
725 843 810 886 quod
834 843 929 874 babet
952 841 982 873 in
1007 848 1058 878 se,

111 903 330 936 commiscetur
360 909 461 942 aquae
493 898 743 940 supervenienti,
775 900 805 929 et
835 896 940 928 oleum
968 894 1059 926 bene-

112 957 229 990 dictum
254 955 339 993 oleo;
363 954 418 986 sed
441 952 569 994 sanguis
593 951 635 984 ibi
653 953 817 984 contentus
837 947 914 981 nulli
933 945 1059 979 humori

112 1008 347 1045 commiscetur,
373 1015 431 1048 pro
454 1014 490 1038 eo
514 1004 598 1046 quod
622 1013 682 1036 non
708 1006 755 1035 est
777 1002 817 1034 ibi
835 1001 986 1038 diffusus,
1004 998 1058 1031 sed

113 1065 159 1095 est
176 1061 303 1103 sanguis
319 1059 521 1102 glorificatus,
538 1058 621 1090 intra
637 1065 732 1089 venas
752 1057 927 1092 contentus,
944 1055 974 1085 et
991 1051 1060 1084 ideo

113 1123 132 1146 a
155 1114 241 1146 nullo
267 1113 387 1154 liquore
418 1111 599 1152 attingitur3
631 1114 661 1142 et
690 1109 759 1141 ideo
791 1106 868 1139 nibil
900 1114 957 1147 per
981 1113 1060 1137 com-

114 1166 298 1198 mixtionem
323 1165 372 1197 vel
396 1167 572 1197 contactum
598 1165 699 1204 potest
723 1161 753 1193 in
778 1160 881 1202 ipsum
911 1157 1060 1190 converti.

113 1220 141 1252 Si
166 1228 241 1261 ergo
264 1218 382 1260 aliquid
408 1220 627 1255 convertatur,
652 1223 779 1247 necesse
803 1216 866 1251 est,
896 1211 979 1253 quod
1004 1219 1060 1252 per

112 1270 491 1304 transsubstantiationem
516 1272 546 1302 et
570 1276 683 1301 novam
708 1264 972 1299 consecrationem
994 1271 1062 1295 con-

114 1328 265 1357 vertatur.

201 1376 442 1409 Concedendum
466 1378 513 1407 est
536 1383 627 1416 erg0‚
657 1373 740 1414 quod
767 1371 885 1413 species
910 1369 972 1401 vini
998 1369 1063 1401 iun-

114 1434 163 1463 cta
186 1430 237 1462 alii
262 1429 375 1471 liquori
400 1437 460 1460 non
485 1426 638 1460 convertit
662 1425 693 1457 in
718 1425 966 1456 Sacramentum.

205 1485 231 1515 1.
257 1483 292 1514 Et
326 1485 411 1524 patet
446 1480 607 1522 responsio
642 1479 681 1511 ad
718 1478 856 1519 primum
887 1476 1063 1512 obiectum,

92 1552 99 1555 -
114 1536 198 1579 quod
223 1545 283 1568 ΠοΠ
308 1538 355 1567 est
378 1534 479 1566 simile
504 1537 570 1565 tum
596 1533 715 1564 ratione
740 1532 825 1569 eius,
850 1529 934 1571 qnod
952 1532 997 1560 est
1013 1527 1064 1559 hic

77 1582 81 1587 ’
116 1588 277 1622 conversio
302 1588 331 1619 in
357 1586 581 1622 substantiam,
606 1588 672 1616 tum
699 1583 772 1625 quia
797 1591 857 1614 non
882 1585 929 1613 est
953 1580 1064 1612 mixtio

115 1642 186 1675 talis
209 1650 266 1673 nec
290 1644 391 1679 tanta,
416 1639 496 1672 sicut
518 1639 549 1670 in
573 1646 655 1679 aqua
680 1636 851 1669 benedicta.

204 1694 248 1726 Ad
272 1693 351 1725 illud
376 1693 459 1734 quod
477 1691 641 1729 obiicitur,
659 1689 743 1731 quod
760 1697 842 1730 aqua
858 1687 981 1719 modica
997 1694 1065 1718 con-

74 1751 78 1755 ’
95 1762 103 1766 -
117 1747 251 1780 vertitur
275 1755 293 1777 a
318 1746 420 1788 specie
443 1745 525 1784 vini;
550 1743 758 1785 respondetur
776 1740 942 1782 dupliciter
959 1748 1066 1771 seeun-

4 1793 13 1827 ὐ
49 1809 53 1812 ·
97 1793 194 1833 :dum
219 1798 398 1832 diversos³:
433 1807 494 1830 uno
519 1797 628 1835 modo,
661 1795 745 1837 quod
769 1803 830 1826 non
855 1792 1065 1830 convertitur,

117 1854 159 1886 ita
183 1853 267 1895 quod
290 1852 440 1884 solvatur
463 1848 577 1893 forma
607 1846 838 1880 substantialis
869 1853 986 1887 aquae,
1012 1844 1066 1876 sed

118 1905 263 1938 converti
281 1905 323 1937 ibi
349 1907 395 1936 est
420 1903 521 1936 solum
544 1900 703 1939 alterari,
722 1899 795 1942 quia
813 1901 953 1930 mutatur
975 1906 1067 1939 sapor

119 1963 148 1991 et
173 1958 257 1991 color
281 1960 311 1990 et
334 1957 421 1995 odor,
446 1959 476 1988 et
505 1954 669 1997 participat
700 1952 907 1994 proprietates
931 1951 1014 1989 vini,
1038 1953 1068 1982 et

118 2012 188 2044 ideo
211 2013 364 2053 quantum
389 2009 429 2041 ad
454 2016 581 2040 sensum
605 2009 749 2038 nostrum
774 2013 925 2037 conversa
942 2007 988 2035 est
998 2004 1016 2034 ‘¹.
1036 2003 1069 2034 Et

119 2065 189 2097 talis
214 2063 376 2096 conversio
409 2061 544 2103 disponit
578 2060 616 2092 ad
648 2058 884 2091 conversionem
911 2057 941 2088 in
966 2057 1070 2088 Sacra-

120 2120 279 2155 mentum,
304 2116 327 2148 si
353 2115 477 2147 adesset
507 2113 660 2151 verbum,
685 2112 739 2144 sed
773 2120 844 2143 cum
878 2119 939 2141 non
971 2109 1069 2148 adsit,

120 2179 180 2202 non
206 2169 416 2207 convertitur,
449 2167 503 2200 sed
528 2169 633 2198 manet
656 2164 831 2198 substantia
859 2163 978 2195 habens
1002 2171 1071 2204 pro-

120 2223 284 2265 prietatem
302 2221 363 2253 vini
382 2230 438 2263 per
455 2225 567 2252 aetum
583 2223 611 2251 et
623 2218 780 2251 virtutem
792 2217 878 2249 illius
891 2216 1015 2257 speciei.
1029 2234 1069 2238 -—

120 2275 205 2308 Alius
229 2275 342 2307 modus
366 2273 489 2306 dicendi
514 2277 577 2311 est,
607 2271 690 2314 quod
716 2280 797 2313 aqua
821 2269 1015 2302 convertitur
1039 2269 1069 2299 in

122 2330 249 2366 vtnum,
274 2331 303 2360 et
327 2328 386 2359 hoc
410 2327 526 2359 virtute
555 2325 681 2357 illarum
707 2324 901 2365 specierum,
926 2331 1004 2361 non,
1030 2322 1072 2353 in-

124 2390 237 2424 quam,
254 2381 284 2412 in
302 2380 425 2419 vinum,
443 2379 526 2421 quod
545 2378 584 2410 sit
600 2378 707 2410 vinum
726 2376 901 2409 secundum
917 2375 1071 2416 speciem„

125 2435 179 2468 sed
204 2438 250 2466 est
280 2434 389 2465 vinum
421 2432 522 2465 solum
556 2431 730 2464 secundum
764 2428 961 2466 inaceriam,
993 2427 1073 2459 sicut

126 2496 198 2519 caro
222 2486 396 2518 secundum
420 2486 558 2526 speciem
583 2483 735 2516 convertit
760 2482 790 2513 in
815 2490 941 2514 carnem
968 2489 1074 2512 secun-

752 228 844 261 DiST.
870 227 928 260 Xll.
953 227 983 258 P.
1008 226 1027 258 Ι.
1052 225 1133 258 ART.
1158 225 1191 257 ΙΙ.
1216 223 1368 266 QUAEST.
1394 222 1426 253 ΙΙ.

2004 220 2065 251 279

1118 313 1195 346 dum
1219 311 1427 344 incitet-tama
1453 329 1493 332 —
1519 310 1554 342 Et
1576 309 1607 341 si
1631 313 1666 340 tn
1695 308 1848 345 obiicias,
1884 307 1967 349 quod
1997 307 2067 339 «ni—

1119 366 1163 398 hil
1192 366 1244 398 dat
1279 365 1363 407 quod
1399 372 1460 396 non
1491 362 1635 401 babet»;
1671 370 1783 393 verum
1815 364 1861 392 est
1893 360 2067 392 secundum

1119 418 1359 456 substantiam,
1376 417 1425 449 vel
1450 415 1623 448 secundum
1648 414 1824 452 virtutem,·
1841 417 1870 446 et
1895 413 2013 454 species
2038 412 2069 444 il-

1120 472 1186 510 lae,
1210 470 1355 512 quamvis
1379 479 1440 502 non
1465 468 1600 501 habeant
1615 466 1837 499 substanttam
1854 466 1936 505 vini,
1954 465 2069 497 habent

1122 528 1225 556 tamen
1250 523 1403 555 virtutem
1428 525 1458 554 et
1481 520 1710 563 operationem:
1744 523 1774 552 et
1798 519 1885 558 ideo,
1918 518 1998 550 sicut
2021 526 2070 550 ve-

1122 584 1195 608 rum
1220 576 1328 608 vinum
1353 574 1488 607 solveret
1512 573 1646 615 speciem
1671 581 1771 614 aquae
1795 571 1935 604 modicae
1956 574 1986 604 et
2003 580 2071 604 con-

1121 628 1281 661 verteret⁶
1305 627 1479 660 secundum
1505 626 1686 665 veritatem,
1710 626 1753 657 ita
1769 624 2007 666 intelligendum
2025 628 2071 656 est

1121 682 1153 713 in
1178 680 1346 723 proposito.
1370 698 1414 702 —
1438 680 1573 721 Uterque
1602 679 1715 711 modus
1746 678 1868 710 dicendi
1893 681 1940 710 est
1964 677 2072 718 proba-

1120 734 1193 766 bilis
1218 734 1310 772 satis,
1335 737 1365 765 et
1389 741 1589 774 quocumque
1614 732 1726 764 horum
1747 731 1911 763 modorum
1931 730 2071 767 dicatur,

1121 796 1183 819 non
1208 786 1368 828 sequitur,
1392 785 1476 826 quod
1501 794 1583 826 aqua
1608 784 1711 816 iuncta
1734 784 1807 815 vino
1826 783 1878 815 liat
1895 783 2073 814 Sacramen-

1125 844 1189 872 tum
1215 842 1245 871 et
1269 841 1478 871 consecretur.

1212 893 1241 924 2.
1266 891 1309 923 Ad
1334 890 1413 923 illud
1437 890 1521 932 quod
1546 890 1710 927 obiicitur,
1743 889 1826 930 quod
1852 896 1966 929 corpus
1991 886 2075 918 Chri-

1124 945 1162 977 sti
1187 948 1234 976 est
1258 944 1317 976 sub
1342 943 1451 975 maiori
1477 943 1598 984 specte3
1623 941 1810 979 dicendum,
1835 940 1919 982 quod
1943 948 2004 971 non
2029 942 2074 971 est

1124 997 1184 1030 sub
1208 997 1317 1029 maiori
1344 996 1463 1038 specie,
1496 995 1570 1037 quia
1601 995 1719 1036 aliquid
1745 994 1783 1026 sit
1807 993 1985 1035 appositum
2010 1000 2075 1033 spe-

1124 1051 1198 1089 ciei,
1219 1050 1272 1082 ita
1296 1049 1381 1091 quod
1405 1049 1445 1081 sit
1468 1048 1503 1080 in
1528 1048 1602 1085 illo;
1625 1047 1679 1079 sed
1704 1047 1778 1089 quia
1802 1047 1920 1088 species
1946 1045 1997 1077 illa
2014 1054 2075 1076 ma-

1124 1103 1170 1145 gis
1194 1107 1240 1135 est
1264 1103 1394 1140 diffusa3
1420 1102 1500 1134 sicut
1525 1101 1549 1133 si
1575 1101 1693 1142 species
1717 1099 1798 1138 vini,
1823 1108 1903 1141 quae
1920 1102 1966 1130 est
1984 1098 2013 1130 in
2031 1106 2077 1130 ca-

1125 1157 1183 1189 lice
1207 1155 1380 1198 profundo,
1402 1158 1537 1196 ponatur
1561 1154 1592 1185 in
1617 1153 1711 1185 calice
1735 1152 1855 1191 latiori,
1880 1151 1978 1192 magis
2003 1150 2078 1182 dila-

1125 1212 1210 1241 tatur
1241 1208 1368 1250 species.
1394 1208 1442 1239 Sic
1467 1206 1705 1248 intelligendum
1730 1206 1761 1237 in
1786 1204 1961 1246 proposito:
1988 1203 2077 1244 quia,

1126 1271 1200 1294 cum
1224 1262 1373 1294 miscetur
1397 1260 1479 1292 alins
1504 1260 1623 1301 liquor,
1649 1262 1753 1300 partes
1778 1257 1861 1289 illius
1887 1256 1999 1298 speciei
2018 1264 2079 1287 ma-

1126 1315 1174 1357 gis
1199 1314 1439 1351 diffunduntur,
1464 1313 1603 1344 maxime
1628 1313 1652 1344 si
1678 1312 1781 1353 liquor
1799 1310 1873 1342 ille⁷
1890 1312 2032 1351 penetrat
2049 1311 2078 1341 et

1128 1367 1241 1400 dividit
1265 1371 1294 1399 et
1318 1369 1443 1408 separat
1466 1368 1571 1407 partes
1596 1364 1708 1406 speciei
1734 1364 1773 1395 ab
1798 1363 1941 1395 invicem.

1218 1420 1247 1452 3.
1271 1420 1315 1452 Ad
1340 1419 1416 1451 illud
1444 1418 1527 1460 quod
1552 1417 1716 1455 obiicitur,
1741 1416 1825 1458 quod
1850 1415 1994 1447 accidens
2017 1422 2079 1445 non

1127 1477 1259 1515 occupat
1284 1473 1434 1504 maiorem
1460 1472 1561 1504 locum
1588 1479 1659 1502 cum
1678 1469 1870 1507 substantem
1892 1467 2079 1506 dicendum,

1128 1526 1212 1568 quod
1238 1525 1322 1557 istud
1347 1534 1458 1557 verum
1484 1527 1530 1556 est
1554 1524 1593 1556 de
1628 1522 1787 1555 accidente
1818 1521 1993 1554 secundum
2018 1519 2081 1551 eoei-

1128 1578 1281 1610 scentiam
1306 1576 1496 1609 naturalem
1504 1588 1516 1614 ,·
1539 1576 1600 1608 tale
1625 1575 1706 1607 enim
1732 1574 1876 1607 accidens
1892 1574 1923 1605 in
1941 1572 2081 1605 subiecto

1129 1635 1176 1663 est
1199 1634 1229 1663 et
1253 1640 1313 1662 non
1331 1629 1416 1671 ponit
1434 1630 1464 1661 in
1482 1637 1649 1661 numerum
1669 1636 1740 1660 cum
1759 1627 1811 1658 illo
1823 1627 1843 1658 ⁸.
1861 1627 1920 1658 Sed
1938 1626 2019 1658 sicut
2040 1625 2082 1657 di-

1129 1684 1251 1716 mensio
1275 1683 1304 1714 in
1335 1682 1396 1714 illis
1429 1681 1593 1723 speciebus
1626 1681 1729 1713 locum
1762 1680 1856 1711 habet
1887 1678 2081 1716 naturalem,

1129 1746 1188 1778 pro
1222 1745 1259 1768 eo
1294 1735 1378 1777 quod
1414 1744 1476 1766 ΠοΠ
1512 1737 1633 1766 tantum
1670 1736 1716 1766 est
1752 1733 1793 1764 ibi
1830 1731 2082 1768 mathematica,

1131 1790 1228 1822 immo
1253 1789 1346 1821 etiam
1370 1787 1541 1820 naturalis
1565 1786 1736 1825 dimensio,
1761 1785 1833 1817 licet
1857 1785 1895 1817 sit
1920 1793 2017 1826 supra
2033 1793 2085 1815 na-

1132 1846 1237 1874 turam
1262 1844 1387 1883 praeter
1411 1841 1608 1878 subiectum3
1632 1840 1712 1872 sicut
1736 1838 1840 1870 locum
1870 1841 2018 1878 occupat,
2043 1837 2085 1868 ita

1132 1904 1205 1927 cum
1230 1895 1291 1926 alia
1315 1894 1510 1926 dimensione
1534 1895 1666 1934 occupat
1691 1891 1841 1923 maiore-m
1867 1891 1971 1922 locum
1989 1897 2084 1931 quam

1132 1957 1189 1990 per
1214 1957 1246 1980 se
1271 1948 1388 1986 solam,
1420 1956 1481 1979 non
1512 1955 1569 1988 per
1594 1949 1742 1978 naturam
1773 1943 1997 1981 substantiae,
2030 1943 2083 1975 sed

1134 2001 1347 2034 dimensionis
1370 2000 1549 2032 naturalis.

1223 2055 1252 2086 [ι.
1277 2054 1320 2085 Ad
1345 2053 1426 2085 illud
1451 2053 1535 2094 quod
1567 2052 1730 2089 obiicitur,
1762 2051 1846 2093 quod
1878 2050 1959 2082 alius
1984 2049 2086 2090 liquor

1134 2111 1236 2149 potest
1253 2106 1373 2144 facere,
1391 2106 1474 2148 quod
1493 2114 1554 2137 non
1571 2105 1610 2137 sit
1627 2105 1882 2141 Sacrarrientuiii3
1900 2101 2067 2134 dicendum
2080 2126 2087 2139 ,

1135 2160 1221 2202 quod
1245 2169 1306 2191 non
1338 2163 1384 2191 est
1416 2158 1534 2197 simile,
1560 2158 1634 2199 quia
1664 2157 1813 2189 «facilius
1844 2159 1890 2188 est
1923 2155 2087 2187 destruere

1136 2222 1232 2255 quam
1264 2212 1511 2245 construerem.
1536 2211 1603 2252 Mus
1635 2210 1718 2243 enim
1751 2213 1780 2241 et
1812 2208 1974 2251 quodlibet
2001 2207 2087 2239 aliud

1136 2266 1331 2298 manducans
1348 2268 1448 2307 potest
1464 2264 1565 2296 facere
1576 2289 1583 2302 ,
1600 2263 1682 2305 quod
1702 2263 1823 2295 desinat
1836 2263 2087 2297 Sacratiienttin13

1137 2319 1192 2351 sed
1217 2314 1325 2351 nullus
1353 2321 1455 2360 potest
1478 2317 1597 2355 facere,
1623 2316 1707 2358 quod
1733 2316 1809 2347 illud
1836 2315 1892 2353 sit,
1916 2314 1975 2346 nisi
2008 2313 2087 2345 adsit

1138 2372 1271 2404 verbum
1297 2375 1327 2404 et
1352 2370 1544 2404 sacerdotale
1569 2369 1789 2402 ministerium.

1228 2427 1256 2457 ὃ.
1283 2425 1324 2457 Λᾶ
1350 2424 1427 2456 illud
1453 2423 1537 2465 quod
1561 2422 1724 2460 obiicitur,
1747 2421 1829 2463 quod
1848 2420 1882 2451 fit
1899 2429 1961 2451 una
1983 2427 2088 2460 super-

1138 2478 1242 2516 ficies;
1267 2477 1452 2514 dicendum,
1478 2476 1561 2517 quod
1580 2475 1683 2516 liquor
1700 2474 1843 2511 additus,
1866 2472 2010 2513 quamvis
2028 2480 2087 2502 non

199 2679 206 2694 ¹
229 2680 260 2704 lta
282 2678 338 2703 cod.
360 2677 394 2709 O;
414 2676 498 2702 recole
517 2682 571 2706 urg.
594 2675 615 2700 sl.
636 2674 667 2699 ad
688 2681 795 2705 oppos.;
815 2673 919 2704 plurimi
939 2671 1014 2696 codd.
1026 2677 1075 2704 pei·

128 2722 237 2749 verbum
257 2729 303 2754 pro
326 2728 376 2754 per
400 2726 513 2754 aquam,
536 2722 560 2744 et
586 2719 705 2743 omittunt
728 2724 776 2750 per
801 2716 886 2741 oleam
897 2725 906 2747 ;
926 2715 982 2740 cod.
1004 2715 1027 2739 X
1053 2715 1077 2740 et

128 2767 249 2793 similiter
268 2765 355 2792 oleum
375 2763 552 2795 benedicitur,-
565 2762 624 2787 edd.
639 2763 680 2787 liic
699 2761 798 2786 addunt
816 2761 841 2786 et
859 2761 961 2791 lamen,
982 2758 1006 2784 si
1023 2765 1077 2784 non.

130 2810 293 2837 benedictum
310 2807 547 2842 proportionaliter
566 2807 726 2840 apponatur,
749 2804 862 2839 efficitur
882 2803 1052 2829 benedictam.

199 2854 210 2870 ²
228 2853 277 2879 Csr.
297 2860 375 2884 supra
402 2853 425 2877 d.
453 2852 493 2877 110.
515 2859 539 2883 p.
565 2852 590 2875 tl.
611 2858 632 2875 a.
660 2851 683 2875 ¹l.
709 2857 734 2882 q.
761 2850 784 2874 3.
805 2862 839 2866 —-
861 2848 997 2879 Aliquanto
1016 2846 1078 2871 inse-

129 2899 183 2924 rius
201 2901 260 2929 post
278 2904 358 2923 venas
378 2897 434 2921 Vnt.
454 2896 557 2927 supplet
576 2893 687 2926 Christi,
710 2900 777 2925 qnae
796 2893 872 2917 etiam
892 2892 916 2915 in
937 2891 987 2915 tine
1006 2896 1077 2921 corp.

129 2949 190 2967 cum
209 2941 249 2966 ed.
272 2942 280 2966 vt
305 2947 442 2972 perperam
462 2939 593 2965 substituit
611 2937 775 2964 convertitur
794 2943 842 2968 pro
862 2934 996 2961 convertit.

201 2985 211 3002 ³
230 2985 295 3011 Vide
321 2992 399 3016 supra
420 2984 445 3009 d.
468 2985 508 3008 ll.
528 2990 553 3015 p.
575 2983 600 3007 li.
621 2990 641 3007 a.
664 2983 686 3006 i,
707 2989 731 3014 q.
753 2981 775 3005 lt.
796 2980 828 3005 ad
849 2980 872 3004 3.
893 2983 918 3004 et
937 2978 998 3004 dub.
1020 2977 1042 3001 5.

202 3029 212 3046 ⁴
231 3029 280 3055 Csr.
292 3030 402 3060 Ariston,
415 3029 430 3053 l.
440 3028 472 3053 de
486 3028 603 3053 Generat.
615 3030 639 3051 et
649 3028 762 3057 corrupt.
774 3029 832 3050 text.
844 3024 885 3048 85.
897 3031 952 3056 seq.
966 3024 999 3055 (c.
1013 3022 1077 3055 410.).

203 3074 213 3090 ⁵
232 3073 282 3099 Cfr.
304 3074 329 3098 ΙΙ.
350 3074 418 3098 Sent.
440 3073 463 3097 d.
484 3073 525 3097 30.
545 3078 568 3097 a.
589 3072 612 3096 3.
633 3078 657 3103 q.
678 3071 707 3101 2,
727 3069 771 3094 ubi
796 3070 859 3093 liaeo
878 3067 1006 3093 distinctio
1029 3074 1080 3092 car-

133 3119 172 3143 nis
184 3118 331 3149 explicatur.
346 3131 379 3134 —
392 3117 512 3141 Axioma:
533 3115 596 3140 Nihil
611 3114 653 3139 dat
673 3113 743 3146 quod
763 3119 813 3137 non
829 3111 918 3143 babet,
938 3112 1093 3136 insinuatur

134 3161 166 3187 ab
186 3162 301 3193 Ariston,
322 3161 347 3185 ll.
367 3161 468 3185 Elencli.
488 3167 510 3185 c.
531 3160 554 3184 3.
575 3159 607 3190 (c.
628 3158 689 3190 22).
703 3171 737 3176 —
750 3156 830 3182 Codd.
852 3155 899 3180 FO
919 3154 1081 3181 convertitur

135 3205 161 3231 in
180 3211 289 3231 carnem
306 3203 453 3231 secunda-ni
472 3202 628 3234 materiam,
645 3201 704 3227 edd.
725 3199 853 3227 convertit
865 3206 973 3226 carnem
993 3205 1082 3224 secun-

135 3248 199 3275 dum
223 3248 373 3274 materiam.
393 3248 517 3279 Superius
543 3254 590 3278 pro
609 3245 722 3271 illarum
747 3244 894 3278 specierum
913 3244 985 3268 multi
1006 3243 1081 3268 codd.

136 3293 255 3319 aliarum
274 3292 429 3326 specierum.

206 3337 217 3353 ⁶
235 3337 298 3362 Fere
317 3343 407 3362 omnes
426 3336 504 3361 codd.
525 3339 549 3360 et
574 3335 614 3360 ed.
646 3335 650 3358 l
682 3334 896 3364 converteretur,
926 3332 980 3357 scil.
1000 3338 1081 3363 aqua3

138 3381 196 3406 cod.
218 3381 237 3405 Y
258 3381 456 3406 converteretur
476 3379 503 3404 in
523 3378 623 3404 vinnm.

1210 2669 1220 2684 ⁷
1240 2668 1301 2693 Cod.
1322 2668 1339 2692 F
1358 2667 1438 2699 alitis,
1460 2674 1511 2699 qua
1532 2667 1638 2691 lectione
1666 2665 1807 2696 explicatur
1833 2664 1906 2697 lectio
1926 2670 1975 2688 non
1997 2670 2089 2694 pauco-

1141 2720 1200 2739 rum
1221 2713 1296 2738 codd.
1316 2711 1397 2737 illias.

1212 2757 1222 2773 S
1242 2757 1292 2782 Ctr.
1312 2760 1373 2782 tom.
1394 2756 1418 2780 ll.
1440 2762 1498 2786 pag.
1520 2755 1578 2785 106,
1602 2756 1660 2779 notu
1685 2754 1703 2778 l.
1725 2752 1803 2778 verba
1825 2752 1972 2777 Aristotelis.
1991 2766 2025 2769 —
2043 2752 2090 2776 Pro

1142 2801 1307 2832 intelligentia
1327 2807 1380 2832 seq.
1401 2806 1505 2830 propos.
1525 2801 1655 2829 notamus,
1677 2797 1747 2829 quod
1777 2795 1964 2822 mathematica
1983 2802 2033 2820 non
2053 2802 2090 2820 so-

1142 2847 1196 2871 lum
1216 2845 1339 2870 abstrahit
1359 2844 1391 2869 ab
1414 2845 1470 2874 ipsa
1488 2841 1603 2868 materia
1622 2841 1743 2873 sensibili,
1764 2841 1809 2866 sed
1829 2842 1905 2865 etiam
1931 2848 1944 2865 a
1970 2839 2091 2864 sensibili-

1142 2891 1192 2916 bus
1212 2896 1352 2921 corporum
1372 2886 1549 2914 accidentibus
1568 2894 1594 2911 v.
1610 2893 1634 2917 g.
1649 2885 1749 2916 duritie,
1765 2885 1882 2915 mollitie⁷
1902 2885 2012 2915 actione,
2035 2884 2091 2908 culi-

1144 2934 1221 2959 ditate
1237 2937 1293 2964 eto,
1309 2938 1444 2957 reservans
1463 2930 1510 2956 sibi
1531 2929 1705 2962 quantitatem
1723 2927 1868 2954 secandam
1887 2934 1915 2953 se
1936 2928 1991 2952 sive
2010 2928 2092 2952 male-

1144 2977 1215 3004 riam
1225 2975 1414 3009 intelligibilem
1420 2984 1430 3005 ;
1443 2975 1504 3000 dum
1513 2973 1625 3007 physica
1635 2974 1691 2998 sive
1701 2973 1805 2998 scientia
1816 2972 1937 2997 naturalis
1948 2970 2092 2996 considerat

1144 3021 1286 3047 materiam
1305 3018 1453 3045 sensibilem
1466 3021 1527 3049 etc.;
1542 3016 1721 3050 metaphysica
1736 3016 1852 3047 tandem,
1868 3022 1947 3046 snpra
1962 3015 2090 3046 duplicem

1145 3067 1211 3091 lianc
1240 3065 1373 3089 materiam
1403 3070 1429 3088 se
1457 3063 1569 3092 elevans,
1590 3060 1735 3086 considerat
1762 3066 1807 3085 ens
1836 3059 1863 3084 in
1888 3060 2018 3092 quantam
2038 3064 2091 3083 ens.

1145 3110 1212 3135 Vide
1234 3110 1345 3140 Aristot.,
1370 3108 1394 3132 ll.
1416 3108 1490 3138 Phys.
1511 3108 1568 3130 text.
1590 3106 1630 3130 116.
1651 3112 1723 3137 seqq.
1743 3104 1775 3136 (e.
1797 3103 2092 3135 2.);V1.Metapn.text.

1147 3155 1169 3178 i.
1190 3160 1262 3185 seqq.
1283 3153 1325 3184 (V.
1345 3159 1366 3177 c.
1388 3152 1421 3182 i.)
1442 3154 1467 3175 et
1486 3150 1527 3174 Xl.
1547 3156 1568 3174 c.
1594 3150 1613 3174 1.
1633 3156 1705 3181 seqq.
1735 3148 1778 3179 (X.
1809 3155 1830 3173 c.
1852 3148 1874 3172 l.
1894 3150 1986 3179 seqq).
2006 3161 2037 3165 —
2059 3147 2093 3171 ln-

1146 3199 1224 3223 serius
1244 3204 1291 3229 pro
1309 3194 1498 3221 mathematica
1517 3200 1566 3218 ΠοΠ
1588 3194 1663 3225 pauci
1683 3192 1758 3218 codd.
1778 3191 1969 3225 metaphysice,
1989 3191 2034 3216 sed
2049 3191 2092 3215 cfr.

1146 3250 1170 3275 q.
1191 3249 1245 3273 seq.
1266 3242 1290 3265 in
1312 3241 1369 3265 fine.

1216 3285 1227 3301 9
1245 3285 1276 3309 Ut
1296 3285 1356 3309 dicit
1375 3284 1486 3313 Ariston,
1506 3289 1584 3313 supra
1610 3288 1670 3312 pag.
1702 3281 1741 3312 19,
1771 3284 1828 3306 nota
1857 3280 1882 3311 7,
1909 3280 2040 3311 allegatus.
2061 3293 2094 3296 —

1147 3330 1202 3355 Mox
1222 3332 1280 3361 post
1307 3327 1382 3353 aliud
1409 3327 1484 3352 codd.
1511 3327 1559 3351 FG
1584 3325 1683 3351 addunt
1711 3324 1827 3357 animal,
1859 3328 1883 3350 et
1909 3328 1966 3356 post
1994 3323 2095 3349 desinat

1147 3373 1221 3399 codd.
1242 3373 1260 3397 E
1271 3373 1287 3397 F
1298 3373 1317 3397 G
1329 3372 1347 3396 L
1366 3371 1487 3403 supplent
1506 3377 1569 3396 esse.

2087 682 2198 703 Iudicium.

2092 1048 2219 1070 Notandum.

2096 1523 2225 1544 Notandum.

2104 2102 2231 2124 Notandum.
