2483 3882
475 242 539 275 732

475 340 536 362 non
561 330 642 371 quod
669 328 722 360 tihi
755 327 888 359 debetur
912 325 1030 366 exigis,
1055 324 1109 356 sed
1134 323 1241 356 reddis
1266 323 1350 364 quod
1375 322 1427 354 de-

476 384 530 415 bes
555 381 648 414 uxori
666 393 695 411 ».

564 434 593 465 lt.
618 433 660 464 Ad
687 431 765 463 illud
790 430 874 471 quod
907 429 1053 461 obiicitur
1085 428 1124 460 de
1155 436 1191 459 eo
1215 427 1269 468 qui
1295 426 1426 468 impedit

477 487 613 527 aliquem
646 488 713 522 ete,
739 482 925 520 dicendum,
951 481 1033 522 quod
1067 483 1175 522 peccat
1206 479 1258 521 qui
1296 479 1428 520 impedit

476 538 611 579 aliquem
637 545 673 568 ea
697 535 833 573 ratione,
869 544 931 575 qua
962 534 992 565 in
1025 533 1078 565 1110
1111 532 1284 573 exstinguit
1307 531 1426 563 bonum

477 590 672 634 propositum
697 591 727 620 et
751 588 848 620 sancti
866 587 1000 628 Spiritus
1017 586 1158 622 donum;
1183 585 1238 617 sed
1264 584 1377 616 mulier
1396 584 1427 615 in

1457 504 1461 620 l

1230 235 1513 268 SENTENTIARUM
1537 235 1604 267 Ltss.
1630 235 1677 266 lV.

1489 322 1548 354 hoe
1579 330 1639 353 non
1670 324 1769 362 potest
1799 321 1990 359 consentire,
2015 320 2089 362 quin
2114 321 2152 352 sit
2176 320 2233 352 sibi
2259 321 2289 352 in
2313 321 2432 362 praeiu-

1490 374 1625 412 dicium,
1651 373 1741 415 quia,
1770 373 1795 405 si
1820 373 1961 405 concedit
1984 373 2068 411 viro,
2093 373 2177 414 quod
2202 377 2312 405 voveat
2344 374 2434 405 conti-

1490 426 1646 464 nentiam,
1678 429 1801 458 tenetur
1825 429 1855 457 et
1879 425 1946 466 ipsa
1970 425 2138 457 continere.
2163 425 2316 465 Quoniam
2340 425 2433 466 igitur

1491 479 1557 520 ipsa
1581 488 1642 510 non
1667 481 1767 519 potest
1791 477 1855 519 cogi
1881 478 1921 510 ad
1946 477 2180 516 continentiam,
2207 478 2280 519 quia
2310 478 2366 510 hoc
2390 482 2435 511 est

1492 530 1678 569 consilium,
1703 530 1772 562 ideo
1797 530 1883 568 dico,
1908 529 1991 571 quod
2017 530 2080 571 ipsa
2107 539 2167 561 non
2193 534 2316 571 peccat,
2341 530 2394 563 sed
2412 531 2436 564 si

1491 583 1561 615 alia
1586 583 1699 615 mulier
1723 583 1906 624 impediret,
1932 585 2005 614 tune
2030 585 2192 623 peccatum
2216 585 2306 614 esset.

1313 712 1607 753 SCHOLION.

549 835 565 858 1.
586 833 677 865 Quoad
697 833 762 857 duas
783 833 859 856 liuius
879 831 976 856 articuli
997 831 1162 862 quaestiones
1182 829 1242 854 vide
1255 835 1334 859 supra
1349 828 1372 853 d.
1387 828 1429 852 27.

478 886 500 904 a.
521 879 545 903 3.
567 885 593 910 q.
620 878 638 902 l.
659 880 684 901 et
709 878 732 901 2.
754 882 813 901 cum
840 874 946 900 scholio.
969 874 1048 899 Casus
1068 874 1092 898 in
1115 874 1137 898 l.
1158 873 1306 905 quaestione
1332 872 1430 897 solutus

480 924 511 948 de
530 926 591 948 voto
610 928 660 946 non
677 919 784 954 petendi
802 927 816 945 a
836 920 923 944 multis
943 919 1027 949 aliter,
1047 918 1142 943 scilieet
1161 917 1293 947 negative,
1308 916 1428 947 solvitur3

433 981 438 983 —
479 973 557 999 quam
577 966 726 997 opinionem
747 965 771 989 S.
793 964 886 989 Thom.
907 963 959 995 (hic
978 970 1002 987 a.
1025 962 1048 987 11.
1068 961 1101 987 acl
1121 961 1157 993 3.)
1186 964 1271 985 censet
1298 967 1354 985 esse
1374 966 1431 991 pro-

327 2082 479 2104 Fundamenta.

346 2976 380 2996 Ad
395 2976 478 3001 opposi-

388 3005 439 3022 tum.

479 1009 640 1035 habiliorem.
660 1009 724 1033 Dicit
744 1008 827 1033 enim:
852 1017 863 1029 «
880 1007 930 1032 Sed
951 1008 1026 1038 quia,
1048 1007 1068 1031 si
1088 1006 1150 1030 alter
1175 1010 1309 1036 nunquam
1335 1005 1433 1035 peteret

480 1054 609 1084 debitum,
630 1060 660 1078 ex
680 1054 729 1078 hoc
747 1052 818 1077 alteri
833 1051 1026 1076 matrimonium
1041 1055 1180 1074 onerosum
1194 1047 1353 1078 redderetur,
1369 1047 1431 1071 dum

480 1101 622 1130 oporteret,
652 1103 733 1122 unum
763 1102 867 1126 semper
894 1095 1071 1120 confusionem
1098 1092 1177 1117 debiti
1203 1091 1306 1123 petendi
1326 1090 1431 1121 subire;

481 1142 539 1167 ideo
558 1142 599 1166 alii
620 1140 782 1172 probabilius
803 1139 905 1170 dicunt⁷
922 1137 993 1170 quod
1008 1139 1128 1162 neutrum
1143 1135 1206 1168 [non
1221 1135 1330 1160 reddere
1344 1138 1368 1160 et
1382 1141 1431 1159 non

480 1185 581 1218 petere]
602 1187 684 1216 potest
704 1191 773 1209 unus
792 1183 891 1215 ubsque
911 1188 1038 1206 consensu
1059 1180 1162 1206 alterius
1182 1186 1317 1204 vovere».
1338 1179 1433 1203 Duran-

480 1230 530 1254 dus
549 1231 634 1260 putat,
666 1227 715 1252 tale
742 1230 834 1252 votum
861 1226 936 1251 licere
956 1224 1077 1257 quidem,
1098 1223 1143 1249 sed
1164 1230 1214 1248 non
1235 1229 1291 1248 esse
1315 1231 1326 1245 α
1340 1229 1433 1254 usque-

481 1279 585 1305 quaque
605 1272 744 1297 diseretum
759 1281 782 1295 >1-

552 1317 587 1341 De
609 1317 629 1340 l.
652 1316 818 1347 quaestione:
840 1314 931 1338 Scottis
951 1314 1018 1338 hanc
1037 1315 1061 1336 et
1081 1319 1134 1344 seq.
1156 1312 1333 1343 quaestionem
1353 1311 1434 1341 tangit

482 1363 523 1387 hic
543 1369 567 1393 q.
588 1361 664 1385 unica
684 1367 706 1384 n.
728 1360 750 1384 2.
773 1350 848 1391 seqq.
862 1372 895 1375 -
909 1358 933 1382 S.
955 1357 1062 1388 'l'hom.,
1083 1360 1130 1381 art.
1152 1356 1210 1386 cit.;
1231 1355 1320 1386 Suppl.
1341 1362 1366 1387 q.
1391 1354 1432 1379 64.

480 1412 502 1430 a.
525 1404 547 1430 4.
567 1417 602 1422 -—
622 1404 648 1428 B.
668 1402 778 1434 Albert.,
805 1403 846 1426 hic
875 1408 896 1426 a.
927 1401 950 1425 2.
981 1400 1005 1425 4.
1027 1414 1061 1417 —
1081 1400 1145 1424 Petr.
1166 1406 1188 1423 a.
1209 1399 1283 1429 Tar.5
1306 1399 1347 1423 hic
1366 1405 1388 1422 a.
1410 1398 1433 1423 vrl.

481 1448 641 1480 quaestiunc.
664 1447 686 1470 -1,
709 1447 731 1470 2.
753 1459 787 1462 —
807 1444 927 1469 Richard.
948 1451 961 1468 a
982 1442 1060 1474 llled.‚
1088 1443 1129 1467 hic
1154 1449 1176 1466 a.
1202 1443 1225 1467 2.
1252 1449 1276 1474 q.
1301 1442 1372 1465 1.-
1386 1441 1434 1465 Du-

481 1492 569 1522 rand.,
590 1492 631 1516 hic
650 1498 675 1523 q.
696 1491 719 1515 2.
741 1497 764 1514 n.
785 1489 808 1513 4.
829 1489 853 1513 5.
873 1502 907 1506 —
928 1488 1031 1519 Dionys.
1052 1487 1151 1518 Carth.,
1180 1486 1211 1511 de
1241 1487 1288 1511 hac
1312 1489 1336 1511 et
1361 1493 1434 1518 seqq.

481 1544 524 1568 qq.
546 1536 585 1560 hic
606 1542 630 1567 q.
651 1535 733 1559 unica.

1566 827 1590 851 ll.
1611 827 1646 851 De
1665 833 1718 858 seq.
1740 827 1889 858 quaestione
1909 826 1954 850 ct‘r.
1975 832 2052 856 supra
2071 825 2096 850 d.
2118 825 2160 850 27.
2181 832 2203 850 a.
2225 825 2248 849 3.
2269 832 2292 857 q.
2314 825 2336 849 2.
2357 827 2380 849 et
2399 832 2438 850 au-

1495 874 1578 896 ctores
1598 870 1632 895 ihi
1653 871 1749 895 citatos.

1567 914 1601 938 lll.
1622 913 1714 945 Quoad
1733 914 1864 946 sequentIs
1883 913 1981 938 articuli
2002 914 2178 945 quaestionem
2199 913 2221 937 ¹1.
2242 913 2338 945 antiqui
2359 913 2442 938 docto-

1495 965 1536 983 res
1561 958 1733 983 communiter
1761 960 1859 988 tenent,
1880 957 1979 988 lepram
1998 957 2099 982 solvere
2118 956 2224 989 quidem
2243 957 2385 987 sponsalia,
2408 960 2443 982 ta-

1496 1008 1570 1032 men,
1591 1008 1651 1026 cum
1671 1008 1720 1025 non
1741 1001 1825 1026 solvat
1843 1001 2050 1032 matrimonium,
2080 1003 2180 1032 partem
2199 1007 2288 1026 sanam
2308 1001 2386 1025 teneri
2411 1001 2443 1027 ad

1496 1045 1660 1071 reddendum
1681 1045 1813 1076 debitum,
1833 1045 1879 1070 sed
1900 1052 1949 1070 non
1970 1045 2001 1069 ad
2023 1044 2223 1070 cohabitandum
2243 1044 2288 1076 (ita
2302 1044 2326 1069 S.
2341 1045 2440 1078 Thom„

1497 1090 1537 1114 hic
1557 1097 1580 1114 a.
1602 1090 1624 1114 «l.
1645 1089 1677 1114 ad
1698 1089 1729 1119 li-;
1749 1089 1839 1120 Suppl.
1869 1096 1894 1121 q.
1915 1089 1957 1113 61.
1977 1096 1998 1113 a.
2021 1089 2043 1113 l.
2063 1089 2096 1113 ad
2117 1088 2160 1120 4.).
2180 1089 2234 1113 Hoc
2252 1089 2380 1120 restringit
2398 1088 2443 1114 Du-

1497 1133 1569 1158 rand.
1590 1134 1642 1161 (hic
1656 1140 1685 1165 .q.
1708 1133 1731 1158 1.
1752 1140 1775 1158 n.
1797 1133 1845 1165 8.),
1868 1133 1997 1164 excipiens
2010 1139 2108 1163 casum,
2129 1132 2233 1164 quando
2253 1132 2397 1157 secundum
2411 1133 2444 1158 111-

1497 1177 1593 1202 dicium
1624 1176 1786 1202 medicorum
1806 1183 1868 1201 sano
1888 1177 2020 1201 immineat
2039 1176 2183 1208 periculum
2204 1176 2358 1208 infectionis;
2380 1183 2443 1208 quae

1498 1221 1614 1246 doctrina
1642 1220 1747 1246 videtur
1765 1227 1822 1246 esse
1841 1220 1986 1246 secundum
2005 1223 2118 1245 mentem
2138 1221 2269 1252 omnium,
2296 1221 2444 1251 praesertim

1498 1267 1522 1291 S.
1544 1266 1660 1290 Thomae
1679 1265 1714 1298 (in
1735 1271 1806 1296 corp.
1827 1265 1893 1297 art),
1913 1265 1959 1289 nisi
1980 1265 2045 1289 forte
2064 1265 2121 1297 quis
2141 1265 2191 1290 iam
2211 1267 2268 1289 ante
2288 1268 2444 1290 contractum

1498 1310 1690 1334 matrimonium
1711 1309 1815 1334 sciverit
1835 1309 1933 1340 lepram
1953 1308 2064 1334 alterius.

1569 1353 1605 1377 De
1616 1352 1707 1378 eadem
1725 1356 1826 1384 praeter
1842 1353 1944 1377 citatos:
1956 1352 2031 1383 scot„
2043 1353 2083 1377 hic
2100 1360 2126 1384 q.
2138 1353 2212 1377 unica
2230 1359 2253 1377 n.
2266 1352 2290 1377 6.
2303 1352 2328 1377 ’7.
2340 1366 2372 1370 -
2383 1352 2443 1377 Petr.

1499 1404 1513 1422 a
1528 1397 1587 1429 Tar⁷
1604 1398 1646 1422 hic
1660 1404 1681 1421 a.
1700 1397 1724 1421 3.
1741 1397 1899 1429 quaestione.
1920 1396 1941 1421 4.
1954 1396 2117 1421 -Richard
2132 1403 2145 1421 a
2159 1396 2234 1427 Med„
2247 1397 2287 1421 liic
2302 1403 2325 1421 a.
2341 1396 2363 1421 4.
2381 1404 2405 1429 q.
2422 1397 2444 1422 2.

1569 1441 1610 1466 IV.
1631 1441 1666 1466 De
1685 1441 1797 1466 divortio
1817 1440 1850 1466 011
1870 1440 2024 1466 adulterium
2052 1441 2179 1472 permisso
2208 1440 2299 1466 diffuse
2329 1443 2446 1466 tractatur

1499 1485 1563 1510 infra
1583 1485 1608 1509 d.
1629 1484 1743 1513 35,11111
1762 1484 1802 1509 alii
1817 1484 1956 1509 Lombardi
1970 1487 2186 1510 commentatores
2199 1485 2275 1509 etiam
2292 1485 2357 1510 hanc
2373 1491 2447 1517 quae-

1500 1529 1609 1555 stionem
1628 1529 1739 1554 solvunt.

1347 1644 1530 1686 011165110
1555 1644 1588 1675 11.

778 1752 895 1783 Utrum
919 1750 972 1782 vir
996 1754 1072 1782 ctnte
1096 1748 1267 1781 carnalem
1292 1747 1555 1779 commixtionem
1575 1746 1680 1788 possit
1705 1746 1878 1784 continere,
1903 1755 2007 1778 uxore
2031 1745 2162 1778 nolente.

574 1864 716 1897 Secundo
748 1863 929 1904 quaeritur,
961 1865 1071 1893 utrum
1103 1860 1152 1892 vir
1183 1863 1253 1892 ante
1278 1859 1437 1891 carnalem

486 1917 742 1951 commixtionem
774 1915 870 1962 possit
902 1915 1078 1952 continere,
1112 1921 1213 1945 uxore
1238 1912 1370 1944 nolente.
1405 1912 1439 1943 Et

486 1971 570 2013 quod
595 1979 672 2009 non,
699 1969 833 2001 videtur.

578 2025 604 2055 1.
630 2023 751 2054 Primae
782 2021 821 2053 ad
847 2020 1023 2052 Corinthios
1047 2019 1180 2061 septimo
1196 2019 1225 2050 ¹:
1259 2017 1363 2050 Uoeori
1385 2017 1438 2049 vir

487 2077 630 2109 debitum
662 2075 799 2112 reddat,
824 2073 977 2105 similiter
1002 2077 1029 2105 et
1054 2082 1141 2104 vnacor
1165 2071 1261 2109 otro,-
1286 2071 1340 2104 setl
1367 2074 1438 2102 ante

487 2129 742 2163 commixtionem
763 2131 838 2160 sunt
861 2127 909 2158 vir
933 2130 964 2159 et
988 2135 1091 2158 uxor:
1111 2134 1185 2167 ergo
1201 2128 1272 2157 ante
1290 2124 1439 2156 commix-

487 2184 603 2216 tionem
628 2184 794 2214 tenentur:
820 2189 895 2221 ergo
920 2182 976 2211 etc.

575 2237 604 2267 ⁹2.
629 2235 722 2273 ltem,
748 2242 831 2265 uxor
855 2232 923 2264 viro
947 2231 1104 2272 obligatur
1129 2229 1306 2262 voluntarie
1330 2233 1361 2261 et
1385 2238 1441 2270 per

487 2292 635 2321 mutuum
667 2295 875 2319 consensum:
909 2285 934 2317 si
967 2293 1042 2326 ergo
1077 2287 1149 2315 ante
1185 2282 1440 2315 commixtionem

487 2345 534 2374 est
565 2343 697 2372 mutuus
728 2347 915 2376 consensus,
948 2346 1023 2379 ergo
1048 2340 1080 2369 et
1104 2336 1251 2377 obligatio
1275 2335 1315 2367 ad
1340 2334 1443 2367 reddi-

486 2395 602 2427 tionem
627 2392 733 2425 debiti.

578 2446 606 2478 3.
632 2447 726 2483 Item,
752 2445 866 2477 mulier
890 2454 951 2476 non
975 2446 1100 2475 tenetur
1129 2442 1287 2474 continere
1320 2445 1350 2473 et
1381 2450 1443 2473 non

490 2503 590 2541 potest
614 2508 685 2531 cum
712 2498 811 2530 altero
835 2496 1041 2529 contrahere:
1067 2504 1141 2536 ergo
1165 2498 1267 2535 potest
1288 2494 1368 2526 iuste
1394 2493 1444 2525 de-

491 2552 590 2584 bitum
623 2551 751 2592 exigere
765 2562 773 2589 3
798 2549 852 2582 sed
878 2543 959 2581 ius³te
984 2548 1121 2589 exigenti
1147 2547 1299 2579 iniustum
1324 2550 1370 2578 est
1394 2554 1444 2577 ne-

490 2615 583 2647 gare:
610 2614 684 2645 ergo
709 2607 764 2636 etc.

579 2659 608 2689 lt.
634 2657 726 2695 116111,
751 2659 817 2688 6510
842 2654 927 2696 quod
944 2654 992 2686 vir
1010 2657 1079 2695 post
1096 2661 1283 2685 consensum
1301 2652 1340 2684 de
1359 2659 1444 2692 prae-

492 2711 569 2742 senti
602 2709 753 2741 violenter
785 2710 973 2749 extorqueat
996 2706 1141 2748 copulam
1167 2704 1287 2742 carnis,
1312 2707 1359 2736 est
1381 2712 1444 2735 ma-

492 2762 673 2794 trimonium
689 2764 960 2793 consummatum:
976 2768 1050 2800 ergo
1066 2761 1190 2790 tenetur
1203 2757 1243 2789 ad
1256 2756 1442 2789 solvendum

493 2814 634 2847 debitum
659 2813 785 2845 omnino
810 2813 877 2854 ipsa
902 2821 985 2845 uxor
1003 2812 1046 2850 ei;
1066 2811 1119 2843 sed
1145 2810 1292 2842 violentia
1317 2818 1377 2841 non
1402 2809 1444 2840 in-

493 2867 579 2898 ducit
603 2875 714 2898 novam
740 2865 982 2906 obligationem:
1008 2873 1083 2904 ergo
1107 2863 1196 2905 prius
1219 2862 1427 2903 obligabatur.

582 2919 729 2951 CONTRA:
759 2919 784 2949 1.
802 2916 990 2954 DecretaliS,
1009 2916 1047 2948 de
1069 2915 1277 2947 Conversione
1301 2914 1444 2955 coniuga-

494 2976 596 3004 torum
609 2972 630 3009 2,
644 2971 785 3003 concedit
804 2971 871 3001 viro
889 2972 1072 3010 potestatem
1092 2968 1226 3000 intrandi
1245 2967 1442 3008 religionem,

494 3034 595 3057 uxore
620 3024 761 3061 nolente;
779 3023 833 3055 setl
859 3022 930 3064 plus
948 3025 994 3054 651
1011 3021 1193 3062 religionem
1211 3021 1327 3051 intrare
1348 3027 1442 3060 quam

493 3078 671 3110 continere:
697 3085 772 3117 ergo
797 3075 938 3108 concedit
963 3074 1118 3106 licentiam
1144 3072 1332 3105 continendi.

1591 1860 1620 1890 ἰ).
1646 1858 1739 1895 item,
1763 1866 1820 1899 per
1849 1866 2035 1890 consensum
2067 1857 2264 1890 contrahitur
2296 1858 2449 1890 matrimo-

1504 1911 1609 1950 nium,
1634 1914 1700 1943 esto
1728 1910 1840 1949 etiam,
1865 1910 1951 1952 quod
1975 1919 2035 1942 non
2061 1910 2103 1942 sit
2124 1911 2154 1942 in
2178 1910 2324 1952 copulam
2348 1920 2449 1943 carna-

1504 1963 1583 2002 lem,
1600 1967 1635 1995 ut
1657 1972 1753 2005 supra
1768 1963 1778 1977 ³
1796 1966 1957 1995 ostensum
1982 1966 2044 1994 est:
2062 1972 2136 2004 ergo
2160 1959 2197 1995 si'
2210 1973 2272 1995 non
2296 1963 2450 2005 obligatur

1504 2016 1562 2048 nisi
1586 2017 1626 2048 ad
1651 2016 1747 2054 illud,
1773 2016 1803 2047 in
1828 2016 1912 2057 quod
1937 2016 2104 2055 consentit,
2131 2019 2215 2057 patet
2238 2019 2295 2048 etc.

1593 2069 1621 2100 3.
1646 2069 1739 2107 item,
1764 2069 1789 2100 si
1814 2070 1915 2100 omnis
1932 2069 1980 2100 vir
1996 2072 2077 2101 esset
2093 2069 2249 2110 obligatus
2273 2069 2313 2101 ad
2335 2069 2450 2101 solven-

1504 2121 1581 2154 dum
1606 2121 1746 2154 debitum
1777 2125 1847 2153 ante
1879 2121 2037 2153 carnalem
2070 2121 2235 2163 copulam:
2269 2130 2344 2163 ergo
2375 2120 2450 2153 nihil

1504 2175 1635 2207 adderet
1670 2174 1805 2206 carnalis
1842 2174 2025 2206 commixtio
2055 2175 2094 2206 ad
2128 2173 2450 2207 consummationem*
2480 2177 2481 2186 ¹

1507 2227 1706 2258 matrimonii.

1596 2280 1688 2318 Item,
1713 2280 1877 2321 quaeritur
1901 2281 1991 2312 iuxta
2015 2280 2089 2312 hoc:
2114 2280 2199 2312 unde
2223 2279 2281 2312 hoc
2298 2282 2353 2318 est,
2370 2278 2478 2326 quodq

1507 2332 1620 2374 copula
1652 2332 1842 2373 coniugalis,
1866 2332 2019 2365 violenter
2054 2335 2195 2370 extorta,
2222 2331 2451 2364 matrimonium

1508 2390 1722 2423 consummat,
1747 2389 1777 2418 et
1801 2394 1972 2418 consensus
1996 2389 2121 2417 coactus
2144 2385 2376 2417 matrimonium
2394 2392 2452 2416 non

1508 2438 1641 2483 ratificat
1652 2439 1683 2470 ⁵?
1698 2439 1732 2471 Et
1746 2443 1853 2471 utrum
1873 2439 1945 2471 huic
1962 2438 2052 2470 liceat
2070 2441 2137 2478 post
2154 2437 2298 2479 copulam
2315 2436 2452 2469 mulieris

1510 2501 1623 2524 vovere
1647 2492 1879 2524 continentiam.
1896 2510 1941 2514 —
1958 2491 1992 2523 Et
2008 2491 2091 2532 quod
2117 2491 2177 2529 sic,
2203 2491 2341 2523 videtur:
2366 2490 2451 2532 quia,

1508 2545 1532 2576 si
1558 2545 1647 2586 prius
1683 2544 1811 2583 licebat,
1836 2547 1866 2576 et
1890 2544 1998 2576 nullus
2022 2547 2123 2585 potest
2145 2543 2171 2576 ei
2197 2543 2245 2576 ius
2271 2552 2364 2576 suum
2395 2542 2452 2575 vio-

1509 2597 1608 2630 lenter
1632 2598 1775 2636 auferre,
1799 2601 1882 2639 patet
1906 2601 1962 2629 etc.

1862 2694 2101 2717 CONCLUSto.

1510 2775 1593 2805 Ante
1606 2773 1920 2805 consttmmcttt'onent
1938 2772 2147 2804 matrimonii
2157 2776 2300 2815 utraque
2312 2779 2450 2814 personet

1597 2826 1761 2858 continere
1780 2829 1884 2867 potest
1904 2835 1964 2867 pet·
1989 2826 2071 2857 dnos
2092 2835 2235 2863 menses,
2252 2825 2309 2857 sect
2321 2828 2393 2866 post
2408 2822 2452 2855 vel

1602 2882 1725 2910 tenetur
1749 2878 1884 2909 reddere
1907 2878 2068 2916 debitum,
2092 2878 2141 2910 vel
2160 2888 2221 2920 per
2244 2877 2383 2909 solemne
2404 2885 2450 2908 vo-

1598 2935 1666 2962 tnm
1690 2940 1723 2962 se
1746 2929 1963 2972 manifestare
1987 2935 2156 2962 mortuum
2180 2930 2312 2962 mundo.

1599 3020 1800 3051 RESPONDno:
1834 3019 2024 3057 Dicendum,
2057 3019 2139 3060 quod
2169 3022 2240 3050 ante
2265 3016 2483 3050 consumma-1*

1508 3071 1623 3104 tionem
1650 3071 1838 3103 matrimonii
1861 3075 1995 3113 utraque
2012 3079 2145 3113 persona
2163 3080 2219 3103 nec
2237 3070 2367 3102 omnino
2383 3067 2450 3100 obn·-

566 3227 571 3242 1
595 3227 666 3251 vers.
688 3227 710 3251 3.
734 3227 798 3251 Post.
819 3224 940 3250 similiter
962 3225 1068 3255 Vulgata
1089 3223 1161 3249 addit
1179 3224 1276 3248 (tutem.

566 3270 576 3285 ‘³
596 3271 668 3295 Extra
689 3270 731 3294 1111.
753 3270 787 3294 111.
809 3271 843 3294 tit.
865 3269 905 3293 32.
926 3268 952 3294 C.
978 3268 1076 3293 Verum
1092 3269 1153 3300 post
1174 3267 1293 3299 (2.),11111
1315 3267 1369 3291 talis
1389 3273 1445 3291 con-

496 3314 577 3337 cessio
599 3314 686 3343 datur,
715 3313 857 3338 dummodo
878 3313 1070 3337 matrimonium
1097 3318 1146 3336 non
1168 3312 1198 3336 sit
1224 3314 1443 3335 consummatum.

497 3356 546 3381 Cl'r.
567 3364 644 3387 supra
666 3357 690 3380 (1.
712 3357 752 3381 27.
774 3357 834 3381 (11111.
856 3357 879 3380 5.

1580 3222 1591 3237 2
1611 3222 1673 3247 Dist.
1696 3223 1736 3247 ⁴28.
1757 3230 1781 3254 q.
1802 3223 1825 3246 6.
1845 3236 1880 3240 -
1898 3222 1946 3246 Pro
1965 3227 2016 3246 non
2038 3220 2072 3246 sit
2090 3220 2147 3245 cod.
2168 3221 2185 3244 Z
2205 3226 2259 3246 non
2279 3217 2412 3246 consensit.

1582 3265 1591 3281 ⁴
1611 3266 1641 3291 lta
1663 3266 1739 3290 codd.
1760 3268 1834 3296 Aaa‚
1857 3266 1881 3289 in
1908 3265 1962 3289 aliis
1986 3267 2010 3288 et
2034 3263 2093 3288 edd.
2118 3270 2269 3295 perperam,
2290 3267 2316 3288 ut
2341 3261 2445 3291 videtur,

1510 3310 1746 3336 consermlionem.

1581 3353 1591 3369 5
1612 3353 1675 3378 Vide
1695 3360 1774 3384 supra
1795 3353 1819 3378 d.
1840 3353 1880 3377 29.
1901 3360 1925 3384 q.
1948 3352 1968 3376 l.
