2483 3882
317 1093 350 1114 Ad
365 1092 447 1120 opposi-

355 1121 407 1140 tum.

302 2147 454 2169 Fundamenta.

467 272 530 304 794

463 368 523 390 non
549 359 694 400 impedit,
712 366 783 389 cum
809 362 854 389 est
872 357 965 394 scita,
985 356 1057 397 quia
1075 356 1223 397 quilibet,
1241 365 1312 388 cum
1330 356 1412 394 vult,

463 414 564 453 potest
587 410 667 442 effici
692 418 821 446 servus3
846 409 900 440 sed
926 409 1083 449 {quoram
1100 408 1243 450 impedit,
1260 409 1334 450 quia
1351 418 1412 441 non

464 463 554 495 debet
580 462 684 504 puniri
709 461 827 493 nolens.

550 516 579 546 14.
604 515 646 546 Ad
673 514 750 545 illud
775 514 857 554 quod
885 513 995 545 ultimo
1018 513 1163 545 obiicitur
1193 514 1231 546 de
1261 514 1412 546 servitute

1224 269 1508 301 SENTENTIARUM
1533 269 1599 300 LIB.
1623 269 1670 301 lv.

1477 356 1649 398 spirituali,
1675 357 1858 396 dicendum,
1884 357 1969 398 quod
1993 358 2049 390 etsi
2075 359 2114 390 sit
2139 359 2226 400 peior
2250 360 2308 401 ipsi
2326 368 2427 398 serve,
2444 372 2483 394 Not

1476 418 1537 440 non
1562 413 1666 441 tamen
1691 410 1769 441 adeo
1793 410 1951 442 redundat
1975 410 2005 441 in
2034 410 2149 449 alium,
2174 415 2282 453 utpote
2306 412 2336 443 in
2361 421 2430 453 pro-

1477 461 1556 499 lem,
1581 462 1631 494 vei
1655 462 1747 494 etiam
1774 463 1804 494 in
1821 471 1975 500 uxorem3
1992 465 2022 495 et
2046 466 2209 504 praeterea
2232 464 2354 496 facilius
2378 473 2428 506 po-

1478 517 1536 546 test
1559 514 1675 556 expelli
1692 514 1711 545 ¹.

1319 647 1502 687 QUAESTIO
1527 647 1571 678 iii.

947 754 1064 785 Ulrzmz
1088 753 1230 785 conditio
1250 753 1357 795 prolis
1380 758 1539 796 sequatur
1560 757 1703 795 patrem,
1729 764 1774 786 an
1798 758 1947 786 matrem.

549 874 652 906 Tertio
688 874 867 915 quaeritur,
892 874 982 906 cuius
1018 874 1226 906 conditionem
1263 877 1415 915 sequatur

462 926 583 968 proies,
608 931 717 958 utrum
742 926 857 968 patris,
882 935 921 958 an
958 927 1076 958 matris.
1104 927 1137 958 Et
1167 926 1251 967 quod
1282 926 1413 967 patris,

461 979 603 1011 videtur:

552 1034 579 1064 ’1.
605 1032 757 1073 Quoniam
783 1032 993 1064 denominatio
1018 1032 1085 1064 fieri
1111 1031 1204 1064 dehet
1225 1041 1243 1063 a
1260 1031 1414 1073 principa-

462 1085 531 1117 liori
556 1088 586 1117 et
610 1085 781 1127 digniori&
806 1085 862 1117 sed
886 1088 976 1126 pater
1000 1089 1046 1117 est
1070 1084 1206 1116 nobilius
1230 1088 1260 1117 et
1284 1085 1411 1125 dignius

460 1138 651 1180 principium
688 1147 783 1180 quam
808 1141 925 1175 mater,
956 1141 986 1169 et
1021 1137 1242 1179 principalius:
1278 1146 1353 1178 ergo
1388 1137 1412 1169 si

460 1191 560 1232 magis
584 1191 677 1223 dehet
694 1191 915 1232 principiatum
931 1190 1067 1231 regulari
1086 1190 1261 1222 secundum
1286 1190 1413 1232 regulas

460 1244 610 1286 dignioris
634 1243 796 1285 principii,
822 1243 965 1281 videtur,
982 1243 1068 1285 quod
1093 1247 1202 1284 partus
1228 1243 1339 1275 debeat
1365 1252 1414 1276 se-

459 1295 512 1337 qui
537 1300 669 1338 patrem.

549 1350 577 1380 2.
603 1349 694 1387 item,
718 1349 749 1380 in
775 1358 864 1381 sacra
892 1348 1073 1390 Scriptui·a.³
1097 1358 1259 1390 nunquam
1285 1348 1413 1390 ponitur

460 1401 640 1442 genealogia
664 1401 853 1439 mulierum,
878 1401 934 1433 sed
958 1401 1063 1442 potius
1087 1401 1246 1433 virorum:
1265 1409 1340 1442 ergo
1364 1409 1413 1442 ge-

459 1454 579 1486 neratio
603 1454 818 1495 principaliter
849 1457 968 1495 spectat
1002 1454 1041 1485 ad
1066 1453 1167 1486 viros:
1194 1462 1269 1495 ergo
1293 1458 1323 1486 et
1348 1463 1415 1495 ger-

459 1515 531 1539 men
555 1507 772 1548 generationis.

548 1560 576 1591 3.
606 1560 699 1598 Item,
725 1560 927 1600 repromissio
951 1560 990 1592 de
1015 1561 1133 1592 semiue
1155 1560 1334 1599 benedic-to,
1360 1560 1414 1592 sci-

460 1613 531 1645 licet
555 1613 695 1651 Christo,
720 1613 800 1645 facta
824 1616 871 1645 est
906 1613 982 1645 viris
1011 1613 1242 1655 principaliter,
1268 1613 1414 1654 quamvis

460 1666 543 1698 nasci
570 1666 699 1698 deberet
723 1666 762 1698 de
787 1665 920 1698 muliere
946 1685 985 1688 -
1003 1675 1064 1697 non
1090 1666 1171 1698 euim
1197 1666 1274 1698 facta
1301 1670 1348 1697 est
1370 1674 1415 1697 re-

461 1719 627 1761 promissio
652 1719 763 1757 Sarae,
788 1719 838 1751 vel
862 1719 1033 1758 Bersabee,
1058 1719 1113 1752 sed
1137 1719 1295 1750 Abraham
1312 1722 1342 1751 et
1359 1719 1415 1750 Da-

460 1772 592 1804 vid⁴—
615 1781 689 1813 ergo
722 1772 858 1809 videtur,
883 1772 967 1813 quod
992 1772 1097 1813 proles
1127 1771 1226 1813 magis
1251 1772 1290 1803 sit
1314 1771 1414 1813 ipsius

461 1825 518 1856 viri
545 1834 639 1866 quam
666 1824 824 1856 mulieris:
850 1833 924 1865 ergo
941 1828 998 1856 etc.

548 1878 578 1909 li.
603 1878 693 1915 item,
718 1877 969 1918 unumquodque
986 1876 1224 1918 principiatum,
1241 1876 1325 1917 quod
1344 1885 1414 1918 pro-

460 1930 588 1962 ducitur
621 1930 796 1962 secundum
831 1929 1022 1967 unitionem,
1046 1929 1119 1970 pius
1155 1929 1298 1970 sequitur
1335 1928 1412 1960 illud

462 1982 512 2015 cui
537 1982 609 2024 plus
633 1982 826 2014 assimilatur
835 1994 843 2021 3
868 1982 922 2014 sed
948 1982 1004 2013 filii
1028 1982 1100 2023 plus
1124 1982 1340 2014 assimilantur
1364 1991 1415 2023 pa-

461 2035 539 2067 tri5:
565 2044 640 2076 ergo
664 2035 763 2076 magis
787 2035 903 2067 debent
926 2035 1014 2076 sequi
1040 2038 1154 2076 patres.

550 2088 690 2120 CONTRA:
720 2089 746 2119 1.
771 2088 815 2119 De
839 2087 989 2128 Coniugio
1014 2087 1203 2119 servorum⁶
1219 2087 1293 2119 dicit
1311 2087 1415 2119 decre-

462 2141 549 2173 talis:
581 2140 762 2172 «Inclecens
787 2141 928 2177 videtur,
955 2144 991 2172 ut
1022 2140 1116 2181 geniti
1153 2149 1194 2172 ex
1231 2140 1330 2172 libera
1359 2139 1414 2171 filii

460 2194 498 2226 ad
526 2194 728 2226 serviendum
754 2193 957 2225 retrahantur
971 2205 1000 2224 »:
1018 2202 1093 2234 ergo
1110 2193 1163 2234 qui
1180 2196 1356 2224 nascuntur
1372 2201 1413 2224 ex

463 2251 561 2279 matre
586 2246 685 2278 libera
710 2250 783 2278 suut
807 2246 914 2278 liberi:
940 2254 1014 2286 ergo
1038 2249 1216 2287 sequuntur
1241 2249 1391 2277 matrem.

549 2301 578 2331 52.
606 2300 697 2338 item,
722 2299 746 2331 si
772 2299 842 2340 quis
867 2299 1000 2331 seminat
1036 2298 1065 2330 iu
1100 2302 1185 2330 terra
1209 2298 1328 2336 aliena,
1352 2298 1415 2330 fru-

461 2356 530 2385 ctus
554 2356 600 2384 est
625 2352 741 2384 domini
769 2356 885 2390 terrae,
910 2361 971 2383 non
993 2351 1214 2388 seminantis⁷;
1232 2351 1288 2383 sed
1305 2354 1415 2383 venter

461 2405 604 2437 mulieris
628 2407 773 2446 respectu
806 2404 934 2436 seminis
970 2404 1029 2435 viri
1066 2407 1113 2436 est
1148 2403 1228 2436 sicut
1260 2406 1346 2435 terra
1370 2412 1415 2435 re-

460 2462 568 2500 spectu
594 2458 757 2490 sementis:
784 2466 859 2498 ergo
891 2457 1034 2495 videtur,
1059 2457 1144 2498 quod
1181 2457 1261 2489 sicut
1292 2457 1415 2488 fructus

460 2511 602 2552 sequitur
628 2514 762 2548 terram,
789 2510 830 2542 ita
854 2514 964 2550 [iarius
989 2513 1140 2551 sequatur
1165 2512 1316 2541 ventrem.

548 2563 576 2595 3.
602 2564 695 2602 item,
722 2564 779 2595 hoc
816 2563 941 2595 videtur
973 2563 1003 2594 iu
1029 2562 1236 2599 animalibus,
1265 2562 1414 2603 quoniam

461 2616 485 2648 si
511 2616 627 2648 animal
652 2615 816 2648 masculini
847 2624 944 2647 sexus
970 2615 1163 2656 impraegnat
1189 2614 1304 2646 animai
1330 2615 1416 2647 femi-

1479 873 1542 905 nini
1568 883 1680 912 sexus,
1705 878 1740 906 ut
1756 883 1858 916 equus
1874 883 2002 916 equam,
2020 875 2128 917 pullus
2145 875 2288 917 sequitur
2305 884 2429 917 equam,

1479 935 1539 957 non
1564 935 1682 968 equum
1695 926 1719 958 S:
1737 936 1812 968 ergo
1836 928 1905 969 pari
1922 927 2042 960 ratione
2059 927 2184 960 videtur
2209 928 2239 959 in
2260 928 2435 969 proposito.-

1567 980 1597 1011 [ι.
1622 980 1712 1018 Item,
1738 980 1797 1012 hoc
1814 981 1940 1013 videtur
1953 990 2014 1022 per
2029 980 2136 1012 struite
2152 981 2182 1012 iu
2200 981 2429 1013 artificialibus:

1479 1033 1567 1073 quia,
1592 1033 1616 1065 si
1642 1033 1713 1074 quis
1743 1033 1888 1065 aedificat
1922 1034 1953 1065 in
1988 1037 2074 1065 terra
2109 1033 2227 1073 aliena,
2252 1033 2430 1066 aedificium

1479 1085 1560 1117 cedit
1589 1085 1671 1122 solo,
1696 1095 1758 1118 non
1794 1086 1895 1118 solum
1932 1086 2112 1119 aedificio⁹z
2138 1095 2213 1127 ergo
2237 1087 2262 1118 si
2286 1087 2357 1128 quis
2382 1095 2430 1127 ge-

1478 1142 1567 1171 nerat
1592 1139 1622 1170 in
1646 1139 1747 1171 alieno
1772 1142 1894 1177 ventre,
1920 1139 2025 1181 proles
2049 1139 2193 1181 sequitur
2217 1143 2370 1171 ventrem.

1833 1269 2073 1293 CONCLUSIO.

1504 1384 1652 1416 Conditz‘o
1673 1384 1780 1425 prolis
1805 1393 1949 1426 congyrztc
1971 1384 2121 1427 sequitur
2145 1388 2306 1422 mmmm,
2331 1384 2402 1416 licet

1543 1437 1577 1468 iit
1601 1436 1769 1479 aliquibus
1792 1436 1982 1478 regyiom'bus
2005 1436 2076 1468 cilia
2100 1437 2144 1468 sit
2167 1437 2375 1469 consuetudo.

1570 1560 1768 1592 RESPONDEO:
1801 1559 1989 1598 Dicendum,
2022 1560 2107 1601 quod
2143 1560 2317 1592 secundum
2349 1560 2433 1601 leges
2447 1571 2483 1593 cm

1479 1612 1586 1645 civiles
1618 1613 1684 1644 sive
1719 1613 1767 1644 ius
1802 1612 1999 1653 imperialem
2028 1615 2169 1654 «partus
2194 1613 2337 1654 sequitur
2362 1621 2433 1644 ven-

1480 1670 1604 1697 trem».
1621 1684 1664 1688 -—
1683 1665 1716 1696 Et
1740 1666 1820 1697 ratio
1845 1665 1940 1697 liuius
1963 1669 2010 1697 est
2035 1665 2125 1697 valde
2142 1665 2340 1703 conveniens,
2358 1674 2432 1707 quo·
2445 1676 2483 1698 nai

1479 1718 1562 1750 niam
1588 1718 1685 1759 prolis
1710 1717 1831 1759 duplex
1855 1722 1902 1750 est
1926 1718 2132 1759 principium,
2157 1722 2245 1759 pater
2269 1718 2387 1750 scilicet
2404 1722 2434 1751 et

1480 1774 1590 1803 mater.
1616 1771 1704 1803 Pater
1728 1774 1776 1803 est
1800 1770 1990 1812 principium
2023 1769 2347 1808 ltoworcibilius„sed
2372 1780 2435 1802 ma-

1480 1828 1527 1856 ter
1551 1827 1598 1856 est
1622 1823 1813 1865 principium
1837 1823 2112 1860 substantialium
2137 1827 2167 1855 et
2191 1823 2261 1855 ideo
2282 1823 2314 1854 in
2339 1822 2434 1855 Ιιοηο-

1480 1876 1574 1908 ribus
1605 1880 1636 1908 et
1669 1876 1861 1917 immicz'pz'z's
1897 1876 1982 1908 filius
2014 1877 2158 1917 sequitur
2194 1880 2334 1917 patrem,
2359 1885 2433 1917 quo-

1480 1929 1564 1961 niam
1600 1929 1653 1960 ilia
1685 1929 1894 1970 acquiruntur
1929 1931 2059 1969 paterna
2095 1928 2305 1960 sollicitudine
2337 1931 2367 1960 et
2402 1927 2433 1959 in

1480 1980 1656 2013 hereditate
1673 1981 1883 2023 patrimoniali
1894 1981 1922 2012 ¹¹.
1936 1982 1995 2014 Sed
2009 1981 2156 2023 quoniam
2172 1985 2272 2013 mater
2289 1985 2336 2013 est
2352 1981 2434 2022 prin-

1480 2035 1596 2076 cipium
1621 2034 1889 2072 substantiatum,
1907 2038 2061 2076 quantum
2085 2034 2122 2066 ad
2150 2034 2180 2066 id
2197 2034 2282 2076 quod
2307 2039 2362 2072 est,
2389 2043 2433 2067 se-

1480 2087 1588 2128 quitur
1613 2091 1762 2123 matrem3
1789 2091 1819 2118 et
1843 2087 1989 2128 quoniam
2016 2086 2144 2119 libertas
2169 2091 2198 2119 et
2222 2087 2359 2119 servitus
2389 2095 2435 2118 re-

1479 2140 1614 2180 spiciunt
1639 2139 1796 2172 homiuem
1831 2140 2006 2172 secuudum
2038 2139 2069 2172 id
2102 2140 2185 2181 quod
2210 2144 2274 2177 est,
2300 2149 2360 2171 non
2389 2148 2434 2171 se-

1479 2193 1619 2224 cundum
1645 2192 1676 2224 id
1701 2193 1783 2233 quod
1815 2191 1926 2224 habet.-
1952 2192 2024 2224 hinc
2053 2195 2116 2229 est,
2141 2192 2226 2233 quod
2256 2193 2431 2225 secundum
2448 2204 2483 2231 Lei

1479 2244 1561 2286 leges
1596 2244 1705 2276 civiles
1737 2245 1964 2276 rationabiliter
1989 2245 2080 2277 valde
2110 2245 2287 2277 institutum
2313 2249 2373 2284 est,
2398 2249 2434 2278 ut

1479 2301 1589 2339 partus
1614 2301 1765 2338 sequatur
1790 2302 1950 2336 ventrem3
1967 2301 1997 2329 et
2020 2298 2093 2329 hinc
2117 2301 2177 2336 est,
2199 2298 2284 2339 quod
2309 2299 2435 2330 coniun-

1479 2350 1538 2382 ctio
1563 2350 1602 2381 ad
1628 2350 1748 2391 prolem
1778 2350 1989 2391 generandam
2018 2350 2271 2382 rizsttrzinom‘um
2300 2351 2435 2392 appella-

1480 2407 1532 2435 tur
1547 2402 1583 2435 ¹2.
1607 2421 1652 2426 ——
1677 2403 1711 2435 Et
1735 2403 1808 2435 huic
1833 2404 2001 2435 concordat
2033 2403 2086 2435 izvis
2111 2403 2327 2441 canonicum,
2353 2405 2432 2437 sicut
2458 2415 2482 2436 ιω

1479 2459 1563 2498 patet
1588 2456 1617 2487 in
1643 2456 1791 2488 decretali
1816 2456 1905 2497 prius
1929 2456 2048 2497 posita;
2069 2456 2238 2488 concordat
2261 2457 2353 2488 etiam
2380 2457 2433 2489 izos
2447 2447 2482 2498 {il

1480 2509 1642 2546 (livinum,
1657 2509 1809 2550 scriptum
1828 2509 1858 2540 in
1878 2509 1944 2550 lege
1960 2509 2122 2550 Moysaica,
2137 2509 2190 2541 ubi
2206 2510 2321 2542 dicitur
2336 2510 2434 2543 Exodi
2448 2497 2481 2515 ‘¹⁰'

1480 2562 1630 2603 vigesimo
1655 2562 1757 2604 primo
1774 2562 1808 2600 ¹³,
1833 2562 1945 2603 quodsi
1975 2562 2097 2594 dederit
2121 2562 2268 2595 dominus
2299 2572 2433 2596 uxorem

1480 2615 1591 2653 alicui,
1618 2624 1711 2656 quem
1737 2615 1866 2652 emerit,
1890 2618 1920 2647 et
1945 2615 1996 2647 ille
2021 2615 2221 2656 postmodum
2254 2615 2435 2656 egredietur

531 2789 538 2804 ¹
560 2789 626 2814 Vide
646 2789 760 2814 scholion
782 2789 815 2814 ad
835 2789 1034 2820 praecedentem
1055 2792 1153 2821 quaest.

530 2832 541 2848 2
561 2833 610 2857 Ct'r.
630 2840 708 2863 supro
729 2840 789 2864 pag.
810 2832 876 2864 247,
897 2836 955 2857 nota
975 2833 1000 2857 8.
1022 2834 1046 2858 ct
1065 2839 1126 2864 pag,
1147 2832 1211 2864 470,
1232 2835 1291 2857 nom
1310 2832 1334 2856 Ἴ.

530 2876 541 2892 ³
561 2877 646 2902 Martii.
670 2878 694 2909 i,
721 2878 739 2902 1,
760 2884 843 2909 seqq,
863 2880 888 2902 et
907 2878 968 2902 Luc.
991 2878 1020 2908 3,
1041 2878 1083 2901 23.
1103 2884 1176 2909 seqq.

531 2919 541 2936 ⁴¹
560 2922 622 2945 (jen.
648 2922 690 2951 17,
707 2921 729 2946 i.
750 2928 837 2953 seqq.;
857 2921 900 2952 13,
922 2921 1084 2951 18;22,=17.
1104 2928 1173 2953 seq.;
1194 2921 1218 2945 ll.
1241 2921 1302 2952 liog.
1323 2920 1352 2951 7,
1370 2921 1415 2952 <123

466 2965 509 2996 12,
530 2964 570 2989 24.
591 2972 644 2997 seq.
666 2968 690 2989 ct
708 2965 744 2989 111.
765 2965 827 2996 Reg.
848 2966 877 2996 2,
899 2964 921 2989 4.
942 2964 992 2989 Cfr.
1012 2965 1050 2989 ΡΞ.
1072 2965 1119 2996 88,
1140 2965 1181 2989 36,
1202 2971 1255 2996 seq.

531 3008 541 3024 5
561 3009 676 3039 Aristeu,
704 3009 752 3034 vit.
779 3009 811 3033 de
837 3009 928 3033 Ilistor.
956 3008 1057 3033 animal.
1084 3015 1105 3033 c.
1126 3009 1155 3032 6:
1177 3008 1295 3032 Feminae
1322 3015 1416 3039 magna

461 3059 491 3077 cx
516 3056 587 3083 pnrte
613 3054 700 3084 metri,
721 3060 805 3077 meires
831 3054 895 3084 putri
922 3053 1077 3084 proveniunt
1102 3052 1206 3077 similes.
1233 3066 1266 3069 —
1292 3053 1417 3083 Superius

464 3103 510 3127 pro
530 3096 675 3122 *mationem
696 3095 822 3129 [duorum
844 3097 1031 3128 principiorum
1058 3095 1263 3127 generandumL
1284 3095 1354 3127 quod
1376 3096 1417 3120 iia-

463 3139 523 3164 bent
542 3140 618 3165 codd.
638 3141 690 3164 AV
704 3141 751 3171 W,
773 3141 830 3166 cod.
851 3141 871 3165 M
892 3140 1032 3171 unionem,
1053 3140 1111 3165 cod.
1134 3140 1153 3164 O
1168 3139 1352 3171 i'ntentz'oizem‚
1376 3139 1417 3164 alii

463 3184 504 3208 rel
524 3191 583 3208 cum
606 3184 660 3209 Vat.
674 3183 849 3210 imitationem
869 3184 921 3216 (ed.
943 3185 948 3208 1
973 3183 1211 3216 coimm'oetionem),
1233 3184 1274 3208 vel
1292 3182 1417 3209 univoca-

465 3226 561 3252 tionem
580 3229 632 3259 (cui
652 3229 791 3259 opponitur
810 3229 943 3260 generatio
962 3228 1106 3261 aequivoca
1126 3229 1141 3252 i.
1161 3236 1183 3253 e.
1204 3235 1255 3260 qua
1281 3228 1366 3260 aliqua
1386 3234 1416 3252 ex

465 3278 513 3295 uon
534 3272 661 3296 similibus
680 3273 735 3297 sive
754 3280 784 3297 ex
809 3274 970 3298 non-semine
998 3273 1051 3298 sieri
1078 3273 1225 3304 dicuutur),
1247 3272 1304 3297 cod.
1324 3272 1342 3296 E
1362 3270 1417 3297 mii-

465 3314 628 3340 vocationem
644 3322 694 3347 prr
712 3316 893 3342 initiationem,

534 3357 545 3373 ⁶
566 3359 651 3383 Potius
671 3366 730 3384 cum
752 3360 806 3384 Vnt.
827 3360 1036 3386 substituendum
1059 3361 1093 3386 De
1112 3360 1183 3386 mitis
1202 3367 1237 3386 ece
1257 3360 1337 3386 libero
1357 3367 1418 3386 veii-

466 3402 505 3426 tre
524 3400 570 3433 [x.
592 3401 633 3426 iil).
654 3403 693 3426 iv.
715 3404 748 3427 tii.
774 3402 838 3435 10.],
855 3403 969 3436 capitulo
990 3404 1078 3431 unico.
1101 3405 1196 3430 Toxius
1217 3405 1349 3436 originalis
1369 3411 1417 3436 pro

1482 2787 1565 2814 libera
1585 2789 1656 2820 ponit
1676 2787 1769 2813 liberta
1788 2787 1842 2813 siue
1862 2786 1958 2819 libera,
1981 2790 2006 2812 et
2023 2786 2162 2813 servilium
2182 2794 2230 2818 pro
2255 2786 2433 2813 serviendum.

1481 2831 1531 2857 Csr.
1545 2831 1571 2857 C.
1589 2830 1702 2857 Dilectus
1723 2832 1783 2863 (8.),
1799 2831 1830 2855 X.
1846 2831 1878 2855 (le
1891 2831 1978 2856 Servis
1994 2837 2042 2855 non
2058 2830 2207 2855 ordinandis
2223 2830 2275 2861 (lib.
2290 2831 2306 2855 l,
2321 2831 2355 2856 tit.
2372 2831 2434 2862 is).

1552 2875 1563 2891 ⁷
1582 2876 1726 2907 lustiuiun.y
1749 2875 1775 2900 C.
1796 2875 1830 2899 111.
1859 2875 1890 2899 de
1918 2875 1961 2899 Rei
1986 2874 2159 2899 vindicatione
2185 2874 2231 2906 (tit.
2258 2874 2324 2907 32),
2346 2875 2385 2899 lex
2405 2873 2435 2900 Sa·
2480 2880 2481 2906 i

1480 2918 1634 2952 qm'sscz'eizs
1644 2918 1870 2951 alz‘enuiituffl'zmi
1881 2918 2107 2950 sevit(l¹l.).-in
2119 2918 2168 2942 sinc
2179 2925 2235 2950 arg.
2249 2918 2324 2943 codd.
2341 2918 2390 2943 ΑΚ
2399 2917 2434 2943 bb
2478 2920 2481 2955 1

1480 2964 1609 2994 vzatrem,
1631 2963 1708 2988 codd.
1730 2963 1748 2987 N
1760 2963 1778 2987 Z
1797 2962 1938 2988 mitiorem
1958 2970 2006 2994 pro
2024 2963 2150 2988 ventrem.
2478 2960 2480 2989 ,1

1551 3006 1562 3023 8
1583 3008 1725 3037 Ιυειῑι1ῑοιι.,
1747 3007 1774 3031 D.
1796 3007 1835 3031 Vl.
1856 3006 1889 3031 dc
1910 3006 1953 3030 Rei
1973 3006 2145 3033 vindicatione
2165 3005 2212 3037 (iit.
2238 3005 2284 3037 1.),
2305 3006 2343 3031 lex
2362 3005 2432 3031 Idem

1480 3050 1644 3084 Pomponius
1665 3051 1725 3083 (5.),
1746 3051 1761 3083 S
1781 3050 1852 3076 Idem
1871 3049 1976 3081 scribit,
1995 3049 2019 3076 si
2037 3056 2141 3083 equam.

1551 3095 1562 3112 ⁹
1583 3096 1725 3126 lustinum,
1753 3096 1778 3120 11.
1804 3096 1909 3120 Institut.
1936 3095 1968 3120 de
1994 3095 2089 3119 Rerum
2119 3094 2193 3119 divis.
2220 3097 2266 3119 etc.
2290 3093 2434 3127 Superiora

1481 3140 1496 3172 S
1516 3139 1583 3166 Cum
1602 3139 1631 3165 in
1650 3141 1684 3165 tit.
1707 3140 1735 3164 fl:
1757 3139 1839 3164 Omne
1858 3139 1929 3171 quod
1948 3139 2002 3163 solo
2022 3138 2205 3168 inaedificatur,
2226 3138 2281 3162 solo
2301 3138 2374 3163 cedit.

1553 3184 1574 3200 ¹⁰
1593 3183 1644 3209 Cl'r.
1665 3190 1744 3215 supra
1764 3190 1824 3214 pag.
1843 3183 1908 3213 793,
1930 3185 1988 3207 nota
2009 3181 2032 3207 4.

1555 3227 1573 3243 ¹¹
1594 3228 1660 3253 Vide
1680 3226 1803 3253 Glossam
1828 3227 1852 3251 in
1879 3227 2020 3257 lustinum,
2042 3226 2068 3252 C.
2089 3227 2123 3251 ΙΙΙ.
2146 3226 2178 3251 de
2197 3226 2242 3250 Rei
2261 3225 2433 3250 vindicatione

1482 3272 1528 3300 (tit.
1549 3272 1616 3303 32),
1637 3272 1676 3296 lex
1697 3271 1809 3296 Parium
1829 3270 1893 3302 (7.>‚
1915 3270 1958 3295 ubi
1979 3271 2028 3295 hoc
2047 3277 2077 3295 ex
2097 3270 2151 3295 eliis*
2171 3270 2233 3294 locis
2253 3269 2387 3301 probatur.

1553 3316 1573 3331 ¹²
1593 3315 1642 3341 Csr.
1663 3322 1741 3346 supra
1763 3314 1787 3340 d.
1809 3314 1849 3339 27.
1870 3321 1891 3339 a.
1917 3315 1936 3338 1.
1957 3321 1981 3346 q.
2003 3314 2026 3338 2.
2472 3316 2473 3339 i

1554 3359 1574 3376 13
1595 3360 1668 3384 Vers.
1690 3358 1713 3383 4.
