2483 3882
4 1983 54 2010 posi-

705 210 798 241 DIST.
824 209 908 242 XVII.
933 209 963 240 P.
989 208 1008 240 l.
1032 208 1114 240 ΛΒΤ.
1140 207 1171 239 lI.
1197 207 1350 249 QUAEST.
1376 207 1395 238 l.

153 301 255 334 Primo
270 299 444 342 quaeritur,
461 302 569 331 utrum
596 297 709 330 infusio
734 297 852 339 gratiae
876 305 1015 329 necessa-

66 357 113 390 rio
135 353 302 397 praecedat
324 352 542 394 expulsionem
568 351 688 392 culpae.

153 406 295 440 Secundo
319 405 497 447 quaeritur,
521 408 630 436 utrum
660 403 805 445 expulsio
830 404 941 445 culpae
965 412 1014 435 ne-

68 460 200 495 cessario
223 457 390 501 praecedat
413 456 640 489 contritionem.

1964 208 2028 239 423

1168 296 1286 334 Tertio,
1303 298 1411 327 utrum
1425 299 1496 326 ante
1513 294 1730 327 contritionem
1749 304 1874 327 necesse
1888 295 1927 327 sit
1944 305 2031 337 prae-

1079 349 1190 381 cedere
1215 348 1416 380 attritionem.

1168 402 1302 442 Quarto,
1335 404 1443 433 utrum
1480 401 1631 433 confessio
1667 401 1843 433 necessario
1879 404 2031 443 sequatur

1079 454 1341 486 iustificationem.

933 592 1115 634 QUAESTIO
1140 593 1159 624 1.

433 697 550 729 Utrum
576 696 702 739 infusio
723 696 857 739 gyratiae
880 695 1066 727 necessario
1086 695 1266 736 praecedat
1285 695 1414 736 peccati
1436 696 1668 737 expulsionem.

152 811 240 843 Circa
263 810 421 852 primum,
447 809 532 851 quod
556 809 674 850 gratiae
699 808 813 841 infusio
837 808 1013 840 necessario

65 863 229 908 praecedat
251 863 368 904 peccati
393 862 630 904 expulsionem,
656 862 790 894 videtur.

153 918 179 948 l.
205 914 410 948 Ambrosius¹
436 915 526 947 dic-it:
558 914 864 956 «Quemadmodum
893 914 1014 946 intrans

0 970 200 1004 temanimam
226 968 374 1009 sapientis
398 967 563 1008 disciplina
587 967 834 1009 imprudentiam
852 967 946 1005 tollit,
972 967 1014 998 ita

65 1023 198 1066 perfecta
233 1021 335 1053 virtus
371 1020 565 1062 iniquitatem
583 1032 617 1052 »z
644 1019 667 1052 si
705 1029 780 1061 ergo
815 1019 1012 1061 iniquitatem

64 1085 123 1109 non
146 1074 226 1107 tollit
254 1074 313 1106 nisi
338 1073 475 1115 perfecta
507 1073 609 1105 virtus
633 1073 772 1111 intrans,
805 1075 835 1104 et
866 1072 943 1104 haec
968 1075 1014 1104 est

64 1128 176 1171 gratia:
202 1136 277 1168 ergo
301 1131 357 1158 etc.

150 1182 178 1213 2.
204 1180 295 1217 ltem,
326 1179 459 1220 gratiam
492 1178 613 1211 infundi
638 1188 699 1210 non
732 1181 779 1210 est
802 1177 888 1210 aliud
917 1187 1011 1219 quam

63 1235 160 1277 ipsam
185 1233 285 1266 creari
300 1232 325 1271 ²3
350 1233 405 1265 sed
430 1232 546 1265 creatio
570 1232 688 1274 gratiae
713 1231 873 1273 praecedit
904 1231 1015 1273 expul-

64 1288 178 1321 sionem
203 1287 331 1328 culpae,
355 1286 429 1328 quia
461 1285 555 1327 culpa
584 1295 645 1317 ΠοΠ
670 1285 842 1327 expellitur
867 1285 925 1317 nisi
957 1293 1014 1326 per

64 1340 210 1383 gratiam:
236 1348 311 1381 ergo
335 1342 366 1371 et
390 1338 508 1380 gratiae
534 1338 656 1370 infusio.

151 1392 178 1424 3.
204 1392 296 1431 Item,
323 1392 347 1424 si
372 1392 462 1434 prius
486 1391 673 1423 naturaliter
706 1391 879 1433 expellitur
903 1390 1014 1432 culpa,

64 1455 156 1489 quam
180 1445 365 1477 infundatur
390 1445 507 1486 gratia3
532 1453 603 1477 cum
630 1444 723 1486 culpa
748 1454 808 1476 non
841 1444 939 1486 possit
963 1454 1016 1476 ex-

65 1499 134 1542 pelli
158 1498 216 1530 nisi
240 1507 297 1540 per
322 1498 546 1530 habitationem
564 1497 619 1529 Dei
641 1497 671 1529 in
689 1498 808 1536 anima,
832 1501 907 1530 tunc
924 1498 1013 1539 prius

65 1552 251 1584 inhabitaret
269 1551 352 1583 Deus
376 1551 512 1582 animam
524 1577 531 1589 ,
557 1559 651 1592 quam
670 1550 849 1583 infunderet
866 1550 1014 1592 gratiam3

65 1609 93 1638 et
115 1605 173 1637 hoc
197 1608 244 1636 est
268 1603 460 1645 impossibile
475 1604 495 1635 ³.

150 1658 180 1689 [ι.
206 1657 299 1695 Item,
325 1666 396 1689 cum
423 1657 501 1698 ignis
518 1656 649 1698 expellit
672 1656 787 1698 frigus,
815 1656 904 1698 prius
929 1660 1016 1688 natu-

66 1710 170 1743 raliter
201 1710 341 1741 immittit
365 1710 515 1742 virtutem
549 1709 578 1741 in
605 1710 783 1746 materiam,
816 1719 910 1751 quam
937 1709 1014 1741 illud

65 1763 208 1805 expellit:
234 1763 259 1795 si
285 1772 359 1804 ergo
391 1763 476 1795 Deus
500 1762 631 1804 expellit
663 1763 788 1803 culpam
818 1757 1016 1794 immittendo

66 1817 193 1858 gratiam
205 1842 212 1855 ,
229 1825 304 1857 ergo
321 1816 407 1858 prior
425 1819 471 1848 est
487 1816 605 1857 gratiae
623 1815 774 1847 immissio
792 1824 847 1857 per
869 1819 1013 1847 naturam

66 1878 157 1911 quam
182 1869 294 1910 culpae
318 1869 473 1911 expulsio.

151 1922 210 1954 Suu
234 1931 375 1954 CONTRA:
405 1923 431 1953 l.
449 1922 481 1953 ln
506 1921 645 1963 qualibet
662 1921 834 1953 mutatione
858 1921 948 1963 prius
970 1924 1016 1953 est

67 1975 218 2008 terminus
234 1985 256 2007 a
280 1985 343 2017 qao
360 1983 455 2016 quam
480 1974 634 2007 terminus
659 1975 705 2006 acl
720 1984 814 2017 quem
839 1974 1015 2006 secundum

66 2031 226 2066 naturam,
244 2028 294 2059 vel
311 2027 485 2060 secundum
512 2031 637 2069 tempus
650 2027 676 2065 4;
701 2028 755 2060 sed
779 2027 957 2060 iustificatio
975 2028 1017 2059 in·

67 2080 138 2122 cipit
160 2090 178 2112 a
202 2081 284 2112 malo
308 2085 338 2112 et
363 2080 551 2112 terminatur
575 2080 615 2112 ad
640 2080 778 2112 bonum:
805 2089 880 2122 ergo
905 2081 929 2113 si
956 2090 1017 2112 ma-

66 2133 147 2172 lum,
171 2143 189 2166 a
213 2143 275 2175 quo
311 2133 434 2175 incipit,
460 2137 505 2166 est
534 2137 716 2175 peccatum,
742 2138 772 2166 et
807 2134 944 2173 bonum,
976 2134 1016 2166 ad

67 2187 147 2229 quod
183 2187 294 2226 tendit,
330 2191 377 2219 est
401 2187 518 2228 gratia;
554 2187 698 2225 videtur,
731 2187 815 2229 quod
848 2188 935 2229 prior
960 2196 1016 2229 per

66 2243 208 2272 naturam
233 2240 271 2272 sit
297 2241 412 2281 peccati
438 2240 585 2281 expulsio
609 2249 703 2281 quam
730 2240 848 2281 gratiae
867 2240 991 2272 infusio.

152 2294 181 2325 2.
205 2293 299 2332 Item,
329 2293 450 2334 «prius
474 2296 520 2325 est
545 2296 658 2325 natura
682 2302 700 2324 a
716 2302 779 2334 quo
804 2302 864 2324 non
890 2302 1016 2325 conver-

67 2345 140 2377 titur
171 2346 393 2387 consequentia
424 2346 601 2378 secundum
633 2346 850 2378 necessitatem
870 2346 879 2360 ⁵
898 2358 932 2384 »3
962 2346 1017 2378 sed

68 2400 239 2431 necessario
263 2399 303 2431 ad
327 2409 393 2431 esse
414 2403 553 2441 yratam
577 2399 720 2441 sequitur
745 2409 811 2431 esse
836 2399 1017 2437 intinctam,

1080 810 1110 839 et
1135 816 1195 838 non
1220 815 1236 839 e
1260 816 1429 846 converso,
1454 812 1488 840 ut
1506 813 1588 850 patet
1606 809 1636 841 in
1663 810 1763 851 primo
1782 811 1907 843 homine
1932 815 1961 844 et
1979 813 2034 844 ΑΠ-

1080 859 1163 900 gelo‚
1188 859 1218 891 in
1243 860 1360 901 quibus
1394 864 1466 893 ante
1490 861 1548 893 fuit
1572 865 1672 894 status
1707 863 1900 896 innocentiae
1935 874 2032 906 quam

1080 912 1214 953 gratiae:
1240 921 1315 954 ergo
1350 914 1537 946 naturaliter
1572 915 1661 956 prius
1697 920 1832 948 estesse
1867 919 2031 950 mandam

1080 974 1174 1007 quam
1197 970 1344 1007 gyratam.
1381 967 1440 999 Sed
1470 977 1536 999 esse
1559 969 1722 1000 mandam
1758 974 1804 1002 est
1828 980 1884 1012 per
1920 971 2032 1013 culpae

1080 1017 1317 1059 expulsionem,
1342 1028 1408 1051 esse
1430 1024 1569 1061 gyratam
1594 1030 1650 1062 per
1675 1021 1861 1055 infusionem
1892 1025 2032 1065 gratiae:

1080 1080 1155 1113 ergo
1178 1071 1289 1113 culpae
1313 1073 1459 1114 expulsio
1484 1074 1580 1115 prior.

1170 1124 1198 1156 3.
1224 1125 1317 1164 Item,
1342 1126 1481 1158 medium
1519 1131 1566 1159 est
1597 1128 1772 1160 secundum
1809 1134 1969 1162 naturam
2005 1134 2034 1163 et

1082 1178 1255 1210 secundum
1282 1179 1445 1211 actualem
1470 1179 1699 1219 existentiam,
1725 1186 1755 1213 et
1780 1182 1850 1215 licet
1876 1183 1955 1215 inter
1972 1184 2034 1216 cul-

1081 1240 1152 1272 pam
1178 1235 1209 1263 et
1232 1231 1365 1272 gratiam
1382 1242 1443 1264 non
1462 1232 1501 1265 sit
1519 1233 1657 1266 medium
1676 1236 1851 1268 secundum
1869 1237 2034 1269 actualem

1081 1284 1307 1322 existentiam,
1340 1288 1387 1317 est
1422 1289 1526 1317 tamen
1561 1287 1700 1319 medium
1733 1289 1909 1321 secundum
1943 1294 2036 1322 nata-

1082 1346 1177 1374 ram,
1203 1337 1349 1370 videlicet
1381 1338 1573 1377 innocentia;
1597 1340 1650 1371 sed
1684 1341 1824 1373 medium
1858 1343 2033 1374 secundum

1081 1394 1242 1421 naturam
1267 1390 1298 1421 in
1324 1392 1495 1423 mutatione
1524 1393 1710 1425 naturaliter
1743 1395 1902 1434 praecedit
1935 1399 2036 1428 extre-

1082 1451 1170 1474 mum
1185 1442 1212 1473 6:
1238 1451 1313 1484 ergo
1337 1447 1394 1475 etc.

1170 1496 1199 1527 li.
1225 1496 1318 1535 Item,
1343 1496 1436 1538 culpa
1460 1498 1641 1539 expellitur,
1665 1503 1719 1530 aut
1743 1500 1870 1541 quando
1895 1505 1955 1538 est,
1980 1505 2036 1534 aut

1082 1549 1209 1590 quando
1236 1559 1302 1581 ‘non
1325 1554 1379 1581 est.
1412 1549 1477 1581 Non
1510 1551 1636 1592 quando
1671 1562 1736 1583 iton
1761 1557 1824 1589 est,
1861 1555 1934 1595 quia
1959 1558 2033 1586 tunc

1083 1610 1207 1643 semper
1242 1602 1466 1643 expelleretur.
1493 1603 1521 1634 Si
1556 1604 1682 1645 quando
1717 1609 1781 1642 act,-
1817 1606 1869 1637 sed
1908 1607 2035 1647 quando

1083 1658 1129 1687 est
1153 1655 1246 1706 eulpa
1269 1655 1300 1686 in
1318 1655 1436 1694 anima,
1462 1665 1521 1688 non
1540 1661 1586 1688 est
1611 1657 1713 1689 infusa
1731 1659 1844 1699 gratia,
1870 1660 1944 1700 quia
1964 1664 2037 1692 tunc

1083 1708 1177 1740 simul
1202 1712 1305 1740 essent
1330 1708 1393 1740 duo
1429 1709 1571 1750 opposita
1606 1710 1636 1741 in
1672 1711 1781 1743 eodem
1799 1712 1825 1742 ⁷:
1853 1721 1927 1753 ergo
1963 1717 2034 1745 ante

1083 1761 1254 1802 expellitur
1279 1761 1386 1803 culpa,
1411 1771 1507 1802 quam
1531 1762 1717 1796 infundatur
1742 1765 1850 1806 gratia.

1173 1815 1201 1845 ὃ.
1226 1813 1320 1853 Item,
1344 1814 1367 1846 si
1402 1814 1485 1847 Deus
1518 1817 1694 1849 successive
1718 1823 1922 1858 operaretur,
1947 1819 2037 1860 prius

1083 1867 1257 1909 expelleret
1281 1867 1425 1909 cuipam,
1443 1877 1538 1909 quam
1564 1869 1743 1902 infunderet
1760 1871 1909 1912 gratiam,
1935 1873 2037 1913 prius,

1083 1921 1230 1962 inquam,
1263 1924 1421 1962 tempore3
1455 1922 1510 1954 sed
1543 1922 1646 1954 subita
1678 1925 1836 1964 operatio,
1868 1925 1918 1956 si⁶
1953 1926 2039 1958 tollat

1083 1974 1225 2006 ordinem
1252 1974 1426 2016 temporis,
1452 1984 1511 2007 non
1538 1979 1641 2008 tamen
1669 1976 1746 2008 tollit
1763 1978 1907 2010 ordinem
1933 1979 1962 2010 in
1979 1989 2037 2011 ‘na-

1084 2031 1182 2059 tura:
1207 2036 1282 2068 ergo
1307 2036 1379 2059 cum
1403 2028 1507 2060 subito
1533 2028 1695 2067 iustificet,
1721 2039 1810 2071 prius
1834 2031 2039 2064 nataraliter

1084 2080 1209 2121 culpam
1233 2080 1377 2122 expellit,
1403 2090 1499 2122 quam
1524 2082 1576 2114 det
1601 2083 1743 2123 gratiam.

1173 2134 1201 2165 6.
1219 2133 1304 2172 Item,
1322 2143 1382 2165 non
1402 2134 1536 2173 videtur,
1550 2135 1633 2177 quod
1648 2136 1708 2167 sit⁹
1722 2136 1845 2179 aliquis
1858 2137 1951 2175 ordo,
1965 2147 2038 2179 quo-

1083 2187 1165 2218 niam
1186 2187 1311 2228 privare
1333 2187 1539 2229 privationem
1563 2188 1639 2220 nihil
1660 2189 1747 2221 aliud
1769 2194 1815 2221 est
1836 2200 1930 2231 quam
1954 2191 2040 2223 resti-

1083 2244 1172 2272 tuere
1198 2240 1359 2279 liabitum3
1377 2240 1431 2273 sed
1449 2241 1541 2282 culpa
1565 2245 1612 2273 est
1636 2241 1786 2283 privati0,
1804 2243 1903 2284 gratia
1924 2247 1970 2275 est
1989 2244 2039 2275 lia-

1083 2293 1183 2325 bitus:
1198 2302 1272 2335 ergo
1285 2294 1412 2325 omnino
1425 2298 1471 2326 est
1485 2294 1566 2326 idem
1582 2295 1715 2336 gratiam
1734 2295 1854 2328 infundi
1869 2300 1899 2328 et
1913 2297 2039 2338 culpam

1082 2346 1219 2387 expelli:
1245 2355 1320 2387 ergo
1344 2346 1485 2385 videtur,
1510 2348 1594 2388 quod
1628 2348 1721 2380 simul
1755 2349 1816 2381 sint
1842 2354 1981 2390 tempore
2006 2353 2036 2381 et

1082 2403 1225 2437 natura,
1251 2408 1323 2431 cum
1349 2400 1490 2432 eiusdem
1516 2400 1554 2432 ad
1581 2409 1613 2432 se
1639 2410 1700 2432 non
1726 2402 1765 2433 sit
1789 2402 1902 2443 aliquis
1928 2402 2014 2434 ordo.

137 2567 145 2583 ¹
165 2568 189 2593 lu
209 2569 335 2600 Apologia
356 2569 498 2599 prophetae
519 2568 614 2599 David,
646 2575 667 2593 c.
698 2569 738 2593 113.
762 2576 786 2593 n.
807 2569 848 2593 63.
870 2569 927 2593 Post
954 2568 1020 2594 tollit

70 2614 148 2637 textus
167 2613 297 2644 originalis
316 2612 387 2637 addit
407 2613 431 2638 et
449 2611 558 2638 scientia
573 2612 764 2645 ignorantiam.
785 2612 835 2638 Cfr.
857 2612 883 2638 C.
904 2612 950 2638 Illt·
970 2620 1021 2638 rea·

70 2654 147 2688 (25),
166 2655 181 2688 g
202 2657 224 2681 4.
244 2656 277 2681 de
297 2656 467 2686 Poenitentia,
489 2655 512 2680 d.
534 2656 557 2680 3.

138 2699 148 2715 =.›
168 2700 232 2725 Vide
252 2701 268 2725 l.
288 2701 357 2725 sent.
377 2700 401 2725 d.
424 2701 447 2725 9.
468 2707 492 2732 q.
514 2699 537 2725 4.
558 2701 582 2724 in
604 2707 675 2731 corp.

137 2742 147 2759 ³
166 2742 217 2769 Cfr.
238 2744 299 2775 Sap.
322 2744 350 2774 i,
373 2743 396 2768 4.
417 2757 453 2762 ——-
472 2743 566 2769 Verbis
585 2750 647 2769 cum
676 2743 755 2777 culpa
783 2744 871 2775 plures
890 2743 965 2769 codd.
987 2745 1020 2768 in-

71 2789 193 2812 terserunt
212 2787 306 2819 omnis,
323 2791 348 2813 et
359 2787 470 2812 subinde
491 2794 539 2819 pro
559 2789 622 2813 tam
640 2787 716 2820 prius
736 2789 840 2819 plurimi
859 2788 935 2813 codd.
958 2789 1021 2814 tunc

70 2829 199 2863 primum,
221 2832 278 2856 cod.
299 2832 317 2856 ll
338 2833 401 2857 tunc
419 2831 495 2864 prins
515 2831 643 2865 primum.

76 2872 79 2876 ”
139 2873 148 2890 ⁴
167 2875 216 2900 Csr.
236 2876 352 2907 Aristoi„
376 2876 417 2900 Vl.
440 2876 516 2906 Phys.
539 2880 596 2901 text.
618 2875 657 2900 40.
679 2883 751 2908 seqq.
774 2877 811 2907 (c.
833 2877 885 2909 5).

139 2918 149 2934 ⁵
168 2920 282 2951 Aristot.‚
309 2920 341 2944 de
367 2920 524 2944 Praediram.
553 2927 573 2944 c.
601 2919 631 2945 cle
656 2919 761 2946 Priori:
788 2921 908 2945 Secundo
934 2924 1019 2946 autom

72 2960 155 2994 [prius
174 2963 281 2988 alterum
301 2964 380 2989 altero
401 2963 521 2997 dicitur]‚
541 2965 612 2996 quod
632 2971 682 2989 non
703 2966 861 2990 convertitur
875 2965 1019 2990 secundum

63 3005 222 3032 -subsistendi
242 3009 466 3040 consequentiam,
488 3012 515 3033 ut
535 3015 615 3033 unum
636 3008 740 3034 duobus
760 3010 832 3040 prius
851 3012 901 3041 est;
917 3010 1021 3034 dnobus

72 3050 138 3074 enim
156 3051 334 3083 existentibus,
355 3058 414 3077 mox
433 3059 514 3077 unum
534 3059 591 3077 esse
616 3059 778 3084 consequens
804 3057 854 3084 cst3
883 3060 933 3078 uno
957 3060 1021 3078 xero

73 3094 202 3124 existente,
223 3095 275 3120 duo
294 3103 350 3121 esse
371 3103 420 3121 non
441 3097 616 3121 necessarium
636 3099 688 3127 est;
716 3104 796 3128 quare
823 3104 873 3121 non
894 3098 1021 3122 converti-

72 3139 112 3161 tur
130 3137 161 3163 ab
180 3145 232 3163 uno
252 3141 449 3172 consequentia,
476 3144 503 3165 ut
529 3141 658 3172 requuum
686 3141 730 3171 sit;
755 3140 832 3172 prius
853 3144 938 3165 autem
959 3140 1021 3165 illud

73 3186 127 3205 esse
145 3182 261 3215 videtur,
288 3190 301 3208 a
321 3191 373 3215 quo
393 3191 443 3208 non
465 3185 623 3209 convertitur
646 3185 702 3208 eius
728 3184 798 3216 quod
824 3187 862 3209 est
888 3191 943 3209 esse
964 3191 1021 3209 con-

72 3227 209 3257 sequentia.
229 3227 279 3252 Cfr.
299 3230 360 3253 tom.
382 3228 416 3252 111.
438 3235 498 3259 pag.
523 3227 586 3259 574,
609 3231 667 3252 nota
693 3228 711 3252 1.
726 3231 749 3252 et
764 3235 822 3259 pag.
837 3228 901 3259 575,
918 3232 975 3253 noia
998 3229 1020 3253 i.

73 3280 106 3286 —
125 3269 159 3294 De
177 3269 263 3302 primo
283 3274 348 3297 statu
369 3272 528 3303 Angelorum
548 3274 572 3296 et
592 3272 703 3296 hominis
728 3271 788 3296 vide
816 3272 840 3296 ll.
862 3273 930 3297 Sent.
951 3272 975 3296 d.
998 3272 1020 3297 si.

74 3318 96 3337 a.
119 3313 141 3338 i.
161 3321 185 3346 q.
206 3315 230 3340 2.
252 3318 276 3339 et
295 3316 319 3340 d.
340 3317 380 3341 29.
401 3323 422 3340 a.
445 3318 467 3341 2.
489 3323 513 3348 q.
535 3317 558 3340 2.
580 3330 613 3333 ——
633 3316 738 3340 Inferius
752 3319 810 3347 post
823 3323 905 3349 quam
918 3316 1022 3350 (statiua

74 3356 146 3382 codd.
167 3358 214 3382 Rs
234 3359 332 3385 addunt
350 3359 459 3392 infusio.

213 3410 240 3437 S.
260 3412 358 3437 Bonae.
378 3427 412 3431 -
433 3413 507 3437 Tom.
529 3413 570 3437 lv.

1155 2568 1165 2585 ⁶
1185 2570 1300 2599 Aristot.,
1322 2569 1354 2593 X.
1376 2569 1484 2600 Metapli.
1506 2572 1562 2594 text.
1584 2570 1624 2594 -2‘2,
1651 2569 1709 2601 (lx.
1737 2576 1759 2594 c.
1785 2570 1842 2602 7.):
1870 2569 1951 2595 Media
1972 2577 2040 2594 nam-

2049 1137 2143 1158 Medium
2157 1137 2196 1157 du-

2090 1164 2145 1191 plex.

1085 2620 1136 2645 que
1155 2613 1194 2637 illa
1217 2612 1340 2643 dicimus,
1362 2614 1385 2637 in
1407 2620 1473 2644 quae
1494 2620 1598 2637 necesse
1617 2616 1654 2638 est
1675 2614 1759 2644 primo
1784 2615 1948 2638 transmutari
1969 2615 2039 2646 quod
2078 2617 2081 2619 '

1086 2660 1277 2688 transmutetur,
1293 2662 1319 2681 ut
1338 2659 1425 2688 puta...
1446 2657 1465 2681 si
1486 2664 1515 2681 ex
1536 2657 1594 2681 allio
1615 2657 1648 2681 nd
1669 2658 1772 2688 nigrum
1793 2659 1891 2689 veniat,
1914 2659 1986 2689 prius
2005 2658 2038 2683 ad

1086 2702 1225 2731 puniceum
1246 2703 1270 2724 et
1289 2700 1404 2731 fuscum,
1428 2707 1506 2732 quam
1527 2700 1559 2725 ad
1581 2701 1683 2731 nigrum
1710 2702 1802 2725 veniet.
1829 2701 1878 2726 Csr.
1908 2702 1936 2726 V.
1964 2702 2037 2733 Phys.

1085 2748 1142 2769 text.
1164 2744 1186 2769 6.
1208 2748 1232 2769 et
1251 2744 1293 2768 52.
1317 2748 1353 2773 (e.
1381 2745 1398 2768 1.
1419 2748 1443 2769 ct
1463 2744 1515 2775 5.).
1543 2758 1576 2761 ——
1597 2745 1621 2769 ln
1648 2746 1695 2769 hoc
1721 2752 1775 2776 arg.
1802 2752 1831 2769 ex
1858 2745 1933 2770 codd.
1961 2746 2039 2771 DFG

1085 2789 1144 2819 (Ea
1167 2788 1281 2813 secunda
1307 2793 1402 2819 manu)
1429 2788 1610 2819 supplevimus
1634 2788 1751 2814 videlicet
1778 2788 1944 2821 innocenlt'a,
1973 2797 2040 2822 quae

1086 2834 1158 2858 lectio
1178 2833 1346 2858 confirirmtur
1366 2833 1427 2858 falsa
1448 2833 1554 2857 lectione
1575 2833 1650 2857 codd.
1672 2834 1690 2857 R
1703 2833 1765 2858 Sbl]
1787 2834 1941 2860 ridelz'cettn
1956 2842 2040 2860 essen-

1086 2876 1129 2902 tia.
1151 2877 1198 2901 Pro
1217 2876 1350 2902 actiialem
1370 2876 1535 2902 atterentium
1558 2878 1609 2901 seri.¹
1630 2884 1720 2902 omnes
1741 2878 1816 2903 codd.
1842 2883 1865 2903 et
1885 2879 1926 2903 ed.
1952 2879 1956 2903 1
1983 2886 2041 2910 per-

1085 2928 1175 2952 peram
1196 2920 1329 2947 actttalem
1349 2920 1509 2954 ezriyenliffln
1531 2921 1590 2950 (cfr.
1616 2929 1694 2952 supra
1720 2929 1742 2947 a.
1775 2923 1792 2946 l.
1815 2930 1838 2954 q.
1871 2923 1889 2947 l.
1917 2924 1941 2947 in
1968 2930 2038 2954 corp.

1085 2969 1109 2990 et
1129 2966 1161 2990 ad
1183 2966 1232 2997 3.).

1156 3009 1166 3025 7
1187 3010 1262 3041 Quod
1282 3014 1319 3034 est
1343 3009 1503 3041 impossibile
1529 3010 1672 3034 secundum
1699 3011 1818 3039 Ariston,
1848 3011 1872 3035 ll.
1900 3011 2038 3036 Perilierm.

1086 3061 1107 3078 c.
1129 3053 1152 3079 4.
1175 3054 1213 3085 (c.
1239 3054 1302 3085 tt).

1156 3096 1167 3113 ²3
1186 3097 1248 3122 lidd.
1270 3104 1329 3122 cuni
1350 3097 1467 3128 pluribus
1488 3097 1564 3121 codd.
1584 3096 1638 3122 elsi.
1665 3097 1726 3122 Cod.
1749 3099 1764 3122 Ι)
1792 3099 1850 3122 liuic
1870 3105 1924 3129 arg.
1946 3099 2039 3124 subne-

1086 3142 1142 3166 ctit:
1163 3141 1198 3166 De
1220 3143 1268 3165 lioc
1287 3144 1324 3166 est
1344 3142 1480 3165 auctoritas
1502 3141 1550 3165 Vll.
1577 3141 1655 3165 Lexit.
1682 3140 1755 3173 [scil.
1783 3142 1870 3166 messa
1899 3142 2040 3168 ordinaria

1086 3187 1110 3210 in
1130 3193 1154 3210 V.
1177 3185 1217 3209 33.
1237 3189 1321 3209 sumta
1342 3192 1371 3209 ex
1392 3184 1495 3216 Origcn.
1516 3185 1603 3209 homil.
1629 3185 1651 3209 ὅ.
1679 3192 1702 3209 n.
1734 3184 1805 3218 12.]:
1832 3185 1897 3211 Cum
1924 3186 2040 3211 ablatum

1087 3230 1160 3254 suerit
1180 3236 1192 3253 a
1214 3229 1292 3253 corde
1311 3232 1354 3253 tuo
1375 3236 1452 3253 omne
1471 3235 1601 3258 crassum,
1616 3232 1640 3253 et
1654 3230 1807 3255 mundatum
1828 3231 1903 3256 suerit
1923 3231 1954 3255 ab
1970 3232 2040 3256 omni

1086 3274 1279 3305 inquinamento
1300 3271 1422 3305 [Glossiu
1443 3273 1633 3305 operimentoL
1657 3273 1727 3305 quod
1749 3275 1800 3305 igni
1816 3274 1970 3299 tradendum
1989 3278 2038 3306 est,

1086 3320 1177 3347 restat,
1198 3320 1224 3341 ut
1244 3317 1265 3341 ei
1287 3320 1433 3347 apponatur
1454 3317 1535 3348 gratia
1555 3318 1665 3348 spiritns
1685 3319 1778 3343 suncti:
1798 3326 1861 3350 ergo
1882 3322 1928 3344 etr.

1157 3361 1167 3377 ⁰
1183 3361 1235 3385 Non
1258 3362 1332 3391 pauci
1353 3360 1429 3385 codd.
1450 3365 1474 3386 ct
1493 3361 1533 3386 ed.
1560 3362 1564 3385 l
1591 3363 1712 3387 omittunt
1731 3362 1801 3396 quod
1820 3362 1861 3388 stt.

1863 3415 1895 3441 51
