2483 3882
648 252 741 284 DIST.
767 252 863 285 XLIV.
889 252 918 284 P.
943 252 962 283 1.
988 252 1069 284 ART.
1094 252 1127 284 11.
1154 252 1306 293 QUAEST.
1332 253 1353 284 1.
1921 256 1980 286 911

20 339 111 381 gine;
134 341 209 370 tunc
240 337 347 370 nullus
371 337 465 370 homo
489 342 657 380 generatus
681 343 879 381 resurgeret,
911 348 967 372 nec

21 391 111 423 etiam
136 390 288 422 Christus.
318 390 433 431 Quodsi
468 390 526 423 hoc
557 400 618 423 non
650 395 696 424 est
728 400 860 424 verum:
893 401 968 434 ergo

20 452 92 476 caro
114 445 259 484 resurget
282 442 313 473 in
337 450 391 481 eo,
416 442 447 474 in
471 452 534 484 quo
556 444 698 476 seeundo
722 448 768 476 est
792 453 875 477 caro.

108 494 137 527 3.
161 495 254 534 item,
278 497 345 527 esto
376 495 461 535 quod
485 495 600 536 aliquis
623 497 783 529 nutriatur
808 506 848 529 ex
874 506 968 530 carne

20 549 174 586 humana,
199 547 274 579 dicit
297 547 489 588 Augustinus
503 547 525 586 ²,
550 548 634 589 quod
651 549 734 581 redit
753 550 792 582 ad
810 551 948 591 primum
959 562 967 589 3

19 603 84 634 esto
108 600 191 641 quod
217 600 255 632 de
280 599 333 631 illa
358 603 502 641 generet,
527 603 663 640 constat,
688 602 772 643 quod
790 602 814 634 si
833 606 906 635 tunc
923 612 969 635 re-

19 653 63 686 dit
85 653 125 685 ad
151 650 308 694 primum,
339 652 417 684 nihil
450 653 624 685 remanebit
655 658 822 695 generato:
847 659 877 687 et
908 656 967 688 hoc

19 709 64 738 est
87 705 317 737 inconveniens.
342 704 459 745 Quodsi
484 714 544 736 non
570 705 667 737 redit:
685 715 760 747 ergo
777 716 837 739 non
855 711 901 740 est
917 717 968 741 ne-

18 766 102 791 cesse
113 783 120 795 ‚
134 758 218 799 quod
235 761 381 799 resurgat
397 757 427 789 in
445 757 561 798 primo,
579 758 633 790 sed
651 758 681 790 in
698 760 839 791 secando
857 764 965 801 potest.

104 811 135 841 li.
159 810 252 849 Item,
277 810 361 851 quod
386 809 498 842 debeat
521 819 689 851 resurgere
713 811 742 842 in
761 812 908 851 secundo,
926 812 967 844 vi-

17 862 127 895 detur:
153 862 227 903 quia
259 862 298 894 ab
329 862 440 894 ultimo
464 870 516 894 res
539 862 761 894 denominatur
784 867 814 895 et
837 873 856 895 a
880 863 965 896 fine2

17 933 59 938 ——
82 914 167 947 unde
191 918 292 946 statur
324 915 354 946 in
386 914 499 946 ultimo
523 917 724 954 testamento,
749 916 833 956 quod
865 920 912 948 est
935 916 966 948 in

17 970 117 1000 morte
140 967 297 1000 testatoris
320 986 364 990 —
387 976 462 1008 ergo
486 967 511 999 si
536 976 609 999 caro
633 967 692 1000 ista
714 967 774 999 suit
801 968 891 1001 istius
916 969 967 1001 ho-

17 1020 109 1052 minis
132 1019 267 1052 finaliter
291 1022 321 1052 et
344 1019 521 1061 posterius:
551 1028 626 1061 ergo
658 1020 698 1052 ad
730 1020 834 1061 ipsum
868 1022 966 1063 magis

18 1075 149 1114 spectat:
175 1081 250 1114 ergo
274 1072 314 1104 ad
337 1072 518 1104 secundum
542 1077 573 1104 et
596 1076 791 1114 postremum
813 1073 906 1106 debet
922 1083 967 1106 re-

16 1125 101 1164 dire,
124 1134 185 1157 non
209 1125 249 1157 ad
275 1125 422 1166 primum.

369 1221 610 1245 CONCLUSIO.

19 1299 122 1337 Caro,
147 1309 231 1342 quae
254 1305 301 1332 est
324 1300 359 1332 in
383 1300 529 1338 duobus,
555 1300 589 1332 in
615 1310 680 1332 uoto
708 1300 795 1332 sieut
820 1301 853 1332 in
876 1301 965 1343 prin-

104 1352 207 1394 cipio,
232 1353 267 1384 in
290 1353 357 1385 alio
380 1353 468 1385 sieut
491 1353 526 1385 in
550 1353 722 1385 individuo
746 1357 775 1385 et
799 1358 860 1385 toto
884 1364 965 1392 sao,

103 1410 252 1448 resurget
276 1406 310 1437 z'n
333 1406 492 1443 secundm
511 1406 543 1438 si
561 1411 608 1438 est
623 1406 657 1438 in
674 1406 833 1438 ambobus
856 1416 966 1439 secan-

102 1459 181 1490 dam
206 1459 395 1496 materiam,
412 1463 563 1501 resztryet
583 1459 618 1491 in
635 1459 767 1501 primm,-
783 1460 815 1491 si
833 1470 909 1492 vero
931 1460 965 1492 in

104 1510 162 1543 lzoc
176 1512 356 1544 secundum
370 1512 559 1550 vermeriam,
573 1512 609 1544 in
621 1513 688 1544 allo
704 1513 885 1544 secandam
901 1523 966 1554 spe-

104 1564 200 1602 ciem,
225 1568 377 1606 resuryet
392 1565 427 1596 in
442 1565 607 1602 secundm·
632 1565 830 1606 impossibile
847 1570 892 1598 est
908 1576 966 1598 aa·

104 1620 182 1654 tem,
209 1617 296 1659 quod
319 1617 353 1648 m
374 1617 531 1658 pluribus
553 1617 597 1649 sit
613 1618 794 1649 secandam
817 1619 964 1659 speciem.

102 1705 300 1737 RespoNnEo:
327 1705 518 1744 Dicendum,
543 1705 626 1747 quod
653 1715 742 1744 caro,
767 1715 848 1747 qnae
871 1711 918 1738 est
934 1707 964 1738 in

0 1757 157 1795 duobus,
182 1760 284 1799 potest
308 1767 376 1790 esse
400 1758 588 1800 dupliciter:
613 1762 668 1790 aut
693 1758 734 1790 ita
758 1759 842 1800 quod
872 1759 910 1791 sit
934 1759 963 1790 in

17 1819 78 1842 uno
102 1810 183 1842 sicut
207 1810 237 1842 in
260 1810 445 1852 principio,
464 1812 494 1842 in
511 1811 610 1843 altero
632 1811 712 1843 sicut
737 1811 767 1842 in
793 1811 964 1843 individuo

16 1866 43 1894 et
67 1867 128 1894 tolo
151 1872 236 1900 suo,·
260 1866 314 1895 aut
343 1864 373 1895 in
407 1867 542 1905 utroque
567 1864 647 1896 sicut
671 1864 704 1895 in
728 1864 909 1896 individuo.
935 1864 963 1895 Si

0 1915 55 1948 ‚sit
78 1915 109 1947 in
134 1925 196 1948 uno
221 1915 301 1948 sicut
324 1916 354 1948 in
378 1916 564 1958 principio,
589 1918 618 1949 111
644 1918 704 1950 alio
729 1917 811 1949 sicut
836 1917 865 1948 111
883 1917 966 1948 indi-

16 1967 113 2000 viduo
137 1972 165 2000 et
190 1972 271 2006 toto,
304 1972 450 2010 resurget
477 1969 508 2001 in
533 1970 688 2009 secundo,
714 1970 788 2011 quia
812 1979 873 2001 non
898 1973 965 2001 erat

17 2020 47 2053 in
70 2020 173 2062 primo
203 2021 242 2053 ad
268 2021 371 2063 ipsum
386 2021 406 2061 ³,
429 2022 482 2054 sed
515 2022 554 2054 ad
583 2022 718 2055 alterum
743 2022 904 2060 ordinata,
929 2022 966 2053 si-

17 2076 69 2105 cut
90 2073 148 2105 fuit
176 2077 260 2106 costa
295 2074 324 2105 in
361 2074 476 2112 Adam,
501 2075 574 2116 quia
603 2075 747 2107 ordinata
781 2075 820 2107 ad
856 2084 966 2116 propa-

17 2126 168 2168 gationem
196 2127 295 2165 Evae;
320 2127 364 2159 sic
388 2136 493 2159 semen
518 2128 548 2159 in
571 2131 677 2169 patre,
695 2128 769 2169 quia
784 2127 963 2159 ordinatum

17 2179 55 2211 ad
78 2180 332 2221 propagationem
360 2180 437 2219 fflii3
461 2180 505 2213 sic
529 2180 574 2212 illi
599 2181 767 2222 sanguines
791 2181 822 2212 in
840 2180 966 2221 Virgine

17 2230 122 2270 beata,
147 2232 221 2273 quia
245 2232 379 2264 ordinati
403 2237 493 2265 erant
516 2233 555 2265 ad
581 2233 814 2274 conceptionem
839 2232 964 2264 Christi.

17 2302 59 2306 —-
82 2284 110 2316 Si
135 2288 239 2317 autem
266 2285 296 2317 in
326 2289 462 2328 utroque
487 2286 525 2318 sit
550 2286 632 2318 sicut
654 2286 684 2318 in
711 2290 773 2318 tolo
797 2285 963 2323 absoluto,

0 2335 72 2369 -hoc
101 2338 266 2379 tripliciter
297 2342 399 2379 potest
423 2339 573 2380 intelligi:
598 2343 653 2371 aut
677 2339 736 2378 ita,
761 2339 845 2381 quod
871 2339 909 2371 sit
933 2338 964 2369 in

16 2393 148 2431 utroque
180 2400 253 2423 caro
285 2392 460 2424 secundum
491 2392 653 2433 speciem;
683 2396 738 2424 aut
768 2392 800 2424 in
830 2395 964 2432 utroque

17 2443 188 2475 secundum
206 2443 407 2482 materiam;
423 2447 478 2476 aut
494 2444 524 2476 in
542 2454 605 2477 uno
622 2445 797 2477 secundum
814 2443 964 2485 speciem,

16 2494 45 2526 in
72 2495 170 2528 altero
201 2496 376 2529 secundum
408 2497 587 2529 materiam
599 2497 618 2528 ⁴.
643 2516 686 2520 —
710 2498 753 2529 De
785 2497 887 2539 primo
919 2500 965 2528 est

16 2549 233 2581 controversia.
258 2549 334 2581 Nam
358 2549 455 2592 aliqui
478 2550 601 2589 dicunt,
618 2550 702 2592 quod
720 2559 793 2582 caro
810 2550 904 2582 unius
922 2558 965 2581 se-

18 2600 154 2632 cundum
179 2602 315 2643 speciem
339 2606 440 2643 potest
465 2603 531 2635 fieri
550 2613 624 2636 caro
641 2603 772 2635 alterius
789 2602 964 2635 secundum

18 2652 166 2694 speciem,
190 2657 297 2696 utpote
321 2655 345 2686 si
371 2655 465 2687 homo
490 2656 529 2688 de
553 2656 607 2688 illa
630 2655 790 2687 nutriatur
821 2658 851 2687 et
878 2663 966 2696 gene-

19 2709 84 2744 ret;
107 2709 137 2738 et
157 2707 217 2739 hoc
241 2707 366 2747 dicunt,
391 2709 465 2750 quia
489 2708 615 2740 omnino
639 2711 686 2740 est
714 2706 965 2740 transmutabilis

1032 340 1137 379 011105,
1165 343 1201 373 ut
1232 340 1310 379 alia,
1342 341 1422 373 sicut
1453 341 1671 382 experimento
1703 344 1796 383 patet.
1821 360 1865 365 —
1890 342 1924 374 Et
1954 342 1986 374 si

1032 402 1195 434 quaeras:
1213 393 1243 424 in
1260 402 1322 434 quo
1339 396 1503 434 resurget?
1516 393 1634 432 dicunt,
1646 393 1729 435 quod
1746 393 1775 425 in
1793 393 1856 432 1110,
1874 393 1903 425 in
1922 403 1984 435 quo

1033 445 1183 477 maiorem
1200 449 1230 477 et
1250 445 1446 478 essentialem
1472 446 1567 478 habet
1590 446 1835 485 ordinationem,
1853 450 1884 479 et
1900 446 1984 478 Deus

1032 497 1158 539 supplet
1188 498 1278 530 alteri
1310 498 1407 538 illud,
1431 501 1467 530 ut
1491 499 1576 531 verbi
1603 499 1720 540 gratia,
1746 499 1771 531 si
1796 499 1835 531 de
1861 499 1983 531 modica

1032 552 1120 591 parte
1144 550 1285 592 corporis
1309 551 1404 583 unius
1427 555 1580 592 quantum
1606 551 1645 583 ad
1663 560 1790 583 carnem
1807 551 1983 584 secundum

1032 602 1167 643 speciem
1192 603 1231 635 sit
1254 603 1368 645 aliquis
1385 607 1571 645 generatus,
1596 604 1654 636 ista
1679 608 1823 645 resurget
1846 605 1876 636 in
1895 614 1984 646 gene-

1031 658 1116 694 rato,
1140 658 1171 687 et
1194 655 1278 687 Deus
1302 660 1372 697 post
1395 656 1553 697 supplebit
1578 657 1607 688 in
1632 657 1693 688 alio
1716 657 1801 698 quod
1830 657 1982 690 amissum

1031 710 1094 747 est,
1119 708 1199 740 sicut
1223 708 1253 739 in
1278 708 1373 740 Adam
1399 708 1534 750 replevit
1556 718 1691 741 earnem
1711 719 1775 750 pro
1799 710 1922 742 cosla⁶.

1119 761 1184 792 Alia
1206 760 1318 802 positio
1341 764 1405 800 est,
1430 761 1513 802 quod
1539 761 1578 793 de
1602 770 1696 794 carne
1720 762 1894 794 secundnm
1918 771 1983 804 spe·
1999 773 2078 794 positio
2092 774 2112 794 2.

1030 812 1109 845 ciem
1137 813 1218 845 alius
1249 813 1343 845 homo
1373 822 1428 846 nec
1459 817 1560 855 potest
1591 814 1704 846 nutriri
1737 823 1794 847 nec
1820 816 1981 856 generari,

1031 865 1084 897 sed
1110 865 1212 897 solum
1237 866 1276 897 de
1300 875 1394 898 carne
1426 866 1600 899 secundum
1626 867 1807 906 materiam3
1831 871 1862 900 et
1893 868 1983 900 ratio·
1997 878 2059 899 Ratio
2075 879 2095 899 1.

1031 926 1101 950 nem
1128 918 1223 950 huius
1242 918 1380 951 reddunt
1396 927 1437 951 ex
1454 922 1543 960 parte
1559 919 1767 952 actualitatis
1784 920 1893 962 ipsius,
1910 921 1984 962 quia

1032 971 1339 1004 transsubstantiatio
1356 972 1433 1004 haec
1450 972 1618 1004 conversio
1642 976 1705 1011 est,
1722 976 1752 1005 et
1769 974 1937 1005 conversio
1954 977 1985 1006 et

1031 1024 1253 1055 transmutatio
1285 1024 1351 1056 sive
1375 1024 1683 1057 transsubstantiatio
1707 1029 1753 1058 est
1777 1034 1817 1058 ex
1851 1029 1921 1058 ente
1952 1026 1984 1058 in

1028 1076 1198 1116 polanam
1222 1079 1252 1108 et
1276 1076 1350 1118 quia
1374 1080 1420 1109 est
1444 1086 1517 1109 caro
1541 1077 1716 1109 secundum
1742 1077 1888 1119 speciem,
1914 1078 1984 1110 ideo

1030 1137 1091 1159 non
1116 1132 1163 1160 est
1187 1128 1344 1170 possibilis
1369 1129 1506 1161 converti
1526 1129 1555 1161 in
1573 1138 1697 1162 carnem
1724 1131 1898 1162 secundum
1917 1139 1983 1172 spe-

1031 1180 1119 1212 ciem.
1143 1199 1187 1203 —
1211 1181 1267 1213 Sed
1295 1181 1440 1223 quoniam
1467 1182 1526 1214 boc
1550 1191 1610 1214 non
1638 1182 1731 1214 babet
1748 1183 1857 1215 stabile
1874 1183 2142 1215 funda-Nonsufficit.

1031 1237 1188 1272 mentum,
1214 1234 1287 1275 quia
1312 1234 1406 1275 lupus
1430 1235 1571 1266 nutritur
1594 1235 1633 1267 de
1658 1235 1806 1268 carnibus
1835 1236 1900 1277 lupi
1914 1237 1935 1275 ⁷,
1952 1239 1982 1269 et

1032 1286 1059 1317 111
1085 1286 1154 1318 aliis
1178 1286 1367 1318 animalibus
1391 1287 1533 1319 eiusdem
1558 1287 1671 1328 speciei
1698 1288 1756 1319 hoc
1772 1288 1934 1326 videmus3
1952 1292 1982 1321 et

1030 1337 1162 1376 ilerum,
1176 1347 1249 1371 caro
1266 1339 1440 1371 secundum
1459 1339 1594 1381 speciem
1614 1343 1713 1381 potest
1729 1340 1798 1372 fieri
1811 1350 1981 1379 aon-caro,

1029 1394 1060 1422 et
1084 1394 1158 1422 tunc
1182 1391 1241 1422 erit
1266 1392 1294 1422 in
1316 1391 1480 1432 poientz'a:
1507 1392 1577 1424 ideo
1600 1392 1752 1424 rationem
1778 1393 1911 1425 fundant
1933 1402 1982 1425 su·
1997 1403 2059 1424 nano
2073 1403 2094 1423 2.

1030 1452 1086 1484 per
1108 1443 1283 1484 pulverum
1307 1444 1507 1485 appetitum,
1540 1444 1593 1485 qui
1626 1445 1785 1486 plantatus
1813 1449 1860 1478 est
1884 1446 1923 1478 ad
1949 1446 1982 1478 il-

1029 1496 1090 1528 lam
1116 1496 1248 1528 formam
1274 1497 1480 1529 determinate
1504 1501 1534 1529 et
1551 1498 1832 1538 sempiternaliter,
1849 1499 1901 1540 qui
1919 1508 1981 1531 non

1030 1549 1165 1590 patitur,
1191 1549 1289 1590 ipsam
1316 1558 1441 1581 carnem
1466 1549 1618 1582 vivificari
1644 1551 1683 1582 ab
1707 1551 1768 1582 alia
1792 1552 1896 1583 anima
1928 1552 1983 1584 im-

1031 1601 1163 1632 mortali.
1191 1601 1224 1633 Et
1248 1601 1318 1633 ideo
1349 1602 1557 1643 respondent,
1582 1603 1666 1643 quod
1691 1603 1774 1635 istud
1799 1606 1846 1636 est
1871 1604 1982 1645 impos-

1030 1653 1136 1691 sibile,
1161 1654 1245 1694 quod
1270 1654 1301 1685 in
1326 1654 1428 1695 primo
1460 1654 1499 1686 sit
1530 1664 1602 1687 caro
1634 1655 1809 1687 secundum
1843 1657 1979 1698 speciem

1029 1705 1123 1737 unius
1147 1710 1177 1737 et
1201 1706 1401 1747 postmodum
1426 1707 1479 1738 fiat
1504 1707 1643 1739 alterius.

1119 1758 1177 1790 Sed
1203 1759 1304 1800 prima
1333 1759 1443 1800 positio
1476 1768 1653 1801 repugnare
1685 1760 1810 1792 videtur
1842 1770 1982 1794 resurre-
2012 1774 2093 1795 positio
2108 1775 2129 1795 1.

1029 1811 1121 1843 ctioni
1147 1811 1290 1843 eiusdem
1316 1812 1476 1853 corporis:
1502 1812 1593 1853 quia,
1619 1813 1641 1844 si
1668 1813 1707 1844 de
1731 1822 1795 1844 una
1811 1817 1899 1854 parte
1917 1823 1981 1846 car·
1997 1807 2039 1848 {¹13³ss
2053 1801 2130 1828 ΨΜ

1029 1865 1077 1896 1115
1102 1872 1188 1896 meae
1213 1864 1388 1896 secundnm
1413 1865 1549 1906 speeiem
1581 1869 1686 1906 posset
1718 1865 1785 1897 fieri
1810 1875 1883 1898 caro
1907 1866 1983 1899 alte-

1030 1916 1096 1948 rius
1121 1916 1295 1948 secundum
1320 1917 1476 1957 speeiem,
1502 1917 1569 1958 pari
1594 1918 1713 1950 ratione
1738 1923 1769 1950 et
1793 1918 1832 1951 de
1855 1918 1926 1957 alia,
1952 1923 1982 1951 et

1029 1969 1073 2001 sic
1097 1969 1136 2001 de
1160 1969 1315 2010 qualibet:
1342 1970 1433 2002 etsie
1449 1970 1553 2002 anima
1576 1970 1723 2011 perderet
1747 1980 1837 2003 suam
1854 1981 1981 2004 carnem

1029 2025 1142 2054 totam:
1168 2022 1324 2064 quomodo
1348 2032 1423 2064 ergo
1447 2032 1557 2055 verum
1583 2027 1629 2056 est
1661 2024 1745 2065 quod
1778 2025 1852 2057 dicit
1885 2025 1978 2057 lobs:

1029 2075 1069 2105 In
1086 2084 1187 2106 earne
1203 2084 1275 2106 mea
1298 2074 1409 2106 videbo
1427 2076 1543 2114 Deam,
1562 2076 1767 2108 Salvatorem
1784 2077 1917 2109 meum?
1933 2096 1978 2100 —
2031 2091 2128 2121 ‚utraque

1029 2127 1172 2159 Secunda
1197 2127 1306 2168 positio
1330 2137 1391 2159 non
1416 2128 1511 2160 habet
1534 2128 1669 2160 multum
1688 2129 1803 2168 robur,
1821 2133 1888 2162 tum
1907 2130 1980 2172 quia
1995 2119 2129 2165 1313111913ζῖ

1030 2179 1155 2211 videtur
1180 2179 1400 2211 inconveniens
1425 2180 1546 2219 dicere,
1579 2181 1663 2222 quod
1696 2181 1791 2214 homo
1822 2191 1883 2214 non
1914 2170 2105 2223 pos-¹³¹⁰ba‘ur'

1029 2232 1069 2264 sit
1092 2232 1205 2263 nutriri
1234 2232 1272 2263 de
1301 2241 1393 2264 carne
1425 2232 1600 2265 secundum
1624 2233 1780 2274 speciem,
1813 2243 1885 2266 cum
1919 2234 1980 2266 sint

1028 2288 1119 2327 aptae
1143 2285 1183 2317 ad
1208 2285 1430 2324 nutriendum,
1463 2289 1493 2318 et
1524 2286 1641 2318 bestiae
1673 2286 1792 2328 possint
1821 2287 1893 2319 inde
1925 2296 1980 2319 nu-

1029 2337 1107 2369 triri.
1137 2356 1180 2360 ——
1211 2337 1368 2378 Amplius.
1400 2345 1456 2369 nec
1488 2337 1571 2369 istud
1604 2341 1651 2370 est
1683 2338 1819 2370 multum
1851 2338 1979 2377 stabile,

1029 2390 1113 2431 quod
1138 2391 1168 2421 in
1201 2398 1331 2431 corpore
1360 2390 1499 2421 humano
1523 2390 1561 2422 sit
1585 2390 1704 2432 aliquid
1737 2394 1809 2422 actu
1842 2391 1981 2423 incorru-

1030 2442 1154 2484 ptibile,
1178 2445 1304 2474 etcum
1329 2442 1368 2474 sit
1400 2442 1569 2474 resolubile
1604 2452 1705 2484 usque
1736 2443 1775 2475 ad
1808 2442 1979 2482 elementa,

1029 2494 1136 2536 (ῑ]110(19
1160 2494 1202 2526 ibi
1227 2495 1265 2526 sit
1288 2494 1446 2536 appetitus
1470 2494 1643 2536 impediens
1676 2495 1980 2528 transmutationem.

1119 2547 1204 2579 Unde
1228 2547 1335 2580 sanius
1360 2548 1418 2580 dici
1444 2551 1562 2589 potest,
1587 2548 1670 2589 quod
1693 2549 1774 2581 sicut
1791 2549 1980 2581 resurrectio
1994 2566 2142 2587 Rumam-

1029 2600 1064 2632 fit
1088 2609 1144 2641 per
1172 2600 1309 2631 divinam
1343 2600 1514 2638 virtutem;
1546 2601 1590 2632 sic
1621 2601 1776 2633 ordinatio
1805 2602 1908 2634 carnis
1940 2602 1980 2634 ad
2008 2592 2139 2645 ῗέςῑέἷζὲθῗ·

1030 2662 1118 2685 suam
1145 2653 1280 2684 animam
1306 2657 1352 2684 est
1377 2653 1551 2685 secundum
1585 2653 1725 2685 divinum
1760 2654 1922 2687 decretum
1951 2658 1981 2687 et

1029 2705 1263 2747 dispositionem
1275 2730 1282 2744 ,
1300 2714 1397 2746 quae,
1415 2705 1562 2746 quoniam
1580 2709 1627 2738 est
1643 2706 1831 2739 inviolabilis
1846 2707 1876 2745 ¹⁰,
1893 2707 1979 2746 facit,

87 2895 95 2911 ¹
113 2896 181 2921 Libr.
202 2897 280 2922 xxti.
310 2897 342 2922 de
368 2897 423 2923 Civ.
453 2898 512 2930 Dei,
534 2905 557 2923 c.
579 2898 620 2923 20.
650 2904 673 2922 n.
703 2898 731 2922 2:
751 2897 883 2922 Reddetur
901 2903 965 2927 ergo

19 2944 77 2964 caro
96 2939 135 2964 illa
156 2941 266 2972 homini,
286 2941 311 2965 in
326 2948 378 2973 quo
392 2948 448 2967 esse
462 2948 522 2967 caro
542 2942 656 2966 humana
676 2942 795 2972 primitus
813 2941 910 2972 coepit;
931 2939 963 2965 ab

18 2981 59 3007 1110
77 2984 173 3015 quippe
192 2984 271 3010 altero
291 2988 413 3017 tanquam
434 2989 525 3011 mutuo
544 2989 628 3012 sumta
659 2985 806 3016 deputanda
827 2987 876 3015 est,
896 2991 963 3017 quae

19 3025 81 3052 sicut
98 3034 141 3052 aes
160 3028 273 3053 alienum
292 3030 315 3054 ei
334 3029 494 3054 redhibenda
514 3032 552 3054 est
570 3033 617 3054 etc.

85 3070 96 3086 ²
115 3072 263 3098 Secundum
283 3074 384 3098 Aristot.
405 3081 483 3105 supra
503 3081 564 3105 pag.
585 3073 651 3105 247,
673 3076 730 3098 nota
751 3074 774 3097 8.
789 3075 813 3097 et
827 3079 886 3104 pag.
901 3071 960 3104 470,

19 3116 74 3139 nota
92 3114 116 3139 7.
136 3116 281 3148 allegatum.

86 3157 97 3174 ³
114 3157 195 3184 Codd.
216 3160 235 3184 G
256 3167 285 3185 aa
305 3161 334 3193 (F
353 3168 367 3186 a
386 3161 499 3186 secunda
520 3161 609 3192 manu)
630 3159 657 3185 in
674 3159 762 3192 primo
777 3160 806 3184 ul
818 3158 854 3184 ad
866 3158 962 3192 ipsum.

19 3199 75 3226 Post
92 3208 174 3232 pauca
194 3210 242 3234 pro
261 3203 299 3230 sic
317 3211 406 3230 semen
425 3204 501 3230 codd.
521 3205 541 3229 G
554 3204 574 3228 H
587 3204 634 3229 VZ
654 3203 723 3229 sicut
741 3209 838 3228 semen.

85 3243 96 3261 4
114 3246 180 3272 Vide
198 3254 278 3279 supra
298 3255 358 3280 pag.
379 3249 438 3280 908,
459 3252 517 3274 nota
537 3248 561 3273 7.

86 3288 97 3305 ⁵
114 3289 176 3315 Cod.
196 3291 212 3315 Ρ
232 3297 296 3317 caro
315 3291 370 3318 illa.
390 3292 496 3317 Inferius
515 3298 564 3324 pro
583 3291 713 3317 maiorem
732 3292 756 3316 el
783 3289 961 3322 essentialem,

19 3330 76 3356 edd.
93 3332 224 3359 ‘maiorem
243 3335 267 3360 et
284 3335 501 3361 essentialiorem.

85 3375 96 3392 ⁶
113 3377 174 3402 Gen.
194 3379 222 3411 2,
244 3380 284 3404 21.
298 3393 332 3397 —
346 3380 394 3404 Pro
414 3379 441 3405 in
460 3379 529 3412 alio,
552 3379 623 3412 quod
636 3378 739 3404 exhibet
752 3378 809 3404 cod.
824 3379 854 3410 Μ,
869 3378 925 3403 cod.
941 3378 961 3403 U

1028 2894 1056 2921 in
1076 2895 1175 2927 allero,
1197 2896 1238 2920 alii
1258 2895 1333 2920 codd.
1354 2898 1378 2920 et
1404 2895 1463 2920 edd.
1489 2894 1517 2920 in
1535 2902 1577 2921 me
1596 2895 1664 2927 (cod.
1685 2896 1703 2920 E
1723 2903 1737 2921 a
1766 2896 1879 2921 secunda
1901 2903 1979 2921 manu

1028 2939 1056 2965 in
1072 2938 1181 2972 primo).
1202 2939 1308 2964 Inferius
1327 2939 1414 2970 plures
1434 2939 1518 2970 codd„
1540 2940 1636 2964 01111550
1655 2940 1679 2965 el
1691 2939 1841 2971 conversio,
1863 2946 1911 2971 pro
1925 2939 1978 2966 sive

1029 2982 1291 3009 transsubstantiatio
1311 2982 1471 3008 substituunt
1488 2982 1542 3008 sive
1561 2982 1733 3009 transversio.

1099 3026 1110 3042 ⁷
1129 3027 1216 3052 Plures
1236 3026 1311 3051 codd.
1332 3033 1469 3057 perperam
1490 3026 1612 3052 hominis.

1098 3069 1109 3086 S
1128 3070 1189 3101 Cap.
1213 3071 1258 3101 19,
1280 3071 1320 3095 26.
1342 3071 1450 3101 Vulgata
1473 3071 1564 3096 omittit
1583 3070 1761 3096 salvatorem.

1097 3114 1108 3130 ‘³
1128 3114 1191 3139 Edd.
1212 3115 1313 3145 legunt:
1333 3115 1395 3140 acta
1414 3113 1586 3147 corruptibile
1604 3115 1628 3139 et
1647 3116 1737 3140 tamen
1755 3114 1814 3140 sil...
1834 3114 1975 3146 elementa,

1027 3160 1051 3184 ei
1069 3158 1147 3192 qaod.
1168 3158 1279 3183 Eaedem
1298 3158 1358 3183 edd.
1387 3159 1507 3189 superius
1534 3165 1582 3189 pro
1601 3157 1655 3183 sint
1673 3159 1750 3191 aptae
1769 3158 1927 3184 substituunt
1945 3158 1979 3185 sil

1027 3204 1097 3235 apta,
1114 3205 1139 3226 ct
1158 3209 1205 3233 pro
1226 3201 1329 3233 bestiae,
1352 3201 1422 3233 qnod
1442 3201 1569 3232 praebent
1588 3201 1664 3227 codd.
1678 3202 1696 3226 L
1707 3202 1729 3226 Y
1742 3201 1778 3227 bb
1792 3202 1821 3233 (E
1835 3209 1848 3227 a
1863 3202 1977 3228 secunda

1027 3248 1126 3276 manu),
1146 3252 1205 3270 cum
1225 3245 1279 3270 aliis
1299 3245 1374 3270 codd.
1395 3244 1464 3271 bene.

1098 3288 1118 3304 ¹⁰
1140 3289 1170 3313 lta
1191 3289 1266 3314 codd.
1282 3289 1287 3313 1
1300 3290 1322 3314 K
1333 3288 1382 3320 bb,
1397 3289 1473 3314 codd.
1495 3290 1514 3313 Α
1526 3289 1543 3313 F
1554 3289 1573 3313 G
1584 3289 1604 3314 H
1619 3296 1648 3314 aa
1667 3288 1818 3321 immobilis,
1834 3289 1910 3314 codd.
1928 3289 1949 3313 R
1960 3289 1976 3313 S

1025 3332 1213 3364 imnmtabilis,
1236 3333 1276 3357 alii
1296 3333 1371 3358 codd.
1392 3336 1416 3358 et
1444 3332 1503 3358 edd.
1523 3331 1692 3359 immortalis.
1712 3332 1762 3359 Cl'r.
1783 3340 1862 3365 supra
1882 3333 1908 3358 d.
1931 3333 1974 3359 43.

1026 3385 1047 3402 a.
1073 3378 1091 3402 1.
1112 3385 1137 3410 q.
1158 3377 1181 3402 5.
1202 3376 1235 3402 ad
1255 3377 1280 3402 6.
