2483 3882
0 942 2 1014 l

717 237 810 268 DIST.
836 236 961 269 XXXVl.
986 236 1067 268 ΛΒΤ.
1093 236 1113 267 Ι.
1138 236 1290 277 ΟΠᾹΕΞΤ.
1317 236 1335 267 l.

1945 238 2004 268 791

330 415 823 470 COMMENTARIUS
862 416 931 469 IN
968 416 1461 469 DISTINOTIONEM
1499 417 1722 470 XXXVI.

636 532 686 569 De
714 532 967 582 impedimentis
995 532 1197 570 conditionis
1228 539 1259 569 et
1288 533 1418 570 aetatis.

409 638 506 670 Nunc
529 638 568 670 de
591 637 773 670 conditione
795 638 979 675 videamus,
1004 648 1048 670 aaz
1073 639 1181 670 valeat
1204 639 1396 681 coutugyz'um
1420 640 1565 671 dividere
1589 643 1645 672 etc.

869 748 1007 781 Dtvtsto
1031 749 1185 781 TEXTUS.

133 862 235 903 Supra
256 860 319 903 egit
343 860 486 902 Magister
511 860 549 892 de
567 859 813 900 impedimentis,
832 859 861 891 iu
879 859 995 901 quihus

47 915 217 958 impeditur
241 913 496 952 matrimonium,
513 913 587 954 quia
604 913 655 945 ille
673 913 725 954 qui
743 912 916 951 contrahit,
934 921 994 944 non

47 972 146 1012 potest
169 977 202 1000 se
227 967 324 1009 ligare
348 969 478 1008 propter
501 965 658 998 defectum
691 965 828 997 virtutis.
858 965 909 997 Hic
934 965 997 1007 agit

47 1023 85 1055 de
116 1021 169 1054 illo
198 1020 440 1062 impedimento,
464 1019 547 1061 quod
581 1019 729 1060 impedit,
753 1019 827 1060 quia
859 1018 910 1050 ille
941 1018 995 1060 qui

48 1073 218 1113 contrahit,
242 1082 302 1105 non
328 1075 429 1114 potest
453 1081 485 1104 se
510 1071 608 1113 ligare
633 1075 761 1113 propter
786 1071 994 1104 conditionem

47 1126 215 1161 servitutis.
242 1126 275 1158 Et
299 1125 452 1157 dividitur
478 1125 554 1157 haec
575 1133 649 1166 pars
674 1124 704 1156 in
729 1124 818 1156 duas.
836 1124 867 1156 In
892 1124 995 1165 prima

47 1179 233 1214 determinat
257 1179 295 1211 de
320 1178 513 1215 conditione,
538 1177 612 1219 quia
637 1180 683 1210 est
707 1177 846 1210 desectus
872 1176 996 1209 liberta-

46 1234 93 1266 tis.
119 1233 149 1264 ln
175 1232 313 1264 secunda
342 1240 433 1269 vero,
458 1231 550 1272 quia,
574 1235 698 1273 quanto
731 1235 872 1272 tempore
904 1229 994 1262 lieres

42 1285 209 1330 parvulus
232 1290 296 1323 est,
321 1284 406 1316 m‘ltz'l
428 1283 538 1326 differt
561 1294 582 1316 α
606 1293 719 1321 seruo,
744 1293 819 1315 cum
835 1283 880 1315 sit
895 1283 995 1315 domi-

44 1349 107 1372 nus
124 1338 271 1371 omnium
287 1338 308 1376 ¹,
326 1338 389 1380 agit
406 1338 444 1370 de
462 1337 574 1379 puerili
593 1340 710 1375 aetate,
727 1337 787 1369 ibi:
805 1337 874 1368 Hoc
895 1337 995 1368 etiam

0 1427 1 1438 γ
44 1392 210 1425 sciendum
229 1396 285 1429 est,
303 1391 390 1434 quod
403 1390 503 1432 pueri
517 1394 592 1423 aute
608 1399 714 1422 anuos
731 1390 993 1433 quatuordecim,

0 2843 33 2865 isi-

44 1446 95 1479 ubi
122 1445 326 1483 determinat,
344 1445 426 1486 quod
451 1443 542 1486 pueri
567 1453 627 1475 non
653 1447 784 1485 possunt
808 1444 994 1476 contrahere

44 1498 278 1531 matrimonium
303 1501 373 1529 ante
398 1506 515 1529 annum
542 1497 699 1529 decimum
725 1500 884 1538 quartum.

1150 860 1252 891 Prima
1276 869 1349 901 pars
1374 860 1467 892 hahet
1493 865 1564 892 tres.
1589 862 1620 893 ln
1647 862 1747 902 prima
1772 862 1894 903 quaerit
1923 862 2012 903 Magi-

1062 916 1141 951 ster,
1160 916 1267 944 utrum
1286 922 1375 945 error
1393 914 1578 946 conditionis
1596 914 1744 956 impediat
1761 916 2011 950 matrimonium,

1062 966 1115 998 uhi
1143 970 1189 998 est
1214 975 1303 998 error
1339 969 1368 998 et
1404 966 1636 998 dissimilitudo.
1667 968 1808 1000 Secundo
1834 977 1925 1005 vero„
1959 969 2011 1000 nbi

1061 1021 1108 1049 est
1133 1027 1240 1056 error,
1265 1022 1294 1050 et
1321 1022 1422 1050 tamen
1449 1018 1630 1050 similitudo.
1656 1020 1758 1051 Tertio
1783 1029 1867 1059 vero„
1892 1024 2012 1059 utrum,

1062 1071 1130 1102 viro
1155 1071 1234 1103 sacto
1260 1080 1368 1104 servor
1393 1071 1447 1103 fiat
1472 1080 1563 1103 serva
1595 1076 1625 1103 et
1657 1072 1724 1113 ipsa
1756 1082 1848 1104 uxor.
1874 1073 2012 1105 Primum

1061 1124 1133 1156 facit
1157 1124 1227 1157 liic:
1254 1124 1351 1156 Nunc
1376 1125 1413 1156 (Ie
1438 1125 1621 1157 conditione
1648 1129 1705 1157 etc.
1738 1125 1917 1157 Secundum
1941 1126 2013 1157 facit

1061 1178 1199 1210 secundo
1224 1178 1378 1219 capitulo,
1404 1178 1466 1210 ihi:
1495 1178 1677 1219 Quaeritur
1702 1178 1820 1217 etiam,
1844 1179 1875 1210 εἰ
1897 1189 2012 1211 servu-9

1060 1231 1162 1262 mlius
1186 1231 1344 1263 ancillam
1367 1231 1506 1263 ulterius
1523 1235 1580 1263 etc.
1599 1232 1737 1264 Tertium
1759 1231 1847 1264 tertio
1865 1232 2011 1273 capitulo,

1060 1285 1122 1316 ihi:
1149 1284 1237 1316 Jttuct
1260 1284 1359 1316 ettam
1384 1285 1565 1317 ototctizdtmz
1590 1289 1653 1323 est,
1679 1286 1766 1328 quod
1787 1285 1826 1317 si.
1852 1305 1895 1309 -
1920 1286 1953 1317 Et
1970 1286 2011 1318 ita

1060 1338 1090 1369 in
1114 1337 1173 1369 hac
1199 1338 1395 1370 distinctione
1420 1338 1559 1370 breviter
1584 1338 1647 1371 duo
1669 1339 1872 1371 determinat:
1892 1339 2011 1381 primo,

1060 1391 1098 1422 de
1130 1400 1238 1423 errore
1271 1391 1477 1430 conditionis3
1508 1392 1647 1424 secundo
1684 1401 1775 1431 vem,
1812 1392 1850 1425 de
1887 1392 2011 1425 defectu

1059 1444 1178 1476 aetatis.

775 1635 984 1667 TRACTATlO
1009 1635 1282 1676 QUAESTtONUM.

130 1761 174 1793 Ad
198 1760 434 1802 intelligentiam
460 1760 632 1801 praesentis
656 1759 863 1792 distinctionis
887 1768 995 1792 secun-

44 1815 118 1847 dum
145 1814 224 1853 duo,
249 1822 329 1855 quae
354 1813 543 1845 determinat
567 1813 729 1854 Magister,
754 1812 817 1845 duo
841 1812 995 1854 principa-

43 1867 113 1899 liter
136 1870 344 1909 quaeruntur.

131 1919 234 1951 Primo
258 1922 410 1961 quantum
429 1919 469 1951 ad
485 1919 620 1961 primam
640 1921 762 1960 partem
787 1918 994 1950 distinctionis

44 1972 207 2014 quaeritur
232 1973 270 2004 de
294 1972 470 2004 conditione
495 1971 666 2004 servitutis.

130 2025 272 2058 Secundo
304 2028 457 2067 quantum
490 2025 528 2057 ad
562 2024 732 2057 secundam
758 2025 923 2066 quaeritur
955 2024 994 2057 de

44 2078 165 2110 defectu
189 2078 308 2110 aetatis.

1148 1760 1235 1792 Circa
1259 1760 1397 1802 primum
1423 1764 1622 1802 quaeruntur
1646 1761 1714 1793 tria.

1148 1813 1251 1844 Primo
1282 1813 1464 1854 quaeritur,
1496 1816 1605 1845 utrum
1635 1813 1772 1846 servitus
1796 1823 1868 1846 cum
1894 1818 2014 1846 contra-

1059 1866 1193 1898 dictione
1218 1866 1334 1898 domini
1361 1866 1512 1908 impediat
1537 1866 1783 1898 matrimonium.

1148 1918 1442 1957 Secundo‚=utt‘um
1467 1928 1540 1951 cum
1565 1927 1673 1951 errore
1698 1919 1922 1951 contrahentis.

1149 1972 1252 2003 Tertio
1277 1972 1442 2013 quaeritur
1466 1972 1505 2004 de
1528 1971 1634 2004 fructu
1659 1972 1794 2011 ventris5
1828 1972 1919 2004 cuius
1946 1981 2015 2004 con-

1059 2024 1208 2056 ditionem
1234 2024 1347 2057 debeat
1371 2025 1477 2066 sequi,
1502 2025 1620 2057 scilicet
1643 2025 1742 2066 patris
1766 2025 1815 2057 vel
1842 2025 1960 2057 matris.

864 2207 1129 2245 ARTtCULus
1160 2209 1184 2244 l.

800 2310 846 2341 De
870 2310 1053 2342 conditione
1075 2310 1253 2342 seruitutis.

914 2421 1097 2462 Quausrto
1122 2421 1142 2452 1.

289 2519 407 2551 [strum
433 2518 574 2562 conditio
598 2519 768 2550 servitutis
792 2528 867 2550 cum
893 2519 1150 2550 contradictione
1174 2519 1301 2550 (lentini
1325 2519 1482 2560 impediat
1505 2519 1770 2551 matrimonium.

131 2630 219 2663 Circa
243 2630 381 2672 primum
400 2630 443 2662 sic
460 2630 642 2672 proceditur
660 2633 689 2661 et
706 2629 891 2668 ostenditur5
909 2630 994 2671 quod

45 2683 177 2715 conditio
202 2692 273 2716 cum
303 2683 548 2715 contradictione
573 2682 691 2714 domini
716 2682 866 2724 impediat
892 2682 995 2713 matri-

45 2735 203 2768 monium:

136 2790 163 2820 l.
188 2788 266 2830 Quia
291 2798 403 2821 servus
432 2798 492 2821 non
525 2792 627 2830 potest
651 2788 769 2820 intrare
794 2788 995 2829 religionem,

47 2840 171 2873 domino
195 2850 252 2874 suo
276 2842 524 2880 contradicente,
549 2842 629 2874 sicut
653 2841 762 2873 dicunt
786 2841 898 2879 iura²‚
923 2844 953 2873 et
971 2841 996 2872 si

46 2893 155 2932 intrat,
180 2894 379 2935 compellitur
403 2894 509 2933 exire,
533 2899 563 2927 et
588 2904 644 2936 pro
669 2894 756 2926 nullo
781 2894 915 2926 habetur
947 2903 996 2925 vo-

47 2949 134 2978 tum:
159 2946 182 2979 si
208 2956 282 2989 ergo
298 2957 358 2979 non
383 2951 485 2989 potest
501 2956 534 2979 se
551 2947 690 2989 obligare
708 2947 771 2979 Deo
790 2955 845 2988 per
869 2950 996 2983 votum,

47 2999 144 3031 multo
169 3000 273 3032 minus
297 3010 352 3032 nec
378 3000 501 3032 mulieri
527 3009 584 3042 per
608 3000 854 3032 matrimonium.

134 3054 163 3084 02.
188 3053 280 3092 item,
302 3062 432 3092 servus,
450 3053 682 3085 contradicente
706 3053 850 3091 domino,
867 3061 927 3083 nou
947 3061 998 3093 po-

1061 2633 1118 2662 test
1149 2630 1189 2661 ad
1218 2639 1323 2662 sacros
1355 2630 1482 2662 ordines
1515 2631 1736 2672 promoveri³z
1770 2639 1844 2672 ergo
1877 2631 2013 2671 videtur,

1059 2682 1143 2723 quod
1169 2691 1224 2714 nec
1249 2683 1484 2714 matrimonium
1510 2683 1696 2715 contrahere
1719 2683 1787 2724 pari
1811 2683 1941 2716 ratione.

1150 2734 1178 2766 3.
1203 2735 1295 2774 ltem,
1320 2735 1349 2766 in
1373 2735 1572 2767 matrimonio
1589 2735 1778 2767 transfertur
1795 2739 1932 2777 potestas
1950 2745 2014 2768 cor-

1060 2788 1146 2829 poris
1159 2787 1216 2819 viri
1232 2788 1261 2819 in
1279 2796 1431 2826 uxorem,
1449 2792 1479 2820 et
1495 2797 1512 2820 e
1529 2797 1680 2820 converso
1694 2788 1724 2826 ἢ
1749 2788 1803 2821 sed
1821 2797 1934 2821 servus
1951 2798 2013 2821 non

1062 2841 1155 2872 hahet
1180 2843 1362 2880 potestatem
1397 2840 1443 2872 sui
1478 2840 1635 2882 corporis,
1667 2840 1722 2872 sed
1751 2841 1820 2873 eius
1844 2841 2011 2873 dominus:

1061 2902 1135 2935 ergo
1149 2903 1209 2925 non
1228 2897 1329 2934 potest
1346 2897 1454 2925 contra
1472 2893 1662 2925 x‘oluntatem
1681 2893 1799 2925 domini
1817 2894 2012 2926 contrahere.

1150 2947 1179 2978 li.
1205 2946 1297 2984 item,
1331 2955 1443 2978 servus
1469 2949 1591 2977 tenetur
1623 2945 1749 2977 domino
1782 2955 1839 2978 suo
1868 2946 2013 2985 obedire,

1062 3008 1132 3031 cnm
1160 2999 1310 3040 praecipit
1335 2998 1392 3030 sibi
1418 2999 1558 3040 aliquidg
1585 2999 1655 3030 item
1691 3002 1814 3030 tenetur
1844 2999 1937 3030 uxori
1965 2999 2014 3031 de-

1062 3052 1162 3083 bitum
1189 3052 1340 3089 roddere‚
1366 3061 1436 3083 cum
1464 3051 1559 3092 petit3
1592 3051 1646 3083 sed
1680 3054 1781 3093 potest
1813 3060 1897 3090 esse,
1929 3053 2014 3093 quod

118 3241 125 3257 ¹
146 3243 198 3267 Gal.
219 3242 247 3274 4,
269 3243 291 3267 Ἰ.
314 3257 345 3261 -
365 3244 490 3275 Superius
514 3250 562 3274 pro
582 3242 645 3276 quia
670 3244 709 3269 est
731 3243 806 3268 codd.
827 3243 909 3268 ΑΕΗ
929 3250 997 3277 quaa

47 3286 98 3317 est,
119 3286 176 3312 cod.
196 3287 213 3311 L
232 3286 259 3312 in
278 3294 332 3321 qua
350 3289 395 3313 est.

115 3329 126 3346 ²
145 3331 210 3356 Vide
229 3338 306 3363 supra
328 3339 387 3363 pag.
408 3331 474 3363 655,
491 3334 548 3355 uota
570 3330 592 3355 st.
607 3345 641 3348 —
659 3331 785 3362 Superius
804 3334 862 3362 post
882 3330 995 3357 conditio

48 3373 106 3398 edd.
126 3374 224 3400 addunt
242 3374 384 3401 servitutis.

1131 3243 1142 3259 3
1162 3243 1192 3268 Ut
1212 3246 1342 3268 ostensum
1363 3246 1402 3268 est
1421 3250 1499 3274 supra
1519 3242 1543 3267 d.
1560 3242 1601 3267 25.
1617 3250 1640 3267 a.
1657 3243 1679 3267 2.
1695 3250 1720 3275 q.
1738 3243 1757 3267 i.
1774 3257 1806 3260 —
1821 3243 1946 3274 Superius
1965 3250 2013 3274 pro

1061 3293 1116 3313 uon
1134 3287 1218 3319 potest
1237 3286 1294 3311 cod.
1315 3287 1331 3310 Z
1352 3292 1406 3311 non
1426 3284 1504 3311 debet.

1132 3330 1142 3346 ⁴
1162 3331 1238 3361 Epist.
1261 3330 1276 3355 l.
1298 3329 1356 3355 Cor.
1376 3329 1407 3360 7,
1432 3329 1454 3354 i.
