2483 3882
292 1753 327 1774 Ad
341 1753 425 1780 opposi-

335 1782 386 1801 tum.

436 215 501 248 438

438 311 517 335 supra
537 303 561 328 d.
581 304 619 328 16.
633 307 658 328 01
681 303 717 327 17,
730 316 766 320 -
779 303 844 326 Petr.
865 308 879 326 a
899 301 967 330 Tar„
988 301 1029 324 hic
1048 306 1072 331 q.
1093 300 1116 323 3.
1138 298 1298 330 quaestiunc.
1318 298 1342 321 2.
1364 297 1387 322 3.

438 363 471 366 —
485 347 603 373 Richard.
623 354 636 371 a
657 346 731 377 Med.⁷
754 346 794 370 hic
819 352 841 369 a.
862 346 885 369 2.
907 351 930 375 q.
952 344 975 368 3.
989 356 1024 361 ——-
1042 342 1077 366 De
1097 343 1136 366 his
1154 345 1180 367 et
1199 341 1230 366 de
1250 341 1273 365 3.
1294 348 1318 372 q.
1339 341 1387 365 Du-

437 392 521 423 rand.‚
542 392 582 416 hic
602 398 626 422 q.
647 392 676 421 8,
696 392 720 415 et
740 390 843 420 Dionys.
861 387 953 418 Carth.y
975 387 1015 411 hic
1035 394 1059 418 q.
1081 386 1104 410 5.

508 435 534 459 ll.
555 434 645 466 Quoad
667 434 690 458 3.
705 433 881 465 quaestionem
896 430 1024 461 nonnulli,
1045 430 1133 454 cortici
1146 428 1288 453 verborum
1305 429 1388 453 inhae-

436 483 534 509 rentes,
555 478 699 503 tribuerunt
718 477 742 500 S.
762 476 859 499 BonaV.
874 474 1030 504 doctrinam,
1052 473 1122 505 quod
1136 472 1251 497 Christus
1271 472 1326 503 ipse
1341 478 1387 503 per

437 529 464 547 se
477 524 501 546 et
515 522 570 545 iure
584 520 672 545 dix-ino
689 525 740 543 non
759 518 893 542 instituerit
906 515 1108 549 confessionem,
1123 518 1147 540 et
1160 522 1206 546 per
1226 521 1388 547 consequens

437 572 484 590 nec
497 565 691 589 Sacramentum
705 562 883 593 poenitentiae.
899 561 968 585 Falsa
989 561 1052 585 haec
1065 560 1239 591 interpretatio
1253 559 1312 583 inde
1335 562 1389 583 orta

437 612 488 639 est,
503 608 573 640 quod
591 607 732 632 adversarii
751 605 839 639 primo
858 612 908 630 non
929 605 1092 630 attenderunt
1111 610 1203 629 verum
1217 609 1327 634 scopum
1343 603 1390 627 hu-

436 653 476 677 ius
495 651 667 684 quaestionis,
689 650 733 682 qui
759 650 784 674 in
811 649 861 673 fine
886 652 1099 680 argumentorum
1126 648 1241 679 praecise
1267 647 1389 678 ponitur3

437 695 505 720 uude
526 697 606 726 patet,
626 693 696 726 quod
711 694 735 718 S.
756 693 849 717 Doctor
864 696 931 717 totus
950 695 988 717 cst
1007 693 1030 716 in
1045 692 1195 723 quaestione
1215 691 1319 715 levioris
1338 697 1390 715 mo-

437 740 514 765 menti
535 738 694 763 discutienda
707 758 712 767 ,
732 738 827 762 scilicet
841 743 922 769 quare
935 737 959 760 in
978 742 999 761 s.
1013 735 1156 768 Scriptura
1175 734 1291 760 Christus
1305 735 1388 765 ipsam

437 782 608 816 confessionis
627 781 828 815 obliqationem,
842 782 897 805 sive
911 783 1011 811 portem
1027 778 1194 805 materialem
1208 779 1285 803 huius
1303 779 1390 803 Sacra-

437 828 515 852 menti
536 834 585 851 non
605 827 641 851 sic
661 824 765 851 disertis
784 823 870 850 verbis
890 824 1018 854 docuerit,
1038 825 1103 848 sicut
1121 822 1236 855 formale
1255 823 1388 853 eiusdem,

437 872 531 897 scilicet
559 871 713 903 potestatem
738 868 855 894 claviam
883 875 943 893 cum
972 870 1097 899 potestate
1122 867 1289 897 absolvendi,
1311 873 1391 898 quam

437 916 585 941 immediate
605 918 630 939 et
649 914 756 939 instituit
781 916 805 938 et
824 914 880 944 ipse
905 912 1082 943 promulgavit
1107 911 1167 943 (liic
1186 913 1210 935 et
1229 918 1251 935 a.
1272 912 1296 935 2.
1317 918 1341 943 q.
1364 912 1388 942 2,

437 966 462 991 p.
483 959 518 983 111.
539 966 561 983 a.
583 959 605 983 1.
626 965 650 990 q.
672 958 700 989 l,
722 957 746 982 d.
768 957 807 981 18.
823 964 848 988 p.
869 957 884 981 l.
899 963 921 981 a.
944 957 966 980 l.
986 963 1010 987 q.
1027 956 1049 980 sl.
1065 955 1108 987 2.),
1123 969 1157 972 -
1170 953 1291 981 Secundo
1312 955 1390 979 iidem

437 1010 487 1029 non
508 1002 672 1028 attenderunt
684 1008 760 1026 usum
775 1000 917 1025 verborum
937 998 1091 1024 instituendi
1108 1002 1131 1023 et
1151 997 1308 1023 insinuandi
1321 998 1391 1029 apud

438 1048 463 1073 S.
483 1048 692 1072 Bonaventuram
706 1049 899 1075 occurrentem,
920 1044 977 1069 licet
990 1050 1019 1068 ex
1039 1044 1095 1074 ipso
1110 1045 1227 1067 contextu
1249 1043 1309 1067 satis
1324 1042 1391 1067 clare

437 1098 465 1116 se
476 1091 575 1122 prodat.
584 1090 646 1115 Nam
656 1091 704 1115 hoc
713 1090 803 1114 saltem
815 1089 871 1113 loco
881 1089 992 1113 sumitur
1002 1086 1139 1112 instituere
1149 1085 1293 1111 secundum
1305 1092 1390 1116 usum,

439 1142 516 1167 quem
537 1135 599 1159 iuris
619 1134 730 1165 adagion
750 1133 869 1163 adhibet,
899 1131 970 1164 quod
993 1140 1005 1153 «ι
1019 1131 1090 1161 leges
1115 1132 1175 1155 tunc
1194 1128 1388 1160 instituuntur,

439 1179 543 1212 quando
561 1177 797 1212 promulyantur»
822 1176 876 1206 (etr.
897 1182 975 1206 supra
997 1175 1020 1199 d.
1044 1174 1068 1198 7.
1089 1181 1110 1198 a.
1133 1174 1155 1198 l.
1177 1180 1200 1205 q.
1233 1174 1253 1198 1.
1275 1173 1391 1198 scholion

438 1231 462 1249 n.
485 1224 540 1256 ΙΙΙ.).
561 1224 622 1248 110111
642 1221 780 1247 insinuare
801 1227 850 1245 non
871 1219 982 1245 excludit
1001 1218 1232 1243 manifestationem
1254 1218 1391 1242 voluntatis

438 1267 512 1294 omni
529 1266 622 1298 niodo,
644 1266 690 1291 sed
710 1268 808 1290 tantum
827 1263 963 1298 publicam
988 1263 1044 1288 sive
1068 1261 1314 1295 promulgationem
1339 1261 1391 1294 for-

1195 209 1478 243 SENTENTIARUM
1502 209 1570 240 LlB.
1594 209 1641 241 IV.

1450 295 1556 321 malem.
1577 297 1610 320 lta
1630 296 1654 320 S.
1674 296 1768 320 Doctor
1787 302 1815 320 se
1834 295 1920 326 ipsum
1940 295 2048 326 explicat
2067 295 2130 320 infra
2151 295 2176 320 d.
2197 296 2238 320 22.
2259 302 2280 320 a.
2296 296 2319 320 2.
2333 303 2357 328 q.
2374 297 2396 321 i.

1452 341 1476 364 in
1497 346 1577 371 corp„
1597 339 1641 364 ubi
1662 339 1735 370 dicit,
1755 339 1827 371 quod
1850 348 1861 361 α
1877 339 1990 370 primum
2012 338 2182 370 [potestatem
2208 339 2331 370 clavium]
2352 339 2401 364 Do-

1452 384 1539 408 minus
1558 384 1663 408 instituit
1682 390 1728 414 per
1752 390 1778 407 50
1798 386 1822 407 01
1847 382 2048 414 promulgavit...
2073 382 2223 407 Secundum
2248 390 2311 408 vero
2330 383 2400 417 [con-

1453 425 1542 459 sessio]
1563 427 1704 451 institutum
1719 426 1764 451 tuit
1784 433 1830 457 per
1844 426 1991 457 Apostolos,
2012 426 2053 450 vel
2075 424 2212 452 utmelius
2232 426 2402 460 dieam‚pr0-

1452 469 1618 503 mulqatum,
1642 471 1702 502 quia
1724 470 1851 495 Dominus
1870 469 2008 502 Apostolos
2027 469 2128 502 docuit.
2144 471 2169 495 et
2185 469 2236 503 ipsi
2253 477 2270 496 a
2290 470 2401 497 Domino

1453 513 1522 540 docti⁴
1540 515 1565 540 et
1583 513 1740 540 anctoritate
1759 513 1792 539 ab
1812 513 1867 547 ipso
1886 515 1993 547 accepta
2011 513 2232 547 promulglarunt.
2259 514 2313 539 Non
2333 515 2401 540 enim

1454 557 1529 583 nobis
1548 558 1709 583 tradiderunt
1728 558 1774 582 nisi
1794 558 1865 590 quod
1879 565 1892 582 a
1912 558 2022 582 Domino
2042 558 2082 582 vel
2102 565 2114 582 a
2136 557 2237 582 Domini
2256 558 2351 589 Spiritu
2365 566 2403 584 ac-

1454 604 1614 633 ceperunt».
1628 616 1663 620 —
1678 602 1722 626 Hic
1742 602 1836 626 modus
1856 601 1978 633 loquendi
1996 602 2126 626 invenitur
2144 608 2195 627 non
2216 605 2314 627 tantum
2334 603 2403 634 apud

1454 646 1628 671 Alexandrum
1648 646 1701 670 Hal.
1722 646 1785 675 (106.
1806 647 1845 670 611.
1868 653 1901 670 ni.
1922 646 1944 670 3.
1964 653 1986 670 a.
2008 646 2036 677 23
2057 648 2081 670 et
2100 647 2144 670 cfr.
2164 653 2186 670 a.
2209 646 2241 678 l.)
2263 646 2402 672 dicentem:

1458 690 1536 714 «Non
1562 690 1668 714 instituit
1694 689 1818 714 Dominus
1848 688 1946 721 lucide,
1975 689 2021 714 sed
2047 690 2227 720 insiniiavit»;
2255 690 2300 714 sed
2326 691 2403 715 etiam

1455 733 1525 765 apud
1546 734 1648 758 Petrum
1675 740 1687 757 a
1714 733 1773 758 Tar.
1795 733 1857 763 (loc.
1884 734 1924 759 cit.
1945 734 2105 765 quaestiunc.
2129 733 2178 765 4.),
2208 734 2251 765 qui
2278 734 2324 758 ait:
2348 743 2359 756 α
2378 734 2403 759 111

1455 779 1517 809 hoe,
1538 778 1608 810 quod
1628 779 1665 803 cis
1685 780 1835 809 potestatem
1855 785 1930 803 suam
1949 778 2109 803 iudiciariam
2129 777 2225 809 ligandi
2245 781 2269 802 et
2288 778 2404 806 solvendi

1456 822 1539 853 dedity
1566 822 1752 847 consessionem
1782 823 1819 847 eis
1845 826 1967 853 tanquam
1994 821 2123 846 iudicibus
2158 821 2211 846 lieri
2239 821 2404 848 insinuavit:

1455 873 1519 897 ergo
1539 866 1644 891 instituit
1669 866 1855 891 contessionem
1882 865 1966 897 tacite,
1987 865 2032 890 sed
2058 865 2172 896 Apostoli
2195 865 2406 898 promitlyarunt

1456 916 1616 942 αρν-0350».
1637 910 1757 934 Similiter
1779 913 1975 940 argumentatur
2003 909 2121 934 Richard.
2145 916 2158 934 a
2184 909 2249 934 Med.
2276 909 2339 941 (loe.
2365 910 2404 935 cit.

1456 961 1481 986 q.
1498 954 1540 986 1.).

1528 998 1710 1029 Quaestionem
1739 998 1804 1022 hauc
1832 998 2017 1029 aecessoriam,
2049 1004 2129 1029 quare
2155 996 2271 1022 Christus
2298 998 2354 1028 ipse
2381 998 2406 1022 in

1456 1049 1475 1067 s.
1491 1042 1622 1073 Scriptura
1637 1049 1686 1067 non
1700 1041 1912 1074 promulyaverit
1932 1041 2048 1066 debitum
2068 1041 2249 1072 consessionis,
2264 1041 2304 1066 alii
2323 1045 2406 1067 aucto-

1456 1092 1497 1110 res
1517 1088 1617 1116 praeter
1631 1085 1802 1110 Alexandrum
1822 1085 1876 1109 Hal.
1891 1088 1916 1110 et
1935 1085 2054 1110 Richard.
2069 1093 2082 1110 a
2098 1085 2161 1110 Med.
2184 1085 2241 1117 (hic
2255 1092 2277 1109 a.
2292 1086 2315 1110 2.
2330 1093 2354 1117 q.
2369 1085 2406 1116 2.)

1455 1130 1498 1153 vix
1518 1132 1632 1159 tangunt.
1653 1128 1772 1154 Ceterum
1793 1136 1842 1153 non
1863 1130 1981 1160 constat,
2003 1128 2131 1154 Christum
2154 1129 2281 1160 Apostolis
2302 1129 2362 1153 nihil
2375 1129 2407 1154 de

1456 1174 1503 1198 hac
1523 1181 1550 1198 rc
1569 1173 1685 1205 explicite
1699 1180 1743 1198 ore
1759 1174 1865 1204 proprio
1880 1173 2030 1205 tradidisse,
2044 1180 2104 1197 cum
2122 1173 2201 1198 multa
2219 1174 2274 1198 eius
2288 1173 2367 1204 dicta,
2382 1176 2408 1198 ut

1455 1218 1559 1248 saepius
1579 1221 1666 1242 monet
1691 1218 1768 1242 etiam
1787 1218 1811 1242 S.
1833 1218 1936 1247 Bonav⁷⁷
1955 1218 1979 1241 in
1999 1224 2019 1242 s.
2040 1217 2139 1242 Litteris
2159 1224 2208 1242 non
2228 1218 2278 1242 sint
2297 1218 2406 1249 sei-ipim

1455 1261 1526 1293 quod
1546 1262 1622 1286 ctiam
1642 1261 1689 1286 loe.
1711 1262 1750 1286 cit.
1772 1261 1841 1285 idem
1861 1261 1983 1286 insinuat.

1305 1377 1488 1418 QUAESTIO
1513 1377 1546 1408 li.

970 1476 1087 1508 Utrum
1111 1474 1272 1518 confessio
1296 1474 1402 1517 fuerit
1424 1474 1577 1506 instituta
1602 1474 1637 1506 in
1661 1474 1726 1516 leye
1748 1474 1884 1516 scripta.

528 1587 670 1619 Secundo
694 1585 876 1628 quaeritur,
909 1587 1017 1616 utrum
1051 1583 1203 1615 confessio
1232 1582 1326 1614 fuerit
1350 1582 1392 1613 in-

439 1641 547 1673 stituta
571 1640 601 1672 in
626 1639 694 1680 lege
719 1639 846 1679 scripta.
873 1637 907 1669 Et
931 1636 1014 1678 quod
1040 1636 1101 1674 sic,
1126 1635 1265 1668 videtur.

531 1694 557 1724 1.
583 1691 707 1724 Levitici
734 1691 855 1723 decimo
880 1689 994 1722 sext01
1019 1689 1134 1721 dicitur
1157 1688 1196 1720 de
1213 1687 1394 1726 sacerdote.

440 1747 493 1789 qui
518 1745 652 1778 debebat
675 1744 801 1776 hircum
825 1742 1025 1775 emissarium
1052 1741 1212 1774 emittere:
1241 1739 1395 1782 Confitett-

441 1804 498 1832 tur
521 1808 630 1831 omne-5
654 1797 844 1840 iniquitates
867 1796 1015 1838 filiorum
1048 1794 1155 1826 Israel
1182 1798 1210 1825 et
1234 1793 1393 1825 uniuersa

439 1852 557 1885 delicta
580 1856 677 1893 atque
698 1853 833 1892 peccata
843 1861 854 1887 ,·
871 1849 924 1881 sed
943 1858 1004 1880 non
1021 1850 1143 1889 poterat
1160 1846 1307 1879 sacerdos
1324 1855 1395 1878 con-

438 1905 519 1938 fiteri
545 1907 672 1946 peccata.
695 1903 847 1941 aliorum,
878 1902 938 1934 nisi
970 1901 1014 1932 illi
1047 1900 1136 1942 prius
1168 1899 1393 1932 confiterentur

439 1967 491 1991 ea:
517 1967 591 1999 ergo
614 1957 751 1995 videtur,
776 1955 859 1997 quod
884 1955 926 1986 ibi
950 1954 1008 1986 fuit
1033 1953 1185 1985 confessio
1210 1952 1364 1984 instituta.

529 2012 557 2043 2.
583 2010 675 2048 110111,
700 2010 759 2041 1106
784 2008 910 2040 videtur
927 2007 1112 2038 auctoritate
1129 2005 1321 2042 Salomonis,
1339 2004 1392 2046 qui

439 2063 683 2096 Proverbiorum
704 2061 856 2102 vigesimo
872 2063 981 2092 octavo
996 2058 1007 2075 2
1025 2058 1115 2091 dicit:
1141 2057 1206 2098 Qui
1222 2056 1394 2089 abscondit

438 2116 563 2148 scelera
586 2124 650 2146 sua
673 2123 739 2145 non
763 2113 948 2155 clii⁴iqettti²;
973 2114 1110 2150 constat,
1142 2110 1227 2152 quod
1253 2109 1393 2151 loquitur

440 2170 489 2201 his
513 2169 566 2210 qui
592 2170 681 2200 erant
705 2170 845 2207 tempore
870 2165 978 2206 Legis,
1003 2167 1033 2196 et
1057 2166 1193 2202 constat,
1223 2162 1307 2204 quod
1332 2170 1394 2193 non

440 2222 584 2263 intelligit
620 2220 658 2253 de
689 2218 893 2251 absconsione
925 2221 1070 2258 respectu
1101 2216 1174 2254 Dei,
1207 2215 1257 2247 cui
1291 2214 1395 2246 omnia

440 2280 514 2308 sunt
538 2278 625 2307 uota:
652 2282 726 2313 ergo
750 2275 894 2314 respectu
919 2270 1055 2302 ministri
1081 2269 1152 2301 Dei:
1178 2277 1253 2310 ergo
1278 2272 1334 2300 etc.

530 2327 558 2359 3.
584 2327 678 2363 110111,
702 2325 798 2358 Isaiae
822 2323 1064 2366 quadragesimo
1089 2322 1180 2354 tertio
1195 2322 1223 2353 ³:
1255 2320 1392 2358 Narra,

439 2380 574 2422 siquid
598 2378 715 2416 habes,
748 2381 785 2409 ut
816 2375 1027 2417 iustificeris;
1060 2375 1115 2406 sed
1147 2374 1286 2405 narratio
1319 2373 1393 2406 dicit

440 2437 545 2466 actum
570 2431 724 2465 sermonis
741 2434 771 2463 et
787 2430 1011 2463 confessionem
1030 2427 1188 2465 vocalem3
1210 2430 1240 2459 61
1256 2429 1376 2459 constet
1387 2452 1394 2465 ,

440 2487 524 2529 quod
551 2486 690 2528 loquitur
715 2493 771 2525 pro
796 2487 936 2524 tempore
960 2481 1065 2523 Legis,
1088 2481 1160 2522 quia
1177 2475 1394 2517 exhortando,

439 2549 501 2572 non
527 2537 751 2580 praedicendo:
778 2545 853 2577 ergo
878 2535 1021 2573 videtur,
1046 2534 1129 2575 quod
1150 2537 1289 2574 tempore
1306 2532 1395 2574 Legis

441 2596 523 2625 05501
547 2591 697 2624 confessio
722 2590 752 2621 in
778 2591 954 2630 praecepto.

529 2645 559 2676 li.
584 2644 676 2682 110111,
701 2643 830 2674 ratione
855 2641 996 2673 videtur:
1022 2640 1094 2681 plus
1118 2643 1165 2671 est
1189 2639 1308 2680 aliquid
1326 2647 1395 2680 pro-

440 2698 522 2730 fiteri
547 2698 626 2729 facto
651 2705 745 2738 quam
771 2695 885 2733 verbo,
910 2694 982 2735 plus
1006 2693 1098 2724 etiam
1124 2691 1264 2725 confiteri
1289 2700 1394 2733 pecca-

441 2755 509 2782 tum
546 2758 651 2782 coram
683 2748 830 2780 omnibus
862 2756 956 2788 quam
990 2755 1095 2778 coram
1128 2754 1211 2782 uno;
1248 2745 1302 2777 sed
1335 2744 1393 2786 ipsi

443 2803 672 2836 confitebantur
704 2810 736 2833 se
770 2803 947 2841 peccatores
980 2807 1084 2830 coram
1117 2797 1281 2833 omnibus,
1315 2797 1393 2829 dum

442 2855 615 2887 offerebant
639 2853 772 2885 hostiam
797 2861 854 2894 pro
878 2855 1022 2893 peccato:
1048 2859 1123 2891 ergo
1148 2859 1220 2881 cum
1249 2850 1288 2880 ad
1314 2849 1395 2881 hanc

1458 1581 1684 1619 tenerentur⁴,
1709 1581 1852 1620 videtur,
1885 1581 1969 1623 quod
1995 1581 2094 1613 11111110
2126 1581 2238 1613 fortius
2270 1581 2309 1613 ad
2342 1590 2411 1613 con-

1458 1634 1623 1666 fessionem
1649 1634 1722 1666 oris.

1549 1689 1577 1719 5.
1601 1688 1695 1726 Item,
1719 1687 1871 1719 confessio
1895 1687 1959 1719 oris
1982 1687 2125 1719 instituta
2149 1690 2196 1719 est
2218 1686 2259 1719 ad
2281 1687 2356 1725 hoc,
2374 1689 2409 1719 ut

1459 1740 1606 1772 sacerdos
1631 1741 1670 1773 sit
1694 1740 1817 1772 medius
1841 1740 1959 1772 arbiter
1968 1752 1976 1778 3
2009 1740 2063 1772 sed
2089 1739 2118 1771 in
2148 1740 2216 1781 lege
2244 1740 2341 1772 veteri
2367 1749 2411 1772 sa-

2477 1702 2480 1738 1

2477 1741 2480 1785 l

1460 1794 1570 1826 cerdos
1594 1796 1662 1825 erat
1686 1793 1857 1830 mediatem
1883 1793 1966 1824 unde
1990 1801 2046 1834 per
2071 1796 2171 1825 totum
2196 1793 2367 1825 Leviticum
2382 1791 2407 1832 ⁶,
2447 1825 2453 1828 ,
2478 1803 2480 1841 j

1459 1847 1513 1878 ubi
1537 1846 1642 1888 agitur
1666 1846 1705 1878 de
1729 1846 1902 1884 oblatione,
1935 1845 2067 1878 dicitur:
2104 1845 2282 1888 Orabitque
2304 1855 2410 1877 sacer-

1460 1899 1535 1937 dos,
1560 1903 1589 1930 et
1613 1899 1796 1930 remittetur
1820 1899 1858 1930 ei.

1549 1953 1577 1984 6.
1603 1953 1696 1990 Item,
1723 1956 1812 1983 vetus
1845 1952 1896 1984 lex
1930 1951 1987 1984 suit
2020 1951 2071 1983 lex
2103 1951 2233 1993 rigoris,
2258 1955 2288 1983 et
2313 1951 2410 1993 magis

1459 2005 1672 2046 puniebantur
1696 2014 1790 2046 quam
1809 2005 1839 2036 in
1858 2014 1938 2036 nova
1952 2004 1981 2042 Β,
2006 2004 2061 2036 sed
2077 2004 2235 2043 confusi0‚
2261 2013 2341 2046 quae
2365 2006 2411 2036 est

1460 2058 1490 2089 in
1522 2057 1728 2099 poenitentia,
1753 2062 1800 2089 est
1824 2065 1937 2098 magna
1971 2065 2087 2097 poena:
2113 2065 2187 2097 ergo
2218 2056 2318 2097 magis
2350 2056 2407 2088 fuit

1460 2113 1639 2152 competens
1663 2109 1722 2151 legi
1747 2109 1845 2141 veteri
1871 2118 1965 2151 quam
1991 2118 2100 2142 novae.

1550 2164 1578 2194 7.
1604 2163 1697 2202 110111,
1728 2163 1825 2201 ratio,
1857 2171 1956 2204 quare
1990 2162 2132 2194 instituta
2164 2166 2211 2195 est
2242 2162 2409 2202 confessio,

1460 2218 1523 2252 est.
1547 2219 1583 2247 ut
1606 2215 1660 2247 fiat
1683 2215 1893 2247 reconciliatio
1919 2215 2089 2253 Ecclesiae3
2115 2215 2169 2247 sed
2193 2215 2327 2247 Ecclesia
2344 2218 2410 2248 erat

1459 2268 1489 2299 in
1515 2268 1613 2300 veteri
1643 2271 1828 2300 testamento
1859 2271 1890 2299 01
1920 2268 2026 2300 unitas
2059 2276 2188 2309 magna,
2222 2268 2295 2309 quia
2327 2276 2409 2300 unus

1459 2321 1687 2359 iniuriabatur,
1713 2321 1789 2353 dum
1822 2321 1988 2362 peccabat,
2013 2321 2067 2353 toti
2093 2321 2305 2359 multitudini,
2330 2321 2409 2353 sicut

1460 2374 1660 2406 manifestum
1685 2377 1731 2405 051
1755 2374 1786 2405 in
1811 2374 1910 2406 Achor
1925 2374 1952 2405 ⁷:
1978 2382 2053 2415 ergo
2074 2377 2148 2406 tunc
2166 2374 2275 2406 debuit
2291 2374 2409 2406 institui

1459 2427 1611 2459 consessio
1636 2427 1764 2468 peccati.

1548 2480 1691 2511 CONTRA:
1720 2480 1746 2510 1.
1781 2479 2016 2520 Augustinus&

1458 2541 1530 2563 runi
1556 2532 1707 2564 confessio
1731 2532 1789 2563 fuit
1806 2535 2004 2573 peccatorum
2018 2544 2032 2560 n
2049 2543 2055 2563 ι
2074 2540 2149 2573 ergo
2166 2531 2309 2570 videtur,
2327 2532 2410 2574 quod

1458 2594 1519 2616 non
1545 2585 1639 2616 fuerit
1663 2585 1702 2616 ibi
1728 2584 1789 2616 alia
1813 2584 1965 2616 confessio
1989 2593 2085 2626 quam
2109 2584 2233 2616 oblatio.

1549 2639 1577 2669 2.
1603 2637 1695 2676 Item,
1720 2637 1872 2669 confessio
1889 2637 2031 2669 ordinata
2048 2641 2095 2669 est
2111 2637 2150 2669 ad
2168 2637 2409 2675 absolutionem

1459 2691 1514 2723 sed
1538 2691 1602 2723 Lex
1632 2690 1898 2731 transgredientes
1929 2699 1969 2722 ex
2002 2693 2088 2722 certa
2119 2690 2248 2722 scientia
2279 2690 2409 2723 faciebat

1459 2743 1557 2775 occidi
1583 2743 1649 2775 sine
1674 2742 1930 2774 misericordiff:
1965 2751 2035 2774 cum
2066 2752 2141 2784 ergo
2164 2752 2226 2774 non
2252 2746 2409 2776 teneretur

1459 2795 1575 2837 aliquis
1599 2795 1701 2827 facere
1726 2803 1758 2826 50
1782 2795 1897 2833 occidi,
1923 2804 1985 2826 non
2010 2795 2178 2826 tenebatur
2200 2795 2351 2827 confiteri.

1549 2848 1577 2879 3.
1602 2848 1695 2886 item,
1720 2847 1751 2879 in
1776 2847 1967 2879 confessione
1993 2847 2234 2879 iiiztnisestantur
2251 2857 2332 2889 quae
2348 2857 2411 2880 cor-

443 3013 521 3037 supra
541 3013 600 3037 pag.
628 3004 693 3035 435,
720 3006 778 3028 nola
799 3003 823 3027 4.
845 3016 879 3020 —
899 3002 1010 3033 Quartus
1039 3002 1087 3026 lae.
1113 3000 1142 3031 5,
1173 3000 1213 3024 116.
1234 3013 1267 3016 -
1287 3000 1396 3030 Quintus

442 3049 467 3073 11.
488 3050 551 3080 Reg.
583 3049 624 3079 12,
650 3048 686 3072 13.
702 3061 735 3064 -
749 3048 840 3071 Sextus
860 3046 884 3070 11.
905 3044 963 3070 Cor.
984 3045 1013 3076 l,
1036 3045 1075 3069 12.
1091 3058 1123 3061 -
1137 3043 1244 3068 luserius
1264 3050 1309 3074 pro
1329 3049 1395 3068 asse—

443 3092 609 3118 curationem
628 3091 684 3116 cod.
706 3090 741 3115 bb
761 3089 964 3116 alleviationem.

514 3137 522 3152 1
544 3137 616 3161 Vers.
637 3137 677 3161 21,
692 3136 732 3154 —'
749 3136 853 3160 lnt'erius
877 3142 925 3166 pro
944 3133 1063 3160 aliorum
1089 3133 1177 3165 plures
1203 3131 1277 3157 codd.
1298 3130 1396 3156 alieno-

443 3187 520 3211 rum,
543 3181 598 3205 Vat.
619 3179 715 3205 aliena.

514 3223 525 3239 2
545 3224 616 3248 Vei-s.
638 3224 727 3248 ·13.-
741 3224 797 3248 Post
818 3230 899 3254 pauca
920 3229 967 3254 pro
987 3221 1028 3248 his
1047 3221 1108 3248 edd.
1129 3220 1160 3247 de
1179 3219 1228 3246 his.

514 3267 525 3283 3
546 3268 617 3292 Vers.
638 3268 679 3291 26.

515 3309 525 3325 ⁴¹
544 3310 593 3335 Cir.
614 3310 687 3334 Num.
709 3310 737 3342 5,
758 3311 781 3334 6.
802 3318 874 3342 seqq.

515 3354 526 3370 ⁵
545 3354 656 3385 00110
682 3354 724 3385 163
750 3354 968 3385 12‚8;=19,22.

1531 2999 1541 3014 6
1561 2999 1627 3023 Vide
1648 2998 1684 3022 111.
1705 2999 1772 3023 Sent.
1794 2998 1818 3023 d.
1839 2998 1879 3022 40.
1900 3005 1924 3030 q.
1947 2998 1970 3023 l.
1992 3000 2017 3023 et
2035 2998 2060 3023 3.
2076 3012 2110 3015 —
2128 2997 2191 3023 Edd.
2211 2997 2298 3031 magis
2322 2996 2409 3031 punie-

1461 3042 1504 3068 bat
1522 3050 1604 3076 quam
1623 3049 1700 3068 nova.

1530 3087 1541 3102 ⁷
1561 3088 1606 3112 los.
1626 3086 1657 3119 7,
1682 3088 1703 3111 1.
1723 3094 1795 3119 seqq.

1530 3130 1540 3146 8
1560 3131 1705 3162 Quaestion.
1720 3137 1750 3155 ex
1769 3134 1818 3156 vet.
1833 3133 1888 3155 test.
1903 3129 1984 3161 (inter
2003 3137 2081 3161 opera
2102 3130 2220 3162 August.)
2240 3137 2265 3161 p.
2280 3130 2307 3155 ll.
2323 3137 2347 3162 q.
2364 3130 2406 3154 =l2t

1460 3174 1620 3199 Manifestum
1640 3178 1690 3204 est,
1712 3175 1866 3199 holocaustis
1890 3174 1972 3199 Deum
1998 3181 2047 3199 non
2073 3174 2209 3204 delectari,
2231 3174 2277 3199 sed
2302 3180 2350 3205 pro
2374 3179 2408 3198 sa-

1459 3219 1600 3243 tisfactione
1619 3220 1716 3250 peccati
1742 3219 1840 3250 gemitu
1866 3221 1890 3243 et
1909 3218 1998 3243 dolore
2023 3218 2109 3243 cordis
2133 3218 2237 3243 veniam
2264 3224 2341 3249 posse
2359 3223 2408 3241 me-

1458 3263 1515 3287 reri.
1536 3262 1695 3287 Sacrificium
1715 3266 1801 3287 autem
1826 3263 2000 3287 testimonium
2026 3262 2125 3293 peceati
2143 3261 2226 3287 voluit
2245 3269 2314 3293 esse,
2336 3263 2363 3286 ut
2381 3267 2408 3285 50

1459 3309 1579 3338 peccator
1598 3313 1645 3337 per
1664 3305 1819 3331 oblationem
1838 3306 1955 3331 sacrificii
1976 3305 2140 3330 eonfiteretur
2159 3312 2289 3337 peccasse.

1528 3349 1539 3366 ⁹
1559 3349 1607 3375 Csr.
1629 3350 1707 3375 Exod.
1730 3350 1756 3374 21
1769 3371 1775 3382 ,
1797 3351 1836 3375 12.
1856 3353 1880 3375 01
1900 3349 1940 3374 tt.
1960 3356 2047 3382 seqq.;
2068 3349 2129 3374 Lev.
2151 3349 2197 3382 24,
2221 3349 2261 3374 t7.

2059 2479 2210 2511 «Oblatio
2246 2479 2480 2512 sacrificio-Faucia
