2483 3882
463 254 526 286 508

460 340 617 382 potentiae
642 338 807 371 taxatione
823 341 854 369 et
870 336 1088 377 corruptione,
1109 338 1164 366 aut
1180 343 1221 366 ex
1238 333 1410 376 ligatione,

461 392 535 434 quia
558 391 703 432 superior
731 393 867 431 potestas
898 397 959 420 non
991 387 1152 428 permittit.
1184 386 1287 418 Primo
1318 385 1411 417 modo

461 453 541 482 non,
573 443 652 475 illud
676 444 769 483 patet.
802 440 945 472 Secundo
976 439 1070 471 modo
1102 448 1162 471 non
1195 438 1305 476 debet,
1338 438 1412 479 quia

462 497 581 529 bonum
605 499 652 527 est
676 493 916 526 diffundendum
942 496 972 524 et
1004 491 1279 533 multiplicandum
1311 494 1342 523 et
1365 500 1413 523 co-

463 549 608 581 lendum:
635 557 709 589 ergo
732 556 793 579 non
819 549 865 578 est
889 545 1107 586 restringenda
1131 547 1268 585 potestas
1277 555 1285 582 3
1316 547 1347 575 et
1370 543 1413 575 ita

463 601 605 638 videtur,
638 599 720 641 quod
746 598 799 639 qui
825 598 855 629 in
879 605 980 629 unum
1005 599 1122 638 potest,
1151 595 1236 637 quod
1260 595 1357 637 possit
1382 595 1412 626 in

462 660 597 684 omnem.

551 703 696 735 CONTRAz
719 703 745 734 l.
764 702 863 734 Causa
885 701 1006 733 decima
1027 703 1131 739 sexta,
1152 699 1333 741 quaestione
1354 699 1414 740 pri-

306 756 547 788 Fundamenta-n]a¹:
574 768 588 784 (ι
600 755 682 786 Ν11111
708 754 906 786 sacerdotum
925 753 1015 785 liceat
1031 752 1258 794 parochianum
1283 752 1414 784 alterius

463 812 518 841 aut
542 807 723 845 absolvere,
748 809 802 838 aut
827 806 966 847 ligare».

552 862 580 893 2.
595 860 680 898 item,
693 859 793 891 Causa
809 868 900 897 nona,
918 858 1099 900 quaestione
1115 857 1254 890 secunda
1267 857 1295 888 2;
1316 869 1332 886 «
1343 857 1414 890 Nul-

466 914 516 946 lus
551 913 681 945 alterius
717 911 943 953 parochianum
976 911 1134 949 iudicare,
1165 911 1330 949 ordinare,
1361 914 1416 942 aut

466 965 742 998 excommunicare
767 967 965 1005 praesumat,
990 963 1064 1005 quia
1088 963 1148 995 tale
1184 962 1336 995 iudicium
1362 967 1416 995 aut

465 1017 620 1049 ordinatio
644 1016 693 1048 vel
717 1015 1002 1048 excommunicatio
1026 1023 1083 1047 nec
1100 1019 1168 1046 rata
1184 1015 1243 1046 erit
1259 1023 1316 1047 nec
1333 1015 1416 1047 vires

464 1069 547 1102 ullas
570 1069 740 1102 habebit».

554 1122 582 1154 3.
608 1122 701 1160 Item,
727 1121 756 1152 in
782 1121 917 1153 Concilio
941 1120 1097 1162 generali,
1123 1123 1214 1152 extra
1246 1120 1285 1152 de
1315 1120 1418 1152 Poeni-

465 1175 570 1208 tentiis
601 1179 631 1207 et
663 1173 943 1206 remissionibus³:
979 1174 1036 1205 «Si
1069 1173 1140 1214 quis
1171 1173 1341 1215 aliquando
1377 1182 1417 1205 ex

466 1238 560 1261 causa
584 1228 720 1260 voluerit
744 1227 833 1258 alteri
858 1226 1016 1264 confiteri,
1041 1225 1197 1258 licentiam
1220 1229 1305 1267 petat
1321 1230 1352 1258 et
1368 1226 1419 1258 ob-

468 1282 564 1314 tineat
588 1290 606 1312 a
630 1280 757 1321 proprio
782 1279 960 1317 sacerdote,
993 1279 1067 1320 quia
1098 1278 1188 1311 aliter
1222 1279 1325 1320 ipsum
1357 1289 1418 1311 non

466 1334 581 1376 poterit
604 1333 767 1365 absolvere
792 1331 841 1364 vel
866 1332 964 1373 ligare
977 1343 1015 1370 »ς
1048 1331 1103 1363 secl
1135 1341 1194 1363 non
1221 1332 1351 1373 quilibet
1375 1341 1420 1365 sa-

468 1386 579 1419 cerdos
603 1389 651 1418 est
674 1385 841 1427 proprius,
874 1385 948 1426 quia
975 1384 1155 1426 proprium
1188 1385 1303 1417 dicitur
1335 1385 1418 1426 quod

466 1439 611 1471 convenit
635 1439 688 1470 uni
714 1438 787 1470 soli:
814 1447 888 1478 ergo
913 1447 973 1469 non
1000 1437 1132 1479 quilibet
1156 1438 1302 1470 sacerdos
1319 1441 1420 1479 potest

466 1492 639 1533 quemlibet
663 1491 835 1523 absolvere.

555 1545 585 1576 li.
611 1545 704 1583 Item,
731 1544 854 1575 videtur
879 1543 1026 1575 ratione.-
1052 1543 1125 1585 quia
1149 1552 1205 1575 nos
1228 1543 1372 1575 videmus
1390 1543 1420 1574 in

468 1597 664 1629 ordinatione
697 1596 1024 1638 praedicamentorum
1061 1596 1090 1627 in
1122 1595 1366 1627 rationalibus⁴
1391 1600 1422 1628 et

468 1651 498 1682 in
525 1650 636 1682 ordine
660 1658 829 1681 causarum
855 1649 885 1680 in
910 1649 1144 1687 naturalibus,
1170 1649 1254 1690 quod
1279 1649 1421 1681 reductio

468 1703 503 1735 fit
526 1712 628 1744 usque
653 1703 691 1734 ad
717 1711 901 1743 supremum
928 1711 984 1743 per
1008 1711 1108 1734 unum
1126 1702 1361 1739 immediatum,
1379 1701 1422 1733 ita

469 1755 554 1797 quod
580 1764 640 1787 non
665 1758 738 1786 sunt
762 1755 855 1796 plura
882 1754 1063 1787 inin‘iediata
1087 1759 1233 1796 respectu
1258 1754 1361 1786 unius.
1388 1755 1422 1786 Et

468 1809 527 1841 boc
552 1812 652 1849 patet,
678 1808 749 1849 quia
777 1817 838 1839 una
863 1811 909 1839 est
934 1807 1052 1849 species
1073 1806 1298 1848 specialissima
1314 1807 1423 1839 indivi-

470 1861 524 1893 dui
549 1861 661 1899 unius,
687 1860 830 1892 similiter
855 1864 901 1892 est
925 1860 955 1891 in
981 1860 1100 1892 causis:
1127 1869 1200 1900 ergo
1226 1860 1250 1891 si
1275 1860 1353 1892 ordo
1376 1863 1423 1891 est

469 1914 500 1945 in
527 1913 661 1945 Ecclesia
685 1913 859 1945 secundum
878 1913 996 1954 gradus
1025 1913 1242 1945 descendendo
1267 1916 1297 1945 et
1320 1921 1424 1945 ascen-

470 1966 572 1998 dendo
590 1975 603 1997 a
624 1966 753 1997 Summo
779 1965 923 1997 Pontiiice
940 1973 1042 2006 usque
1059 1965 1097 1997 ad
1121 1965 1365 2006 parochianum3
1382 1965 1424 1996 vi-

470 2018 563 2050 detur
587 2021 680 2056 tunc,
705 2018 788 2059 quod
815 2027 870 2058 per
895 2027 994 2049 unum
1020 2018 1233 2056 sacerdotem,
1250 2026 1306 2059 per
1322 2027 1421 2049 unum

470 2070 745 2108 archidiaconum,
778 2079 834 2111 per
870 2080 967 2102 unum
1003 2071 1202 2112 episcopum,
1235 2079 1291 2111 per
1322 2079 1421 2102 unum

470 2123 670 2156 hierarcham
683 2123 693 2139 5
710 2123 881 2154 reducatur
899 2123 937 2154 ad
953 2123 1118 2154 Summum
1137 2122 1331 2154 Pontificem:
1350 2132 1424 2164 ergo

470 2185 530 2208 non
557 2179 705 2217 poterunt
733 2176 907 2207 secuudum
931 2179 1051 2207 rectum
1080 2175 1223 2207 ordinem
1248 2175 1355 2217 plures
1380 2184 1425 2207 sa-

471 2229 613 2261 cerdotes
631 2228 661 2259 in
679 2237 796 2260 unum:
816 2237 875 2259 non
894 2237 969 2269 ergo
987 2227 1117 2269 quilibet
1134 2227 1306 2269 quemlibet
1323 2231 1424 2269 potest

471 2281 635 2314 absolvere
661 2281 709 2313 vel
735 2280 842 2322 ligare.

562 2335 589 2366 5.
615 2334 709 2369 116111,
734 2333 776 2365 ita
800 2333 945 2365 videmus
970 2333 999 2364 in
1017 2332 1232 2371 exercitibus,
1251 2333 1335 2374 quod
1353 2336 1425 2365 sunt

471 2387 598 2419 ordines
623 2386 776 2424 distincti,
802 2390 836 2418 ut
860 2386 1008 2418 tribunus
1032 2395 1129 2427 super
1154 2386 1370 2424 centuriones,
1395 2390 1426 2418 et

472 2440 613 2472 centurio
639 2448 734 2480 super
759 2439 1063 2481 quinquagenarios,
1088 2443 1118 2471 et
1135 2439 1426 2480 quinquagenarius

472 2501 568 2534 super
592 2492 794 2530 decuriones,
820 2495 849 2523 et
873 2491 1002 2523 decurio
1027 2500 1122 2533 super
1147 2491 1254 2523 decem
1270 2491 1299 2529 ⁶3
1317 2495 1347 2523 et
1371 2491 1425 2532 qui

473 2547 546 2576 sunt
571 2544 630 2576 sub
654 2553 716 2575 uno
739 2553 799 2575 non
827 2548 899 2575 sunt
924 2543 983 2575 sub
1008 2543 1068 2575 alio
1093 2543 1280 2580 decurione,
1304 2552 1360 2575 nec
1376 2552 1427 2584 po-

1218 246 1502 279 SENTENTIARUM
1526 246 1594 277 LIB.
1618 246 1665 278 IV.

1475 336 1535 365 test
1558 332 1688 365 decurio
1712 341 1911 374 compescere
1934 333 1994 365 nisi
2018 342 2092 365 suos
2116 334 2242 372 decem,
2266 337 2297 366 et
2320 333 2364 366 sic
2386 334 2425 366 de

1475 384 1544 416 aliis
1567 384 1765 417 ascendendo
1774 396 1783 423 3
1814 385 1988 416 secundum
2013 384 2072 417 hoc
2096 385 2164 426 pari
2196 385 2316 417 ratione
2344 385 2428 418 vide·

1478 442 1545 476 tur,
1571 437 1655 479 quod
1679 446 1736 469 nec
1768 437 1914 469 sacerdos
1937 437 2068 469 alterius
2099 438 2345 479 parochianum,
2369 446 2426 471 nec

1476 490 1642 532 episcopus
1665 489 1803 521 alienum
1828 489 2001 522 subditum.

1567 544 1596 574 6.
1620 542 1713 581 item,
1738 542 1763 574 si
1788 542 1851 574 duo
1876 542 2029 575 haberent
2058 552 2150 584 posse
2181 552 2277 584 super
2308 551 2427 582 unum,

1477 595 1530 636 qui
1567 598 1694 636 possent
1725 595 1923 634 discordare,
1956 599 2082 636 possent
2113 596 2269 628 contraria
2300 596 2427 634 iubere,

1478 647 1533 680 sed
1556 656 1649 679 nemo
1672 651 1774 689 potest
1797 647 1922 679 duobus
1947 647 2081 680 dominis
2113 648 2269 680 contraria
2298 648 2430 681 iubenti-

1478 701 1538 732 bus
1562 700 1781 741 obtemperare
1805 700 2069 733 rationabiliter⁷:
2095 709 2170 742 ergo
2194 705 2298 742 posset
2322 701 2351 733 in
2370 701 2428 733 isto

1479 752 1605 785 subdito
1629 752 1823 794 perplexitas
1840 753 2000 794 generari:
2023 762 2098 794 ergo
2114 754 2287 785 secundum
2308 757 2428 786 rectum

1478 806 1621 838 ordinem
1647 814 1707 838 non
1733 805 1825 838 debet
1849 805 1973 838 duobus
1998 806 2213 839 sacerdotibus
2238 815 2333 848 super
2357 815 2431 839 eun·
2472 799 2475 863 ξ

1479 859 1550 890 dem
1576 858 1739 891 subditum
1764 858 1904 900 aequalis
1928 862 2064 899 potestas
2088 859 2173 891 dari:
2199 868 2273 900 ergo
2297 863 2354 891 etc.

1834 972 2074 995 CONCLUSIO.

1516 1068 1589 1099 Nou
1608 1067 1740 1110 quilibet
1755 1068 1910 1100 sacerdos
1922 1072 2026 1109 polest
2042 1068 2211 1111 quemlibet
2231 1068 2397 1101 absolvere

1692 1120 1760 1151 nisi
1784 1119 1818 1151 iu
1842 1120 1985 1152 articulo
2009 1121 2220 1153 necessitatis.

1572 1226 1769 1257 RESPONDEO:
1795 1225 1986 1264 Dicendum,
2004 1226 2105 1267 quod,
2124 1226 2204 1258 sicut
2228 1226 2301 1259 dicit
2324 1226 2434 1268 Diony-

1483 1278 1592 1316 511158,
1622 1290 1637 1306 «
1650 1277 1702 1309 lex
1727 1277 1898 1309 divinitatis
1922 1281 1968 1310 est
1993 1278 2095 1310 media
2120 1287 2175 1320 per
2200 1279 2319 1320 prima,
2343 1282 2373 1311 et
2389 1279 2433 1311 ul·
2477 1288 2480 1310 l

1483 1331 1559 1362 tinia
1583 1340 1638 1372 per
1664 1330 1766 1362 media
1791 1330 1964 1371 perducere
1988 1331 2028 1363 ad
2052 1331 2288 1372 purgationem,
2322 1331 2435 1363 illumi-

1484 1384 1639 1415 nationem
1665 1386 1695 1414 et
1719 1383 1939 1423 perfectionem
1954 1395 1983 1414 ».
2008 1383 2097 1422 ideo,
2130 1384 2210 1415 sicut
2234 1383 2379 1416 videmus
2403 1383 2432 1415 in
2447 1376 2480 1411 Δι’

1484 1436 1648 1473 omnibus,
1673 1436 1738 1467 sive
1763 1436 1793 1467 in
1811 1435 2053 1474 rcttioualibus,
2071 1436 2136 1468 sive
2154 1436 2183 1467 in
2201 1436 2433 1474 naturalibus,
2479 1458 2481 1474 =

1485 1489 1550 1521 sive
1574 1489 1604 1520 in
1629 1488 1836 1526 caelestibus,
1862 1488 1945 1529 quod
1971 1488 2011 1520 ad
2036 1488 2112 1526 boc,
2141 1489 2224 1530 quod
2250 1489 2289 1520 sit
2313 1497 2438 1521 concor·
2479 1478 2482 1499 ²

1485 1542 1537 1574 dia
1561 1545 1591 1573 et
1615 1541 1726 1580 decor,
1751 1545 1891 1582 oportet,
1916 1541 1999 1582 quod
2025 1541 2064 1573 sit
2088 1541 2189 1579 orclo;
2206 1541 2250 1573 sic
2267 1541 2437 1582 intelligen-
2480 1531 2481 1569 f

1486 1595 1560 1626 dum
1587 1599 1633 1625 est
1658 1598 1688 1625 et
1713 1594 1743 1625 in
1767 1593 2002 1635 spiritualibus
2025 1593 2236 1635 potestatibus
2255 1594 2284 1625 in
2303 1594 2369 1635 ipsa
2387 1594 2437 1626 Ec·
2480 1595 2483 1609 ³

1485 1647 1596 1684 clesia;
1621 1646 1706 1678 uude
1730 1646 1847 1678 Cantici
1872 1646 1986 1678 56Χῐο9
2013 1646 2144 1688 legitur,
2169 1647 2252 1688 quod
2279 1646 2436 1678 terribilis
2481 1649 2483 1688 «ζ

1485 1703 1531 1730 cst
1554 1704 1589 1731 ut
1614 1703 1805 1730 castrorum
1830 1699 1917 1730 acies
1942 1699 2110 1731 ordinata.

1574 1751 1727 1792 Quoniam
1752 1751 1847 1792 igitur
1872 1752 1952 1783 orclo
1969 1752 2140 1784 attenditur
2158 1752 2331 1784 secundum
2350 1760 2436 1793 prae·
2474 1755 2483 1778 ἓ

1487 1804 1631 1836 lationem
1657 1807 1687 1835 et
1710 1804 1953 1843 subiectionem3
1978 1808 2008 1836 et
2022 1804 2186 1846 praelatio
2203 1805 2375 1836 attenditur
2392 1786 2478 1836 sse-331¹

1486 1857 1626 1889 cundum
1660 1866 1833 1889 ascensum
1865 1861 1895 1889 et
1927 1857 2135 1896 descensum,
2167 1867 2228 1889 non
2261 1858 2435 1890 seeundum

1486 1910 1724 1952 aequalitateiii3
1749 1913 1779 1941 et
1802 1910 1833 1941 in
1858 1910 2060 1942 ascendendo
2084 1910 2124 1942 ad
2149 1911 2296 1952 superius
2312 1914 2436 1942 6513101-

1488 1968 1540 1994 tus
1564 1966 1591 1994 et
1616 1961 1762 1993 reductio
1786 1962 1832 1993 oid
1854 1971 1977 1999 unum,
2005 1967 2131 1994 econtra
2160 1963 2190 1994 in
2219 1963 2435 1994 descendendo

1487 2020 1534 2049 est
1557 2015 1786 2056 multiplicatio
1800 2015 1839 2046 ¹⁰:
1858 2015 1927 2047 ideo
1949 2016 2122 2047 secuudum
2149 2021 2269 2048 rectum
2294 2016 2434 2047 ordinem

1489 2069 1641 2101 Ecclesiae
1670 2068 1825 2109 oportuit,
1858 2077 1958 2100 unum
1990 2077 2057 2101 esse
2089 2068 2266 2110 praelatum
2300 2069 2437 2110 primum

1487 2125 1518 2154 et
1542 2130 1746 2162 supremum,
1770 2121 1800 2152 in
1826 2130 1887 2162 quo
1912 2125 1993 2153 esset
2016 2125 2123 2153 stritus
2147 2122 2248 2153 omnis
2278 2110 2483 2174 praelatio-„13¹

1488 2175 1536 2206 nis
1560 2174 1795 2206 ecclesiasticae.
1822 2174 1856 2205 Et
1880 2174 1954 2215 quia
1978 2174 2007 2205 in
2034 2174 2086 2206 illo
2110 2178 2209 2206 status
2226 2178 2271 2207 est
2289 2178 2480 2216 tanquamsia·

1488 2227 1519 2258 in
1544 2226 1646 2268 primo
1671 2229 1701 2257 et
1725 2226 1956 2267 simplicissimo
1981 2226 2010 2258 in
2037 2227 2089 2258 illo
2118 2235 2248 2268 genere3
2281 2227 2351 2259 ideo
2375 2209 2481 2258 vir-{¹0¹3

1490 2283 1541 2310 tus
1566 2279 1595 2310 in
1621 2288 1657 2310 eo
1681 2279 1768 2310 unita
1793 2282 1856 2317 est,
1881 2284 1911 2311 et
1935 2279 2021 2323 solus
2038 2283 2084 2311 est
2102 2280 2182 2311 inter
2199 2279 2368 2321 praelatos,
2386 2279 2438 2321 qui

1489 2332 1583 2364 babet
1604 2332 1841 2373 plenitudinem
1869 2332 2039 2373 potestatis
2056 2332 2085 2363 ¹¹.
2108 2351 2152 2355 —-
2173 2332 2266 2371 item,
2291 2332 2438 2374 quoniam

1489 2394 1545 2426 per
1570 2393 1728 2417 recessum
1755 2385 1794 2416 ab
1819 2394 1882 2416 11110
1907 2384 1941 2416 fit
1965 2384 2214 2426 multiplicatio,
2239 2390 2269 2417 et
2302 2394 2356 2426 per
2380 2385 2438 2417 boc
2462 2391 2481 2422 ‚1⁵

1489 2437 1624 2469 virtutis
1649 2437 1844 2475 (limiuutio;
1866 2437 1952 2476 ideo,
1987 2441 2103 2479 quanto
2128 2437 2258 2479 praelati
2291 2438 2342 2469 alii
2368 2420 2482 2492 infe-{jn}

1490 2491 1589 2522 riores
1613 2494 1701 2529 sunt,
1737 2494 1822 2522 tanto
1842 2490 1957 2532 plures
1993 2495 2067 2522 sunt
2095 2494 2125 2522 et
2161 2493 2245 2522 tanto
2280 2490 2440 2522 minorem

1492 2542 1606 2574 liabent
1626 2546 1832 2584 potestatem,
1858 2543 1899 2574 ita
1924 2543 2007 2584 quod
2031 2546 2138 2574 status
2162 2545 2209 2575 est
2238 2543 2266 2574 in
2300 2543 2440 2575 sacerdo-

545 2721 551 2736 1
574 2721 683 2745 Gratian.
704 2728 783 2752 snper
803 2720 828 2745 C.
850 2720 995 2746 Adlicimus
1015 2720 1083 2746 illud
1101 2721 1180 2746 clicuit
1201 2721 1272 2753 (19.).
1292 2720 1342 2746 Csr.
1364 2722 1427 2746 Gra-

475 2765 534 2789 tian.
554 2771 634 2795 super
653 2764 679 2789 C.
700 2764 832 2790 Sacerdos
851 2766 911 2789 (title
932 2764 1022 2790 oinuiu
1046 2765 1106 2796 (2.),
1129 2765 1160 2789 de.
1181 2765 1335 2790 Poenitentia
1357 2765 1381 2789 d.
1402 2765 1424 2788 6.

475 2809 540 2832 intra
561 2809 583 2831 in
604 2808 637 2832 lit.
659 2808 784 2839 Magistri,
805 2808 829 2832 d.
851 2808 919 2832 XXl.
942 2809 965 2832 in
988 2809 1036 2832 sine
1057 2808 1189 2839 allegatus.

546 2851 555 2867 ἵ
576 2850 635 2875 Can.
656 2850 755 2877 Nullus
775 2850 888 2876 alterius
909 2851 1034 2877 termmos
1053 2856 1161 2882 usurpet
1187 2858 1233 2876 nec
1261 2853 1364 2876 ulterius
1385 2858 1426 2882 pn-

475 2895 654 2919 rocbianuni...
677 2895 737 2926 quia
758 2895 812 2919 tulis
832 2895 953 2920 iudicatio
972 2895 1013 2919 vel
1033 2894 1160 2919 ordinatio
1186 2897 1229 2919 aut
1254 2895 1427 2920 excommuni-

476 2939 541 2964 catio
560 2938 600 2963 x'el
622 2938 751 2963 damuatio
772 2945 819 2962 nec
838 2942 890 2963 rata
911 2943 959 2963 etc.
982 2938 1036 2970 (1.).

544 2982 555 2998 3
576 2982 643 3007 Libr.
665 2982 694 3006 V.
716 2983 751 3007 tit.
775 2983 815 3007 38.
836 2982 862 3007 C.
886 2981 977 3007 Oiirm's
1005 2981 1146 3015 utriusque
1171 2988 1253 3007 semus
1281 2981 1354 3014 (12).
1375 2981 1425 3007 Csr.

476 3032 555 3056 supra
575 3033 635 3057 pag.
658 3025 721 3056 452,
743 3029 802 3051 nola
824 3026 846 3050 3.
867 3039 901 3044 --
922 3026 1028 3050 lnl'crius
1048 3026 1183 3056 respicitur
1202 3026 1319 3056 Aristot.,
1341 3025 1358 3049 1.
1379 3025 1427 3050 To-

477 3071 525 3101 pic.
547 3076 568 3094 c.
589 3069 621 3094 4:
644 3071 808 3101 Proprium...
828 3071 874 3095 soli
895 3074 979 3094 nutem
1002 3070 1066 3094 inest
1084 3073 1109 3094 et
1127 3070 1273 3094 conversim
1296 3069 1426 3100 praedica-

476 3116 517 3138 tur
538 3113 569 3138 de
590 3120 642 3138 re...
663 3113 743 3138 Nemo
763 3115 830 3138 enim
852 3114 989 3144 proprium
1010 3113 1069 3138 dicit
1089 3113 1159 3145 quod
1179 3114 1302 3144 contingit
1325 3113 1365 3137 alii
1390 3113 1425 3137 in-

477 3163 540 3181 esse.
562 3156 611 3181 Csr.
633 3157 773 3189 Porpliyr.,
795 3157 826 3181 ‹lo
847 3157 994 3182 Praedicab.
1015 3164 1035 3182 c.
1057 3157 1087 3183 cle
1107 3156 1228 3190 Proprio.

548 3199 557 3215 ⁴¹
578 3201 691 3232 supple:
713 3201 853 3232 disciplinis
867 3202 922 3226 sive
935 3201 1054 3226 scientiis.
1069 3201 1208 3232 Disciplina
1229 3199 1371 3226 rationalis
1390 3203 1428 3225 cst

478 3243 560 3274 logica
576 3244 630 3273 (cfr.
645 3248 705 3269 tom.
720 3245 754 3268 lll.
771 3252 830 3276 pag.
851 3245 914 3276 568,
937 3249 995 3270 nola
1015 3245 1068 3277 3.)‚
1091 3245 1115 3269 in
1136 3252 1185 3277 qua
1206 3245 1291 3276 agitur
1309 3244 1341 3268 de
1350 3251 1427 3277 prae-

479 3285 632 3312 clii-amentis
652 3287 709 3319 (cfr.
735 3291 797 3312 tom.
820 3289 844 3312 ll.
866 3295 925 3319 pag.
949 3288 994 3320 48,
1018 3293 1075 3313 nota
1100 3289 1143 3320 1.).
1163 3301 1198 3306 -
1216 3289 1252 3313 De
1270 3287 1354 3321 specie
1372 3295 1428 3321 spe-

481 3328 625 3355 cialissima.
643 3331 703 3355 vide
723 3338 801 3362 supra
822 3339 881 3363 pag.
903 3332 929 3357 tt
943 3333 967 3364 l,
988 3336 1046 3358 nota
1069 3333 1108 3357 tss.
1129 3347 1162 3350 —
1182 3333 1240 3358 Vat.
1262 3339 1322 3358 cum
1342 3333 1428 3358 mullis

481 3373 557 3397 codd.
579 3373 791 3400 rationabilibus.
814 3375 881 3399 Idem
903 3377 1011 3401 recurrit
1029 3377 1093 3401 iut'ra
1113 3377 1137 3401 in
1159 3383 1229 3408 corp.

1561 2720 1572 2736 5
1591 2720 1653 2745 licld.
1676 2720 1821 2752 praefigunt
1836 2719 2024 2752 patriarcham
2043 2719 2090 2745 vel.
2106 2720 2176 2744 Sicut
2185 2718 2345 2752 patriarcha
2364 2720 2439 2751 signi-

1491 2764 1548 2789 ficat
1562 2768 1664 2795 patrum
1680 2765 1822 2795 principem
1837 2764 1892 2795 (cfr.
1907 2763 1933 2788 C.
1949 2762 2038 2789 Oleros
2057 2764 2080 2789 et
2099 2763 2208 2789 clericos
2229 2764 2251 2787 11.
2273 2763 2296 2788 d.
2318 2763 2386 2795 21.),
2408 2763 2440 2788 ita

1489 2807 1632 2833 hierarcha
1653 2809 1796 2839 principem
1816 2814 1949 2832 sacrorum
1969 2805 2035 2840 (ἱερά
2055 2810 2079 2832 61
2099 2801 2198 2842 ἆρχὸς).
2212 2807 2261 2832 Cir.
2282 2808 2306 2831 S.
2327 2807 2437 2838 Bonav.‚

1491 2852 1514 2875 in
1537 2851 1655 2876 llexae‘m.
1676 2858 1752 2876 serm
1774 2852 1797 2875 3.

1561 2895 1571 2910 ὁ
1592 2895 1656 2919 Vide
1678 2894 1780 2924 isidor.‚
1798 2895 1838 2919 tx.
1852 2895 1995 2926 etymolog.
2011 2901 2031 2919 c.
2047 2895 2071 2919 3.
2087 2901 2110 2919 Π.
2126 2895 2167 2919 29.
2181 2902 2234 2927 seq.
2250 2909 2284 2912 —
2297 2894 2378 2919 Codd.
2392 2895 2412 2918 R
2424 2894 2439 2918 S

1492 2939 1512 2963 T
1527 2939 1545 2963 U
1565 2942 1759 2970 prosequuntur
1778 2939 1803 2963 et
1821 2937 1917 2970 decem,
1940 2938 1987 2971 qui
2004 2940 2069 2964 sunt
2087 2942 2134 2963 etc.

1562 2982 1572 2998 ⁷
1591 2982 1736 3013 Respicitur
1765 2983 1851 3007 ltlatth.
1883 2982 1913 3014 6,
1936 2982 1985 3007 24:
2006 2982 2086 3007 Nemo
2106 2986 2189 3013 potest
2210 2982 2312 3007 duobus
2331 2983 2440 3007 dominis

1491 3027 1597 3051 servire.
1612 3040 1646 3043 —-
1660 3027 1785 3057 Superius
1804 3033 1852 3058 pro
1871 3025 1918 3059 qui
1933 3028 2042 3059 possent
2055 3026 2111 3051 cod.
2126 3027 2147 3051 K
2163 3027 2181 3058 (l
2196 3033 2210 3051 a
2224 3026 2337 3051 secunda
2352 3027 2440 3059 manu)

1491 3069 1554 3102 quia
1572 3071 1686 3102 possent.

1561 3113 1572 3129 Β
1592 3114 1627 3138 De
1646 3113 1752 3138 Caelesti
1780 3114 1910 3139 Hierarch.
1932 3121 1953 3139 c.
1974 3114 1997 3138 S.
2017 3114 2032 3146 S
2053 3115 2077 3139 2.
2096 3114 2147 3140 Csr.
2169 3119 2230 3140 tom.
2251 3115 2277 3138 ll.
2298 3121 2358 3146 pag.
2374 3114 2438 3145 277,

1492 3162 1550 3182 nota
1569 3157 1593 3182 7.

1561 3200 1572 3217 ⁰
1592 3201 1664 3226 Vers.
1686 3202 1709 3225 3.

1563 3244 1585 3260 ¹⁰
1603 3244 1653 3270 Cir.
1675 3246 1814 3277 l‘orpliyr.,
1834 3245 1867 3270 de
1886 3245 2034 3270 Pracdicab.
2054 3252 2075 3270 c.
2095 3245 2126 3271 de
2144 3244 2242 3278 Specie.

1563 3288 1583 3304 ¹¹
1605 3289 1635 3313 Ut
1655 3288 1715 3314 dicit
1735 3289 1866 3320 Bernard„
1889 3290 1966 3320 Epist.
1988 3289 2041 3314 131,
2057 3296 2081 3314 Π.
2104 3290 2127 3314 2.
2147 3292 2172 3313 et
2191 3289 2216 3313 ll.
2232 3289 2264 3314 de
2283 3288 2439 3314 Considerat.

1492 3339 1513 3358 c.
1535 3333 1558 3357 8.
1579 3340 1602 3357 Π.
1621 3333 1658 3357 16.
1673 3332 1727 3357 Lib.
1741 3332 1774 3358 de
1787 3332 1890 3364 Causts,
1904 3339 2010 3364 propos.
2026 3332 2075 3357 47:
2089 3332 2178 3357 Omnis
2196 3333 2279 3358 virtus
2298 3334 2366 3358 unita
2384 3333 2440 3364 plus
2472 3345 2475 3347 -

1492 3381 1530 3402 est
1549 3376 1644 3401 infinita
1664 3383 1743 3408 quam
1757 3377 1838 3402 virtus
1852 3377 2025 3408 multiplicata.
2045 3376 2095 3402 Csr.
2115 3377 2235 3409 Gratiam,
2258 3377 2282 3402 d.
2297 3378 2337 3402 21.
2356 3379 2381 3402 et
2399 3376 2439 3401 22.
