2483 3882
5 448 42 464 lm.

0 1989 33 2011 tio.

0 2516 37 2536 len-

819 238 913 269 DIST.
938 237 999 269 XX.
1023 238 1053 270 P.
1078 239 1111 270 Il.
1136 239 1255 272 DUBIA.

56 324 226 367 aequaliter
256 323 419 361 omnibus,
444 323 499 356 sed
532 324 707 356 secundum
739 325 1003 358 existimationem

56 378 139 416 eius,
163 385 257 418 quam
282 375 391 407 habuit
416 376 464 408 vel
489 376 605 408 habere
630 377 740 409 debuit
763 377 816 419 qui
842 378 1003 419 indulgen-

56 430 128 462 tiam
144 428 229 466 fecit;
245 437 340 470 quam
357 436 418 460 non
436 428 574 470 oportuit
591 429 786 470 exprimere,
804 430 878 471 quia
894 439 1003 463 omnes

56 481 162 515 fideles
185 480 299 513 debent
330 479 409 512 illud
442 480 473 512 in
497 481 592 513 corde
623 490 893 523 praesupponere,
917 483 1002 524 quod

56 536 135 568 dona
157 537 188 566 et
211 532 426 566 miserationes
446 533 543 566 sancti
568 533 703 575 Spiritus
720 534 877 566 donentur
902 543 975 567 cum
992 534 1000 549 ¹

1958 244 2017 276 541

1067 335 1168 368 aequo
1192 326 1367 359 libramine.
1392 327 1452 360 Nec
1476 328 1535 360 hoc
1559 327 1652 360 debet
1675 328 1812 370 aliquem
1837 329 1877 361 ab
1902 329 1950 362 his
1976 339 2023 362 re-

1068 378 1210 418 trahere,
1235 379 1309 421 quia
1333 388 1458 420 semper
1489 379 1562 421 plus
1586 380 1708 419 valent,
1733 380 1757 413 si
1793 381 1888 413 homo
1918 381 1959 413 sit
1990 382 2022 413 in

1068 430 1227 469 caritate,
1252 440 1346 473 quam
1371 431 1473 464 valeat
1489 432 1678 473 obsequium
1702 433 1752 465 vel
1769 433 1857 466 aliud
1881 433 2020 476 aliquid,

1067 492 1125 524 pro
1141 492 1203 525 quo
1221 483 1414 525 indulgentia
1438 485 1621 517 conceditur
1640 485 1687 518 vel
1712 486 1858 518 donatur.
1872 505 1916 510 —
1929 487 1964 519 Et
1980 496 2022 519 ex

1068 536 1127 568 hoc
1150 540 1257 578 patent
1280 538 1385 569 omnia
1408 537 1530 570 obiecta
1544 538 1566 569 ².

708 657 819 690 DUBIA
843 658 948 690 CIRCA
972 658 1159 691 LITTERAM
1183 660 1367 692 MAGISTRI.

464 769 542 801 Due.
566 768 586 800 Ι.

138 878 170 910 111
195 880 283 919 parte
308 876 366 909 ista
390 879 463 908 sunt
495 875 706 908 dubitationes
730 874 814 907 circa
847 874 1001 913 litteram,

54 928 84 966 et
106 931 207 974 primo
233 931 271 963 de
295 930 354 962 hoc
379 929 462 971 quod
488 928 582 961 dicit:
615 928 653 960 Si
682 938 758 960 vero
791 937 855 959 ηοη
879 927 1003 971 suffieit

56 984 145 1018 dolor
177 982 315 1015 interior
345 981 448 1013 simul
479 990 554 1013 eum
582 990 689 1022 poena
714 980 878 1017 iniuncta,
904 980 1003 1012 addet

53 1039 137 1070 Deus
156 1044 306 1078 poenam.
338 1034 470 1067 Videtur
495 1033 577 1066 enim
602 1033 735 1072 falsum,
759 1033 833 1074 quia
858 1033 915 1064 iste
948 1032 1000 1074 qui

51 1090 120 1123 fecit
143 1088 363 1131 poenitentiam
390 1087 579 1125 iniunctam,
605 1086 676 1119 fecit
701 1089 819 1124 totum,
843 1085 883 1117 ad
916 1084 1000 1126 quod

52 1143 234 1179 tenebatur:
260 1150 334 1182 ergo
361 1140 412 1172 illa
436 1140 610 1181 completa,
634 1143 680 1172 est
705 1139 890 1171 absolutus:
924 1147 1000 1180 ergo

52 1206 111 1230 non
143 1195 235 1228 debet
266 1193 404 1235 amplius
436 1202 567 1235 poenam
593 1192 737 1224 reddere.
762 1210 807 1214 —
830 1192 923 1231 Item,
956 1200 1001 1224 sa-

51 1249 160 1282 cerdos
188 1250 235 1280 est
266 1246 384 1278 arbiter
408 1246 489 1278 inter
515 1249 711 1287 peccatorem
736 1248 766 1277 et
790 1245 912 1282 Deum;
945 1244 1000 1276 sed

51 1302 74 1335 si
99 1301 244 1335 sacerdos
260 1299 403 1341 iniungat
419 1298 574 1340 peccatori
592 1297 814 1339 poenitentiam
833 1297 1000 1335 maiorem,

49 1348 190 1398 peccator
215 1355 338 1385 tenetur
374 1355 458 1383 stare
490 1351 559 1383 eius
584 1351 716 1389 iudicio,
741 1350 887 1392 quamvis
911 1359 1000 1382 exce-

49 1409 115 1441 dat:
141 1416 215 1448 ergo
240 1405 264 1438 si
288 1405 372 1437 Deus
408 1413 468 1436 non
505 1407 631 1436 revocat
668 1403 947 1445 compromissum;
973 1403 999 1435 si

49 1463 131 1494 errat
144 1458 334 1500 iniungendo
352 1457 505 1489 minorem
523 1465 655 1498 poenam
674 1456 789 1494 debita,
806 1456 899 1488 debet
916 1455 999 1487 Deus

48 1522 114 1546 esse
138 1515 318 1549 contentus,
343 1513 398 1542 aut
434 1510 457 1542 si
494 1509 602 1548 aliter,
628 1509 755 1541 videtur
778 1509 924 1550 frangere
949 1517 1000 1550 pa-

48 1569 141 1599 ctum.
165 1584 209 1587 —
232 1565 324 1602 Item,
349 1562 524 1604 ignorantia
548 1566 697 1601 excusat,
717 1562 855 1594 maxime
872 1561 999 1603 quando

48 1613 94 1651 est
127 1617 333 1654 invincibilis3
366 1616 421 1648 sed
458 1615 554 1653 scire,
590 1618 745 1657 quantum
781 1615 865 1647 Deus
893 1614 999 1655 exigat

48 1680 163 1714 poenae
187 1680 244 1712 pro
269 1670 379 1711 culpa,
404 1678 495 1701 nemo
520 1668 606 1700 novit
639 1668 918 1706 certitudinaliter,
943 1667 997 1699 sed

49 1725 148 1763 solum
181 1732 236 1765 per
269 1723 499 1755 coniecturam:
525 1731 600 1763 ergo
632 1721 662 1752 in
695 1721 753 1753 hoc
778 1721 926 1752 standum
952 1722 998 1752 est

48 1778 161 1810 iudicio
184 1781 215 1809 et
246 1776 377 1808 arbitrio
406 1775 590 1807 sacerdotis:
616 1783 691 1816 ergo
724 1774 749 1806 si
774 1773 911 1815 amplius
935 1783 997 1805 non

47 1823 194 1873 procedat
208 1830 229 1869 ³,
254 1828 422 1861 absolutus
446 1831 502 1860 est.

134 1883 332 1914 Responneo:
357 1880 550 1918 Dicendum,
582 1879 667 1921 quod
700 1879 847 1912 sacerdos
880 1879 997 1911 virtute

48 1936 180 1969 clavium
205 1935 299 1967 habet
316 1934 485 1976 potentiam
503 1933 669 1966 relaxandi
693 1932 814 1974 aliquid
831 1932 870 1965 de
887 1941 996 1973 poena,

47 1992 77 2022 et
99 1989 178 2021 hanc
195 1988 278 2020 Deus
302 1996 466 2028 nunquam
483 1986 598 2027 exigit,
615 1985 668 2018 sed
689 1985 828 2018 solutum
846 1988 969 2017 tantum
985 1984 995 1999 ‘²

47 2045 186 2084 reputat,
210 2051 227 2073 a
261 2050 324 2082 quo
360 2040 506 2072 sacerdos
541 2038 693 2077 absolvit3
722 2042 752 2071 et
776 2042 929 2080 quantum
956 2038 996 2069 ad

47 2094 103 2128 1106
127 2094 309 2137 simpliciter
327 2103 359 2126 se
376 2093 542 2126 committit
559 2092 590 2124 in
615 2092 787 2124 sacerdotis
810 2091 996 2130 arbitrium,

46 2139 71 2181 si
94 2158 154 2180 non
178 2148 217 2180 sit
241 2147 503 2189 impedimentum
527 2155 545 2177 a
569 2150 658 2187 parte
682 2145 751 2177 eius
786 2145 839 2187 qui
864 2144 997 2176 absolvi-

47 2204 108 2234 tur.
131 2201 289 2242 Quantum
315 2208 390 2231 vero
414 2199 453 2231 ad
480 2198 682 2230 taxationem
700 2207 760 2230 non
778 2207 811 2230 se
831 2197 996 2230 committit

46 2254 104 2286 nisi
128 2253 157 2285 in
182 2253 349 2285 arbitrium
376 2251 528 2289 (lisereti,
553 2251 605 2293 qui
632 2251 725 2283 etiam
745 2251 880 2283 discrete
898 2254 994 2289 taxat,

47 2306 118 2348 quia
141 2315 200 2338 non
216 2306 226 2320 ⁵
252 2306 341 2338 decet
365 2305 465 2337 Deum
488 2304 579 2336 aliter
602 2304 723 2342 facere,
748 2307 778 2336 et
802 2303 889 2341 ideo,
907 2304 933 2335 si
951 2312 996 2335 sa-

47 2359 154 2392 cerdos
178 2358 399 2400 poenitentiam
423 2358 577 2389 minorem
595 2357 749 2398 condigna
765 2356 922 2398 imponat,
939 2356 996 2387 Do-

46 2411 147 2443 minus
172 2411 298 2453 supplet
321 2410 405 2452 quod
431 2410 548 2442 deerat.

131 2464 220 2505 Quod
245 2464 409 2501 obiicitur,
427 2463 511 2505 quod
530 2463 600 2495 talis
624 2462 696 2495 fecit
713 2465 813 2494 totum
825 2487 832 2500 ,
849 2461 889 2494 ad
910 2461 995 2503 quod

50 2517 229 2555 tenebatur,
254 2525 365 2548 verum
391 2519 438 2548 est
469 2516 507 2547 de
539 2515 693 2553 tentione,
718 2523 799 2556 quae
835 2514 919 2546 venit
954 2523 995 2545 ex

47 2570 147 2602 debito
175 2569 361 2611 praecepti;
385 2569 440 2601 sed
470 2569 508 2600 de
541 2568 695 2607 tentione,
725 2577 805 2609 quae
837 2567 923 2599 venit
954 2576 995 2599 ex

46 2622 237 2665 obliyatione
268 2622 333 2654 sive
365 2631 406 2654 ex
431 2624 521 2653 reatu
545 2620 681 2662 peccati,
706 2630 765 2652 non
796 2623 843 2652 est
867 2628 994 2658 verum,

47 2685 207 2717 quousque
239 2675 368 2708 solverit
392 2683 522 2716 poenam
549 2673 745 2715 condignam.

131 2729 220 2769 Quod
245 2728 392 2760 obiicitur
417 2728 455 2759 de
480 2726 629 2765 arbitrio,
654 2726 716 2758 iam
741 2729 839 2767 patet:
865 2725 938 2767 quia
963 2725 993 2756 in

46 2780 140 2813 solius
165 2781 291 2813 discreti
316 2780 483 2811 arbitrium
516 2788 549 2812 se
585 2779 751 2811 committit
775 2782 928 2819 quantum
954 2777 993 2809 ad

45 2833 233 2865 taxationem
259 2841 385 2874 poenae.

131 2886 220 2927 Quod
244 2886 390 2918 obiicitur
414 2885 453 2917 de
477 2884 670 2926 ignorantia,
696 2884 884 2922 dicendum,
910 2882 994 2924 quod

116 3070 123 3087 ¹
144 3070 206 3097 Cod.
225 3072 244 3096 Z
263 3073 287 3097 et
305 3071 350 3097 ita.

114 3113 126 3131 ²
145 3114 210 3139 Vide
229 3116 343 3140 scholion
363 3115 395 3140 acl
416 3116 440 3140 3.
463 3116 540 3140 buius
559 3115 657 3139 articuli
678 3118 776 3146 quaest.

115 3156 126 3173 ³
145 3157 206 3183 Cod.
227 3158 262 3184 bb
280 3158 407 3192 procedit.

117 3200 127 3217 ⁴
145 3201 231 3227 Plures
251 3203 326 3228 codd.
344 3204 464 3227 omittunt
483 3204 601 3234 tantum,
617 3209 665 3233 pro
679 3209 731 3234 quo
748 3202 807 3227 edd.
822 3209 895 3233 eum,
915 3202 990 3227 codd.

48 3243 100 3269 HV
112 3244 147 3269 bb
167 3245 275 3271 liabent:
295 3245 340 3271 sed
358 3245 446 3271 solum
466 3247 579 3271 tantum.

114 3289 125 3305 ⁵
145 3290 207 3315 Edd.
227 3290 290 3324 quia
309 3290 333 3316 si
356 3290 436 3315 aliter
454 3290 490 3323 fit.
517 3290 627 3315 Eaedem
648 3290 707 3315 edd.
734 3290 865 3321 aliquanto
889 3290 995 3315 inferius

46 3333 166 3359 omittunt
184 3341 251 3367 quae
269 3334 339 3360 venit
357 3341 392 3359 em
411 3333 494 3359 debito
512 3333 660 3367 praecepti,
683 3333 729 3359 sed
747 3333 777 3358 de
797 3333 917 3359 tentione.

117 3376 128 3392 ⁶
145 3376 194 3402 Csr.
214 3385 292 3409 supra
313 3378 337 3403 d.
359 3379 399 3402 18.
419 3385 443 3409 p.
465 3378 481 3402 l.
501 3385 523 3402 a.
545 3378 568 3402 2.
589 3384 613 3409 q.
635 3378 667 3409 2;
687 3378 755 3402 Alex.
775 3377 844 3409 Hah,
866 3379 890 3402 S.
912 3385 937 3409 p.
955 3378 993 3403 lv.

1068 769 1121 801 illa
1145 770 1319 811 ignorantia
1344 775 1493 811 excusat,
1518 776 1553 805 ut
1589 782 1650 805 non
1686 777 1809 816 peccet3
1834 774 1888 806 sed
1913 776 2019 807 tamen

1068 831 1129 854 non
1153 826 1302 862 excusat,
1327 827 1362 855 ut
1386 824 1627 857 satisfactionem
1660 826 1831 867 perfectam
1855 826 1965 865 faciat;
1990 829 2021 859 et

1067 874 1138 906 ideo
1162 878 1284 917 oportet
1307 876 1412 908 adhuc
1436 877 1543 918 perfici
1570 878 1601 909 in
1625 878 1693 910 foro
1718 878 1771 911 Dei
1787 878 1808 910 ⁵.

1475 982 1551 1014 Dim.
1577 983 1609 1013 lI.

1156 1086 1230 1119 Item
1256 1087 1421 1129 quaeritur
1445 1088 1484 1120 de
1520 1089 1578 1121 hoc
1611 1089 1695 1130 quod
1720 1089 1795 1122 dicit
1819 1090 1858 1123 de
1883 1090 2020 1123 latrone:

1068 1138 1199 1178 Statim,
1226 1144 1261 1172 ut
1284 1150 1462 1173 conversus
1485 1140 1563 1184 fuit,
1580 1142 1782 1183 paradisum
1807 1143 1939 1185 ingredi
1961 1153 2023 1175 me-

1066 1192 1146 1224 ruit.
1170 1193 1302 1226 Videtur
1327 1194 1409 1226 enim
1434 1194 1566 1233 falsum,
1584 1195 1658 1237 quia
1680 1195 1836 1228 Michaeae
1860 1196 2020 1228 secundo⁷

1067 1245 1199 1277 dicitur:
1226 1247 1384 1279 Ascendet
1408 1247 1469 1279 iter
1488 1248 1637 1289 pandens
1661 1252 1737 1281 aute
1760 1259 1832 1287 eos;
1849 1249 1908 1282 hoc
1932 1249 2020 1282 intel-

1067 1298 1175 1340 ligitur
1203 1299 1241 1331 de
1277 1300 1417 1333 Christo:
1442 1310 1517 1342 ergo
1553 1305 1624 1333 ante
1659 1302 1873 1335 ascensionem
1906 1302 2020 1335 Christi

1066 1351 1174 1384 nullus
1198 1352 1338 1384 intravit:
1364 1362 1439 1395 ergo
1463 1363 1519 1386 nee
1543 1354 1624 1386 latro
1648 1355 1763 1387 statim.

1155 1405 1354 1438 Rasrouneo:
1392 1407 1491 1448 Aliqui
1525 1407 1566 1439 ad
1602 1408 1660 1440 boc
1690 1408 1860 1441 voluerunt
1896 1409 2018 1449 dicere,

1066 1459 1150 1500 quod
1175 1459 1255 1491 latro
1280 1460 1374 1492 fuerit
1398 1460 1427 1491 in
1446 1461 1593 1502 paradiso
1619 1462 1770 1493 terrestri
1792 1471 1864 1494 cum
1887 1463 2019 1495 Domino

1066 1519 1166 1552 usque
1191 1511 1230 1542 ad
1262 1512 1493 1551 ascensionem,
1518 1513 1573 1544 sed
1606 1517 1676 1554 post
1710 1514 1924 1546 ascensionem
1961 1514 2020 1546 fuit

1066 1562 1096 1594 in
1121 1563 1268 1604 paradiso
1292 1563 1430 1595 caelesti.
1448 1582 1492 1587 —
1509 1564 1568 1596 Sed
1586 1568 1689 1597 tamen
1708 1565 1785 1597 illud
1803 1566 1936 1598 dubium
1954 1569 2018 1605 est,

1064 1618 1095 1647 et
1119 1615 1189 1647 ideo
1213 1615 1263 1646 via
1280 1615 1341 1647 alia
1358 1616 1501 1657 eligenda
1518 1620 1564 1649 est
1582 1617 1757 1649 secundum
1776 1619 1984 1659 ,augustinum
1996 1619 2018 1658 Β,

1064 1668 1149 1709 quod
1169 1668 1357 1710 paradisus
1381 1678 1445 1701 uno
1470 1670 1563 1701 modo
1585 1670 1660 1702 dicit
1683 1674 1808 1702 statum
1825 1670 2018 1712 fruitionis,

1064 1721 1124 1753 alio
1149 1722 1242 1753 modo
1267 1721 1342 1754 dicit
1377 1721 1483 1753 locum
1518 1722 1557 1754 ad
1588 1722 1647 1755 1106
1672 1727 1781 1764 aptum
1806 1727 1836 1755 et
1859 1724 2018 1756 idoneum.

1065 1775 1100 1806 Et
1123 1774 1175 1806 ille
1200 1774 1290 1806 loeus
1314 1775 1435 1816 duplex
1459 1778 1522 1814 est,
1542 1776 1717 1808 secundum
1736 1777 1821 1818 quod
1845 1777 1953 1808 fruitio
1971 1780 2019 1810 est

1064 1828 1202 1869 duplex:
1229 1828 1385 1870 quaedam
1407 1838 1467 1870 per
1491 1828 1660 1870 speculum
1696 1832 1727 1861 et
1752 1828 1964 1871 imperfecta,
1990 1833 2019 1862 et

1063 1881 1117 1913 tali
1142 1881 1338 1922 competebat
1362 1882 1530 1923 paradisus
1555 1882 1738 1920 terrestris,
1763 1883 1913 1924 quoniam
1931 1883 2019 1916 locus

1063 1937 1110 1966 est
1133 1937 1296 1973 terrenus,
1321 1938 1426 1966 tamen
1462 1934 1588 1976 quietus
1620 1938 1650 1967 et
1674 1935 1834 1974 elevatus3
1860 1936 2018 1977 quaedam

1063 1990 1110 2019 est
1132 1985 1239 2028 frutio
1259 1986 1378 2028 plena,
1403 1990 1433 2019 et
1450 1987 1527 2019 llaec
1543 1991 1590 2019 est
1607 1987 1636 2019 in
1652 1988 1782 2029 patria,
1800 1992 1830 2020 et
1848 1988 1921 2020 huic
1938 1997 2019 2020 com-

1062 2039 1139 2081 petit
1163 2039 1250 2071 locus
1275 2039 1525 2081 supercaelestis.
1544 2040 1675 2080 Quando
1692 2049 1766 2081 ergo
1784 2041 1915 2079 dicitur,
1933 2041 2018 2083 quod

1063 2093 1142 2124 latro
1167 2093 1272 2124 statim
1296 2093 1355 2124 fuit
1390 2092 1421 2124 in
1453 2093 1618 2134 paradiso,
1642 2093 1829 2135 intelligitur
1861 2098 2018 2136 quantum

1062 2146 1101 2177 ad
1126 2149 1270 2184 statum,
1296 2146 1370 2187 quia
1404 2146 1509 2177 statim
1545 2145 1604 2178 fuit
1640 2146 1671 2178 in
1706 2146 1760 2178 Dei
1794 2147 1930 2186 visione,
1956 2156 2018 2179 non

1062 2202 1216 2240 quantum
1240 2198 1281 2231 ad
1306 2198 1412 2230 locum
1427 2198 1448 2230 ⁹.

1466 2305 1541 2337 DUB.
1567 2305 1612 2336 ΙΙΙ.

1149 2410 1224 2442 Item
1249 2411 1413 2452 quaeritur
1438 2411 1476 2443 de
1501 2411 1560 2443 1106
1584 2411 1667 2452 quod
1694 2411 1768 2444 dicit
1792 2412 2016 2453 Hieronymus,

1061 2463 1145 2504 quod
1169 2472 1234 2494 uon
1258 2462 1342 2494 satis
1353 2462 1546 2505 praeliquut
1563 2473 1704 2495 canones
1720 2473 1914 2496 mensuram
1939 2468 2014 2503 etc.;

1060 2516 1135 2557 quia
1159 2516 1328 2556 Gregorius
1352 2516 1443 2552 dicit,
1469 2519 1498 2547 et
1523 2516 1658 2547 habetur
1683 2526 1779 2557 supra
1814 2517 2013 2550 distinctione

1061 2567 1183 2599 decima
1207 2571 1298 2599 sexta
1312 2567 1353 2598 ¹⁰:
1386 2579 1400 2595 «
1413 2567 1534 2599 Falsas
1551 2568 1757 2609 poenitentias
1781 2568 1916 2600 dicimus
1933 2578 2015 2610 quae

1060 2629 1121 2651 11011
1147 2620 1320 2651 secuudum
1346 2620 1565 2652 auctoritatem
1601 2623 1781 2652 sanctorum
1808 2620 1934 2652 Patrum
1961 2621 2015 2653 im-

1060 2676 1222 2714 ponuntur
1235 2684 1264 2703 »z
1290 2681 1365 2713 ergo
1390 2672 1532 2711 videtur,
1557 2673 1641 2713 quod
1666 2682 1775 2705 omnes
1803 2673 2012 2714 poenitentiae

1059 2734 1157 2756 verae
1181 2725 1210 2756 in
1236 2725 1408 2756 canonibus
1432 2725 1616 2756 Sanctorum
1643 2726 1968 2766 comprehenduntur.

1150 2777 1347 2809 Raspounno:
1366 2777 1551 2815 Dicendum,
1565 2777 1649 2818 quod
1667 2778 1747 2809 sicut
1764 2782 1811 2810 est
1827 2779 1857 2810 in
1876 2779 2014 2812 scientiis

1059 2830 1222 2871 practicis,
1247 2838 1328 2871 quae
1352 2834 1520 2861 versantur
1544 2830 1627 2862 circa
1655 2839 1767 2872 opera,
1792 2831 1876 2872 quod
1910 2840 2014 2864 sermo

1058 2882 1090 2913 in
1111 2882 1321 2923 particulari
1343 2887 1390 2915 est
1414 2883 1553 2915 incertus
1577 2886 1607 2915 et
1624 2883 1759 2922 dubius3
1777 2893 1881 2916 sermo
1905 2888 2012 2917 autem

1059 3078 1083 3102 q.
1105 3071 1145 3095 2²1.
1166 3078 1200 3095 m.
1222 3071 1245 3094 3.
1266 3078 1288 3095 a.
1311 3070 1332 3094 l.
1353 3072 1377 3094 et
1396 3077 1420 3101 q.
1442 3068 1482 3093 ⁴24.
1503 3076 1536 3093 m.
1560 3069 1582 3093 [1.
1598 3076 1620 3093 a.
1636 3069 1665 3100 5;
1686 3069 1714 3094 B.
1735 3069 1841 3100 Albert„
1861 3070 1902 3094 1116
1921 3077 1944 3095 a.
1966 3071 2012 3102 112ς

1059 3115 1083 3139 S.
1105 3115 1208 3145 Tuom,
1231 3115 1272 3139 liic
1291 3121 1315 3146 q.
1342 3114 1360 3138 1.
1381 3121 1403 3138 a.
1424 3114 1622 3145 ⁶2.q11aestiun0.
1639 3114 1667 3145 23
1690 3113 1753 3138 retr.
1774 3121 1788 3138 a
1803 3114 1871 3145 Tar„
1892 3115 1932 3139 1116
1946 3121 1970 3146 q.
1986 3115 2010 3139 2.

1059 3165 1081 3183 a.
1103 3158 1127 3183 ¹1.
1149 3158 1307 3190 quaestione.
1330 3158 1367 3188 11.;
1388 3157 1506 3182 Ricbard.
1526 3164 1540 3181 a
1562 3157 1635 3189 Med,
1659 3158 1699 3182 1116
1718 3159 1785 3182 circa
1806 3158 1839 3182 lit.

1129 3201 1140 3218 ⁷
1162 3203 1234 3227 Vcrs.
1255 3202 1295 3226 l3.
1316 3201 1419 3226 Plurimi
1439 3201 1515 3226 codd.
1536 3208 1673 3232 perperam
1694 3201 1776 3226 Amos
1795 3201 1840 3226 IV.

1129 3245 1140 3261 8
1159 3246 1236 3276 Epist.
1260 3245 1318 3269 187.
1340 3245 1412 3273 (alias
1432 3244 1484 3276 57.)
1505 3252 1526 3269 c.
1548 3246 1571 3269 2.
1592 3252 1615 3269 11.
1636 3246 1660 3270 3.
1680 3252 1752 3277 seqq.
1773 3249 1797 3270 et
1816 3245 1868 3270 ΧΗ.
1894 3245 1926 3270 cle
1946 3246 2010 3271 Gen.

1059 3289 1092 3314 ad
1112 3289 1146 3314 lit.
1166 3296 1188 3313 c.
1208 3288 1249 3314 34.
1270 3296 1296 3313 11.
1319 3288 1359 3313 65.
1380 3296 1455 3321 seqq.
1473 3288 1522 3314 Csr.
1544 3289 1579 3313 111.
1594 3289 1662 3313 Seut.
1683 3289 1708 3314 d.
1729 3289 1770 3314 22.
1791 3296 1816 3321 q.
1836 3290 1860 3314 6.
1881 3289 1914 3314 ad
1936 3290 1957 3314 -Ι.

1129 3332 1140 3349 9
1160 3333 1229 3357 Idem
1241 3332 1302 3357 dub.
1314 3333 1417 3358 solvunt
1428 3333 1495 3357 Alex.
1508 3333 1570 3364 Hal.⁷
1582 3333 1606 3358 S.
1618 3340 1642 3364 p.
1656 3333 1690 3358 111.
1702 3340 1727 3366 q.
1740 3334 1777 3358 19.
1788 3333 1860 3365 111.4;
1871 3333 2011 3366 B.Albert.‚

1059 3377 1100 3401 hic
1119 3384 1141 3401 a.
1163 3377 1209 3408 ¹¹33
1230 3378 1254 3401 S.
1276 3377 1378 3408 Thom.‚
1401 3377 1441 3402 1116
1461 3377 1527 3402 circa
1547 3377 1582 3402 lit.
1865 3377 1886 3393 ¹⁰
1904 3377 1966 3409 Cap.
1988 3378 2011 3402 3.

2034 1420 2130 1442 Aliorum
2146 1427 2180 1442 so·

2047 1447 2107 1468 lutio.

2049 1579 2130 1600 Solutio
2143 1585 2180 1600 au-

2034 1606 2099 1626 ctoris
2132 1612 2180 1626 cum

2033 1632 2178 1653 distinctione.
