2483 3882
21 2126 55 2148 Ad
68 2127 151 2153 opposi-

61 2155 112 2174 tum.

12 2757 43 2779 De
54 2758 88 2780 die
101 2761 156 2780 octa-

12 2862 52 2883 Pro
59 2866 119 2893 parte
125 2870 161 2886 110-

51 2892 127 2915 gativa.
158 2899 160 2902 .

821 260 912 292 DIST.
938 260 958 291 I.
984 260 1013 291 P.
1038 260 1070 291 11.
1094 259 1175 291 ART.
1201 259 1233 291 ΙΙ.
1258 259 1409 300 QUAEST.
1437 259 1467 290 ll.
2085 259 2124 291 39

232 351 258 375 11.
279 351 304 374 111
324 352 347 375 2.
368 350 518 382 quaestione
543 349 666 374 solvenda
686 349 844 374 conveniunt
864 348 983 373 doctores
1002 348 1026 372 in
1047 348 1110 378 hoc,

162 395 233 427 quod
251 394 431 419 determinatio
456 393 506 419 diei
530 395 638 420 octavae
663 400 712 418 non
739 395 836 425 spectet
857 392 889 417 ad
910 392 1046 417 essentiam
1066 392 1110 416 cir-

162 439 340 469 cumcisionis,
361 438 408 463 sed
421 439 453 463 sit
470 439 640 470 praeceptum
660 437 822 468 adiunctum,
843 436 914 468 quod
928 436 968 460 vel
983 442 1032 460 non
1047 435 1112 459 obli-

163 482 241 514 gabat
260 483 284 506 in
305 482 411 507 articulo
423 481 600 513 necessitatis,
624 485 650 507 ut
669 481 724 506 vult
737 481 867 512 Magister,
888 480 943 511 vel,
958 480 978 504 si
998 479 1111 503 nonnisi

162 534 192 552 ex
211 527 315 558 speciali
335 526 379 551 Dei
399 526 591 557 dispensatione
607 525 698 550 licebat
718 526 856 550 terminum
871 525 939 549 hunc
958 524 1112 555 praevenire

161 571 202 596 vel
222 570 337 600 distet-re,
352 574 412 595 tunc
425 570 637 602 supplementum
651 569 741 595 habuit
760 576 806 600 per
820 569 939 600 generale
953 567 1111 599 remedium,

162 614 257 639 scilicet
275 614 342 639 fidei.
364 614 433 638 llanc
452 614 556 638 alteram
577 614 724 645 opinionem
745 616 830 638 tenent
848 613 922 644 Hugo
936 619 949 637 a
964 612 988 636 S.
1010 612 1112 637 Victore

162 665 210 683 nec
236 665 285 683 non
311 659 336 683 S.
357 658 450 683 Thom.
470 657 526 689 (hic
551 665 576 690 q.
597 659 620 682 2.
647 665 669 682 a.
690 658 718 688 33
738 657 763 681 S.
789 657 836 681 loc.
862 657 902 681 cit.
929 663 950 680 a.
978 656 1001 680 3.
1026 655 1059 680 ad
1082 655 1111 686 3;

163 703 207 728 cfr.
226 702 289 727 ibid.
309 710 331 727 a.
353 702 375 727 4.
396 702 427 727 ad
451 702 500 734 3.>;
520 703 561 727 cui
586 703 723 727 sentcntiae
743 702 767 726 S.
787 701 883 725 BonaV.
904 700 960 731 (hic
979 699 1012 724 ad
1032 700 1055 724 3.
1076 698 1110 731 4.)

163 746 234 771 addit
250 746 448 776 restrictionem,
464 745 534 776 quod
548 746 643 770 scilicet
657 752 706 770 non
720 752 823 776 semper
836 745 861 768 in
875 750 935 769 casu
956 743 1113 768 necessitatis

164 795 285 813 recursus
304 788 337 813 ad
356 788 501 813 remedium
522 788 580 813 fidei
600 788 689 813 efficax
709 788 791 813 fuerit.

234 832 269 856 De
290 833 337 857 hac
357 832 379 856 ⁶2.
402 833 550 863 quaestione
569 834 670 863 praeter
690 831 819 857 laudatos:
843 831 910 856 Alex.
930 830 983 855 llal.
1004 831 1050 855 loc.
1071 830 1113 854 cit.

163 881 197 900 m.
218 874 240 899 4.
261 882 282 899 a.
304 876 326 900 2.
346 889 381 893 —
400 875 427 900 B.
447 875 550 905 Albert„
572 882 626 900 rem
651 875 779 906 tangendo
800 876 839 900 hic
858 882 881 900 a.
902 875 942 899 23.
963 875 986 899 in
1008 874 1065 898 tine.
1080 887 1113 891 —

164 920 228 945 retr.
243 927 255 944 a
277 920 344 950 Tar„
365 920 411 944 loc.
432 920 472 944 cit.
492 926 514 944 a.
535 920 558 944 3.
571 933 607 937 —
620 919 739 944 Richard.
760 927 772 943 a
793 919 866 950 Med„
880 919 927 944 loc.
948 919 987 943 cit.
1008 925 1032 950 q.
1053 919 1076 942 2.

235 964 270 988 lll.
291 963 362 988 Circa
388 963 411 987 3.
438 963 615 994 quaestionem
643 963 674 987 de
694 963 806 988 efficacia
826 963 1029 988 circumcisionis
1054 966 1113 987 sunt

164 1008 251 1039 plures
271 1007 433 1032 difficultates
452 1010 476 1031 01
494 1007 597 1031 fuerunt
618 1007 704 1031 variae
724 1007 866 1038 opiniones.
886 1006 1036 1031 Concedunt
1061 1006 1114 1031 sere

163 1058 254 1076 omnes
274 1055 395 1083 tanquam
410 1053 522 1081 certum,
539 1057 584 1081 per
601 1057 657 1075 cam
679 1051 763 1081 primo
776 1053 801 1075 et
814 1050 987 1081 principaliter
1000 1050 1114 1074 deletum

164 1102 219 1120 esse
234 1098 368 1126 peccatum
382 1094 507 1125 originale
520 1096 587 1118 etex
601 1095 767 1126 consequenti
780 1095 856 1119 etiam
871 1094 969 1119 actuale
986 1094 1019 1118 illi
1040 1100 1114 1118 anne-

163 1146 224 1164 xum
245 1139 280 1170 (S.
295 1139 404 1169 Thom.,
418 1138 442 1162 S.
458 1138 494 1163 Ill.
508 1145 532 1170 q.
553 1138 594 1162 70.
615 1145 637 1163 a.
653 1137 675 1162 4.
690 1137 723 1163 ad
738 1138 781 1170 5.).
797 1137 848 1163 Sed
866 1137 1046 1170 disputabatur
1060 1140 1114 1162 tum

163 1183 196 1208 de
215 1183 270 1208 aliis
290 1182 448 1214 quibusdam
468 1182 586 1207 eiusdem
605 1181 750 1213 effectibus,
766 1186 819 1207 tum
834 1182 866 1207 de
885 1182 976 1213 modo,
991 1189 1043 1214 quo
1057 1188 1115 1206 con-

163 1226 262 1252 serebat
281 1227 398 1258 gratiam.
420 1226 484 1251 Tres
502 1228 603 1258 primae
622 1227 769 1258 opiniones,
790 1226 831 1251 1110
850 1225 884 1251 ab
903 1230 1007 1251 auctore
1027 1228 1115 1251 nostro

163 1271 257 1296 relatae
271 1285 305 1288 —
318 1277 428 1302 quarum
448 1271 532 1301 prima
551 1271 673 1295 insinuari
687 1270 790 1295 vvidetur
803 1269 891 1294 verbis
905 1270 1028 1300 Magistri,
1043 1270 1114 1294 tertia

164 1321 226 1340 vero
245 1318 344 1340 tenetur
363 1322 376 1339 a
396 1314 485 1339 Guliel.
501 1314 637 1339 antissiod.
654 1314 736 1346 (Sum.
751 1321 776 1346 p.
788 1314 828 1339 iv.
840 1316 869 1338 tr.
885 1314 907 1338 rl.
919 1320 940 1338 c.
952 1313 975 1338 5.
993 1320 1017 1345 q.
1035 1313 1070 1345 ⁶2.)
1083 1327 1116 1330 —

164 1365 177 1382 a
197 1358 221 1382 S.
243 1358 343 1382 Thoma
364 1358 471 1390 aliisque
497 1357 685 1389 posterioribus
704 1360 827 1390 tanquam
847 1356 1034 1388 improbabiles
1058 1357 1116 1382 reii-

164 1403 274 1427 ciuntur.
289 1402 411 1434 Quartam
425 1403 573 1434 opinionem
587 1409 647 1427 cnm
661 1402 685 1426 S.
700 1402 795 1426 Bonav.
810 1401 1023 1432 approbaverunt
1039 1401 1115 1425 etiam

165 1446 189 1471 S.
210 1447 303 1471 Thom.
324 1447 347 1471 iu
362 1445 553 1471 Commentario
574 1446 635 1478 (loc.
656 1446 697 1471 cii.
717 1452 739 1470 a.
758 1445 792 1477 4.)
813 1449 837 1470 et
857 1445 921 1470 Petr.
941 1452 954 1469 a
973 1445 1032 1469 Tar.
1053 1445 1115 1475 (loc.

164 1491 204 1515 cit.
225 1491 384 1523 quaestiunc.
405 1490 448 1522 2.).
469 1490 519 1515 Sed
539 1491 563 1514 in
584 1491 691 1515 Summa
710 1489 773 1521 (loc.
803 1490 844 1514 cit.
865 1497 889 1521 q.
905 1489 940 1520 4.)
967 1490 991 1514 S.
1013 1489 1114 1521 Thom„

163 1536 301 1566 postquam
321 1533 353 1559 de
372 1536 462 1566 quarta
476 1534 597 1565 opinione
616 1533 690 1565 dixit,
711 1533 781 1558 idem
799 1532 938 1565 aliquando
960 1532 1009 1557 sibi
1029 1533 1115 1557 visum

1175 354 1244 378 esse,
1265 346 1411 378 subiungit:
1436 356 1446 369 (ι
1462 347 1511 372 Sed
1533 347 1667 378 diligenter
1681 346 1851 371 consideranti
1872 350 1992 378 apparet,
2013 348 2061 372 hoc
2076 354 2125 371 non

1175 398 1232 416 csse
1251 398 1344 416 verum
1360 400 1383 416 n.
1404 391 1500 416 Deinde
1520 391 1607 421 docet,
1631 390 1725 422 «quod
1750 391 1774 414 in
1801 391 1996 415 circumcisione
2016 391 2127 415 confere-

1176 434 1251 459 batur
1270 436 1350 465 gratia
1376 438 1501 466 quantum
1522 434 1554 458 ad
1574 441 1664 459 omnes
1688 435 1785 465 gratiae
1805 434 1924 465 eftectus,
1945 432 2023 458 aliter
2043 437 2127 458 tamen

1176 484 1254 510 quam
1274 479 1299 502 in
1315 478 1443 509 baptismo
1457 488 1481 503 n.
1494 492 1528 496 -—
1542 478 1577 502 Dc
1597 478 1645 502 hoc
1658 478 1736 509 igitur
1755 477 1833 503 niodo
1850 478 1958 509 gratiam
1979 477 2128 502 conferendi

1175 525 1199 547 et
1218 521 1251 547 de
1271 522 1347 547 altera
1368 523 1518 554 quaestione
1538 528 1597 547 00111
1617 522 1657 546 illa
1678 523 1843 553 cohaerente,
1865 524 1950 546 utrum
1966 521 2128 546 circumcisio

1176 566 1251 591 fuerit
1278 572 1370 590 verum
1399 569 1423 590 et
1449 566 1584 597 proprium
1611 566 1824 596 Sacramentum,
1852 566 1916 590 inter
1940 565 2129 596 subsequentes

1176 610 1322 641 theologos,
1339 611 1489 641 praesertim
1510 610 1574 634 inter
1594 610 1741 635 'l‘homistas
1760 612 1785 634 et
1804 610 1938 640 scotistas,
1953 610 2128 634 controversia

1175 653 1229 678 fuit.
1251 654 1278 678 111
1299 657 1384 678 tamen
1410 653 1572 678 concorditer
1598 656 1696 683 tenent,
1716 654 1940 678 circumcisionem
1961 660 2010 677 non
2031 656 2128 677 tantum

1175 698 1254 722 tuisse
1273 697 1418 722 remedium
1440 700 1526 722 contra
1548 700 1681 728 peccatum
1702 698 1840 728 originale,
1861 697 1906 722 sed
1923 698 1999 722 etiam
2020 698 2129 728 gratiam

1176 741 1313 766 contulisse
1334 748 1393 766 cum
1414 741 1548 766 effectibus
1573 741 1691 766 ciusdem
1712 745 1763 766 tam
1789 742 1907 772 positivis
1925 747 2004 772 quam
2025 741 2131 772 privati-

1176 786 1223 810 vis.
1238 785 1374 810 Dissensus
1388 785 1466 816 igitur
1485 786 1552 810 circa
1572 784 1681 810 niodum
1700 785 1828 809 efficiendi
1847 789 1966 809 versatur
1985 786 2051 809 circa
2067 785 2129 809 hoc:

1177 832 1262 854 utrum
1283 836 1313 853 ex
1333 828 1359 854 rri
1377 835 1428 854 sua
1452 829 1507 854 sive
1526 836 1557 854 ex
1576 836 1655 860 opere
1673 832 1792 860 operato,
1807 836 1838 853 an
1857 829 1941 853 solum
1955 828 2058 854 ratione
2070 828 2132 862 fidei

1176 873 1340 904 operabatur.
1360 873 1384 897 S.
1406 873 1499 897 Thain.
1520 872 1607 905 docet,
1626 871 1787 905 baptismum
1807 873 1923 898 conferre
1943 873 2052 901 gratiam
2076 882 2087 894 α
2102 880 2131 897 ex

1176 918 1270 942 virtute
1296 918 1377 949 ipsius
1402 917 1536 949 baptismi,
1563 924 1642 950 quam
1667 917 1757 948 habet,
1778 918 1802 941 in
1829 919 1955 949 quantum
1981 919 2019 941 cst
2040 917 2131 941 instru-

1177 966 1293 986 mentum
1310 960 1445 994 passionis
1465 960 1564 987 Christi
1582 962 1634 986 iam
1658 961 1800 992 perfectae3
1821 962 1845 985 in
1865 959 2067 987 circumcisione
2087 968 2133 985 au-

1177 1008 1229 1031 tem
1249 1005 1431 1030 conferebatur
1456 1006 1539 1036 gratia
1559 1012 1609 1029 non
1628 1012 1659 1030 ex
1678 1005 1773 1030 virtute
1792 1005 2009 1036 circumcisionis,
2030 1004 2076 1029 sed
2101 1011 2131 1029 ex

1177 1050 1272 1074 virtute
1299 1048 1360 1083 fidei
1388 1049 1515 1080 passionis
1540 1048 1650 1080 Christi,
1680 1049 1754 1073 cuius
1781 1049 1886 1079 signum
1915 1051 1969 1073 erat
1998 1049 2133 1073 circumci-

1178 1093 1240 1118 sio»
1265 1096 1312 1118 etc.
1339 1092 1408 1117 lden]
1436 1092 1549 1117 breviter
1575 1092 1682 1118 docetur
1705 1093 1730 1117 S.
1756 1098 1777 1117 c.
1803 1093 1875 1117 (ient.
1901 1092 1941 1116 lV.
1968 1099 1989 1116 c.
2015 1091 2056 1116 57.
2082 1091 2133 1116 Sed

1178 1137 1246 1162 Scot.
1266 1136 1323 1169 (hic
1342 1144 1367 1169 q.
1387 1137 1411 1161 6.
1432 1144 1455 1161 n.
1471 1137 1494 1161 9.
1509 1136 1593 1168 seqq.)
1613 1136 1680 1168 vult,
1695 1136 1918 1161 circumcisionem
1939 1142 2059 1160 causasse
2078 1142 2134 1167 gra·

1179 1181 1239 1206 tiam
1261 1183 1287 1205 ut
1307 1182 1411 1212 signum
1431 1181 1520 1205 efficax
1540 1181 1595 1205 sive
1614 1187 1645 1205 ex
1664 1183 1784 1212 operato,
1804 1183 1829 1205 et
1848 1181 1872 1205 in
1898 1181 1947 1205 1100
1972 1187 2028 1205 eam
2055 1180 2133 1205 fuisse

1179 1225 1290 1250 similem
1309 1225 1481 1250 Sacramentis
1501 1231 1584 1249 novae
1604 1225 1668 1256 legis
1687 1228 1711 1250 et
1738 1223 1847 1258 proprie
1872 1225 2077 1250 Sacramentum.
2100 1225 2133 1249 lta

1179 1269 1273 1294 docent
1292 1270 1367 1294 etiam
1388 1269 1413 1294 S.
1434 1269 1530 1294 BonaV.
1551 1269 1606 1300 (cfr.
1621 1269 1685 1294 infra
1705 1269 1768 1294 dub.
1790 1270 1812 1293 vl.
1835 1272 1860 1294 ct
1879 1269 1937 1294 dist.
1961 1270 1984 1294 2.
2005 1269 2067 1294 dub.
2089 1270 2133 1301 2.),

1179 1314 1247 1338 Alex.
1268 1313 1330 1344 Hal„
1345 1313 1465 1338 Richard.
1485 1320 1498 1337 a
1513 1312 1587 1344 Med„
1608 1313 1721 1338 Durand.
1735 1315 1760 1338 et
1779 1320 1830 1338 non
1847 1314 1923 1344 pauci
1943 1313 1998 1345 alii,
2019 1319 2133 1344 praeser-

1180 1358 1224 1382 tim
1245 1358 1289 1390 qui
1309 1358 1449 1382 efficaciam
1470 1358 1604 1388 physicam
1632 1357 1856 1382 Sacramentorum
1882 1359 1985 1388 negant.
2005 1370 2040 1374 —
2058 1357 2133 1382 Multa

1180 1401 1204 1425 in
1225 1401 1272 1425 hac
1292 1401 1441 1433 quaestione
1461 1408 1474 1425 a
1494 1401 1519 1425 S.
1540 1401 1637 1425 Bonav.
1656 1403 1740 1425 sumta
1761 1403 1820 1426 sunt
1839 1408 1869 1425 ex
1888 1400 2033 1426 Alexandro
2053 1401 2106 1425 Hal.

1250 1445 1285 1469 De
1305 1445 1352 1469 hac
1373 1444 1418 1476 (3.)
1432 1445 1583 1477 quaeshone
1602 1447 1704 1476 praeter
1717 1444 1851 1470 laudatos:
1866 1445 1935 1470 Alex.
1950 1445 2013 1476 Hal.,
2029 1444 2076 1469 100.
2091 1445 2131 1469 cit.

1179 1495 1214 1513 111.
1233 1488 1257 1513 7.
1278 1496 1300 1513 a.
1321 1489 1345 1513 2.
1366 1488 1388 1513 3.
1411 1488 1434 1513 4.
1447 1502 1481 1506 —
1494 1489 1520 1513 Β.
1542 1488 1645 1520 Albert.‚
1666 1489 1707 1513 hic
1726 1495 1748 1513 a.
1774 1490 1811 1513 19.
1832 1503 1865 1506 -
1884 1489 2004 1514 Richard.
2024 1496 2037 1513 a
2058 1489 2132 1520 Med„

1180 1533 1221 1557 1110
1240 1540 1263 1557 a.
1287 1532 1310 1557 6.
1331 1539 1355 1564 q.
1377 1531 1401 1556 4.
1415 1546 1449 1549 —
1462 1532 1586 1564 Durand.,
1606 1533 1648 1557 hic
1667 1539 1691 1564 q.
1711 1532 1737 1557 7.

1026 1634 1098 1675 QUA
1104 1633 1210 1666 ESTIO
1238 1634 1271 1665 ll.

728 1705 772 1737 Dc
795 1704 909 1747 forma
932 1704 1000 1736 sive
1023 1705 1061 1736 de
1084 1704 1272 1747 integritate
1295 1704 1572 1736 circumcisionis.

253 1805 396 1838 Secundo
420 1805 584 1847 quaeritur
605 1804 762 1836 deforma
785 1803 851 1836 sive
876 1803 915 1836 de
940 1803 1117 1844 integritate

166 1858 423 1891 circumcisionis.
449 1858 482 1889 Et
506 1857 580 1889 dicit
604 1857 690 1898 Hugo
715 1856 745 1888 in
770 1856 851 1888 libro
875 1856 914 1888 de
938 1856 1118 1888 Sacramen-

166 1912 205 1944 tis
220 1912 240 1950 ¹,
264 1911 347 1953 quod
366 1911 426 1943 tria
450 1913 540 1949 sunt,
564 1919 645 1952 qnae
669 1912 743 1942 sunt
767 1910 806 1942 de
830 1909 1007 1951 integritate
1031 1909 1116 1948 01115,

165 1964 282 1997 50111001
312 1973 411 1995 sexus
434 1962 662 2000 masculinus,
687 1962 872 1994 membrum
891 1961 1065 2004 praeputii
1087 1965 1118 1994 01

165 2017 233 2049 dies
258 2020 403 2049 octavus.

256 2071 282 2101 ⁴1.
308 2069 367 2101 Sed
385 2068 579 2106 ostenditur,
604 2068 687 2110 quod
706 2068 745 2100 de
761 2067 939 2109 integritate
955 2067 1051 2099 huius
1068 2067 1118 2098 Sa-

165 2122 315 2155 cramenti
341 2131 401 2153 non
427 2121 520 2153 debet
536 2129 604 2153 esse
628 2130 746 2152 sexus:
768 2121 842 2162 quia
865 2120 1043 2152 remedium
1069 2119 1119 2151 de-

164 2175 217 2208 bet
241 2174 433 2216 respondere
457 2174 585 2212 morb03
610 2173 665 2206 sed
682 2173 713 2205 in
738 2173 850 2205 morbo
870 2182 932 2205 non
956 2177 1003 2206 est
1020 2182 1117 2206 sexus

165 2228 321 2261 distinctio
354 2236 410 2259 nec
446 2226 682 2265 determinatio,
718 2226 792 2268 quia
827 2227 1036 2258 communiter
1072 2229 1119 2258 est

165 2282 195 2313 in
220 2281 304 2313 omni
329 2289 425 2313 sexu:
459 2289 534 2321 ergo
558 2288 615 2312 nec
647 2279 676 2311 in
702 2279 842 2312 remedio
866 2279 959 2311 debet
983 2288 1052 2312 esse
1076 2279 1119 2311 di-

166 2333 298 2366 stinctio.

255 2387 285 2417 ⁶2.
310 2386 400 2423 110111,
418 2385 553 2424 videtur,
570 2385 655 2426 quod
671 2385 855 2417 membrum
870 2384 1042 2428 praeputii
1057 2393 1118 2416 non

167 2439 279 2471 debeat
306 2447 374 2470 esse
407 2438 445 2470 de
478 2437 652 2470 substantia
679 2438 887 2470 Sacramenti:
913 2437 988 2479 quia
1016 2438 1120 2469 Sacra-

168 2494 273 2523 menta
304 2495 377 2523 sunt
408 2491 438 2522 in
472 2490 666 2522 honestatem
698 2494 728 2522 et
759 2490 923 2528 decorem3
952 2491 1005 2522 sed
1039 2490 1118 2522 illud

171 2543 350 2575 membrum
386 2546 433 2575 est
467 2543 682 2575 verecundum
718 2546 749 2574 et
788 2543 1009 2575 inhonestum:
1045 2551 1119 2584 crgo

168 2596 256 2628 nullo
280 2596 373 2628 modo
398 2594 490 2627 debet
515 2595 581 2627 lieri
607 2595 689 2626 circa
713 2595 791 2626 illud
809 2595 1006 2633 menibrnni3
1023 2599 1078 2627 aut
1095 2595 1119 2627 si

168 2649 212 2688 fit,
230 2658 357 2691 quaero,
374 2657 473 2690 quare
492 2647 589 2688 magis
606 2648 689 2679 circa
705 2647 782 2679 illud
801 2656 895 2689 quam
913 2647 996 2679 circa
1012 2647 1121 2679 aliud?

258 2702 350 2739 110111,
376 2701 459 2742 quod
484 2704 619 2732 octavus
644 2700 711 2732 dics
736 2709 796 2732 non
822 2700 860 2732 sit
884 2700 922 2732 de
946 2700 1121 2732 substantia

170 2753 360 2786 Sacramenti
372 2779 379 2792 ,
404 2753 596 2785 ostenditur:

262 2808 289 2838 l.
314 2807 393 2847 Quia
425 2815 481 2838 nec
513 2806 544 2837 in
577 2806 731 2847 baptismo
767 2814 823 2838 nec
855 2805 886 2837 in
917 2806 1121 2838 sacramentis

171 2859 248 2901 legis
280 2863 411 2891 naturae
447 2861 494 2890 est
525 2858 743 2890 determinatio
774 2858 941 2899 temporis:
966 2866 1041 2900 ergo
1065 2867 1122 2890 1100

170 2912 201 2943 in
226 2911 434 2943 Sacramentis
458 2910 534 2952 legis
558 2911 692 2952 scriptae
717 2910 809 2943 debet
833 2919 901 2943 esse
915 2910 936 2941 ².

1271 1805 1300 1835 ⁶2.
1325 1803 1422 1842 110111,
1448 1803 1472 1835 51
1497 1806 1623 1844 tempus
1647 1803 1726 1835 illud
1750 1807 1796 1836 est
1821 1803 1860 1835 de
1884 1803 2085 1841 necessitate;
2111 1803 2135 1835 si

1182 1859 1251 1898 post
1275 1856 1347 1895 fiat,
1372 1856 1609 1888 Sacramentum
1635 1856 1754 1888 nullius
1782 1859 1829 1888 est
1853 1855 2029 1888 efficaciae:
2062 1865 2137 1898 ergo

1181 1909 1260 1941 nihil
1284 1909 1383 1941 valuit
1406 1909 1549 1941 Abrahae
1574 1917 1630 1941 nec
1654 1908 1814 1951 aliquibus
1839 1909 1877 1941 de
1902 1909 1996 1941 domo
2019 1909 2088 1941 eius
2106 1909 2136 1948 3;

1181 1965 1212 1994 01
1236 1962 1377 2000 iterum,
1402 1962 1481 1994 nihil
1506 1962 1605 1994 valuit
1629 1962 1692 1994 illis
1712 1971 1792 2003 quos
1815 1961 2013 1994 circumcidit
2031 1962 2137 2001 losue3

1182 2018 1213 2047 et
1237 2015 1370 2054 iterum,
1387 2014 1465 2046 nihil
1490 2014 1615 2047 valebat
1631 2014 1808 2056 proselytis.
1835 2015 1869 2046 Et
1890 2024 1931 2047 ex
1955 2015 2014 2048 hoc
2039 2015 2140 2057 sequi-

1182 2071 1245 2107 tur,
1270 2068 1382 2109 quodsi
1406 2068 1521 2110 aliquis
1546 2068 1723 2110 negligebat
1747 2067 1829 2100 diem
1855 2072 2020 2106 octavum,
2053 2068 2138 2110 quod

1182 2120 1271 2153 nullo
1297 2121 1390 2153 modo
1415 2124 1519 2162 posset
1542 2121 1647 2154 curari
1665 2121 1705 2153 ab
1729 2121 1892 2163 originali,
1910 2121 1984 2163 quia
2009 2130 2065 2154 nec
2083 2130 2138 2162 per

1183 2173 1455 2206 circumcisionem
1480 2182 1536 2206 nec
1557 2173 1618 2206 alio
1642 2174 1754 2213 modo,
1776 2174 1850 2216 quia
1873 2183 1935 2206 non
1960 2177 2028 2206 erat
2052 2174 2139 2206 aliud

1183 2227 1371 2259 remedium.

1273 2279 1301 2312 3.
1328 2280 1418 2319 Item,
1451 2280 1501 2312 si*
1534 2280 1592 2312 fuit
1628 2280 1667 2312 de
1692 2280 1892 2313 necessitate:
1930 2289 2005 2322 ergo
2029 2289 2138 2313 omnes

1184 2332 1227 2365 illi
1253 2332 1331 2371 viri,
1355 2332 1409 2374 qui
1433 2333 1563 2365 suerunt
1587 2333 1617 2364 in
1642 2333 1788 2372 deserto,
1813 2333 1942 2365 1110111111
1966 2336 2139 2374 transgres-

1184 2394 1287 2424 sores.
1313 2385 1386 2427 quia
1410 2385 1518 2417 nullus
1541 2394 1651 2418 eorum
1676 2385 1736 2417 11111
1760 2385 1976 2418 circumcisus.

1272 2439 1302 2470 li.
1327 2439 1420 2477 item,
1446 2439 1470 2470 si
1495 2442 1563 2470 erat
1587 2438 1626 2470 de
1658 2438 1850 2477 substantia,
1876 2442 1948 2470 tunc
1978 2447 2053 2480 ergo
2077 2447 2139 2470 non

1184 2491 1317 2523 debebat
1340 2491 1534 2532 praeveniri:
1560 2500 1635 2532 ergo
1658 2491 1828 2533 parvulum
1856 2491 2040 2523 morientem
2067 2494 2138 2523 ante

1184 2547 1329 2575 octavum
1356 2543 1438 2577 diem
1464 2551 1591 2575 necesse
1607 2547 1676 2575 erat
1700 2543 1862 2582 damnari,
1880 2543 1954 2584 quia
1979 2543 2139 2575 masculus

1185 2595 1424 2627 incircumcisus
1456 2595 1710 2633 damnabatur⁵3
1746 2598 1776 2626 01
1811 2599 1882 2627 ante
1919 2604 1979 2626 non
2005 2595 2138 2627 debebat

1185 2647 1385 2679 circumcidi:
1411 2656 1486 2688 ergo
1510 2650 1568 2679 etc.

1275 2700 1334 2731 SED
1358 2708 1497 2731 coxTnA:
1527 2701 1552 2731 l.
1582 2700 1671 2740 Quod
1704 2700 1743 2732 sit
1768 2700 1806 2732 de
1838 2700 2045 2738 necessitate,
2072 2710 2138 2742 pro·
2150 2710 2293 2763 Dgaaffisdffirs2

1185 2752 1296 2784 batur:
1322 2752 1392 2793 quia
1420 2753 1617 2785 circumcisio
1641 2756 1688 2785 est
1712 2753 1950 2785 Sacramentum
1976 2753 2140 2786 necessita-
2164 2763 2248 2784 mam-2.

1186 2805 1238 2843 tis,
1263 2805 1337 2846 qnia
1369 2805 1451 2837 cadit
1475 2805 1535 2836 sub
1566 2808 1750 2846 praecept03
1775 2805 1830 2837 sed
1860 2805 1964 2837 omnia
1989 2805 2047 2837 ista
2079 2806 2138 2837 tria

1185 2861 1352 2900 praecepta
1369 2861 1458 2897 sunt,
1472 2858 1600 2890 Genesis
1616 2857 1738 2890 decimo
1756 2858 1888 2899 septimo
1900 2858 1924 2889 ⁶:
1943 2867 2018 2899 ergo
2035 2859 2139 2890 omnia

1186 2915 1260 2943 sunt
1291 2912 1330 2943 de
1361 2911 1554 2943 necessitate.
1587 2911 1631 2943 lbi
1662 2911 1743 2943 enim
1783 2911 1919 2943 dicitur:
1953 2911 2138 2949 Masculus,

243 3080 249 3096 ¹
270 3079 338 3105 Libr.
361 3080 375 3104 l.
396 3087 421 3111 p.
442 3080 493 3104 ΧΠ.
514 3086 536 3105 0.
556 3081 579 3104 2.

241 3124 251 3140 2⁷
271 3124 296 3148 ln
325 3123 384 3149 edd.
413 3124 516 3148 additur
543 3123 727 3149 determinatio
757 3123 897 3157 temporis,
920 3124 1038 3151 videlicet
1066 3124 1122 3150 dics

172 3169 289 3194 octavus.

241 3211 252 3228 ³
272 3212 334 3236 Gen.
354 3212 397 3243 17,
412 3212 457 3243 23,
472 3211 516 3236 ubi
536 3212 687 3243 insinuatur,
701 3211 831 3237 Abraham
846 3212 927 3237 filium
941 3219 1018 3237 suum
1033 3213 1120 3237 lsmael

174 3260 298 3281 0101111105
312 3256 465 3281 vernaculos
476 3255 569 3281 domus
584 3263 645 3280 suae
660 3256 860 3281 circumcidisse.
872 3256 945 3281 losue
957 3256 991 3288 (5,
1003 3257 1026 3281 2.
1038 3258 1121 3289 seqq.)

172 3300 333 3325 circumcidit
352 3307 443 3325 omnes
467 3300 511 3332 qui
540 3302 708 3331 praeceptum
735 3299 766 3325 dc
792 3301 987 3325 circumcisione
1007 3300 1123 3331 neglexe-

172 3346 236 3369 rant.
255 3358 290 3363 ·-—
304 3345 428 3376 Superius
448 3352 495 3376 pro
515 3343 546 3369 dc
564 3343 716 3369 necessitate
735 3344 792 3369 cod.
808 3344 824 3368 F
844 3344 877 3369 de
890 3344 1047 3378 iiiteffl‘z'tate.

243 3387 252 3404 ⁴
273 3388 336 3413 Edd.
357 3388 479 3420 supplent
498 3387 681 3413 delerritinatio
702 3387 835 3421 temporis.

1256 3081 1267 3097 ⁵
1286 3080 1335 3106 Csr.
1356 3082 1418 3105 Gen.
1444 3081 1484 3112 17,
1511 3080 1552 3112 14,
1573 3081 1617 3113 qui
1637 3081 1661 3105 in
1681 3087 1735 3113 seq.
1756 3088 1810 3111 arg.
1831 3080 1963 3111 allegatur.
1982 3094 2015 3097 —
2035 3079 2141 3105 Conclu-

1186 3126 1285 3150 sionem
1305 3132 1360 3156 arg.
1380 3125 1501 3150 exhibent
1520 3124 1578 3149 cdd.
1594 3126 1643 3150 sic:
1657 3131 1721 3158 erqo
1742 3124 1853 3155 ridetur,
1870 3123 1942 3158 qnod
1961 3125 2070 3150 octavus
2087 3123 2141 3150 dies

1185 3175 1240 3194 non.
1258 3168 1311 3201 sitit
1329 3168 1359 3194 de
1378 3167 1527 3194 substantia
1547 3167 1766 3194 circumcisionis.

1256 3213 1267 3229 ⁶
1289 3213 1361 3238 Vcrs.
1387 3212 1429 3244 ¹4,
1450 3212 1495 3237 ubi
1517 3212 1639 3244 Vulgata,
1661 3219 1739 3244 quam
1760 3211 1819 3237 edd.
1840 3216 1993 3244 sequuntur,
2013 3211 2143 3237 delebitur

1187 3264 1235 3289 pro
1255 3256 1355 3290 peribit.
1376 3272 1410 3275 —-
1439 3257 1497 3289 Seq.
1528 3260 1610 3282 textus
1639 3260 1677 3281 est
1705 3256 1767 3281 ibid.
1797 3264 1822 3281 v.
1848 3257 1885 3281 1-2.
1914 3257 1994 3281 —ln
2016 3256 2065 3281 fine
2085 3264 2140 3288 arg.

1188 3301 1264 3327 codd.
1284 3301 1336 3326 RN
1356 3308 1385 3326 aa
1405 3301 1567 3332 subiungant
1586 3307 1649 3333 erqo
1663 3299 1753 3326 onznia
1772 3302 1836 3326 sunt
1849 3300 1879 3326 cte
1893 3300 2058 3333 necessitate,
2082 3301 2141 3326 edd.

1187 3352 1250 3379 erqo
1270 3345 1389 3377 videtur,
1411 3344 1482 3378 quod
1500 3345 1610 3371 octavus
1629 3344 1682 3371 (ties
1701 3345 1734 3371 sit
1753 3344 1784 3370 de
1804 3345 1957 3371 necessitate
1971 3344 2143 3371 Sacramenti

1188 3395 1406 3416 czrcumczszoms.
