2483 3882
298 410 331 431 Ad
346 409 429 436 opposi-

338 439 388 456 tum.

306 1936 424 1958 Distiuctio.

283 1989 395 2011 Conclusio
408 1989 427 2010 1.

300 2578 333 2599 Ad
347 2576 430 2604 opposi-

340 2606 390 2625 tum.

443 258 506 289 878

531 344 673 375 CONTRA:
695 343 721 373 1.
739 341 797 381 Qui
823 341 914 372 iterat
938 339 1174 370 Sacramentum
1191 336 1263 368 facit
1279 335 1306 367 ei
1324 343 1392 366 con-

444 396 622 433 tumeliam,
647 398 676 426 et
700 394 769 425 ideo
794 391 870 423 nihil
895 390 966 422 facit
1002 388 1187 426 iterand013
1212 387 1266 420 sed
1292 387 1323 418 in
1348 395 1392 419 se-

443 449 553 481 cundis
585 446 702 487 nuptiis
734 445 865 476 iteratur
905 441 1095 474 matrimonii
1127 440 1389 472 Sacramentum:

441 510 516 541 ergo
539 508 599 531 non
632 500 679 530 est
710 497 751 528 ibi
784 494 975 527 Sacramenti
1008 493 1181 534 susceptio,
1206 493 1261 525 sed
1285 495 1392 524 contu-

440 552 541 584 melia.

527 605 556 636 2.
581 603 674 641 Item,
703 601 864 633 vinculum
899 599 1089 631 matrimonii
1120 597 1317 630 contrahitur
1349 606 1390 629 ex

439 661 550 689 mutuo
575 663 744 692 consensu;
769 654 824 686 sed
858 661 1028 685 consensus
1059 655 1106 684 est
1136 651 1299 683 vinculum
1329 649 1391 682 ani-

441 718 583 747 morum,
607 712 637 741 et
661 707 895 740 matrimonium
929 709 975 738 est
1006 704 1187 742 vinculum,
1212 703 1296 745 quod
1329 712 1389 734 non

440 762 582 799 solvitur,
600 760 800 793 manentibus
821 758 989 791 extremis:
1008 766 1082 798 ergo
1099 765 1171 789 cum
1189 756 1311 788 animae
1328 755 1390 787 sint

438 813 711 855 incorruptibiles,
736 820 860 853 semper
886 814 990 842 manet
1019 809 1179 842 vinculum
1206 808 1299 850 primi
1330 816 1392 839 ma-

439 866 586 899 trimonii.
611 865 670 898 Sed
694 865 841 906 alligatus
864 864 918 896 uni
943 862 1211 895 sacramentaliter
1242 869 1303 893 non
1341 870 1392 902 po-

438 923 498 952 test
522 919 612 951 alteri
637 917 905 950 sacramentaliter
929 915 1060 957 obligari
1076 914 1104 946 ²:
1131 923 1205 955 ergo
1230 917 1287 946 etc.

528 972 556 1004 3.
574 972 667 1009 Item,
693 970 722 1002 in
749 969 895 1002 secundis
926 969 1044 1010 nuptiis
1069 972 1115 1000 est
1146 967 1249 999 carnis
1278 966 1391 998 divisio

439 1034 479 1058 ex
504 1028 592 1067 parte
617 1024 675 1055 viri
701 1023 750 1055 vel
775 1022 934 1060 mulieris3
959 1021 1013 1053 sed
1038 1021 1182 1053 Christus
1211 1023 1258 1052 est
1283 1019 1392 1051 indivi-

439 1078 536 1115 sus⁸7
561 1081 591 1110 et
617 1077 751 1109 Ecclesia
775 1076 919 1108 similiter
954 1074 1089 1106 indivisa
1120 1077 1150 1106 et
1174 1073 1269 1104 unius
1293 1072 1391 1104 solius

438 1139 570 1172 sponsa,
587 1134 617 1162 et
640 1130 780 1161 humana
797 1132 910 1160 natura
927 1137 944 1159 a
961 1127 1067 1159 divina
1083 1130 1129 1158 est
1151 1125 1298 1158 indivisa:
1317 1134 1392 1166 ergo

438 1193 499 1216 non
525 1187 629 1215 manet
653 1182 852 1224 significatio:
878 1189 952 1221 ergo
976 1183 1034 1212 etc.

526 1237 556 1268 lt.
582 1236 654 1268 item
667 1261 674 1273 ‚
699 1236 935 1267 Sacramentum
954 1236 1000 1265 est
1017 1232 1147 1273 dignum
1165 1231 1391 1269 benedictione,

439 1290 512 1331 quia
537 1297 661 1321 sacrum
687 1291 734 1319 est
758 1290 788 1319 et
812 1286 1009 1318 sanctificans
1024 1285 1050 1323 ⁴3
1076 1285 1130 1317 sed
1155 1284 1312 1316 secundae
1337 1293 1391 1316 nu·

438 1343 521 1384 ptiae
544 1350 605 1374 non
631 1340 877 1373 benedicuntur:
903 1347 978 1380 ergo
1002 1347 1063 1369 non
1097 1338 1222 1369 videtur
1256 1337 1297 1368 ibi
1323 1345 1392 1369 esse

440 1396 686 1428 Sacramentum.

794 1505 1034 1530 CONCLUSIO.

440 1606 608 1640 Secundae
632 1606 766 1647 nuptiae
783 1605 817 1636 z'n
833 1614 866 1636 se
885 1607 964 1635 sunt
987 1603 1259 1640 Sacramentzmn,
1283 1602 1341 1634 secl
1357 1602 1390 1634 in

528 1658 775 1700 comparatione
798 1657 844 1688 acl
865 1656 996 1698 primas
1032 1655 1167 1697 nupcias
1193 1654 1311 1687 nabent
1334 1654 1391 1686 mi-

528 1722 593 1744 nus
617 1711 768 1752 complete
791 1710 955 1742 rationem
990 1708 1246 1751 siynlftcaclonis
1277 1707 1410 1740 sacra-¹

528 1764 688 1797 mentalis.

532 1871 732 1902 RESPONDEO:
759 1868 951 1906 Dicendum,
974 1867 1058 1909 quod
1083 1867 1250 1909 dupliciter
1283 1871 1329 1900 est
1353 1867 1393 1899 lo—

441 1923 493 1965 qui
520 1923 559 1955 de
583 1922 729 1955 secundis
754 1921 887 1963 01101113,
905 1924 960 1952 aut
984 1920 1018 1951 ln
1042 1929 1091 1957 se,
1108 1923 1162 1951 aut
1180 1920 1210 1951 in
1234 1919 1392 1952 relacione

442 1977 481 2009 ad
506 1976 633 2018 primas.
659 1975 687 2006 Si
712 1974 747 2006 in
770 1984 823 2012 se;
840 1974 900 2011 sic,
917 1981 989 2005 cum
1015 1972 1053 2005 sit
1078 1972 1117 2004 ihi
1145 1981 1315 2005 consensus
1339 1981 1391 2004 ex-

442 2038 571 2072 pressus
595 2029 675 2061 inter
700 2027 855 2069 legitimas
881 2035 1046 2068 personas,
1064 2029 1138 2058 sunt
1155 2026 1264 2067 utique
1288 2026 1393 2058 Sacra-

443 2086 602 2121 mentum,
628 2090 683 2113 nec
708 2084 754 2113 est
778 2080 819 2112 ibi
845 2079 947 2112 carnis
979 2078 1107 2117 divisio,
1136 2078 1190 2110 sed
1222 2077 1297 2110 unio
1329 2087 1393 2110 car-

1204 247 1486 281 SENTENTIARUM
1511 246 1578 278 LlB.
1603 246 1650 278 lV.

2471 41 2473 72 1

2472 79 2474 127 ἓ

2473 130 2476 181 l

2474 187 2476 249 i

2475 252 2477 282 1

2475 285 2477 298 Ι

1456 333 1503 366 nis
1528 333 1586 364 viri
1611 336 1641 364 et
1665 332 1816 364 mulieris.
1841 332 1871 364 Si
1895 335 2001 364 autem
2019 331 2207 373 loquamur⁵
2226 332 2260 364 in
2276 341 2404 373 compa·
2476 334 2478 374 3

1455 386 1584 417 ratione
1607 386 1646 417 ad
1664 385 1903 426 praecedentes;
1921 385 1964 417 sic
1982 388 2087 416 manet
2104 384 2132 416 in
2150 385 2194 416 eis
2210 385 2399 417 Sacramenti
2415 377 2483 432 concii.

1457 439 1534 470 ratio
1559 437 1752 479 incompleta
1776 442 1904 479 propter
1928 437 2031 469 carnis
2055 437 2258 475 divisionem,
2283 438 2356 478 quia
2373 438 2403 469 10
2477 436 2480 473 ἰ

1456 491 1566 532 primis
1597 499 1723 523 carnem
1756 499 1846 523 suam
1879 490 1979 522 univit
2003 499 2075 522 cum
2100 499 2181 528 uno,
2204 490 2233 521 in
2259 490 2405 522 secundis
2478 475 2479 489 ¹

1455 553 1527 576 cum
1552 543 1629 581 ali03
1647 548 1677 575 et
1701 543 1770 575 talis
1794 542 1906 575 divisio
1930 542 2010 575 tollit
2033 543 2072 575 de
2097 542 2291 584 plenitudine
2315 542 2405 583 signi-

1455 596 1616 628 ficationis.

1546 650 1574 680 1.
1598 649 1642 681 Ad
1674 648 1753 681 illud
1788 658 1862 690 ergo
1894 649 1979 690 quod
2007 648 2163 686 obiicitur,
2187 648 2271 690 quod
2303 648 2406 680 Sacra-
2432 657 2483 689 suini

1456 705 1596 733 mentum
1622 702 1771 740 iteratum
1788 701 1955 734 dicendum
1967 727 1975 740 ,
1992 701 2075 743 quod
2101 701 2336 733 Sacramentum
2354 701 2407 733 ite·
2419 687 2476 710 ΡΜ

1455 754 1519 786 rari
1545 763 1605 786 000
1630 754 1763 793 dicitur,
1787 754 1845 786 nisi
1875 754 1977 796 primo
2002 756 2162 792 manente;
2188 753 2241 785 sed
2266 753 2404 795 primum

1455 811 1502 840 est
1526 808 1683 845 solutum,
1708 816 1809 839 uxore
1834 812 1959 839 mortua
1973 807 1993 838 ⁰.

1544 862 1573 893 2.
1599 860 1642 892 Ad
1668 860 1746 893 illud
1771 860 1856 902 quod
1880 860 2040 899 obiicitur,
2065 859 2149 901 quod
2173 862 2219 891 est
2244 859 2405 891 vinculum

1456 914 1651 951 animarum,
1676 921 1757 954 quae
1788 916 1861 945 sunt
1892 916 2080 954 perpetuae3
2105 912 2292 950 dicendum,
2321 911 2478 953 quoduam

1456 967 1560 998 anima
1584 969 1614 998 et
1638 969 1684 997 est
1707 965 1824 997 anima
1848 968 1878 997 et
1901 969 1948 997 est
1968 965 2125 1006 Spt'rz'lus;
2142 968 2172 996 et
2188 973 2249 996 non
2274 968 2321 996 est
2345 964 2408 995 vin-

1456 1019 1563 1051 culum
1588 1018 1785 1056 animarum,
1807 1018 1864 1050 nisi
1890 1018 1919 1049 in
1945 1022 2097 1059 quantum
2125 1017 2318 1049 coniunctae
2342 1026 2409 1048 cor-

1452 1071 1611 1113 poribnae
1635 1071 1800 1103 ordinatur
1831 1071 1913 1102 enim
1939 1070 1998 1102 hoc
2033 1070 2196 1102 vinculum
2232 1070 2270 1101 ad
2307 1070 2409 1101 carnis

1457 1125 1726 1157 commixtionem:
1752 1124 1822 1156 ideo
1847 1123 1995 1161 solvitur,
2020 1132 2091 1155 cum
2117 1123 2220 1154 anima
2245 1126 2409 1163 separatur

1456 1181 1487 1209 et
1511 1177 1625 1210 desinit
1648 1177 1789 1209 animare
1803 1177 1823 1207 ⁷.

1547 1230 1575 1262 3.
1600 1230 1630 1262 li.
1655 1230 1699 1261 Ad
1724 1229 1802 1262 illud
1835 1229 1919 1270 quod
1950 1229 2113 1266 obiicitur,
2142 1227 2225 1270 quod
2251 1227 2407 1259 secundae

1457 1284 1585 1325 nuptiae
1609 1291 1735 1315 carnem
1768 1282 1913 1314 dividunt
1923 1294 1930 1320 3
1956 1281 2139 1319 dicendum,
2163 1281 2247 1322 quod
2274 1281 2330 1312 hoc
2360 1283 2406 1312 est
2419 1287 2483 1310 Nota„

1453 1346 1514 1379 per
1535 1336 1703 1373 accidens,
1720 1335 1794 1376 quia
1809 1334 1918 1376 primo
1935 1334 2073 1371 laniunt,
2092 1337 2122 1365 et
2135 1343 2195 1374 per
2212 1342 2407 1375 consequens

1457 1390 1634 1427 diuiduum
1666 1392 1695 1421 et
1727 1391 1800 1420 suut
1832 1388 2067 1420 Sacramentum
2105 1386 2224 1418 ratione
2255 1386 2405 1424 unionis,

1457 1452 1518 1475 non
1543 1443 1662 1475 ratione
1687 1442 1868 1474 divisionis.
1886 1442 2001 1473 Tamen
2020 1440 2093 1482 quia
2118 1439 2236 1471 divisio
2258 1439 2409 1471 concomi-

1457 1500 1542 1528 tatur
1572 1495 1726 1527 unz'onem
1759 1504 1814 1527 nec
1843 1498 1890 1527 est
1914 1494 1953 1526 de
1983 1493 2170 1535 perfectione
2195 1493 2405 1528 Sacramenti;

1458 1549 1527 1581 ideo
1551 1558 1611 1580 non
1637 1548 1770 1580 debetur
1794 1548 1821 1580 ei
1847 1550 1932 1579 tanta
1956 1546 2154 1584 solemnitas3
2171 1550 2201 1578 et
2221 1546 2295 1587 quia
2318 1545 2408 1577 bene-

1457 1601 1550 1633 dictio
1575 1605 1622 1633 est
1649 1600 1689 1632 ad
1722 1600 1968 1638 solemnitatem,
1993 1599 2063 1631 ideo
2093 1599 2168 1631 tales
2193 1599 2320 1639 nuptiae
2345 1607 2405 1629 non

1457 1654 1687 1686 benedicuntur
1698 1653 1718 1684 Β.
1742 1671 1786 1676 —
1811 1653 1845 1685 Et
1869 1652 1912 1685 sic
1938 1656 2021 1694 patet
2045 1661 2188 1694 sequens.
2213 1669 2257 1673 —-
2281 1651 2339 1683 Sed
2364 1655 2483 1704 at-Resgi

1457 1707 1668 1746 tendendum,
1684 1707 1768 1748 quod
1793 1706 1921 1747 nuptiae
1946 1708 2076 1747 possunt
2099 1714 2167 1737 esse
2192 1704 2349 1737 secundae
2365 1712 2406 1736 ex
2435 1688 2460 1704 ⁰⁰
2481 1689 2483 1704 ¹

1456 1764 1545 1802 parte
1570 1760 1626 1792 viri
1652 1763 1682 1791 et
1707 1760 1826 1800 primae
1851 1767 1892 1790 ex
1928 1762 2015 1800 parte
2041 1757 2199 1796 mulieris,
2224 1757 2273 1789 vel
2297 1765 2314 1789 e
2338 1765 2408 1788 con-

1457 1821 1565 1851 verso,
1590 1812 1639 1845 vel
1663 1820 1705 1844 ex
1729 1815 1817 1853 parte
1841 1811 2017 1852 utriusque.
2042 1810 2073 1841 In
2099 1810 2201 1851 primo
2236 1818 2311 1841 casu
2335 1809 2406 1851 plus

1457 1865 1598 1898 salvatur
1622 1865 1701 1897 ratio
1737 1864 1927 1897 Sacramenti
1951 1882 1995 1885 —
2019 1863 2162 1895 Christus
2190 1862 2273 1894 enim
2297 1862 2406 1894 unitur

1457 1918 1604 1960 pluribus
1632 1917 1798 1949 animabus
1821 1920 1852 1949 et
1876 1916 1935 1949 sibi
1966 1925 2018 1949 eas
2050 1916 2218 1957 desponsat
2244 1933 2286 1937 —
2310 1915 2340 1946 in
2365 1923 2409 1947 se-

1458 1971 1561 2003 cundo
1590 1979 1665 2002 casu
1698 1969 1845 2008 minus⁹;
1870 1969 1900 2001 in
1930 1969 2021 2001 tertio
2050 1969 2187 2000 minime.
2215 1969 2248 2000 Et
2280 1968 2349 2000 ideo
2378 1967 2409 1999 in

1458 2024 1559 2066 primo
1582 2033 1674 2062 casu,
1699 2032 1771 2055 cum
1796 2022 1911 2055 mulier
1934 2026 1981 2055 est
2004 2022 2110 2063 virgo,
2134 2022 2279 2063 quamvis
2304 2021 2350 2053 vir
2369 2020 2408 2053 sit

1457 2077 1616 2119 bigamus,
1640 2076 1767 2118 nuptiae
1792 2075 2021 2107 benedicuntur
2035 2074 2064 2106 ¹⁰.

2479 534 2480 561 l

2479 581 2481 606 1

2480 637 2482 658 i

1300 2192 1483 2234 QUAESTIO
1511 2192 1555 2224 111.

1032 2291 1149 2323 Utrum
1172 2290 1334 2323 secundae
1356 2289 1492 2331 ‘nuptiae
1515 2289 1582 2321 sint
1606 2287 1824 2320 honorabiles.

533 2406 637 2438 Tertio
661 2404 843 2447 quaeritur,
868 2407 976 2435 utrum
995 2402 1151 2435 secundae
1176 2401 1303 2443 nuptiae
1335 2401 1397 2433 sint

444 2458 654 2491 honorabiles.
680 2458 714 2489 Et
737 2457 821 2499 quod
847 2456 908 2495 sic,
933 2455 1075 2487 videtur:

491 2512 493 2515 ’
536 2513 564 2543 1.
588 2511 666 2552 Quia
690 2519 781 2542 omne
805 2509 902 2548 illud,
928 2509 958 2540 in
983 2517 1045 2550 quo
1077 2507 1218 2540 salvatur
1242 2506 1321 2538 ratio
1346 2506 1398 2538 ho-

445 2565 534 2604 nesti,
551 2564 692 2597 salvatur
716 2563 794 2595 ratio
818 2561 1026 2599 honorabilis;
1043 2560 1099 2593 sed
1116 2560 1146 2591 in
1171 2559 1319 2592 secundis
1342 2568 1397 2590 nu-

444 2618 516 2661 ptiis
540 2618 681 2650 salvatur
705 2616 783 2649 ratio
809 2615 944 2654 honesti,
969 2614 1043 2656 quia
1075 2613 1192 2646 vitatur
1216 2612 1396 2645 inhonestas

444 2670 655 2703 fornicationis
670 2669 711 2701 ¹¹:
736 2678 811 2711 ergo
835 2672 891 2700 etc.

534 2725 563 2756 2.
588 2724 681 2761 110111,
706 2722 805 2764 gloria
837 2725 883 2754 est
914 2721 1012 2763 patris
1037 2719 1118 2752 filios
1142 2727 1340 2751 successores
1365 2718 1395 2750 in

444 2776 534 2809 honis
558 2776 753 2818 relinquere,
778 2778 808 2807 et
833 2774 971 2806 maxime
995 2773 1110 2811 b0n0s3
1135 2772 1189 2804 sed
1215 2772 1396 2813 frequenter

445 2829 475 2860 in
505 2828 615 2870 primis
640 2828 757 2869 nuptiis
781 2837 842 2859 non
866 2827 1076 2868 acquiruntur
1105 2824 1179 2863 filii,
1203 2824 1257 2856 sed
1295 2824 1323 2855 in
1353 2832 1397 2856 se-

445 2881 574 2920 cundis;
598 2890 672 2922 ergo
698 2880 837 2918 videtur,
862 2879 945 2921 quod
971 2887 1031 2910 1100
1056 2877 1182 2909 habenti
1208 2876 1327 2918 prolem
1346 2876 1398 2908 ho-

447 2934 587 2966 norabile
611 2934 650 2965 sit
674 2933 811 2965 secundo
836 2932 964 2964 nubere.

1550 2400 1579 2432 3.
1605 2400 1696 2438 Item,
1728 2400 1833 2431 onmia
1857 2400 2057 2432 Sacramenta
2081 2398 2188 2430 divina
2216 2401 2288 2430 sunt
2320 2397 2414 2429 hono-

1462 2453 1576 2484 randa:
1602 2461 1677 2492 ergo
1712 2460 1804 2483 omne
1835 2451 1918 2492 quod
1952 2454 2035 2483 tenet
2067 2451 2097 2482 in
2122 2459 2155 2482 se
2188 2450 2339 2481 rationem
2364 2449 2413 2481 Sa-

1461 2505 1630 2544 010100οῑ1,
1656 2508 1738 2537 tenet
1763 2505 1915 2537 rationem
1940 2503 2150 2541 honorabilis;
2176 2503 2230 2535 sed
2256 2502 2411 2535 secundae

1462 2558 1589 2600 nuptiae
1618 2562 1691 2590 sunt
1715 2557 1915 2595 huiusmodi,
1941 2560 1975 2588 ut
2004 2556 2127 2598 prius¹²
2151 2555 2319 2597 probatum
2349 2559 2412 2587 est:

1461 2621 1536 2653 ergo
1559 2611 1715 2643 secundae
1740 2610 1867 2651 nuptiae
1891 2613 1964 2642 suut
1989 2608 2198 2641 honorabiles.

1549 2663 1579 2695 [ι.
1604 2663 1697 2701 11001,
1723 2663 1752 2694 10
1778 2663 1856 2704 Lege
1888 2662 1941 2704 qui
1974 2661 2098 2694 nolebat
2130 2661 2282 2693 suscitare
2306 2668 2412 2692 semen

1461 2717 1568 2756 fratri,
1593 2717 1821 2749 extrahebatur
1844 2716 2092 2748 calceamentum
2125 2714 2163 2746 (10
2189 2714 2285 2755 pede,
2309 2717 2339 2745 et
2362 2721 2414 2745 ex-

1462 2770 1635 2812 spuebatur
1653 2770 1683 2801 in
1700 2769 1810 2801 faciem
1831 2769 1899 2801 eius
1924 2769 1954 2800 in
1979 2768 2103 2809 signum
2126 2767 2286 2809 opprobrii
2305 2765 2415 2808 sempi-

1462 2822 1560 2859 terni,
1577 2822 1810 2854 Deuteronomii
1829 2821 1980 2863 vigesimo
1997 2821 2105 2862 quinto
2121 2820 2161 2852 ¹³:
2181 2829 2255 2861 ergo
2272 2820 2297 2851 si
2317 2819 2414 2851 multo

1463 2875 1561 2917 magis
1586 2875 1678 2907 debet
1701 2875 1772 2916 quis
1796 2874 1948 2906 sollicitus
1965 2882 2033 2906 esse
2061 2873 2099 2906 de
2125 2873 2212 2915 prole
2238 2882 2294 2905 sua
2318 2880 2413 2914 quam

1462 2928 1501 2960 (le
1525 2928 1643 2965 aliena3
1669 2927 1804 2965 videtur,
1822 2926 1934 2968 quodsi
1960 2926 2073 2968 aliquis
2102 2935 2161 2957 non
2193 2926 2311 2957 habens
2336 2924 2416 2956 filios

522 3089 528 3105 ¹
548 3088 597 3114 Cfr.
618 3096 696 3120 supra
716 3088 785 3113 (1.”6.
807 3096 832 3119 p.
856 3089 870 3112 l.
892 3095 916 3120 q.
937 3088 960 3112 G.

519 3132 529 3148 2
548 3132 628 3157 Codd.
649 3132 696 3157 FG
716 3139 745 3157 aa
765 3131 883 3164 alliam-i.

521 3175 530 3191 3
548 3176 624 3207 Epist.
647 3176 662 3201 l.
683 3175 739 3201 Cor.
765 3177 785 3207 1,
812 3176 854 3200 13:
874 3175 978 3200 Divisus
997 3179 1035 3200 est
1053 3173 1186 3199 Christus?

521 3218 530 3234 4
550 3218 600 3244 Ct'r.
622 3226 700 3250 supra
721 3220 753 3243 lit.
775 3219 901 3250 Magistri⁷
924 3218 948 3243 d.
970 3219 985 3242 1.
1007 3225 1029 3242 c.
1050 3218 1074 3242 ²2.
1096 3224 1168 3249 seqq.

521 3262 532 3278 5
551 3262 630 3287 Codd.
652 3263 700 3287 GL
720 3263 841 3294 supplent
860 3262 890 3287 cle
910 3261 955 3287 eis.

521 3306 531 3322 ⁶
552 3307 624 3331 Rom.
644 3307 668 3338 7,
689 3308 713 3331 2.
732 3314 786 3339 seq.
807 3309 831 3331 et
851 3307 868 3330 Ι.
887 3306 945 3331 Cor.
968 3306 993 3338 7,
1016 3307 1056 3331 39.

521 3349 531 3364 ⁷
550 3349 599 3374 Cir.
620 3357 697 3380 supra
718 3350 743 3374 (1.
758 3350 799 3374 27.
814 3357 835 3374 a.
850 3350 875 3375 3,
891 3357 915 3382 q.
942 3351 961 3375 1,
988 3364 1017 3366 -
1042 3350 1167 3381 Superius
1192 3348 1280 3374 verbis
1303 3349 1327 3373 et
1346 3353 1401 3373 non

440 3392 508 3417 cod.
529 3392 546 3415 F
567 3393 692 3417 interserit
711 3392 921 3418 matrimonium.

1534 3083 1545 3100 ⁸
1564 3083 1615 3109 Ctr.
1638 3082 1665 3109 C.
1687 3082 1861 3116 Capellamtm
1881 3082 1928 3115 (l.)
1947 3086 1972 3107 ct
1985 3081 2011 3107 C.
2033 3081 2076 3107 Vir
2094 3082 2184 3107 aulem
2199 3081 2261 3113 (3.)⁷
2284 3080 2316 3105 X.
2332 3080 2363 3105 de
2376 3080 2416 3104 Sc-

1464 3128 1556 3153 cundis
1575 3128 1674 3159 Nuptiis
1694 3127 1753 3158 (lib.
1775 3127 1816 3151 Ν.
1836 3128 1870 3152 tit.
1892 3127 1953 3159 21.),
1973 3130 1998 3151 et
2016 3133 2095 3157 supra
2115 3125 2141 3150 d.
2164 3125 2204 3150 28.
2225 3124 2287 3149 dub.
2309 3124 2333 3149 3,

1534 3172 1544 3188 ⁰
1566 3172 1629 3197 Vide
1649 3178 1728 3203 supra
1748 3171 1772 3196 d.
1794 3170 1834 3196 25.
1854 3178 1877 3196 a.
1898 3171 1921 3195 ⁶2,
1940 3178 1963 3202 q.
1986 3171 2009 3195 3.
2030 3171 2054 3194 10
2074 3170 2132 3194 fine.

1537 3215 1557 3231 ¹0
1578 3215 1643 3240 Vide
1663 3215 1777 3240 scholion
1798 3214 1829 3239 ad
1851 3213 2049 3245 praecedentem
2069 3217 2167 3245 quaest.

1535 3259 1553 3275 ¹¹
1576 3259 1654 3290 Epist.
1677 3259 1691 3283 l.
1712 3258 1769 3284 Cor.
1789 3258 1814 3289 7,
1837 3259 1860 3283 2.
1881 3260 1906 3282 et
1926 3257 1966 3282 39.

1536 3303 1557 3319 ¹2
1577 3303 1678 3334 Quaest.
1701 3302 1820 3334 praeced.

1537 3346 1556 3363 ¹³
1576 3347 1648 3372 Vers.
1668 3347 1692 3371 7.
1714 3354 1786 3379 seqq.
1807 3360 1841 3364 —
1861 3346 1923 3371 Edd.
1945 3344 2102 3371 earn-allebat
2123 3345 2242 3376 (Vulgata
2263 3343 2343 3376 tollet)
2364 3342 2414 3369 cal·

1465 3392 1662 3417 ceamenttcm...
1682 3389 1834 3423 eoespuebal.
