2483 3882
982 252 1192 284 DlSTlNCTlO
1218 252 1262 284 tlt.
2062 256 2102 287 st

904 482 1229 523 DISTINCTIO
1260 483 1337 523 ΙΙΙ.

1061 668 1141 700 PARS
1166 669 1185 700 l.

555 794 623 825 CAP.
647 795 666 824 l.

446 890 526 927 Qusct
546 890 585 921 sic
608 890 782 931 baptismus.

216 987 285 1016 Post
306 987 382 1017 haec
404 987 567 1018 videndum
591 992 650 1025 est,
679 989 752 1027 quid
781 989 818 1018 sit
848 988 1033 1027 baptismus,
1062 991 1091 1017 et

138 1043 216 1074 quae
237 1035 275 1065 sit
297 1035 408 1072 forma,
431 1039 460 1066 et
481 1036 603 1075 quando
628 1037 797 1072 institutus,
820 1040 846 1066 et
869 1045 961 1066 causa
977 1036 1092 1066 institu-

11 1084 89 1106 >=¹bi=¹m
104 1084 123 1105 1·
140 1084 237 1113 tionis.
252 1100 292 1106 —
306 1084 477 1122 Baptismus
498 1084 610 1114 dicitur
625 1085 777 1122 intinctio,
795 1084 822 1114 id
840 1088 885 1115 est
899 1084 1013 1114 ablutio
1028 1092 1093 1114 cor-

137 1132 221 1171 poris
243 1133 375 1162 exterior
397 1132 474 1162 sacta
496 1132 553 1162 sub
581 1133 677 1163 forma
706 1133 868 1163 verborum
890 1133 1089 1171 praescripta.

138 1180 168 1210 Si
191 1180 269 1210 enim
294 1181 345 1211 fiat
366 1180 480 1211 ablutio
502 1181 567 1211 sine
590 1181 700 1217 verbo,
722 1190 780 1211 non
803 1185 848 1211 est
863 1181 904 1211 ibi
919 1181 1093 1211 Sacramen-

139 1232 216 1264 tum,
238 1229 291 1259 sed
321 1229 485 1259 accedente
512 1229 605 1260 verbo
634 1230 671 1259 ad
702 1230 900 1267 elementum,
929 1229 962 1259 fit
989 1229 1093 1259 Sacra-

11 1286 89 1307 ›umum
104 1281 293 1313 2.1ne1]tttn1;
316 1286 373 1307 non
396 1278 501 1316 utique
524 1278 622 1316 ipsum
646 1278 825 1308 elememwn
857 1278 888 1307 fit
915 1278 1093 1308 Sacramen-

139 1328 216 1361 tum,
240 1326 293 1355 sed
315 1325 429 1356 ablutio
452 1327 530 1357 facta
549 1327 577 1356 in
594 1327 750 1357 elemento.
768 1326 853 1356 Unde
868 1326 1054 1363 Augustinus
1066 1326 1092 1355 ¹:

19 1378 118 1405 gusunus.
144 1385 156 1399 «
170 1373 271 1403 Verbo
288 1373 436 1412 baptisma
453 1378 668 1410 consecratur;
684 1374 809 1404 detrahe
825 1374 961 1410 verbum,
977 1377 1005 1404 et
1020 1373 1093 1412 qnid

138 1425 182 1452 est
204 1430 282 1461 aqua
306 1423 363 1452 nisi
385 1424 487 1461 aqua?
510 1423 628 1453 accedit
651 1423 776 1453 verbum
797 1422 834 1452 ad
850 1422 1048 1457 elementum,
1065 1425 1094 1452 et

139 1470 171 1499 nt
192 1469 430 1500 Sacramentum.
453 1470 538 1500 Unde
567 1474 612 1500 est
640 1472 715 1500 haec
746 1474 825 1501 tanta
856 1470 952 1500 virtus
978 1478 1092 1509 aquae,

138 1521 170 1548 ut
201 1527 314 1558 corpus
335 1522 436 1557 tangat
464 1523 492 1549 et
513 1528 566 1550 cor
595 1519 713 1556 abluat,
742 1519 800 1549 nisi
826 1519 954 1549 faciente
975 1519 1093 1549 verbo?

138 1574 196 1595 non
218 1568 290 1605 quia
312 1567 440 1604 dicitur,
463 1567 515 1597 sed
538 1567 610 1606 quia
632 1567 775 1597 creditur.
803 1567 879 1597 Nam
908 1570 938 1597 et
966 1567 995 1596 in
1026 1567 1092 1605 ipso

138 1614 231 1645 verbo
253 1615 336 1645 aliud
359 1619 404 1645 est
431 1624 523 1645 sonus
553 1616 717 1651 transiens,
744 1615 826 1645 aliud
850 1618 895 1644 est
916 1615 1012 1644 virtus
1034 1622 1094 1644 ma-

12 1668 88 1689 ·ubium
103 1668 122 1688 3.
138 1670 252 1692 nens».
268 1663 298 1692 In
315 1662 434 1693 duobus
450 1672 520 1701 ergo
536 1663 674 1693 consistit
688 1663 916 1693 Sacramentum
932 1662 1092 1701 baptismi,

138 1711 254 1741 scilicet
276 1711 369 1741 verbo
392 1716 421 1742 et
442 1712 598 1742 elemento.
622 1712 700 1748 Ergo
720 1711 774 1741 etsi
798 1711 854 1741 alia
878 1710 992 1746 desint,
1014 1718 1093 1749 quae

139 1759 176 1789 ad
198 1759 339 1789 decorem
362 1759 545 1790 Sacramenti
569 1760 703 1789 instituta
726 1762 811 1796 sunt,
834 1768 892 1789 non
909 1759 977 1789 ideo
994 1759 1093 1788 minus

138 1811 183 1837 est
206 1816 310 1838 verum
332 1808 560 1838 Sacramentum
583 1811 612 1838 et
633 1811 788 1843 sanctum,
810 1808 834 1837 si
855 1807 980 1838 verbum
995 1807 1035 1837 sit
1050 1807 1092 1837 ibi

139 1860 168 1886 et
189 1856 378 1886 elementum.
408 1856 484 1886 Nam
513 1860 541 1886 et
569 1857 599 1886 in
623 1856 681 1886 hoc
702 1856 899 1886 Sacramento
922 1860 951 1886 et
973 1856 1001 1886 in
1024 1856 1093 1886 aliis

138 1904 287 1943 quaedam
309 1905 406 1934 solent
426 1905 490 1935 fieri
513 1905 549 1935 ad
574 1905 715 1935 decorem
731 1908 761 1935 et
780 1905 966 1935 honestatem
990 1904 1094 1935 Sacra-

139 1953 246 1989 menti,
269 1953 418 1991 quaedam
440 1953 478 1984 ad
500 1953 698 1984 substantiam
715 1958 744 1984 ει
759 1962 882 1984 causam
905 1954 1092 1984 sacramenti

139 2001 327 2039 pertinentia.
356 2002 399 2031 De
427 2001 594 2032 substantia
617 2002 708 2032 huius
729 2002 916 2032 sacramenti
939 2006 1009 2032 sunt
1032 2010 1095 2032 ver-

139 2049 210 2079 bum
233 2052 261 2079 et
283 2049 479 2086 elementum,
502 2054 603 2080 cetera
624 2051 661 2080 ad
684 2051 905 2081 solemnitatem
935 2051 1000 2081 eius
1029 2059 1095 2090 per-

139 2097 240 2127 tinent.

552 2195 621 2226 CAP.
644 2196 675 2225 11.

444 2294 486 2323 De
506 2293 609 2333 forma
631 2292 783 2333 baptismi.

219 2390 275 2420 Sed
298 2390 379 2429 quod
403 2394 447 2420 est
470 2390 542 2420 illud
565 2391 708 2427 verbum,
729 2400 790 2430 quo
805 2392 969 2422 accedente
985 2393 1022 2422 ad
1039 2393 1096 2423 ele-

141 2442 289 2475 mentum,
319 2439 350 2468 nt
379 2439 631 2470 Sacramentum?
660 2440 801 2470 Veritas²
831 2444 858 2470 te
880 2440 985 2476 docet,
1015 2449 1094 2480 quae

141 2487 231 2517 huius
253 2487 437 2517 Sacramenti
461 2488 586 2518 sormam
610 2488 731 2518 tradens
757 2489 799 2518 ait
827 2489 1005 2527 discipulis:
1033 2490 1094 2524 Ite,

140 2534 236 2565 docete
258 2545 360 2565 omnes
381 2541 499 2575 (sentes,
520 2535 707 2575 baptizantes
729 2546 776 2566 eos
798 2537 829 2566 z'n
852 2537 976 2567 nomine
991 2537 1094 2567 Patris

140 2588 165 2613 et
185 2583 264 2614 Filii
288 2589 314 2614 ec
343 2584 476 2624 Spiritus
506 2583 611 2614 sancti.
641 2585 793 2615 Invocatio
823 2586 914 2622 igitur
941 2586 1095 2615 Trinitatis

139 2630 264 2661 verbum
292 2632 420 2669 dicitur,
450 2640 510 2670 quo
540 2632 690 2670 baptisma
719 2636 934 2668 consecratum
963 2636 992 2662 et
1018 2633 1094 2663 haec

141 2683 184 2708 est
206 2680 298 2710 forma
324 2680 501 2716 verborum,
524 2680 580 2710 sub
596 2688 656 2718 qua
673 2680 801 2710 traditur
816 2681 993 2719 baptismus.
1009 2681 1094 2711 Unde

17 2721 124 2743 ⁵³⁰h³¹³³³·
140 2728 292 2758 Bonit'acio
315 2729 460 2767 episcopo
482 2729 645 2758 Zacharias
667 2737 747 2767 papa
761 2729 770 2743 ³
793 2729 853 2759 ait:
883 2730 1096 2760 «Firmissime

140 2780 337 2815 praeceptum
367 2781 412 2807 est
441 2777 469 2806 in
499 2777 621 2815 Synodo
650 2777 833 2815 Anglorum,
855 2782 887 2807 ut
908 2778 1095 2817 quicumque

140 2825 204 2855 sine
225 2825 416 2855 invocatione
438 2825 590 2854 Trinitatis
613 2833 729 2855 mersus
751 2826 871 2862 suisset,
887 2826 968 2864 quod
992 2826 1096 2856 Sacra-

141 2876 273 2903 mentum
296 2873 532 2911 regenerationis
553 2882 611 2903 non
636 2873 779 2911 haberet,
802 2874 882 2913 quod
906 2875 1028 2905 omnino
1049 2884 1095 2905 ve-

141 2929 207 2951 rum
231 2925 289 2957 est,
312 2921 394 2960 quod
416 2922 440 2951 si
464 2929 581 2951 mersus
603 2922 631 2952 in
654 2923 733 2952 sonte
755 2923 895 2962 baptismi
915 2924 983 2962 quis
1005 2924 1096 2953 fuerit

141 2970 205 2999 sme
234 2969 425 3000 invocatione
453 2970 621 3007 TrinitatiS,
643 2972 795 3009 perfectus
817 2972 1005 3002 Christianus
1035 2981 1093 3002 non

1155 796 1214 829 est,
1244 793 1299 823 nisi
1330 793 1359 823 in
1390 794 1510 824 nomine
1538 794 1634 824 Patris
1664 798 1692 824 et
1721 794 1786 823 Filii
1810 798 1838 824 et
1861 794 1990 833 Spiritus
2013 795 2108 825 sancti

1154 841 1244 871 fuerit
1265 841 1436 880 baptizatus
1451 854 1477 870 ».

1560 939 1629 969 CM».
1651 939 1696 969 Ill.

1206 1034 1292 1071 Quod
1313 1035 1457 1074 Apostoli
1476 1035 1511 1065 in
1534 1034 1650 1065 Christi
1669 1035 1795 1065 nomine
1817 1035 2060 1075 baptizaverunt.

1234 1132 1358 1170 Legitur
1380 1136 1478 1163 tamen
1495 1133 1524 1162 in
1540 1132 1666 1163 Actibus
1682 1133 1895 1172 Apostolorum
1909 1133 1929 1168 ⁴,
1950 1133 2111 1172 Apostolos

1156 1179 1326 1218 baptizasse
1348 1180 1381 1210 ῖη
1403 1179 1529 1210 nomine
1552 1180 1692 1217 Christi,·
1714 1181 1767 1212 sed
1790 1181 1819 1211 in
1842 1182 1901 1211 hoc
1923 1182 2059 1217 nomine,
2080 1185 2111 1211 ut

1156 1229 1280 1267 exponit
1300 1229 1495 1265 Ambrosius,
1518 1233 1578 1260 tota
1601 1230 1730 1260 Trinitas
1752 1231 1946 1268 intelligitur:
1975 1243 1986 1256 «ι
2002 1230 2113 1260 Intelli—

1155 1278 1237 1315 gitur
1259 1278 1356 1314 enim,
1378 1287 1447 1309 cum
1470 1278 1622 1309 Christum
1646 1279 1739 1317 dicis,
1761 1283 1790 1309 et
1811 1280 1914 1316 Pater,
1937 1288 1953 1310 a
1976 1288 2036 1318 qno
2062 1288 2114 1309 un-

1156 1329 1223 1356 ctus
1245 1330 1306 1363 est,
1329 1330 1357 1357 et
1386 1327 1451 1366 ipse
1481 1328 1532 1366 qui
1556 1331 1665 1358 unctus
1687 1331 1748 1364 est,
1770 1331 1798 1358 et
1820 1328 1951 1367 Spiritus
1973 1332 2112 1363 sanctus,

1156 1383 1211 1414 per
1232 1384 1322 1414 quem
1346 1379 1454 1405 unctus
1476 1379 1563 1406 est».
1588 1376 1672 1406 Unde
1700 1376 1845 1406 Nicolaus
1872 1384 1952 1414 papa
1978 1376 2016 1406 ad
2045 1385 2114 1406 con-

1156 1423 1235 1453 sulta
1259 1424 1473 1461 Bulgarorum:
1501 1425 1554 1454 «A
1583 1425 1715 1463 quodam
1745 1425 1856 1455 Iudaeo
1886 1425 1996 1454 multos
2018 1425 2114 1464 bapti—

1156 1475 1239 1501 zatos
1260 1472 1414 1508 asseritis;
1437 1475 1466 1502 et
1487 1472 1559 1511 quid
1583 1472 1653 1502 inde
1683 1472 1832 1510 agendum
1862 1473 1915 1509 sit,
1945 1473 2112 1503 consulitis.

1157 1519 1191 1548 Hi
1215 1519 1367 1558 profecto,
1389 1520 1413 1549 si
1437 1520 1466 1549 in
1484 1520 1603 1550 nomine
1619 1524 1741 1561 sanctae
1756 1521 1926 1558 Trinitatis,
1950 1521 1996 1550 vel
2019 1521 2048 1550 in
2064 1530 2112 1551 no-

1156 1567 1236 1596 mine
1259 1567 1385 1603 Christi,
1407 1568 1486 1598 sicut
1515 1568 1543 1597 in
1573 1568 1699 1598 Actibus
1727 1568 1938 1607 Apostolorum
1968 1568 2110 1607 legimus,

1156 1614 1364 1653 baptizentur,
1393 1615 1535 1654 baptizati
1558 1619 1647 1653 sunt3
1670 1624 1763 1646 unum
1786 1616 1866 1646 enim
1890 1616 2031 1655 idemque
2054 1621 2111 1654 est,
2128 1618 2219 1639 Dubium
2233 1618 2254 1639 4-

1156 1666 1189 1692 ut
1210 1666 1333 1693 sauctus
1355 1664 1480 1702 exponit
1501 1663 1722 1694 Ambrosius».

1565 1761 1635 1792 Car.
1657 1761 1704 1791 IV.

1272 1856 1306 1887 δι’
1325 1856 1360 1887 in
1380 1857 1505 1888 nomine
1525 1857 1649 1894 Patris,
1671 1859 1721 1889 vel
1741 1858 1876 1898 Spiritus
1897 1858 1997 1889 sancti

1431 1906 1529 1946 possit
1550 1906 1636 1937 tradi
1656 1906 1834 1947 baptismus.

1238 2004 1292 2034 Hic
1314 2004 1489 2043 quaeritur,
1512 2013 1548 2035 an
1571 2004 1741 2043 baptismus
1764 2009 1843 2035 esset
1862 2014 1968 2041 verus,
1990 2006 2014 2035 si
2037 2005 2115 2036 dice-

1158 2056 1241 2082 retur
1264 2053 1292 2082 in
1315 2053 1436 2083 nomine
1457 2053 1554 2083 Patris
1578 2056 1709 2089 tantum,
1733 2053 1778 2083 vel
1801 2053 1932 2092 Spiritus
1953 2055 2066 2091 sancti,
2082 2057 2115 2084 ut

1157 2109 1227 2131 cum
1253 2101 1366 2131 dicitur
1394 2101 1428 2131 in
1456 2101 1581 2131 nomine
1612 2101 1735 2132 Christi.
1764 2102 1966 2133 Ambrosius⁵
1995 2103 2115 2133 videtur
2130 2106 2264 2128 Ambrosius-

1158 2149 1276 2187 dicere,
1298 2150 1322 2179 si
1346 2149 1404 2180 lide
1434 2150 1612 2189 mysterium
1640 2151 1795 2181 Trinitatis
1823 2154 1976 2188 teneatur,
1999 2154 2028 2181 et
2057 2159 2116 2181 una

1158 2206 1287 2236 persona
1311 2202 1426 2229 tantum
1443 2199 1631 2236 nominetur,
1647 2199 1770 2237 plenum
1787 2207 1853 2229 esse
1868 2199 2114 2233 Sacramentum;

1158 2249 1187 2277 et
1209 2255 1225 2277 e
1240 2255 1404 2283 converso,
1420 2248 1444 2277 si
1462 2251 1522 2278 tres
1543 2249 1753 2284 nominentur,
1777 2252 1806 2278 ct
1828 2256 1886 2278 non
1908 2252 1991 2279 recte
2013 2249 2050 2279 de
2066 2249 2117 2279 ali-

1158 2304 1218 2335 quo
1252 2296 1370 2326 illorum
1403 2297 1570 2332 sentiatur,
1602 2305 1732 2327 vacuum
1762 2297 1826 2327 fieri
1856 2298 2043 2336 mysterium.
2067 2298 2116 2328 Ait

1158 2344 1238 2374 enim
1260 2344 1322 2374 sic:
1352 2345 1436 2375 «Ubi
1460 2354 1517 2375 non
1541 2349 1585 2376 est
1615 2345 1738 2384 plenum
1769 2346 1911 2385 baptismi
1942 2346 2223 2377 Sacramen-Dubissffl

1159 2397 1238 2430 tum,
1261 2401 1316 2423 nec
1338 2393 1522 2432 principium
1546 2402 1602 2424 nec
1615 2394 1734 2433 species
1749 2394 1850 2433 aliqua
1868 2394 2010 2433 baptismi
2027 2395 2117 2425 aesti-

1158 2444 1265 2471 matur.
1288 2441 1411 2471 Plenum
1434 2445 1534 2472 autem
1556 2446 1616 2478 est,
1639 2443 1663 2472 si
1686 2443 1804 2472 Patrem
1827 2446 1856 2472 et
1879 2443 1985 2472 Filium
2009 2442 2116 2481 etSpi-

1158 2489 1249 2519 ritum
1271 2493 1409 2519 sanctum
1432 2489 1562 2520 fatearis.
1584 2490 1614 2520 Si
1632 2499 1724 2520 unum
1742 2499 1847 2528 neges,
1865 2494 1958 2520 totum
1975 2491 2114 2521 subrues.

1158 2538 1194 2566 Et
1216 2537 1295 2567 sicut
1317 2546 1409 2567 unum
1432 2538 1460 2567 in
1483 2546 1622 2568 sermone
1637 2539 1895 2577 comprehendas,
1918 2539 1964 2569 vel
1979 2540 2114 2575 Patrem,

1159 2585 1205 2615 vel
1228 2585 1353 2621 Filium,
1376 2586 1422 2615 vel
1445 2586 1589 2624 Spiritum
1613 2590 1769 2623 sanctum,
1791 2587 1849 2617 fide
1872 2591 1972 2617 autem
1994 2596 2049 2617 nec
2064 2588 2115 2617 Pa·
2129 2585 2221 2606 Dubium
2235 2585 2255 2606 ⁶·

1159 2637 1233 2663 trem
1256 2642 1311 2663 nec
1334 2634 1442 2664 Filium
1465 2643 1520 2664 nec
1544 2635 1687 2673 Spiritum
1718 2639 1856 2665 sanctum
1883 2636 2033 2673 abneges3
2055 2637 2116 2675 ple-

1159 2690 1228 2711 num
1252 2685 1297 2711 est
1319 2682 1387 2711 fidei
1411 2683 1659 2720 Sacramentum;
1691 2683 1730 2713 ita
1761 2684 1867 2719 etiam,
1897 2684 1965 2714 licet
1996 2685 2113 2715 Patrem

1159 2733 1188 2760 et
1210 2730 1318 2760 Filium
1342 2734 1369 2760 et
1390 2731 1536 2769 Spiritum
1559 2736 1698 2762 sanctum
1721 2732 1818 2768 dicas,
1841 2736 1870 2762 et
1891 2733 1988 2763 Patris
2003 2737 2031 2763 et
2047 2734 2113 2763 Filii

1158 2782 1187 2808 et
1209 2778 1339 2817 Spiritus
1361 2779 1456 2809 sancti
1474 2780 1592 2809 minuas
1608 2783 1803 2818 potestatem,
1821 2789 1950 2810 vacuum
1967 2784 2011 2810 est
2026 2790 2113 2812 omne

1159 2828 1379 2866 mysterium».
1407 2828 1507 2858 «Cum
1537 2828 1650 2859 dicitur
1678 2828 1713 2859 in
1740 2829 1865 2859 nomine
1898 2829 2030 2864 Chrz'slc',
2059 2840 2114 2869 pet·

1158 2876 1303 2905 unitatem
1325 2876 1456 2906 nominis
1472 2876 1628 2914 impletum
1645 2881 1688 2907 est
1705 2878 1882 2916 mysterium
1897 2889 1902 2911 2
1927 2887 1981 2908 nec
1998 2886 2014 2908 a
2030 2878 2115 2909 Chri-

1158 2923 1194 2953 sti
1218 2923 1399 2962 baptismate
1422 2923 1552 2962 Spiritus
1573 2928 1748 2963 separatur,
1771 2925 1841 2964 quia
1864 2925 2000 2956 Christus
2020 2926 2115 2965 bapti-

1158 2972 1237 3002 zavit
1260 2973 1288 3002 in
1311 2972 1426 3011 Spiritu
1439 2972 1449 2986 ⁶
1464 2985 1491 3002 ».

212 3120 219 3137 ¹
244 3121 268 3145 ln
288 3112 355 3146 ioan.
377 3122 474 3153 Evang.
490 3125 518 3147 tr.
533 3123 574 3147 80.
590 3130 613 3148 n.
634 3124 661 3154 3,
682 3126 707 3148 et
720 3123 752 3148 de
767 3123 936 3157 Cataclysmo,
951 3132 972 3151 c.
987 3126 1010 3150 3.
1026 3133 1049 3151 n.
1065 3126 1091 3158 33

146 3171 192 3189 nec
212 3172 262 3189 non
282 3164 309 3190 C.
330 3165 443 3191 Detrahe.
462 3165 573 3192 verbum
594 3167 671 3199 (54.),
692 3174 713 3193 c.
739 3169 757 3192 t.
778 3175 803 3200 q.
825 3169 847 3193 i.

213 3209 223 3224 2
244 3209 328 3234 Manu.
350 3210 396 3241 28,
423 3210 458 3235 to.

213 3252 223 3268 ³
243 3252 304 3278 Can.
324 3254 354 3279 ln.
374 3253 481 3287 Synodo
501 3254 652 3288 Αἠῃίοιίιηι
673 3256 745 3287 (83.),
765 3256 797 3281 de
817 3256 963 3283 Consecrat.
983 3257 1040 3283 dist.
1071 3257 1095 3282 4.

145 3310 171 3313 -—-
199 3297 246 3322 Pro
265 3297 337 3330 qnod
355 3297 379 3323 si
396 3305 501 3324 mersus
530 3300 654 3330 originale
673 3304 698 3325 et
717 3301 773 3326 Vat.
794 3307 853 3326 cum
873 3301 913 3326 ed.
934 3302 948 3326 8
975 3301 1052 3335 quia,
1074 3301 1098 3327 si

145 3346 258 3366 mersus.

212 3384 221 3400 ⁴
241 3385 302 3417 Cap.
323 3387 337 3410 8
347 3406 353 3417 ,
372 3387 408 3411 12.
424 3387 507 3412 Locus
521 3387 649 3413 Ambrosii
664 3390 701 3413 est
716 3389 732 3413 l.
747 3388 779 3414 de
793 3389 888 3420 Spiritu
902 3390 927 3414 S.
941 3396 963 3414 c.
978 3389 1001 3414 3.
1016 3397 1039 3414 n.
1056 3389 1096 3415 44.

1158 3140 1191 3143 —
1206 3125 1290 3150 Verba
1306 3126 1399 3151 Nieolai
1415 3133 1497 3157 papae
1511 3129 1570 3151 sunt
1584 3125 1610 3151 C.
1625 3126 1645 3151 Α
1661 3125 1777 3159 quodam
1791 3126 1889 3152 Iudaeo
1904 3126 1976 3158 (24),
1998 3127 2029 3152 do
2049 3126 2115 3152 Con-

1159 3174 1250 3195 secrat.
1271 3170 1329 3196 (list.
1350 3170 1372 3194 4.

1230 3212 1241 3229 ⁵
1260 3213 1318 3238 Loc.
1339 3214 1380 3238 cit.
1401 3221 1425 3238 n.
1447 3213 1487 3238 42.
1507 3213 1565 3245 Seq.
1587 3213 1658 3238 locus
1676 3218 1715 3239 est
1734 3213 1795 3238 ibid.
1811 3221 1834 3238 n.
1852 3213 1898 3245 43,
1918 3215 2006 3239 tertius
2026 3222 2049 3239 n.
2071 3214 2112 3240 44.

1159 3270 1194 3275 —
1214 3257 1357 3289 Antequam
1378 3258 1466 3289 incipit
1486 3258 1585 3289 primus
1605 3257 1685 3289 locus,
1706 3257 1775 3289 edd„
1796 3262 1901 3289 excepta
1927 3258 1945 3289 Ι,
1975 3265 2024 3283 non
2048 3258 2113 3284 henr:

1161 3304 1218 3333 post
1242 3301 1302 3335 fieri
1320 3301 1478 3335 mysterium
1499 3302 1597 3327 addunt
1619 3301 1756 3328 Trinitatis
1784 3302 1880 3334 (potius
1908 3302 2054 3334 baptismii,
2075 3310 2115 3328 re-

1161 3346 1321 3378 fragantibus
1340 3347 1416 3372 codd.

1231 3389 1242 3405 ⁶
1261 3390 1407 3421 Respicitur
1427 3390 1493 3415 loan.
1519 3391 1542 3422 1,
1564 3391 1611 3422 33,
1631 3394 1655 3416 ει
1675 3391 1728 3416 Act.
1753 3391 1777 3423 t,
1800 3391 1823 3416 ὁ.
