2483 3882
299 388 340 408 Pro
355 388 414 413 pai-te

310 413 414 440 negativa.
447 431 452 435 ,

303 1336 380 1363 Opinio
395 1336 414 1357 1.

278 1439 419 1466 Improbatur.

272 1703 382 1724 Conclusio
396 1703 415 1723 1.

274 2400 425 2422 Fundamenta.

426 239 491 271 840

516 325 660 357 CONTRA:
690 324 716 354 l.
739 321 920 353 Ambrosius
936 321 944 335 ¹
979 320 1069 357 dicit,
1094 319 1178 360 quod
1209 317 1376 350 «infidelis

429 377 592 410 discedens
608 378 715 417 peccat
739 374 769 405 in
794 374 892 405 Deum
910 376 940 404 et
956 373 986 404 in
1004 371 1240 403 matrimonium
1253 383 1283 402 »τ
1301 380 1376 412 ergo

428 430 497 462 siin
512 429 591 460 bono
605 426 793 459 matrimonii
808 429 854 457 est
868 424 1040 466 punienda,
1054 433 1114 455 non
1129 427 1230 465 potest
1245 423 1375 456 nubere.

517 482 546 512 2.
571 480 663 516 ltem,
694 477 833 509 «nullus
857 477 948 509 debet
980 480 1142 518 reportare
1173 476 1375 508 commodum

428 533 466 565 de
491 532 609 563 malitia
640 530 719 563 sua²
735 541 767 566 »ς
792 530 844 562 sed
870 532 1062 570 reportaret,
1087 529 1111 561 si
1137 528 1311 560 deserendo
1337 528 1378 559 vi-

427 593 499 616 rum
525 584 648 615 fidelem
672 586 778 624 posset
802 582 941 614 nubere:
967 590 1041 622 ergo
1065 585 1122 613 etc.

517 635 545 667 3.
571 635 662 673 Item,
680 635 704 666 si
722 634 854 672 mulier,
871 642 951 675 quae
970 637 1037 665 erat
1053 633 1142 675 prius
1158 632 1284 673 alligata
1300 633 1377 671 viro,

427 688 618 726 absolvitur,
643 696 781 728 quaero:
807 696 825 718 a
849 689 938 728 quo?
962 686 1026 718 Non
1052 686 1091 718 ab
1115 685 1280 723 Ecclesia,
1305 686 1379 727 quia

427 751 488 774 non
514 740 691 772 intromittit
722 749 775 778 se;
808 749 867 771 non
893 749 911 771 a
937 739 1019 777 Deo,
1048 739 1122 780 quia
1146 742 1253 771 contra
1278 738 1377 770 Deum

427 794 520 832 facit;
545 802 605 825 non
630 802 647 824 a
670 793 763 831 viro,
789 793 862 834 quia
880 792 982 834 ipsum
1004 792 1137 824 invitum
1163 791 1297 830 deserit;
1321 800 1378 824 nec

429 856 450 878 a
473 856 506 878 Sc
530 849 649 887 potest:
676 854 750 887 ergo
775 845 936 877 vinculum
960 848 1084 877 manet:
1110 854 1184 887 ergo
1208 849 1266 877 etc.

783 942 1019 966 CONCLUSIO.

429 1022 692 1059 lllcttrimoniam,
708 1021 779 1053 licet
794 1021 837 1053 sit
852 1025 1000 1062 respecta
1015 1020 1120 1062 fidelis
1136 1021 1292 1058 solutam,
1310 1030 1380 1052 rea-

516 1085 572 1116 pse
603 1078 711 1106 victitet
736 1084 757 1106 a
778 1078 874 1116 parte
903 1073 1055 1115 infidelis,
1082 1083 1248 1116 quousque
1274 1073 1379 1114 fidelis

518 1131 619 1169 potest
643 1127 689 1159 acl
712 1126 871 1168 infidelem
897 1126 1023 1164 rcrlirc;
1040 1130 1154 1167 postca
1178 1130 1288 1158 [mitem
1313 1135 1380 1158 ma-

518 1184 571 1212 net
595 1184 724 1212 {smitam
747 1179 781 1211 ivn
804 1189 959 1221 poenam,
985 1179 1128 1210 (lin-cmm
1152 1178 1351 1220 infidelitate.

519 1269 721 1300 RESPONnao:
753 1267 944 1306 Dicendum,
977 1267 1060 1308 quod
1093 1267 1222 1308 quidam
1255 1266 1380 1304 dicunt,

430 1322 513 1364 quod
539 1322 619 1354 hanc
643 1321 855 1363 quaestionem
889 1329 950 1352 non
982 1323 1028 1352 est
1061 1324 1202 1353 nostrum
1237 1319 1381 1352 determi-

429 1383 522 1412 nare,
547 1374 620 1415 quia
652 1382 713 1405 non
745 1376 861 1414 spectat
894 1373 933 1405 ad
966 1381 1022 1404 nos
1055 1372 1092 1404 <lc
1124 1371 1175 1403 liis
1207 1371 1265 1414 qai
1294 1370 1382 1413 foris·

429 1431 522 1464 smil,
548 1426 699 1458 iudicare
713 1426 733 1457 ³.
752 1445 796 1448 ——
812 1425 871 1458 Sed
896 1435 1007 1458 verum
1033 1429 1096 1462 est,
1121 1425 1205 1467 quod
1230 1434 1291 1456 non
1316 1433 1383 1465 spe-

429 1483 491 1513 ctat
517 1480 656 1511 iudicare
677 1479 877 1520 publicando
902 1478 1129 1520 spiritualiter3
1153 1482 1257 1510 tamen
1285 1477 1383 1519 spiri-

431 1532 531 1565 tualis
556 1531 649 1563 ltomo
674 1531 801 1563 iudicat
817 1531 930 1563 omnia
946 1531 1172 1568 discernendo,
1190 1530 1260 1572 quis
1279 1534 1381 1569 recte,

430 1586 500 1628 quis
525 1595 584 1617 non
610 1589 693 1617 recte
719 1585 812 1617 vivat.

520 1639 553 1670 Et
576 1638 646 1670 ideo
671 1637 857 1675 dicendum,
882 1637 964 1678 quod
988 1636 1092 1668 statim
1117 1641 1187 1678 post
1209 1636 1382 1669 discessum

431 1691 563 1724 solvitur
589 1691 748 1723 vinculum
767 1699 784 1722 a
802 1694 889 1731 parte
906 1690 964 1721 viri
976 1715 983 1728 ,
1001 1690 1073 1731 quia
1091 1693 1193 1731 potest
1208 1689 1298 1721 alteri
1316 1698 1384 1721 con-

431 1744 516 1785 iungi
550 1744 671 1781 statim,
697 1752 756 1774 non
789 1743 833 1774 sic
865 1752 882 1773 a
913 1746 1002 1784 parte
1036 1742 1186 1774 mulieris.
1216 1741 1302 1774 Unde
1333 1751 1384 1773 no-

432 1797 581 1834 tandum,
610 1796 693 1837 quod
725 1795 887 1827 vinculum
912 1799 1016 1827 manet
1041 1795 1228 1836 dupliciter:
1254 1797 1308 1825 ant
1341 1803 1385 1826 se-

433 1849 572 1882 cundum
596 1849 766 1880 veritatem
791 1847 1019 1885 Sacramenti,
1044 1851 1098 1879 aut
1115 1847 1145 1879 in
1159 1856 1299 1888 poenam
1314 1856 1383 1888 pcc-

1184 230 1467 271 SENTENTIARUM
1492 230 1559 262 LIB.
1583 230 1630 263 1V.

1440 317 1515 349 cati.
1540 317 1699 358 Quamdiu
1721 317 1770 348 vir
1795 317 1924 349 relictus
1943 336 1986 340 ——
2007 318 2055 349 vel
2084 318 2198 351 mulier
2223 319 2323 352 tidelis
2345 340 2387 344 ψ

1439 373 1545 402 manet
1560 370 1590 401 in
1609 373 1705 408 statu,
1723 370 1754 401 in
1771 379 1833 411 quo
1851 373 1952 411 potest
1968 370 2072 402 redire
2089 371 2128 402 ad
2146 379 2214 402 eam
2230 372 2256 410 ⁴3
2275 373 2387 405 mulier

1440 425 1487 455 est
1509 422 1635 463 alligata
1659 426 1811 464 quantum
1836 422 1875 454 ad
1900 422 2069 454 veritatem
2093 422 2311 456 Sacramcnti.
2329 425 2389 457 Sed

1441 475 1566 517 quando
1596 475 1644 507 vir
1668 479 1715 507 est
1738 475 1767 506 in
1793 478 1894 512 statu,
1919 475 1950 506 in
1974 484 2036 516 quo
2060 484 2121 507 non
2145 479 2247 517 potest
2270 477 2297 509 ei
2322 486 2390 509 con-

1442 528 1538 569 iungi,
1562 532 1598 560 ut
1621 528 1646 560 si
1670 528 1802 560 alteram
1827 527 1937 566 ducat,
1955 527 2003 560 vel
2022 528 2116 560 intret
2133 529 2325 570 religionem,
2341 531 2391 562 vel
2481 560 2483 566 ,

1442 581 1573 622 accipiat
1597 589 1722 613 sacrum
1753 580 1918 619 ordinem3
1944 580 2057 612 mulier
2090 580 2188 613 soluta
2215 585 2262 613 est
2286 587 2483 617 secun-Conui

1443 633 1518 665 dum
1543 633 1713 665 veritatem
1743 633 1970 671 Sacramcnti,
1996 633 2070 675 quia
2093 634 2230 675 amplius
2254 644 2315 667 non
2347 640 2392 668 est

1442 695 1547 724 uxor3
1579 686 1633 717 sed
1666 689 1770 717 tamen
1802 686 1929 726 alligata
1958 690 2004 718 est
2028 687 2058 718 in
2083 695 2220 727 poenam
2242 688 2392 728 pcccati;

1442 739 1528 771 unde
1551 747 1612 770 non
1645 738 1716 770 licet
1744 738 1769 770 ei
1796 738 1933 776 nubere,
1958 748 2123 780 quousque
2148 739 2345 781 relinquatur
2376 750 2393 773 a

1443 791 1557 833 culpa,
1581 795 1611 823 et
1636 791 1694 823 hoc
1718 800 1779 822 non
1803 794 1866 829 est,
1892 791 2044 832 quamdiu
2066 795 2113 824 est
2129 791 2279 833 infidelis.
2296 793 2325 824 Si
2343 797 2469 826 au-Coucl·

1444 848 1506 876 tem
1531 847 1743 875 convertatur
1775 847 1805 875 et
1837 843 2034 884 baptizetur3
2059 853 2130 876 cum
2156 848 2229 877 tunc
2254 845 2394 878 solvatur

1443 898 1482 929 ab
1506 897 1590 929 omni
1616 896 1708 938 culpa
1732 900 1762 928 et
1785 905 1885 938 poena
1909 897 2044 937 peccati,
2068 905 2109 929 ex
2142 901 2215 929 tunc
2241 898 2322 930 licite
2346 908 2395 940 po-

1443 950 1517 982 terit
1540 949 1678 988 nubere,
1702 949 1760 981 nisi
1785 949 1869 981 aliud
1896 949 2033 981 obsistat.

1535 1002 1568 1034 Et
1592 1002 1635 1034 sic
1660 1006 1764 1042 patent
1789 1002 1909 1034 obiecta
1934 1005 2079 1043 utraque.
2105 1003 2207 1035 Prima
2229 1003 2310 1035 enim
2330 1008 2473 1045 pro-Adai

1444 1056 1535 1093 bant,
1560 1055 1645 1096 quod
1669 1054 1802 1087 solvitur
1827 1055 2002 1087 secundum
2029 1055 2215 1093 veritatem;
2240 1057 2395 1096 secunda,

1444 1108 1529 1150 quod
1554 1112 1658 1140 manet
1683 1108 1713 1139 in
1737 1116 1868 1149 poenam
1895 1108 2022 1149 peccati.

1532 1161 1575 1193 Ad
1602 1160 1679 1192 illud
1704 1160 1787 1201 quod
1813 1160 1995 1201 quaeritur,
2020 1169 2038 1191 a
2067 1169 2129 1201 quo
2154 1160 2301 1200 solvitur,
2326 1161 2395 1194 dico
2409 1166 2475 1194 Adara

1445 1214 1528 1256 quod
1554 1223 1572 1245 a
1595 1213 1659 1245 Deo
1683 1217 1713 1244 et
1737 1213 1776 1244 ab
1803 1213 1954 1251 Ecclesia,
1972 1213 2024 1245 sed
2042 1223 2101 1254 per
2125 1214 2295 1246 accidens:
2313 1199 2483 1256 quiassg‘t’iegfi

1445 1275 1486 1298 ex
1510 1275 1572 1308 quo
1597 1265 1648 1297 ille
1673 1265 1786 1297 desinit
1810 1273 1878 1297 esse
1905 1265 1969 1303 vir,
1987 1274 2043 1306 per
2060 1274 2255 1308 consequens
2273 1268 2330 1299 ista
2347 1268 2397 1300 de-
2482 1259 2483 1263 ¹

1446 1319 1519 1351 sinit
1542 1327 1610 1351 esse
1634 1327 1728 1349 uxor.
1754 1318 1792 1349 Et
1816 1317 1848 1349 si
1872 1321 1906 1349 ta
1927 1317 2076 1356 obiicias,
2094 1319 2177 1360 quod
2196 1320 2395 1352 commodum

1446 1376 1585 1413 reportat
1603 1372 1642 1403 de
1659 1371 1794 1409 malitia;
1812 1371 1991 1409 dicendum,
2009 1372 2092 1412 quod
2110 1371 2222 1404 falsum
2241 1376 2297 1411 est,
2315 1373 2397 1414 quia,

1446 1425 1600 1467 quamdiu
1632 1427 1737 1456 manet
1765 1423 1875 1464 culpa,
1901 1423 2006 1455 divino
2039 1424 2154 1456 iudicio
2186 1428 2233 1456 est
2263 1425 2396 1467 alligata.

1449 1478 1482 1510 Et
1506 1477 1667 1518 amplias,
1692 1477 1716 1508 si
1750 1476 1789 1508 ad
1822 1476 1916 1508 fidem
1944 1477 2062 1514 veniat,
2087 1480 2117 1508 et
2143 1477 2189 1510 vir
2213 1486 2282 1509 eam
2313 1487 2397 1520 repe-

1447 1534 1505 1567 tat;
1531 1530 1555 1562 si
1580 1538 1641 1560 non
1666 1529 1823 1561 contraxit
1847 1537 1919 1561 cum
1944 1529 2019 1567 alia,
2044 1533 2091 1561 est
2115 1530 2141 1561 ei
2167 1530 2337 1562 reddenda.
2355 1550 2397 1554 —

1448 1583 1533 1616 Unde
1558 1582 1632 1614 satis
1656 1582 1882 1614 rationabiliter
1907 1586 2008 1623 potest
2032 1582 2110 1620 dici,
2129 1583 2212 1624 quod
2238 1583 2399 1616 vinculum
2413 1587 2481 1614 Epilog

1448 1636 1527 1667 illud
1552 1644 1612 1667 non
1649 1635 1774 1666 omnino
1809 1635 1943 1666 solvitur
1968 1635 2090 1674 statim,
2115 1645 2185 1667 cum
2221 1636 2334 1668 mulier
2358 1637 2400 1669 di-

1448 1688 1561 1727 scedit,
1588 1688 1641 1720 sed
1667 1696 1739 1719 cum
1764 1688 1813 1719 vir
1836 1688 1984 1729 alligatur
2009 1688 2060 1719 alii
2087 1688 2170 1720 fideli
2196 1689 2322 1721 vinculo
2358 1690 2400 1721 in-

1449 1741 1633 1783 separabili;
1652 1744 1726 1772 tunc
1750 1740 1833 1772 enim
1860 1740 1970 1772 fortius
1990 1741 2151 1773 vinculum
2170 1741 2261 1773 solvit
2278 1742 2399 1780 minus3

1448 1794 1532 1826 unde
1557 1793 1613 1825 etsi
1638 1793 1727 1834 prius
1751 1793 1856 1834 aliquo
1881 1793 1974 1825 modo
1991 1797 2073 1825 esset
2090 1794 2243 1832 solutum,
2269 1798 2400 1827 extunc

1449 1846 1584 1887 perfecte
1609 1846 1746 1878 solutum
1773 1850 1836 1884 est,
1862 1846 1915 1877 illo
1939 1846 2076 1878 ultimo5
2103 1847 2297 1888 persistente.

1292 1970 1474 2012 QUAESTIO
1500 1971 1544 2002 [ll.

583 2071 699 2103 Utrum
723 2070 976 2102 matrimonium
1000 2069 1161 2107 solvatur,
1182 2069 1214 2101 si
1236 2068 1319 2100 alter
1343 2067 1522 2110 coniugam
1544 2067 1582 2109 sit
1606 2067 1756 2109 infidelis,
1782 2067 1967 2109 specialiter
1992 2068 2103 2111 qitoacl
2124 2067 2258 2109 sirlclcm.

522 2182 625 2214 Tertio
650 2181 827 2222 quaeritur,
844 2184 953 2212 utrum
971 2180 1205 2212 matrimonium
1232 2179 1382 2218 solvatur,

433 2235 456 2267 si
475 2234 554 2267 alter
578 2234 747 2275 coniugum
765 2233 799 2265 fit
816 2233 964 2272 infidelis,
989 2232 1166 2274 specialiter
1190 2232 1294 2274 quoad
1313 2232 1385 2264 fide-

433 2287 505 2320 lem.
531 2287 565 2319 Et
589 2286 672 2328 quod
698 2295 759 2317 non
783 2286 941 2324 solvatur,
967 2286 1108 2318 videtur:
1194 2285 1197 2286 ⁷

524 2341 551 2371 1.
576 2340 654 2380 Quia
676 2348 733 2380 per
757 2338 993 2370 fornicationem
1029 2337 1223 2379 corporalem
1256 2346 1317 2369 non
1350 2337 1384 2369 iit

433 2393 563 2431 solutiO,
588 2392 728 2424 maxime
752 2392 855 2433 quoad
888 2391 1094 2423 substantiam
1119 2390 1325 2429 matrimonii,
1351 2394 1385 2421 ut

433 2445 554 2487 supra⁴³
579 2445 681 2477 visum
707 2448 771 2483 est;
795 2448 825 2476 et
849 2448 954 2476 tamen
979 2444 1032 2476 illa
1064 2443 1135 2484 plus
1166 2443 1272 2475 obviat
1303 2443 1384 2475 bono

432 2497 639 2529 matrimonii:
665 2505 740 2538 ergo
764 2505 820 2529 nec
844 2506 899 2538 per
925 2496 1158 2528 fornicationem
1176 2496 1383 2537 spiritualem.

523 2551 550 2581 Ξ.
576 2550 669 2589 item,
695 2549 930 2581 matrimonium
955 2552 1001 2581 est
1019 2549 1180 2581 vinculum
1199 2548 1384 2587 insolubile;

433 2603 486 2634 sed
512 2602 693 2643 contingens
722 2605 786 2639 est,
818 2601 956 2643 aliquem
989 2601 1049 2633 labi
1086 2602 1117 2633 in
1151 2601 1384 2639 infidelitatem3

434 2655 489 2687 sed
513 2655 679 2687 insolubile
703 2664 765 2687 non
789 2655 950 2687 dirimitur
967 2654 1073 2696 aliquo
1090 2663 1165 2687 casu
1182 2653 1384 2686 accidentali:

434 2717 509 2749 ergo
533 2712 590 2740 etc.

1538 2178 1566 2210 3.
1592 2178 1685 2217 ltem,
1710 2178 1734 2210 si
1760 2178 1937 2211 solveretur
1954 2187 2009 2220 per
2027 2179 2150 2220 lapsum
2176 2179 2206 2211 in
2234 2180 2402 2219 haeresim,

1448 2234 1554 2273 posset
1577 2231 1726 2272 quilibet,
1752 2230 1860 2262 volens
1885 2240 2019 2263 uxorem
2046 2231 2221 2270 dimittere,
2246 2231 2402 2264 haeresim

1449 2284 1616 2322 simulare,
1633 2287 1664 2316 et
1689 2284 1730 2316 ita
1755 2293 1879 2325 semper
1905 2284 2176 2325 praeiudicaretur
2193 2285 2400 2318 matrimonio.

1537 2337 1680 2369 CONTRA:
1709 2337 1736 2368 l.
1770 2336 1976 2368 Ambrosius⁷
2010 2337 2100 2375 dicit,
2133 2341 2163 2369 et
2198 2337 2333 2370 habetur
2368 2338 2399 2370 in
2416 2343 2483 2391 Adffi‘i

1450 2389 1558 2421 Glossa
1581 2398 1677 2430 super
1701 2389 1870 2430 septimum
1896 2389 1935 2421 ad
1961 2389 2150 2422 Corinthios:
2176 2391 2401 2423 «Contumelia

1450 2441 1606 2473 Creatoris
1631 2441 1723 2473 solvit
1741 2441 1788 2473 ius
1813 2441 2004 2474 matrimonii
2023 2442 2052 2473 in
2070 2451 2106 2474 eo
2131 2443 2183 2484 qui
2202 2442 2401 2485 relinquitur,

1450 2498 1485 2526 ut
1509 2504 1568 2526 non
1594 2498 1760 2527 accusetur
1784 2494 1874 2527 alteri
1907 2495 2072 2536 copulatus
2086 2507 2114 2527 »z
2140 2504 2214 2537 ergo
2242 2496 2266 2529 si
2296 2497 2402 2538 lapsus

1450 2548 1480 2580 in
1512 2548 1669 2580 haeresim
1700 2557 1759 2579 non
1795 2548 1864 2580 vult
1896 2548 2076 2580 cohabitare
2113 2548 2179 2581 sine
2214 2549 2402 2582 contumelia
2439 2586 2442 2589 Α

1450 2600 1623 2638 Creatoris,
1647 2600 1718 2632 licet
1741 2600 1830 2633 alteri
1857 2600 2008 2642 copulari.

1539 2654 1569 2685 2.
1594 2653 1687 2691 ltem,
1712 2652 1790 2685 fides
1814 2657 1861 2685 est
1886 2653 2126 2686 fundamentum
2145 2654 2239 2687 totius
2260 2654 2402 2696 spiritua-

1451 2706 1489 2738 lis
1520 2705 1698 2745 aedificii⁸3
1723 2707 1777 2738 sed
1814 2706 1938 2738 sublato
1970 2706 2189 2744 fundamento,
2227 2707 2401 2740 destruitur

505 2880 513 2896 1
534 2881 558 2905 ln
579 2880 722 2906 Comment.
742 2888 820 2912 super
840 2881 855 2905 l.
876 2880 934 2906 Cor.
954 2881 983 2912 7,
1006 2880 1046 2905 ll5.
1062 2880 1137 2909 (inter
1151 2887 1230 2912 opera
1245 2880 1385 2913 Ambros).

433 2924 485 2950 Cfr.
507 2926 548 2950 liic
568 2925 601 2950 lit.
622 2925 748 2956 Magistri,
769 2932 790 2950 c.
811 2925 835 2950 5.

505 2969 515 2984 ‘²
535 2968 599 2993 Vide
618 2976 697 3000 supra
718 2976 776 3000 pag.
803 2970 862 3001 ¹03,
883 2974 940 2995 notn
963 2969 1003 2993 ll.

503 3011 513 3028 ³
534 3013 610 3044 Epist.
631 3013 646 3037 l.
667 3012 724 3038 Cor.
745 3013 774 3044 5,
800 3014 836 3037 12.
857 3027 890 3031 —
910 3014 968 3045 Seq.
989 3013 1061 3038 locus
1080 3015 1117 3038 est
1137 3012 1199 3038 ibid.
1214 3014 1244 3044 2,
1265 3012 1310 3037 015:
1332 3013 1385 3043 Spi-

434 3057 530 3081 ritualis
550 3060 635 3081 autem
664 3057 759 3082 iudicat
787 3058 881 3082 omnia.
900 3070 935 3075 -—-
954 3057 1103 3082 lmmediate
1132 3059 1190 3088 post
1209 3056 1266 3081 eod.
1287 3056 1305 3080 L
1325 3056 1386 3087 legit

435 3099 487 3126 Sccl
506 3100 563 3126 licet
581 3107 690 3132 verum,
722 3100 799 3133 quod.
820 3100 936 3125 Subinde
965 3103 1023 3132 post
1050 3107 1104 3126 non
1123 3101 1224 3133 spectat
1242 3100 1302 3125 edd.
1324 3107 1384 3131 sup-

435 3143 505 3174 plent
523 3143 559 3169 acl
576 3150 637 3175 nos,
660 3151 726 3176 quae
746 3145 821 3169 etiam
849 3144 996 3176 puniendos
1023 3143 1201 3178 spiritualiter
1227 3144 1385 3169 substituunt

435 3193 482 3217 pro
500 3185 658 3218 publicando
683 3187 858 3220 spiritualiter
884 3186 975 3221 [aliqui
1002 3187 1077 3213 codd.
1097 3187 1267 3221 specialiter]
1289 3188 1384 3213 Secun-

436 3229 498 3254 dum
519 3230 557 3254 Du
577 3230 676 3262 Gange,
697 3232 854 3256 Glossarium
882 3235 931 3257 etc.
957 3230 1094 3264 publicare
1121 3233 1233 3257 sumitur
1257 3238 1304 3263 pro
1323 3231 1384 3257 alle-

437 3279 514 3305 ⁴aare,
536 3275 560 3297 in
590 3275 645 3299 iure
673 3275 774 3306 sistere,
794 3276 865 3306 apud
893 3276 1006 3301 iudicem
1030 3276 1159 3301 inducere.
1187 3276 1283 3301 Sensus
1306 3276 1384 3307 igitui-

436 3319 537 3341 nostrae
556 3317 669 3342 lectionis
688 3321 739 3343 est:
758 3320 879 3351 quamvis
899 3326 948 3344 non
969 3319 1002 3344 ad
1022 3326 1069 3344 nos
1088 3322 1195 3351 spectet,
1211 3319 1327 3345 infideles
1346 3320 1384 3344 iu-

437 3359 522 3384 dicare
541 3360 659 3385 vocando
679 3368 723 3386 eos
743 3362 775 3386 ad
795 3362 905 3387 tribunal
925 3363 1141 3395 ecclesiasticum,
1158 3366 1242 3388 tamen
1263 3366 1309 3388 etc.
1327 3363 1384 3387 Post

1451 2881 1539 2906 tamen
1564 2880 1624 2906 odd.
1650 2881 1862 2912 prosequuntur:
1887 2880 1987 2912 spectat
2011 2878 2047 2904 art
2070 2886 2132 2911 nos,
2161 2886 2222 2905 cam
2251 2879 2399 2912 spiritualis

1450 2924 1528 2950 homo
1548 2924 1638 2950 omm‘a
1658 2923 1767 2955 iudicet,
1790 2923 1971 2950 discernendo.

1521 2967 1530 2983 ⁴
1550 2967 1613 2992 Edd.
1635 2966 1770 2998 Quamdiu
1789 2967 1831 2992 vir
1857 2966 1942 3000 fidelis
1970 2966 2080 2993 relictus
2108 2969 2197 2993 manet
2215 2967 2243 2993 in
2262 2969 2350 3000 statu,
2372 2967 2400 2993 in

1450 3017 1501 3044 quo
1518 3012 1604 3043 potest
1622 3010 1720 3036 mulier
1738 3009 1851 3044 infidelis
1875 3010 1963 3036 redire
1988 3011 2024 3036 all
2052 3018 2120 3037 eum.
2142 3011 2278 3044 Aliquanto
2297 3013 2403 3037 interius

1450 3061 1498 3085 pro
1517 3053 1688 3087 relinquatur
1707 3054 1766 3079 edd.
1786 3053 1917 3079 solvatur.

1521 3098 1533 3115 5
1550 3099 1630 3124 Codd.
1651 3099 1700 3123 [Μ
1713 3098 1732 3124 O
1745 3099 1852 3124 PRST
1873 3099 1908 3124 bb
1928 3098 1974 3124 illo
1996 3098 2115 3131 calculo,
2137 3100 2189 3124 scil.
2210 3106 2262 3132 quo
2283 3100 2323 3124 vii·
2342 3099 2401 3124 fide-

1449 3142 1479 3167 lis
1498 3143 1539 3167 alii
1559 3143 1689 3175 alligatu1·;
1704 3143 1744 3168 ed.
1760 3143 1769 3167 ι1
1788 3142 1863 3168 nullo
1879 3141 1994 3168 vinculo.
2011 3157 2044 3160 -
2059 3143 2124 3168 Vide
2144 3143 2258 3168 scholion
2278 3143 2311 3168 ad
2331 3149 2401 3174 prae-

1450 3187 1583 3212 cedentem
1605 3190 1702 3219 quaest.

1519 3230 1530 3247 ⁶
1549 3230 1612 3256 Dist.
1634 3230 1674 3255 35.
1695 3238 1720 3263 q.
1741 3230 1764 3256 4.

1518 3275 1529 3291 ⁷
1549 3276 1600 3300 lam
1619 3282 1698 3307 supra
1719 3282 1778 3307 pag.
1799 3275 1858 3306 838,
1879 3277 1936 3300 nota
1958 3275 1980 3299 vl.
2002 3275 2133 3306 allegatus.

1518 3318 1529 3335 ⁸
1548 3318 1597 3345 Cl'r.
1617 3327 1696 3351 supra
1717 3327 1776 3351 pag.
1797 3319 1856 3351 327,
1881 3322 1939 3344 nota
1961 3319 2000 3343 lO.
2021 3323 2045 3344 et
2064 3326 2125 3350 pag.
2147 3319 2210 3351 532,
2231 3322 2290 3344 nota
2310 3319 2334 3343 5.
