2483 3882
0 1253 50 1282 posi-

0 2782 18 2805 io
30 2783 48 2804 l.

758 256 852 287 DlST.
878 255 959 287 XLII.
984 255 1065 286 ΛΒΤ.
1091 254 1110 286 Ι.
1136 254 1288 295 QUAEST.
1313 253 1332 285 Ι.

64 348 101 380 lis
124 345 282 388 generatio
306 345 337 377 in
363 345 451 383 filiis,
476 345 517 376 ita
541 348 571 377 et
595 344 767 386 spiritualis
785 344 815 375 in
833 344 1012 376 Sacramen-

63 401 116 432 tis:
142 407 213 431 cum
238 407 312 439 ergo
336 398 376 429 sit
400 406 474 430 vera
499 396 735 438 regenerati01,
760 396 900 435 videtur,
927 396 1010 438 quod

64 452 102 484 sit
126 451 165 483 ibi
191 459 266 482 vera
290 450 441 491 cognatio.

151 504 179 535 3.
212 503 304 541 ltem,
336 502 389 544 qui
431 502 561 543 suscipit
601 502 739 543 aliquem
780 502 810 533 in
858 501 1012 542 baptismo

64 559 186 590 tenetur
203 564 275 588 eum
297 555 403 587 fovere
419 557 449 586 et
465 553 593 586 erudire
611 554 640 585 in
659 553 876 594 spiritualibus
891 553 918 584 ²:
937 562 1012 594 ergo

63 610 219 650 obligatur
242 608 281 640 ad
306 611 410 640 actum
437 610 603 648 paternum
629 606 842 648 spiritualem:
861 615 935 647 ergo
956 615 1012 647 per

64 661 189 703 aliquod
216 660 376 693 vinculum
401 658 583 701 spirituale3
608 659 667 690 hoc
691 662 796 690 autem
814 657 1012 699 appellamus

63 714 294 755 cognationem:
319 721 394 754 ergo
417 715 474 744 etc.

150 767 179 798 lt.
206 767 298 805 ltem,
323 765 532 798 reverentiam
557 768 587 797 et
619 764 772 796 honorem
804 765 928 797 tenetur
960 762 1013 793 ali-

63 820 133 862 quis
157 820 183 851 ei
208 819 328 857 facere,
353 818 405 860 qui
432 827 465 850 se
494 816 708 859 regeneravit,
734 816 883 847 maiorem
916 823 1012 856 quam

63 873 149 910 aliis;
175 873 232 904 hoc
255 877 361 904 autem
386 880 447 902 non
471 873 518 903 est
540 873 667 911 propter
695 868 782 901 aliud
807 868 866 899 nisi
884 871 1012 909 propter

63 925 142 957 illud
175 925 358 957 mandatum
373 923 394 963 ⁸,
419 932 481 965 quo
513 926 602 964 pater
633 925 680 954 est
711 920 915 953 honorandus
947 929 1013 961 spe-

63 977 183 1010 cialiter
208 986 282 1019 prae
305 977 375 1009 aliis
399 975 595 1008 bominibus:
615 983 690 1016 ergo
714 974 771 1006 iste
795 973 901 1014 aliquo
919 972 1012 1004 modo

63 1034 109 1062 est
132 1035 237 1072 pater,
267 1030 320 1062 sed
353 1038 414 1061 non
446 1028 597 1061 carnalis:
631 1036 706 1069 ergo
738 1025 920 1068 spiritualis.
953 1024 1012 1056 Sed

63 1083 197 1116 carnalis
220 1083 391 1124 paternitas
414 1082 487 1114 facit
511 1080 725 1123 cognationem
744 1079 918 1112 carnalem:
938 1086 1013 1119 ergo

65 1140 94 1168 et
117 1135 289 1177 spiritualis
312 1134 517 1176 spiritualem.

151 1189 293 1220 CONTRA:
322 1189 348 1219 1.
374 1187 472 1219 Maius
496 1190 542 1219 est
565 1186 726 1218 vinculum
756 1184 893 1217 caritatis
918 1191 1012 1224 quam

63 1242 195 1274 alicuius
220 1240 429 1277 Sacramenti;
455 1240 508 1272 sed
534 1239 695 1271 vinculum
718 1237 855 1270 caritatis
874 1246 932 1269 non
951 1235 1014 1268 effi-

64 1296 104 1328 cit
127 1295 264 1336 aliquam
298 1293 530 1335 cognationem,
560 1301 616 1324 nec
648 1291 805 1323 carnalem
838 1298 894 1322 nec
926 1289 1014 1330 spiri-

63 1348 196 1381 tualem:
222 1357 297 1389 ergo
322 1356 377 1379 nec
402 1355 458 1387 per
482 1345 608 1387 aliquod
634 1345 872 1377 Sacramentum
905 1351 1014 1384 cogna-

62 1401 128 1433 tio⁴²
153 1401 359 1433 contrahitur.

151 1455 180 1485 Q.
205 1454 298 1491 Item,
323 1453 404 1484 inter
428 1452 532 1484 onmia
557 1451 758 1483 Sacramenta
774 1450 1010 1481 Sacramentum

62 1507 271 1539 eucharistiae
294 1511 341 1538 est
366 1504 492 1537 maioris
521 1504 661 1542 unionis,
686 1512 744 1544 pro
768 1511 804 1534 eo
835 1502 917 1543 quod
944 1501 1013 1540 unit

63 1559 93 1591 in
118 1568 180 1591 uno
203 1567 352 1600 corpore:
370 1557 423 1589 sed
449 1566 506 1598 per
530 1556 720 1588 Sacramenti
739 1555 948 1588 eucharistiae
966 1563 1014 1586 su-

63 1613 251 1654 sceptionem
275 1611 363 1643 nulla
388 1610 523 1643 efficitur
547 1609 721 1652 spiritualis
753 1609 911 1651 cognatio:
938 1616 1014 1649 ergo

62 1675 118 1698 nec
142 1675 197 1707 per
221 1665 292 1697 alia.

152 1718 180 1751 3.
205 1719 298 1757 ltem‚
322 1718 395 1760 plus
420 1717 636 1750 assimilantur
661 1719 691 1749 et
715 1715 905 1748 conveniunt
922 1715 1014 1756 parti-

63 1773 201 1814 cipantes
224 1780 323 1803 unum
350 1771 585 1802 Sacramentum
619 1778 713 1811 quam
747 1769 826 1800 dans
858 1772 888 1799 et
920 1767 1014 1799 susci-

62 1825 167 1866 piens,
193 1825 222 1856 in
247 1827 400 1865 quantum
426 1822 627 1860 huiusmodi;
652 1822 707 1854 sed
740 1822 793 1862 qui
826 1820 1014 1862 participant

62 1877 144 1910 idem
162 1878 398 1909 Sacramentum
417 1879 546 1917 propter
563 1875 622 1907 hoc
639 1883 699 1906 non
722 1874 871 1906 dicuntur
897 1873 1013 1905 habere

62 1930 275 1972 cognationem
287 1955 294 1968 ,
312 1938 368 1961 nec
385 1928 580 1970 spiritualem
598 1936 654 1960 nec
672 1927 846 1960 carnalem:
865 1935 939 1968 ergo
956 1929 1013 1958 etc.

149 1984 179 2015 li.
204 1983 298 2021 ltem,
323 1982 395 2024 quia
420 1986 508 2023 pater
532 1985 562 2013 et
586 1981 671 2013 filius
695 1984 768 2013 sunt
792 1980 948 2022 proximi,
966 1988 1015 2011 ne-

62 2045 147 2069 cesse
171 2039 234 2075 est,
258 2035 342 2077 quod
372 2035 425 2066 filii
463 2034 502 2066 ab
538 2034 646 2066 eodem
684 2037 772 2074 patre
808 2032 1014 2075 procedentes

63 2089 124 2122 sint
148 2089 284 2130 proximi
310 2092 340 2120 et
364 2088 486 2129 cognati
513 2087 541 2119 in
567 2086 750 2128 cognatione
774 2086 908 2118 carnali:
939 2095 1014 2127 ergo

62 2142 129 2184 pari
156 2142 291 2180 ratione,
316 2142 339 2173 si
365 2145 412 2173 est
436 2140 578 2182 cognatio
602 2140 683 2172 inter
717 2143 837 2180 patrem
870 2139 1015 2181 spiritua—

62 2196 123 2228 lem
148 2199 179 2228 et
207 2195 327 2233 filium,
351 2194 411 2227 erit
434 2194 576 2235 cognatio
608 2193 688 2225 inter
719 2193 800 2225 filios
834 2192 1013 2234 spirituales

62 2249 202 2281 eiusdem
227 2247 342 2289 patris:
373 2256 447 2288 ergo
479 2255 589 2278 omnes
620 2246 673 2288 qui
706 2246 942 2287 baptizarentur
974 2245 1013 2277 ab

61 2310 142 2340 une,
166 2303 270 2333 essent
293 2300 413 2341 cognati
440 2299 661 2341 spiritualiter:
687 2308 762 2340 ergo
786 2307 858 2330 cum
876 2298 935 2330 hoc
952 2307 1011 2329 non

61 2354 100 2386 sit
124 2362 234 2386 verum
247 2379 254 2392 ‚
278 2362 335 2385 nec
359 2353 438 2385 illud
455 2357 502 2384 est
520 2361 648 2390 verum,
665 2352 749 2394 quod
767 2351 909 2393 cognatio
925 2351 1014 2392 spiri-

61 2406 156 2438 tualis
173 2407 212 2438 sit
229 2406 309 2438 inter
327 2405 453 2437 dantem
471 2405 708 2437 Sacramentum
726 2407 756 2436 et
780 2403 1011 2445 suscipientem.

415 2501 652 2525 CONCLUSIO.

87 2582 243 2625 Cogitatio
267 2581 457 2624 spiritualis
473 2591 546 2613 vere
570 2579 780 2612 contrahitur
805 2580 839 2612 in
864 2580 991 2612 duobus

416 2634 652 2667 Sacramcntis.

150 2724 348 2756 Ruspoumzo:
373 2722 566 2761 Dicendum,
591 2722 675 2764 quod
701 2721 874 2763 spiritualis
905 2730 1014 2763 cogna-

63 2776 104 2809 tio
128 2782 174 2809 est
197 2781 227 2808 et
251 2785 319 2808 esse
343 2776 453 2814 debet3
478 2779 508 2807 et
531 2775 591 2807 hoc
614 2778 743 2817 propter
764 2774 1011 2807 conformitatem

66 2829 277 2871 spiritualium
305 2829 345 2861 ad
378 2828 524 2861 carnalia.
557 2828 643 2861 Sicut
673 2828 755 2860 enim
789 2831 836 2860 est
864 2827 1015 2860 carnalis

63 2882 249 2924 ⁸ueneratio,
273 2882 303 2913 in
336 2891 399 2923 qua
429 2885 476 2914 est
507 2881 671 2913 vincutum
704 2885 734 2913 et
766 2881 894 2923 quidam
925 2890 1014 2912 amor

1960 254 2024 286 869

1076 342 1246 380 naturalis;
1271 342 1314 374 sic
1339 345 1385 374 est
1408 341 1597 383 spiritualis
1621 341 1824 383 reyeneratto
1847 350 1902 383 per
1921 341 2028 373 Sacra-

1077 399 1180 427 menta
1204 395 1326 437 aliqua,
1351 398 1381 427 et
1407 404 1461 436 per
1486 394 1570 426 illam
1597 394 1740 426 similiter
1763 394 1891 435 aliquod
1922 393 2027 426 vincu-

1077 448 1140 480 lum
1166 448 1341 489 acquiritur
1366 451 1396 480 et
1419 456 1508 479 amor
1533 447 1722 488 spiritualis:
1747 450 1777 479 et
1802 447 1871 479 ideo
1904 446 1934 477 in
1964 446 2026 478 illis

1075 499 1284 533 Sacramentis
1321 500 1488 542 praecipue
1524 500 1737 537 contrahitur,
1763 499 1792 531 in
1829 499 1946 541 quibus
1977 502 2024 531 est

1076 553 1279 595 regeneratio.
1305 553 1456 594 Quoniam
1484 553 1578 594 igitur
1603 552 1764 594 dispositio
1792 552 1829 583 ad
1864 560 2026 593 regenera-

1076 605 1190 638 tionem
1216 610 1263 638 est
1286 606 1316 637 in
1342 604 1554 643 catechismo,
1573 605 1767 646 regeneratio
1792 605 1821 636 in
1845 603 2023 645 baptismo,

1076 659 1319 700 regenerationis
1344 659 1571 691 consummatio
1594 659 1623 690 in
1641 657 1889 699 confirmatione
1904 657 1933 694 ³,·
1953 656 2025 689 hinc
2040 664 2151 686 Conclusio
2163 664 2185 685 a.

1076 716 1139 749 est,
1163 712 1248 752 quod
1273 711 1302 743 in
1328 712 1377 744 his
1403 712 1502 744 tribus
1534 711 1707 744 secundum
1741 719 1938 743 communem
1964 710 2027 751 opi-

1077 764 1200 795 nionem
1233 765 1429 796 contrahitur
1461 765 1610 806 coguatio.
1643 764 1702 796 Sed
1736 767 1857 802 tamen,
1891 763 1964 805 quia
1996 763 2027 794 in

1077 816 1265 848 catechismo
1291 826 1350 848 non
1376 820 1422 849 est
1445 826 1525 849 vcra
1542 817 1754 858 regeneratio,
1780 817 1849 849 ideo
1874 825 1933 848 non
1956 825 2025 848 con-

1078 869 1214 900 trabitur
1238 869 1280 900 ibi
1306 878 1379 901 vera
1415 869 1555 910 cognatio
1587 878 1643 901 nec
1672 869 1808 911 alligatio
1840 869 1946 908 fortis,
1971 867 2025 900 sed
2041 875 2152 897 Conclusio
2164 875 2184 896 3.

1077 921 1155 953 adeo
1178 921 1288 960 exilis,
1312 925 1365 960 ut,
1390 922 1471 954 sicut
1495 922 1612 954 (lictum
1636 926 1682 954 est
1697 922 1718 960 ⁶,
1736 931 1797 953 non
1814 922 1942 954 dirimat
1967 930 2027 953 ma-

1077 974 1258 1006 trimonium
1284 974 1344 1006 iam
1371 978 1565 1006 contractum
1589 978 1620 1006 et
1644 975 1697 1006 vix
1726 974 1876 1016 impediat
1909 977 2027 1006 contra-

1077 1027 1227 1059 hendum.
1252 1046 1296 1050 -
1315 1028 1347 1059 Et
1364 1028 1406 1059 sic
1424 1028 1641 1059 concedendae
1658 1032 1731 1059 sunt
1747 1028 1883 1059 rationes
1900 1028 1939 1059 ad
1957 1028 2025 1059 hoc.

1169 1081 1194 1111 1.
1221 1081 1249 1111 Ξ.
1275 1080 1318 1112 Ad
1343 1080 1420 1112 illud
1446 1080 1527 1122 quod
1554 1080 1700 1112 obiicitur
1725 1081 1754 1112 in
1777 1080 1968 1112 contrarium
1988 1080 2026 1112 de
2055 1086 2186 1117 Solutioop-

1078 1133 1203 1165 vinculo
1228 1133 1364 1165 caritatis
1396 1136 1426 1164 et
1458 1133 1657 1165 Sacramento
1689 1133 1813 1171 altaris,
1839 1115 2165 1172 dicendiim,p⁰⁸¹²⁰rum'

1078 1186 1161 1227 quod
1188 1186 1217 1217 in
1243 1189 1355 1217 neutro
1379 1185 1552 1217 attenditur
1575 1186 1790 1227 rcyettcratio,
1809 1186 1862 1218 sed
1890 1186 1917 1217 in
1945 1194 2027 1226 aqua

1077 1243 1107 1271 et
1130 1238 1250 1280 Spiritu
1274 1242 1380 1270 sancto
1396 1238 1416 1276 ⁷,
1434 1247 1569 1279 quorum
1592 1247 1691 1270 unum
1709 1242 1755 1270 est
1773 1238 1801 1269 in
1828 1239 2028 1270 Sacramento

1078 1291 1242 1333 baptismi,
1275 1291 1432 1332 reliquum
1466 1291 1495 1322 in
1529 1291 1728 1322 sacramento
1763 1290 2027 1328 confirmationis3

1077 1348 1107 1376 et
1132 1344 1155 1377 si
1181 1344 1286 1385 aliqua
1311 1343 1506 1384 regeneratio
1532 1343 1704 1384 spiritualis
1728 1343 1908 1375 attendatur
1932 1351 2027 1384 penes
2044 1350 2173 1371 Notandum.

1077 1398 1234 1434 virtutes,
1252 1397 1328 1428 haec
1352 1396 1425 1428 facit
1441 1396 1654 1436 cognationem
1678 1396 1715 1427 ad
1735 1396 1833 1427 Deum
1859 1399 1888 1427 et
1917 1395 2027 1426 Filium

1078 1451 1150 1488 Dei,
1176 1459 1235 1481 non
1261 1449 1361 1481 filium
1387 1448 1436 1481 vel
1461 1452 1628 1489 cognatum
1647 1448 1799 1486 hominis,
1817 1457 1873 1489 pro
1890 1457 1926 1480 eo
1943 1447 2029 1489 quod

1077 1503 1233 1534 virtutem
1262 1505 1440 1543 «operatur
1469 1501 1552 1533 Deus
1582 1501 1612 1532 in
1645 1501 1733 1532 nobis
1765 1501 1831 1532 sine
1864 1500 2029 1539 nobis⁸»‚

1078 1556 1332 1589 Sacramentum
1357 1559 1462 1587 autem
1488 1555 1688 1596 dispensatur
1713 1563 1768 1595 per
1794 1554 1961 1586 hominem.

1168 1609 1196 1641 3.
1222 1609 1264 1640 Ad
1289 1608 1369 1640 illud
1386 1608 1471 1650 quod
1488 1607 1634 1639 obiicitur
1652 1607 1690 1639 de
1708 1607 2029 1649 comparticipatione,

1078 1662 1266 1700 dicendum,
1291 1661 1375 1703 quod
1400 1661 1668 1702 comparticipatio
1692 1661 1881 1692 Sacramenti
1903 1664 1950 1692 est
1966 1661 2031 1692 vin-

1078 1715 1185 1747 culum
1219 1723 1405 1751 commune,
1430 1713 1495 1746 sive
1528 1713 1567 1745 ab
1598 1713 1726 1751 eodem,
1751 1713 1815 1744 sive
1846 1722 1863 1744 a
1896 1713 2030 1744 diversis
2046 1718 2175 1740 Notandum.

1078 1768 1134 1806 sit,
1152 1767 1225 1809 quia
1242 1776 1330 1799 unas
1355 1767 1461 1804 Deus,
1479 1775 1548 1797 una
1571 1765 1670 1807 ficteS,
1687 1774 1793 1796 unum
1819 1765 1984 1806 baptisma
1998 1764 2031 1802 ⁴³,-

1078 1821 1132 1853 sed
1163 1820 1304 1861 cognatio
1328 1823 1375 1852 est
1400 1819 1561 1851 vinculum
1586 1817 1741 1860 spectate.-
1766 1821 1796 1849 et
1828 1817 1897 1849 ideo
1927 1818 2031 1849 Sacra-

1079 1873 1174 1905 menti
1200 1871 1467 1913 comparticipatio
1491 1880 1547 1903 nec
1572 1875 1618 1902 est
1642 1870 1783 1911 cognatio
1808 1879 1864 1902 nec
1888 1870 1960 1902 facit
1985 1879 2033 1902 co-

1078 1926 1275 1968 gnationem3
1299 1934 1359 1957 uon
1386 1925 1429 1957 sic
1454 1925 1538 1956 datio
1570 1928 1599 1956 et
1632 1923 1788 1965 susceptio
1820 1923 2031 1962 Sacramenti,

1079 1979 1175 2010 immo
1199 1978 1274 2010 dicit
1297 1978 1438 2010 ordinem
1464 1977 1504 2009 ad
1521 1977 1660 2018 aliquam
1678 1985 1844 2018 personam
1864 1976 2031 2017 specialem

1078 2037 1108 2065 et
1132 2032 1290 2074 quoddam
1325 2031 1486 2064 vinculum
1520 2030 1705 2072 superaddit
1728 2034 1758 2061 et
1782 2030 1940 2071 quandam
1966 2039 2032 2070 spe-

1078 2086 1187 2118 cialem
1214 2085 1400 2123 tentionem,
1426 2088 1456 2116 et
1482 2084 1560 2116 hanc
1586 2084 1757 2115 rectissime
1786 2092 1957 2124 possumus
1980 2092 2030 2124 al-

1078 2139 1196 2181 pellare
1221 2138 1456 2181 cognationem.
1484 2138 1517 2169 Et
1542 2137 1585 2169 sic
1610 2140 1694 2178 patet
1720 2136 1807 2169 illud.

1166 2193 1196 2224 li.
1221 2192 1264 2224 Ad
1290 2191 1369 2223 illud
1394 2191 1479 2232 quod
1504 2190 1650 2222 obiicitur
1683 2189 1793 2220 ultimo
1824 2190 1863 2221 de
1888 2189 2030 2221 fraterni-

1078 2249 1140 2277 tate
1164 2245 1300 2283 carnali,
1325 2244 1512 2282 dicendum,
1537 2243 1621 2285 quod
1648 2252 1706 2274 non
1729 2246 1775 2274 est
1804 2242 1921 2273 simile:
1956 2241 2031 2283 quia

1077 2303 1250 2340 utrumque
1282 2303 1329 2330 est
1362 2297 1522 2329 vinculum
1555 2295 1712 2337 spectate,
1737 2299 1766 2327 et
1798 2295 1903 2336 aliquo
1935 2294 2030 2326 modo
2046 2300 2175 2322 Notandum.

1078 2352 1177 2394 magis
1201 2351 1391 2384 conveniunt
1416 2350 1467 2392 qui
1502 2353 1692 2390 generantur
1724 2348 1763 2379 al]
1797 2348 1924 2385 eodem,
1949 2347 2030 2379 sicut

1077 2415 1174 2447 supra
1187 2405 1208 2421 ¹⁰
1231 2407 1441 2437 monstratum
1466 2403 1541 2441 suit,
1566 2402 1618 2444 qui
1644 2405 1748 2433 autem
1768 2401 1965 2442 baptizantur
1990 2400 2029 2432 ab

1077 2459 1188 2491 eodem
1219 2467 1279 2489 non
1316 2457 1415 2498 magis
1440 2456 1646 2493 conveniunt,
1671 2463 1764 2496 quam
1791 2454 1844 2495 qui
1874 2453 2029 2494 baptizan-

1076 2515 1129 2545 tur
1153 2521 1171 2543 a
1195 2511 1338 2543 diversis.
1356 2529 1399 2533 ·—
1415 2509 1584 2550 Amplius,
1601 2517 1642 2540 ex
1659 2507 1807 2539 affinitate
1831 2510 1861 2538 et
1880 2505 2030 2537 affinitate

1077 2573 1137 2596 non
1163 2564 1264 2605 surgit
1292 2563 1384 2595 tertia
1416 2561 1566 2598 affinitas,
1593 2560 1649 2591 nisi
1684 2559 1871 2591 interveniat
1902 2567 2029 2590 consan-

1078 2616 1231 2658 guinitas,
1249 2624 1329 2657 quae
1354 2618 1401 2647 est
1425 2613 1585 2645 vinculum
1613 2621 1667 2653 per
1692 2612 1775 2649 se¹¹;
1794 2611 1836 2642 sic
1858 2619 1896 2642 ex
1921 2619 2030 2652 cogna-

1077 2670 1161 2702 tione
1185 2668 1339 2710 spirituali
1366 2676 1406 2699 ex
1432 2671 1565 2707 utraque
1596 2668 1682 2707 parte
1707 2673 1765 2695 non
1793 2664 1892 2704 surgit
1919 2672 2029 2704 cogna<

1079 2724 1121 2755 tio
1145 2722 1335 2764 spiritualis,
1361 2721 1418 2753 nisi
1444 2729 1484 2752 ex
1508 2719 1607 2751 altera
1630 2721 1718 2759 parte
1742 2717 1781 2749 sit
1813 2716 2027 2757 consanguini-

1079 2780 1135 2808 tas.
1160 2775 1247 2807 Unde
1271 2774 1411 2815 cognatio
1436 2772 1562 2814 ponitur
1586 2771 1665 2802 inter
1698 2769 1797 2801 filium
1830 2769 2025 2809 spiritualem

1079 2832 1110 2861 et
1133 2827 1234 2859 filium
1259 2826 1435 2863 carnalem,
1457 2834 1515 2856 non
1542 2824 1622 2855 inter
1653 2822 1848 2863 spiritualem
1881 2825 1911 2853 et
1940 2821 2028 2863 spirl-

1080 2879 1207 2912 tualem.
1233 2879 1267 2910 Et
1291 2879 1334 2910 sic
1359 2882 1442 2919 patet
1466 2876 1555 2908 illud.

135 3050 143 3066 ¹
164 3051 232 3076 loan.
252 3051 279 3083 3,
301 3051 336 3076 5:
357 3051 409 3076 Nisi
429 3051 488 3083 quis
507 3054 612 3076 renatus
639 3050 717 3075 suerit
736 3057 765 3075 ex
785 3057 853 3082 aqua
873 3053 897 3074 et
917 3050 1011 3081 Spiritu

63 3097 150 3120 sancto
169 3099 229 3127 etc.;
251 3096 299 3120 Tit.
320 3095 349 3127 3,
369 3095 398 3120 5:
420 3096 466 3120 Per
485 3095 617 3120 lavacrum
637 3095 839 3126 regenerationis
863 3098 887 3119 et
907 3100 1013 3118 renova-

63 3138 138 3164 tionis
157 3139 266 3170 Spiritus
285 3139 372 3164 sancti.

132 3182 143 3199 ²
161 3182 211 3208 Csr.
231 3190 309 3214 supra
330 3183 354 3208 d.
375 3183 399 3207 6.
411 3190 435 3214 p.
451 3182 477 3207 ll.
491 3189 513 3207 a.
528 3182 551 3207 3.
572 3189 598 3214 q.
615 3182 637 3206 l.
650 3195 686 3200 -—
699 3181 777 3206 Edd.:
797 3187 859 3214 erqo
879 3179 1014 3213 obligatur

64 3225 100 3251 ad
119 3225 198 3251 tatem
216 3228 308 3252 actum
326 3225 495 3260 spirituatem
511 3225 638 3259 patrinus
657 3223 819 3257 spiritualis:
839 3229 902 3256 erqo
921 3226 968 3248 etc.

132 3269 143 3285 ³
163 3270 240 3295 Exod.
262 3271 308 3302 20,
331 3271 376 3295 '122
395 3270 498 3295 Honora
518 3273 618 3301 patrem
638 3271 711 3293 tuum
731 3271 778 3292 etc.

133 3312 144 3329 ⁴
163 3313 224 3339 Cod.
244 3314 266 3339 K
286 3313 379 3347 aliqua
398 3313 528 3347 cognatio.

133 3357 144 3374 ⁵
162 3358 228 3383 Vide
246 3365 325 3389 supra
345 3358 369 3383 d.
389 3357 413 3383 7.
434 3365 456 3382 a.
477 3358 500 3382 2.
521 3365 544 3389 q.
566 3357 589 3381 3.
609 3370 644 3374 --
663 3356 787 3387 Superius
806 3361 854 3386 pro
870 3360 920 3387 per
938 3352 1014 3379 illam

64 3401 122 3427 cod.
143 3409 172 3427 aa
192 3409 240 3435 per
257 3402 313 3428 illa.

1148 3048 1158 3064 ⁶
1178 3049 1203 3072 ln
1224 3045 1392 3073 Praenotatis
1411 3045 1443 3070 ad
1463 3045 1532 3069 hunc
1551 3046 1596 3068 art.
1618 3044 1641 3068 in
1663 3043 1720 3067 tine.

1147 3092 1158 3108 ⁷
1178 3092 1243 3117 Vide
1263 3098 1342 3122 supra
1362 3097 1420 3121 pag.
1442 3090 1506 3120 868,
1528 3092 1585 3113 nota
1611 3089 1646 3112 ll.

1148 3136 1159 3152 8
1178 3136 1322 3166 Respicitur
1356 3134 1469 3159 definitio
1498 3133 1599 3157 virtutis
1628 3139 1705 3163 supra
1732 3139 1791 3163 pag.
1822 3132 1885 3163 326,
1916 3137 1972 3158 nota
2004 3132 2027 3157 4.

1077 3181 1158 3205 allata.

1148 3223 1159 3239 ⁹
1180 3224 1241 3254 Eph.
1263 3222 1291 3253 lt,
1312 3222 1336 3246 5.

1150 3266 1170 3282 1⁰
1190 3266 1250 3291 Dist.
1272 3265 1312 3290 40.
1333 3272 1357 3296 q.
1383 3265 1403 3289 l.
1420 3278 1453 3282 —-
1467 3265 1591 3295 Superius
1611 3272 1659 3296 pro
1678 3263 1788 3297 speciale
1808 3265 1928 3296 permulti
1951 3265 2026 3290 codd.

1077 3314 1102 3336 et
1121 3310 1180 3335 edd.
1199 3308 1347 3342 spirituale.

1151 3352 1170 3368 ¹¹
1191 3352 1256 3377 Vide
1275 3359 1354 3383 supra
1375 3352 1398 3377 (l.
1414 3351 1454 3377 sil.
1475 3360 1498 3384 q.
1514 3353 1537 3377 2.
1551 3366 1586 3370 —
1600 3352 1634 3377 De
1654 3359 1725 3384 seqq.
1746 3352 1790 3377 cfr.
1810 3352 1979 3378 Praenolata.
1995 3367 2028 3370 —

1080 3398 1205 3429 Superius
1224 3399 1283 3428 post
1302 3396 1424 3429 Amplius
1443 3396 1504 3421 edd.
1526 3396 1624 3422 addunt
1643 3396 1717 3423 sient.
1980 3401 1984 3403 “
