2483 3882
315 576 451 603 Augustinus.

320 624 412 645 Dubium

318 1009 410 1029 Dubium
427 1008 447 1029 8.

318 1153 410 1174 Dubium
428 1154 448 1174 9.

467 290 529 322 938

465 377 591 412 Sanctis,
607 376 657 414 qui
675 376 734 404 Deo
751 375 902 409 assistunt,
913 372 1071 411 petitiones
1090 376 1211 400 nostrae
1225 370 1416 400 innotescunt

466 425 494 453 in
518 424 616 454 Verbo
642 423 708 458 Dei,
731 422 811 460 quod
839 420 1090 458 contemplantur.
1113 419 1197 449 Unde
1223 423 1252 448 et
1273 419 1415 448 dicuntur

466 472 568 508 Angeli
593 471 742 500 orationes
766 473 795 498 et
817 473 884 498 vota
908 472 1007 498 nostra
1031 468 1138 506 offerre
1161 468 1240 501 Deo,
1264 475 1321 496 non
1344 467 1414 504 quia

465 528 532 549 euin
556 519 696 553 doceant,
719 517 770 546 sed
794 517 864 555 quia
887 517 952 545 eius
975 516 1158 546 voluntatem
1173 524 1265 553 super
1287 515 1330 544 eis
1345 523 1416 544 con-

465 568 573 597 sulunt.
596 565 681 595 Unde
712 565 896 601 Augustinus
913 564 939 592 ¹:
967 563 1130 601 «Angelis,
1153 563 1204 601 qui
1237 566 1307 592 sunt
1334 562 1416 600 apud

430 623 449 643 7.
466 616 574 650 Deum,
590 614 779 643 innotescunt
801 612 960 650 petitiones
982 615 1114 647 nostrae,
1132 615 1161 640 nt
1178 610 1309 649 quodam
1326 611 1415 640 modo

465 672 514 693 eas
537 663 661 692 offerant
683 662 744 691 Deo
767 660 848 690 etde
871 660 918 690 bis
933 660 1104 695 consulant,
1127 663 1155 688 et
1171 659 1250 698 quod
1265 683 1272 695 ,
1295 659 1356 688 Deo
1373 659 1416 689 iu—

464 711 565 746 bente,
589 708 774 747 implendum
800 715 865 737 esse
881 708 1090 744 cognoverint,
1113 707 1171 736 boc
1187 706 1273 736 nobis
1296 707 1341 736 vel
1359 707 1416 736 evi-

465 760 583 794 denter,
607 757 653 787 vel
676 758 801 787 latenter
824 760 986 794 reportent.
1008 755 1093 785 Unde
1116 759 1144 785 ct
1170 755 1301 792 Angelus
1324 755 1417 785 homi-

464 808 552 837 nibus
585 807 644 836 ait:
675 806 750 836 Cum
782 803 931 839 oraretis,
961 803 1129 833 orationem
1158 808 1289 833 vestram
1320 802 1418 833 obtuli

464 857 523 885 Deo
536 868 561 883 u.
590 867 602 879 «
617 854 662 883 Ad
678 853 776 883 omnia
794 853 916 891 quidem
932 851 1054 881 scienda
1073 851 1183 881 sufficit
1199 852 1259 881 Deo
1282 860 1337 881 sua
1353 859 1417 888 per-

464 904 566 939 t'ecti03
590 903 680 933 habet
703 907 800 932 tamen
824 901 958 936 nuntios,
982 900 1009 930 id
1037 903 1081 930 est
1102 900 1246 938 Angelos,
1277 908 1334 929 non
1364 900 1416 938 qui

464 953 489 982 ei
512 959 589 990 quae
606 951 716 985 nescit,
732 949 907 979 annuntient
921 965 962 970 —
976 956 1033 977 non
1058 948 1135 977 enim
1153 950 1221 977 sunt
1241 947 1316 981 ulla,
1339 955 1417 985 qnae

464 1001 578 1030 nesciat
592 1016 632 1021 —
646 999 698 1028 sed
722 998 833 1028 bonum
856 1005 960 1027 eorum
983 1000 1027 1026 est
1049 996 1086 1025 de
1109 996 1252 1034 operibns
1274 996 1337 1025 suis
1353 995 1417 1025 eins

464 1049 622 1079 consulere
646 1047 817 1082 veritatem,
833 1049 862 1075 et
885 1046 942 1075 boc
958 1049 1015 1080 est,
1037 1044 1118 1083 quod
1142 1045 1167 1074 ei
1184 1044 1327 1074 dicimtnr
1348 1052 1418 1073 non-

464 1097 545 1127 nulla
567 1096 721 1131 nuntiare,
744 1103 801 1124 non
826 1098 858 1124 ut
872 1095 937 1132 ipse
959 1093 997 1123 ab
1014 1094 1057 1123 eis
1079 1093 1191 1128 discat,
1206 1092 1258 1122 sed
1282 1096 1314 1122 ut
1328 1092 1366 1121 ab
1382 1101 1416 1122 eo

464 1146 520 1184 ipsi
544 1153 599 1183 per
620 1143 752 1173 Verbum
783 1143 848 1172 eius
870 1143 934 1171 sine
956 1141 1107 1179 corporali
1137 1149 1219 1170 sono.
1249 1140 1416 1170 Νιιιιιίιιιιι2

464 1194 553 1223 etiam
569 1193 650 1231 quod
668 1192 812 1227 voluerit,
835 1190 924 1220 abeo
947 1190 1028 1219 missi
1056 1189 1092 1219 ad
1119 1198 1195 1227 quos
1218 1189 1360 1225 voluerit,
1379 1193 1418 1218 to-

464 1246 525 1272 tnm
549 1242 587 1271 ab
610 1241 660 1270 illo
684 1248 738 1278 per
760 1239 834 1269 illud
856 1238 988 1268 Verbum
1005 1238 1070 1267 eius
1092 1237 1263 1278 audientes,
1279 1237 1307 1266 id
1329 1238 1417 1267 estin

465 1292 529 1321 eius
552 1290 677 1319 veritate
707 1288 908 1322 invenientes,
930 1286 1003 1325 quid
1031 1286 1088 1315 sibi
1118 1285 1305 1321 faciendum,
1327 1286 1417 1324 quid,

464 1339 575 1378 quibus
598 1342 627 1368 et
650 1337 771 1376 quando
794 1336 992 1366 nuntiandum
1016 1335 1061 1364 sit.
1078 1334 1152 1364 Nam
1168 1338 1197 1364 et
1214 1343 1281 1372 nos,
1298 1338 1418 1365 orantes

465 1396 542 1423 eum,
565 1395 622 1417 non
646 1395 713 1416 eum
734 1386 895 1421 docemus,
919 1385 988 1423 quia
1011 1382 1107 1418 uouit,
1130 1384 1170 1413 ait
1186 1384 1319 1414 Verbum
1336 1384 1417 1420 eius,

464 1437 553 1466 Pater
575 1439 687 1468 vester,
709 1432 785 1472 quid
810 1431 894 1462 vohis
923 1431 1127 1461 necessarium
1148 1430 1205 1466 sit,
1233 1430 1417 1471 priusquam

461 1483 570 1524 petatis
592 1482 629 1512 ab
652 1492 691 1511 ρο.
708 1482 770 1512 Nec
793 1481 849 1511 ista
870 1490 906 1510 eat
922 1485 1053 1519 tempore
1069 1480 1225 1517 cognovit,
1242 1480 1295 1509 sed
1318 1480 1416 1511 futura

464 1532 562 1562 onmia
587 1530 764 1569 temporalia
787 1534 877 1568 atque
900 1529 928 1558 in
952 1529 994 1559 eis
1016 1529 1127 1563 etiam,
1150 1528 1223 1567 quid
1246 1532 1275 1557 et
1296 1529 1416 1567 quando

464 1581 502 1610 ab
525 1580 574 1610 illo
597 1579 720 1618 petituri
744 1579 913 1613 fueramus,
936 1581 964 1607 ct
986 1585 1062 1615 quos
1085 1581 1113 1606 et
1135 1576 1171 1606 de
1194 1577 1305 1614 quibus
1325 1577 1417 1606 rebus

464 1630 510 1659 vel
533 1628 747 1663 exauditurus,
771 1627 817 1656 vel
840 1636 897 1656 non
914 1626 1112 1656 exauditurus
1134 1629 1225 1661 esset,
1241 1624 1306 1655 sine
1328 1625 1416 1655 initio

464 1682 531 1707 ante.
555 1676 758 1716 praescivit».
788 1675 874 1705 «Non
894 1683 964 1713 ergo
986 1674 1098 1704 dicitur
1113 1674 1244 1715 Angelus
1266 1674 1416 1703 orationes

1225 285 1508 316 SENsEN‘rtARUM
1534 285 1601 316 LlB.
1626 285 1672 316 tv.

1480 374 1597 401 nostras
1620 372 1726 401 offerre
1748 371 1826 406 Deo,
1841 372 1927 410 quasi
1950 372 2028 402 Deus
2051 375 2121 401 tunc
2142 373 2273 408 noverit,
2290 372 2362 410 quid
2386 381 2430 403 ve-

1480 418 1569 448 limus
1591 422 1620 448 et
1641 427 1702 458 quo
1719 419 1920 457 indigeamus,
1944 427 2022 458 quae
2038 420 2153 456 omnia,
2168 424 2327 457 antequam
2344 421 2429 457 fiant,

1480 467 1559 496 sicut
1580 470 1608 496 et
1629 470 1788 505 postquam
1812 467 1888 497 facta
1912 470 1997 504 sunt,
2019 467 2116 503 novit;
2140 467 2192 497 sed
2215 468 2287 506 quia
2309 476 2430 499 necesse

1481 514 1572 543 babet
1594 514 1749 544 rationalis
1778 518 1917 544 creatura
1941 515 2122 553 temporales
2144 523 2252 545 causas
2281 515 2317 545 ad
2341 519 2431 546 aeter-

1481 570 1549 591 nam
1566 563 1721 592 veritatem
1745 563 1873 599 referre,
1888 563 1953 592 sive
1973 562 2116 601 petendo,
2132 563 2205 602 quid
2228 571 2298 600 erga
2314 572 2346 593 se
2367 564 2430 601 fiat,

1481 610 1544 640 sive
1566 610 1764 646 consulendo,
1787 611 1859 649 quid
1882 611 1994 641 faeiat³
2008 624 2033 640 ».

1562 658 1590 688 Si
1620 662 1719 688 autem
1742 658 1845 696 Angeli
1869 667 1886 689 a
1908 659 1968 689 Deo
1990 667 2044 698 per
2066 659 2199 689 Verbum
2222 660 2286 689 eius
2315 660 2432 690 discunt

1481 707 1642 744 petitiones
1658 710 1787 743 nostraS,
1804 710 1833 736 et
1848 707 1920 745 quid
1937 707 1974 737 de
1989 707 2036 736 his
2051 707 2235 746 implendum
2260 708 2298 737 sit
2317 711 2345 738 et
2360 709 2431 746 quid

1482 763 1556 791 non;
1579 763 1634 784 cur
1656 762 1713 783 non
1737 754 1911 789 credamus,
1934 758 1963 784 et
1985 755 2100 784 animas
2116 755 2294 785 Sanctorum
2316 756 2367 785 Dei
2393 756 2432 787 fa·
2457 767 2483 790 nt

1481 802 1557 831 ciem
1584 802 1851 840 contemplantium
1882 802 1910 831 in
1927 803 1992 832 eius
2008 803 2132 832 veritate
2148 803 2313 841 intelligere
2326 812 2430 842 preces

1482 851 1636 880 homiuum
1650 873 1657 885 ‚
1680 853 1708 880 et
1731 858 1809 889 quae
1832 850 2002 889 implendae
2016 851 2089 888 sint,
2112 851 2157 881 vel
2181 852 2259 881 non?
2280 851 2351 881 Inde
2373 856 2431 890 est,

1481 899 1561 938 quod
1584 900 1663 929 Deus
1686 899 1796 929 dicitur
1825 899 1971 929 exaudire
2000 908 2106 938 preces
2136 900 2346 938 quorundam,
2375 909 2432 931 nou

1482 947 1596 983 solum,
1611 947 1732 986 quaudo
1748 947 1866 977 effectui
1885 948 2051 986 mancipat,
2069 948 2121 977 sed
2137 948 2243 984 etiam,
2259 948 2379 987 quando
2394 949 2434 979 in—

1482 997 1609 1027 notescit
1638 997 1741 1026 curiae
1772 995 1952 1034 Angelorum
1985 1000 2013 1026 et
2044 1001 2216 1027 sanctarum
2250 998 2431 1033 animarum,

1482 1045 1554 1083 quid
1578 1045 1646 1074 inde
1668 1045 1801 1074 futurum
1817 1045 1868 1080 sit,
1891 1044 1937 1073 vel
1960 1053 2035 1080 non;
2058 1048 2086 1075 et
2101 1045 2183 1084 quod
2205 1048 2390 1082 cognoscunt
2403 1045 2432 1075 in

1482 1093 1534 1122 Dei
1559 1093 1711 1122 voluntate
1726 1100 1805 1129 esse,
1828 1092 1932 1122 volunt
1947 1096 1976 1122 et
1997 1093 2064 1131 ipsi.
2088 1093 2171 1123 Adeo
2185 1093 2263 1122 enim
2286 1101 2433 1131 supernae

1482 1140 1630 1171 Veritati4
1652 1140 1765 1170 addicti
1781 1144 1864 1175 sunt,
1885 1144 1916 1170 ut
1938 1141 2010 1170 nibil
2028 1145 2148 1179 praeter
2163 1141 2227 1170 eius
2251 1141 2431 1171 voluntatem

1482 1192 1593 1227 queant
1623 1188 1708 1218 velle.
1741 1188 1932 1218 Intereedunt
1963 1189 2052 1226 igitur
2075 1189 2113 1218 ad
2135 1189 2228 1219 Deum
2260 1197 2316 1227 pro
2347 1188 2432 1219 nobis

1482 1237 1581 1267 Sancti
1605 1240 1634 1266 et
1654 1235 1780 1271 merito,
1803 1237 1874 1266 dum
1900 1244 2004 1266 eorum
2028 1237 2134 1266 merita
2159 1237 2362 1274 suffragantur
2383 1245 2433 1267 no-

1482 1286 1544 1321 bis,
1567 1289 1596 1315 et
1610 1285 1734 1324 affectu,
1751 1285 1822 1314 dum
1847 1289 1913 1315 vota
1931 1288 2032 1315 nostra
2053 1286 2179 1323 cupiunt
2195 1285 2327 1323 impleri3
2353 1285 2432 1323 quod

1483 1338 1581 1364 tamen
1605 1342 1661 1363 non
1686 1334 1813 1369 faciunt,
1836 1334 1890 1363 nisi
1915 1335 1943 1363 in
1967 1334 2119 1364 voluntate
2143 1334 2193 1363 Dei
2219 1333 2371 1372 implenda
2393 1333 2432 1363 di-

1482 1384 1620 1414 dicerint.
1636 1383 1762 1413 Oramus
1779 1391 1866 1419 endo,
1883 1386 1915 1412 ut
1931 1383 2119 1413 intercedant
2134 1391 2189 1421 pro
2212 1382 2314 1417 nobis,
2331 1382 2359 1411 id
2376 1386 2431 1418 est,

1482 1436 1515 1462 ut
1537 1433 1643 1462 merita
1665 1440 1769 1462 eorum
1798 1431 1886 1461 nobis
1908 1432 2124 1469 suffragentur,
2147 1435 2175 1461 et
2205 1435 2238 1461 ut
2259 1431 2315 1469 ipsi
2343 1431 2431 1461 velint

1481 1481 1593 1511 bonum
1611 1484 1762 1515 nostrum,
1776 1481 1864 1518 quia,
1887 1480 1930 1509 eis
1945 1479 2131 1515 volentibus,
2154 1480 2233 1509 Deus
2249 1479 2327 1515 vult⁷
2347 1483 2375 1509 et
2392 1480 2432 1510 ita

1482 1530 1539 1559 siet.
1555 1545 1595 1550 —
1619 1529 1665 1558 Ex
1688 1528 1861 1567 praemissis
1889 1531 2021 1563 constat,
2050 1527 2131 1566 quod
2160 1536 2228 1558 cum
2252 1527 2431 1566 quibusdam

1482 1576 1709 1606 misericordius
1731 1577 1792 1613 agit
1813 1576 1909 1613 Deus,
1931 1584 2022 1614 quam
2042 1576 2142 1614 aliqua
2155 1575 2165 1590 ⁵
2188 1583 2291 1605 eorum
2307 1579 2431 1614 peccata

1482 1625 1661 1660 meruerint,
1683 1625 1800 1654 scilicet
1822 1632 1891 1654 cum
1918 1624 2111 1654 mediocriter
2133 1624 2235 1661 malis,
2258 1624 2309 1662 qui
2332 1623 2431 1654 suffra-

1481 1674 1538 1711 giis
1553 1673 1707 1703 Ecclesiae
1724 1673 1873 1702 iuvantur.

792 1855 1287 1911 COMMENTARIUS
1326 1855 1395 1908 [N
1433 1853 1927 1908 DISTINGTIONEM
1964 1853 2105 1907 XLV.

872 1974 922 2011 De
951 1979 1041 2011 statu
1071 1978 1102 2010 et
1130 1972 1322 2009 conditione
1350 1971 1519 2009 bonarum
1548 1971 1741 2008 animarum
1770 1977 1848 2021 post
1876 1977 2031 2008 mortem.

752 2081 932 2112 Praeterea
963 2079 1132 2111 sciendum
1165 2082 1229 2117 est,
1262 2078 1348 2120 quod
1379 2087 1489 2109 ontnes
1521 2077 1673 2115 animae,
1707 2082 1742 2108 ut
1774 2077 1823 2109 uit
1854 2077 2064 2119 Augyustz'nus
2096 2081 2152 2109 etc.

1293 2188 1431 2221 DIVISIO
1456 2188 1610 2220 TEXTUS.

553 2291 654 2332 Supra
669 2290 731 2331 egit
744 2289 888 2330 Magister
902 2288 941 2321 de
957 2287 1153 2330 reparatione
1167 2295 1334 2328 corporum
1348 2299 1354 2324 3
1368 2286 1418 2318 hic

465 2343 528 2384 agit
541 2343 579 2375 de
593 2346 676 2374 statu
689 2342 867 2374 animarum
882 2344 951 2382 post
966 2344 1114 2378 mortem,
1127 2343 1158 2372 et
1171 2339 1324 2371 dividitur
1342 2339 1419 2371 haec

464 2404 538 2437 pars
562 2395 592 2426 in
618 2395 707 2427 duas.
725 2394 757 2426 In
774 2394 876 2436 prima
898 2397 987 2435 parte
1004 2393 1193 2425 determinat
1217 2392 1256 2424 de
1281 2395 1362 2424 statu
1389 2395 1419 2423 et

465 2447 641 2479 conditione
669 2447 823 2479 bonarum
854 2446 1043 2478 animarum.
1067 2445 1099 2476 In
1124 2445 1263 2477 secunda
1287 2445 1326 2477 de
1350 2453 1418 2476 eon-

465 2500 581 2532 ditione
605 2504 635 2531 et
660 2503 743 2531 statu
769 2498 942 2537 malarum,
960 2498 1157 2530 distinctione
1175 2497 1418 2538 quadragesima

465 2557 569 2591 sexta,
594 2552 653 2584 ibi:
680 2552 743 2584 Sed
766 2551 942 2594 quaeritur
967 2550 1018 2582 ltic
1043 2551 1080 2582 cle
1104 2550 1198 2582 valde
1221 2549 1320 2581 nutlz‘s
1344 2554 1401 2582 etc.

554 2606 657 2637 Prima
678 2614 751 2646 pars
776 2605 870 2637 babet
887 2605 977 2637 duas.
999 2604 1028 2635 ln
1047 2604 1150 2645 prima
1174 2603 1362 2635 determinat
1380 2602 1418 2634 de

465 2659 642 2691 animarum
668 2657 884 2699 receptaculis.
910 2658 941 2688 ln
962 2656 1100 2689 secunda
1117 2660 1205 2697 parte
1230 2655 1419 2687 determinat

466 2712 504 2744 de
529 2711 706 2752 suffragiis,
731 2719 812 2752 quae
836 2709 1002 2741 animabus
1019 2712 1150 2750 possunt
1173 2708 1259 2747 fieri,
1284 2708 1342 2740 ibi:
1362 2707 1419 2739 Ne-

467 2774 526 2807 que
549 2763 738 2806 ueyctiulunt
762 2767 825 2800 est,
850 2768 886 2794 ut
918 2762 966 2794 ait
992 2761 1221 2804 Auyustt'uus,
1254 2760 1418 2802 defuncto-

466 2827 545 2849 rum
568 2816 703 2848 unimus
727 2820 784 2848 ete.
811 2816 844 2847 Et
869 2815 922 2847 illa
946 2815 1084 2847 secunda
1109 2823 1182 2855 pars
1210 2813 1304 2846 habet
1328 2813 1416 2846 duas.

465 2870 498 2901 In
530 2870 632 2911 prima
665 2869 853 2901 determinat
888 2868 927 2900 de
959 2867 1135 2908 suffragiu,
1167 2875 1247 2908 quae
1277 2866 1417 2898 viventes

467 2922 693 2964 impartiuntur
718 2921 861 2953 mortuis.
879 2921 911 2952 ln
928 2920 1067 2952 secunda
1091 2919 1279 2951 determinat
1302 2919 1340 2951 de
1357 2918 1419 2950 suf-

1483 2285 1590 2326 fragiis
1614 2285 1680 2317 sive
1705 2285 1887 2323 adiutoriis,
1905 2294 1986 2326 quae
2003 2285 2118 2317 mortni
2143 2285 2369 2327 impartiuntur
2393 2285 2431 2316 vi-

1484 2339 1548 2377 vis,
1573 2338 1631 2370 ibi:
1658 2338 1720 2370 Sect
1750 2337 1836 2380 forte
1859 2338 2012 2381 quaeris:
2044 2338 2197 2381 nunquid
2220 2347 2333 2380 preces
2360 2347 2431 2379 sup·
2471 2377 2474 2379 Δ

1481 2391 1682 2433 plicaulz'um
1705 2395 1762 2423 etc.

1572 2444 1675 2475 Prima
1700 2453 1773 2485 pars
1804 2443 1899 2476 habet
1931 2443 2019 2476 duas.
2049 2443 2080 2475 ln
2112 2444 2215 2485 prima
2246 2443 2431 2475 determinat

1484 2497 1657 2529 veritatem.
1683 2497 1713 2528 ln
1739 2496 1877 2529 secunda
1894 2499 1999 2528 movet
2023 2496 2248 2535 dubitationes,
2266 2496 2325 2527 ibi:
2351 2494 2432 2528 Solet

1483 2549 1609 2584 moveri
1623 2549 1769 2592 quaestio
1787 2549 1825 2581 cle
1841 2549 1984 2587 (luobus,
2003 2559 2068 2580 uno
2087 2549 2185 2580 divite
2205 2552 2261 2580 etc.
2281 2549 2315 2580 Et
2332 2548 2430 2590 prima

1483 2611 1556 2644 pars
1580 2602 1675 2634 babet
1699 2602 1787 2634 duas.
1806 2602 1836 2633 In
1863 2602 1965 2643 prima
1982 2602 2170 2634 determinat
2194 2610 2274 2642 quae
2292 2604 2364 2633 sunt
2380 2600 2430 2632 illa

1482 2665 1563 2697 quae
1587 2659 1720 2697 prosunt
1744 2655 1908 2687 defunctis.
1939 2655 1970 2686 ln
1996 2654 2150 2692 secunda,
2175 2663 2256 2696 quae
2285 2658 2357 2686 sunt
2380 2653 2430 2685 illa

1482 2717 1563 2750 quae
1588 2717 1648 2739 non
1675 2711 1823 2748 prosunt,
1854 2708 1916 2739 ibi:
1942 2707 1987 2738 Dc
2014 2707 2147 2748 pompis
2170 2716 2245 2738 vero
2269 2705 2430 2749 exsequia-

1482 2771 1559 2794 rum
1577 2762 1661 2793 idem
1680 2761 1889 2803 Anyuslz'nus
1902 2764 1959 2792 etc.
1972 2779 2014 2783 -—
2027 2760 2175 2792 Similiter
2193 2760 2330 2792 secunda
2346 2767 2428 2801 pars,

1482 2815 1512 2847 in
1531 2824 1593 2856 qua
1611 2818 1714 2846 movet
1731 2813 1943 2855 quaestiones,
1961 2813 2041 2845 duas
2060 2813 2161 2844 babet.
2180 2809 2329 2854 [n‘prin‘ia
2346 2816 2429 2854 parte

1483 2866 1671 2897 determinat
1689 2866 1768 2897 lianc
1792 2865 2022 2906 quaestionem,
2048 2868 2156 2896 utrum
2175 2864 2324 2905 suffragia
2339 2864 2346 2878 ¹
2365 2872 2429 2905 pro-

1483 2919 1543 2950 sint
1567 2918 1713 2949 omnibus
1730 2917 1912 2959 aequaliter.
1939 2917 1969 2948 ln
1994 2917 2132 2949 secunda
2150 2926 2224 2949 vero
2249 2916 2376 2958 inquirit
2392 2915 2427 2948 de

539 3107 545 3123 1
567 3108 644 3139 Epist.
670 3108 724 3132 130.
745 3107 817 3139 (alias
842 3107 907 3139 121.)
928 3107 960 3131 ad
981 3106 1105 3138 l‘robam,
1126 3113 1146 3131 c.
1168 3107 1189 3131 9.
1212 3113 1235 3130 n.
1256 3106 1296 3136 tss;
1318 3108 1342 3130 et
1362 3106 1419 3130 cita-

468 3154 507 3175 tur
528 3151 594 3176 Tol).
621 3152 664 3182 12,
692 3151 728 3175 12.
750 3152 808 3182 ch.
829 3151 900 3175 locus
919 3154 957 3175 est
975 3150 1105 3181 eiusdem,
1126 3149 1182 3174 XV.
1204 3149 1235 3174 de
1250 3149 1320 3173 Trin.
1341 3155 1361 3173 c.
1381 3148 1418 3173 13.

467 3202 492 3219 n.
515 3196 555 3219 22.

537 3238 547 3253 2
567 3239 598 3263 lta
620 3238 704 3269 codd„
725 3238 783 3263 edd.
806 3239 833 3269 2,
856 3238 885 3269 3,
905 3238 921 3262 7
941 3242 965 3262 et
985 3238 1124 3268 01·iginale;
1150 3238 1174 3261 in
1199 3237 1253 3261 aliis
1280 3235 1415 3266 nuntient,

468 3282 538 3313 quod
558 3283 718 3313 coniungunt
737 3289 795 3307 cum
816 3282 987 3313 praecedente
1007 3282 1037 3306 ut
1053 3285 1078 3306 et
1097 3284 1220 3313 sequente
1237 3280 1323 3306 ctiam.
1344 3280 1388 3305 Ed.
1405 3281 1414 3304 11

468 3326 517 3350 sic:
537 3325 702 3351 (mnunlt'ent.
723 3326 892 3351 Annzmtiant
911 3325 999 3351 eliam.
1023 3326 1119 3351 Deinde
1139 3327 1230 3351 citatur
1248 3325 1332 3351 lllattli.
1354 3325 1378 3356 6,
1395 3324 1418 3348 8,

539 3368 548 3384 3
568 3370 643 3400 Epist.
669 3370 722 3394 140.
743 3370 815 3401 (alias
837 3371 904 3401 120.)
925 3370 957 3395 ad
976 3371 1149 3401 Honoratum,
1170 3376 1191 3395 c,
1207 3370 1248 3394 29.
1266 3376 1290 3394 n.
1313 3369 1354 3393 69.
1369 3368 1418 3393 Csr.

469 3412 543 3436 Eceli.
566 3413 606 3443 23,
627 3413 667 3437 20.

1556 3104 1565 3119 ‘¹
1584 3105 1617 3130 lta
1637 3104 1712 3129 codd.
1733 3107 1757 3129 et
1776 3104 1816 3129 ed.
1841 3105 1867 3135 l,
1890 3105 1913 3128 in
1934 3104 1989 3129 aliis
2008 3102 2152 3134 voluntati,
2174 3103 2223 3127 Erl'.
2244 3101 2348 3129 civitati.

1553 3149 1563 3165 5
1583 3149 1656 3179 Edd.,
1678 3153 1782 3179 exceptu
1808 3149 1826 3179 1,
1847 3151 1871 3172 et
1890 3147 2080 3179 refragantibus
2100 3147 2184 3178 codd.y
2199 3147 2317 3171 omittunt
2330 3144 2424 3178 aliqua.

1728 3234 1833 3260 NOTAE
1852 3234 1893 3260 AD
1913 3233 2188 3260 COMMENTARIUM.

1554 3323 1562 3339 ¹
1584 3323 1646 3349 Cod.
1670 3324 1687 3347 R
1708 3322 1841 3356 suffraqia
1861 3322 2000 3349 Ecclesiae.
2021 3318 2136 3347 Subinde
2165 3325 2222 3352 post
2245 3320 2351 3354 infirmo
2369 3317 2423 3344 edd.
2480 3323 2482 3349 ‚¹

1485 3370 1692 3400 prosequuntur:
1713 3366 1880 3393 mediocriter
1905 3366 1986 3398 bono,
2010 3365 2054 3392 cui
2072 3365 2203 3391 decedenti
2220 3364 2247 3390 in
2265 3364 2317 3398 fine
2338 3359 2426 3388 numdi
2480 3363 2481 3369 ¹

1483 3418 1537 3437 non
1554 3413 1668 3444 possunt
1687 3414 1733 3436 ete.
