<?xml version="1.0" encoding="UTF-8"?>
<!DOCTYPE html PUBLIC "-//W3C//DTD XHTML 1.0 Transitional//EN"
    "http://www.w3.org/TR/xhtml1/DTD/xhtml1-transitional.dtd">
<html xmlns="http://www.w3.org/1999/xhtml" xml:lang="en" lang="en">
 <head>
  <title>
</title>
<meta http-equiv="Content-Type" content="text/html;charset=utf-8" />
  <meta name='ocr-system' content='tesseract 3.04.00' />
  <meta name='ocr-capabilities' content='ocr_page ocr_carea ocr_par ocr_line ocrx_word'/>
</head>
<body>
  <div class='ocr_page' id='page_1' title='image "./doctorisseraphic04bona_0531.png"; bbox 0 0 2483 3882; ppageno 0'>
   <div class='ocr_carea' id='block_1_1' title="bbox 842 227 1987 260">
    <p class='ocr_par' dir='ltr' id='par_1_1' title="bbox 842 227 1987 260">
     <span class='ocr_line' id='line_1_1' title="bbox 842 227 1987 260; baseline 0.001 -1"><span class='ocrx_word' id='word_1_1' title='bbox 842 228 933 259; x_wconf 82' lang='lat' dir='ltr'>DIST.</span> <span class='ocrx_word' id='word_1_2' title='bbox 959 227 1032 259; x_wconf 80' lang='lat' dir='ltr'>XIX.</span> <span class='ocrx_word' id='word_1_3' title='bbox 1058 227 1178 260; x_wconf 43' lang='lat' dir='ltr'>DUBle.</span> <span class='ocrx_word' id='word_1_4' title='bbox 1929 229 1987 260; x_wconf 75' lang='lat'>511</span> 
     </span>
    </p>
   </div>
   <div class='ocr_carea' id='block_1_2' title="bbox 0 316 977 2201">
    <p class='ocr_par' dir='ltr' id='par_1_2' title="bbox 0 316 976 1360">
     <span class='ocr_line' id='line_1_2' title="bbox 29 316 973 358; baseline -0.005 -6"><span class='ocrx_word' id='word_1_5' title='bbox 29 318 156 356; x_wconf 78' lang='lat' dir='ltr'>mentis3</span> <span class='ocrx_word' id='word_1_6' title='bbox 181 320 210 349; x_wconf 88' lang='lat' dir='ltr'>et</span> <span class='ocrx_word' id='word_1_7' title='bbox 227 317 307 349; x_wconf 86' lang='lat' dir='ltr'>sicut</span> <span class='ocrx_word' id='word_1_8' title='bbox 325 316 465 348; x_wconf 87' lang='lat' dir='ltr'>medicus</span> <span class='ocrx_word' id='word_1_9' title='bbox 482 316 660 348; x_wconf 83' lang='lat' dir='ltr'>infirmatus</span> <span class='ocrx_word' id='word_1_10' title='bbox 677 316 800 358; x_wconf 87' lang='lat' dir='ltr'>quaerit</span> <span class='ocrx_word' id='word_1_11' title='bbox 817 316 973 348; x_wconf 88' lang='lat' dir='ltr'>medicum</span> 
     </span>
     <span class='ocr_line' id='line_1_3' title="bbox 30 368 974 410; baseline -0.004 -6"><span class='ocrx_word' id='word_1_12' title='bbox 30 375 59 405; x_wconf 91' lang='lat' dir='ltr'>et</span> <span class='ocrx_word' id='word_1_13' title='bbox 89 369 291 407; x_wconf 74' lang='lat' dir='ltr'>medicinam,</span> <span class='ocrx_word' id='word_1_14' title='bbox 324 378 385 400; x_wconf 92' lang='grc'><strong>11011</strong></span> <span class='ocrx_word' id='word_1_15' title='bbox 417 369 447 400; x_wconf 87' lang='grc'>111</span> <span class='ocrx_word' id='word_1_16' title='bbox 480 372 634 410; x_wconf 81' lang='lat' dir='ltr'>quantum</span> <span class='ocrx_word' id='word_1_17' title='bbox 658 369 824 406; x_wconf 72' lang='lat' dir='ltr'>medicus,</span> <span class='ocrx_word' id='word_1_18' title='bbox 856 368 912 400; x_wconf 84' lang='lat' dir='ltr'>sed</span> <span class='ocrx_word' id='word_1_19' title='bbox 944 368 974 400; x_wconf 87' lang='grc'>111</span> 
     </span>
     <span class='ocr_line' id='line_1_4' title="bbox 31 421 976 466; baseline -0.002 -11"><span class='ocrx_word' id='word_1_20' title='bbox 31 426 179 466; x_wconf 84' lang='lat' dir='ltr'>quantum</span> <span class='ocrx_word' id='word_1_21' title='bbox 209 425 383 463; x_wconf 67' lang='lat' dir='ltr'>ae92·otas;</span> <span class='ocrx_word' id='word_1_22' title='bbox 413 421 457 453; x_wconf 91' lang='lat' dir='ltr'>sic</span> <span class='ocrx_word' id='word_1_23' title='bbox 482 421 635 453; x_wconf 78' lang='lat' dir='ltr'>Ecclesiae</span> <span class='ocrx_word' id='word_1_24' title='bbox 664 422 824 462; x_wconf 85' lang='lat' dir='ltr'>praelatus</span> <span class='ocrx_word' id='word_1_25' title='bbox 853 425 884 453; x_wconf 92' lang='lat' dir='ltr'>et</span> <span class='ocrx_word' id='word_1_26' title='bbox 917 430 976 453; x_wconf 90' lang='lat' dir='ltr'>me-</span> 
     </span>
     <span class='ocr_line' id='line_1_5' title="bbox 30 473 976 516; baseline -0.005 -7"><span class='ocrx_word' id='word_1_27' title='bbox 30 477 127 510; x_wconf 87' lang='lat' dir='ltr'>diator</span> <span class='ocrx_word' id='word_1_28' title='bbox 144 474 266 516; x_wconf 89' lang='lat' dir='ltr'>quaerit</span> <span class='ocrx_word' id='word_1_29' title='bbox 283 474 491 511; x_wconf 80' lang='lat' dir='ltr'>sacerdotem,</span> <span class='ocrx_word' id='word_1_30' title='bbox 516 473 546 505; x_wconf 91' lang='lat' dir='ltr'>in</span> <span class='ocrx_word' id='word_1_31' title='bbox 568 476 721 514; x_wconf 79' lang='lat' dir='ltr'>quantun]</span> <span class='ocrx_word' id='word_1_32' title='bbox 740 474 793 505; x_wconf 87' lang='lat' dir='ltr'>Dei</span> <span class='ocrx_word' id='word_1_33' title='bbox 819 473 976 505; x_wconf 77' lang='lat' dir='ltr'>inimicus</span> 
     </span>
     <span class='ocr_line' id='line_1_6' title="bbox 29 526 976 568; baseline -0.005 -7"><span class='ocrx_word' id='word_1_34' title='bbox 29 530 125 562; x_wconf 82' lang='lat' dir='ltr'>factus</span> <span class='ocrx_word' id='word_1_35' title='bbox 149 530 194 559; x_wconf 88' lang='lat' dir='ltr'>est</span> <span class='ocrx_word' id='word_1_36' title='bbox 226 536 282 568; x_wconf 85' lang='lat' dir='ltr'>per</span> <span class='ocrx_word' id='word_1_37' title='bbox 306 526 430 567; x_wconf 86' lang='lat' dir='ltr'>culpam</span> <span class='ocrx_word' id='word_1_38' title='bbox 462 529 492 558; x_wconf 92' lang='lat' dir='ltr'>et</span> <span class='ocrx_word' id='word_1_39' title='bbox 516 526 546 557; x_wconf 94' lang='lat' dir='ltr'>in</span> <span class='ocrx_word' id='word_1_40' title='bbox 579 529 732 567; x_wconf 89' lang='lat' dir='ltr'>quantum</span> <span class='ocrx_word' id='word_1_41' title='bbox 759 530 911 567; x_wconf 84' lang='lat' dir='ltr'>peccator.</span> <span class='ocrx_word' id='word_1_42' title='bbox 932 544 976 548; x_wconf 80' lang='lat'>—</span> 
     </span>
     <span class='ocr_line' id='line_1_7' title="bbox 0 578 975 619; baseline -0.006 -4"><span class='ocrx_word' id='word_1_43' title='bbox 0 582 78 615; x_wconf 46' lang='lat' dir='ltr'>celus</span> <span class='ocrx_word' id='word_1_44' title='bbox 108 580 199 613; x_wconf 89' lang='lat' dir='ltr'>etiam</span> <span class='ocrx_word' id='word_1_45' title='bbox 233 588 397 611; x_wconf 78' lang='lat' dir='ltr'>canonum</span> <span class='ocrx_word' id='word_1_46' title='bbox 423 578 607 616; x_wconf 78' lang='lat' dir='ltr'>concordat,</span> <span class='ocrx_word' id='word_1_47' title='bbox 639 578 723 619; x_wconf 87' lang='lat' dir='ltr'>quod</span> <span class='ocrx_word' id='word_1_48' title='bbox 756 578 975 619; x_wconf 89' lang='lat' dir='ltr'>unusquisque</span> 
     </span>
     <span class='ocr_line' id='line_1_8' title="bbox 0 626 975 677; baseline -0.003 -12"><span class='ocrx_word' id='word_1_49' title='bbox 0 626 12 642; x_wconf 80' lang='lat'>&#39;‘</span> <span class='ocrx_word' id='word_1_50' title='bbox 28 633 123 677; x_wconf 84' lang='lat' dir='ltr'>possit</span> <span class='ocrx_word' id='word_1_51' title='bbox 139 632 356 664; x_wconf 87' lang='lat' dir='ltr'>auctoritatem</span> <span class='ocrx_word' id='word_1_52' title='bbox 381 640 471 663; x_wconf 83' lang='lat' dir='ltr'>suam</span> <span class='ocrx_word' id='word_1_53' title='bbox 489 630 722 663; x_wconf 87' lang='lat' dir='ltr'>communicare</span> <span class='ocrx_word' id='word_1_54' title='bbox 740 639 797 672; x_wconf 87' lang='lat' dir='ltr'>pro</span> <span class='ocrx_word' id='word_1_55' title='bbox 822 639 854 663; x_wconf 90' lang='lat' dir='ltr'>se</span> <span class='ocrx_word' id='word_1_56' title='bbox 871 634 901 662; x_wconf 92' lang='lat' dir='ltr'>et</span> <span class='ocrx_word' id='word_1_57' title='bbox 918 639 975 672; x_wconf 87' lang='lat' dir='ltr'>pro</span> 
     </span>
     <span class='ocr_line' id='line_1_9' title="bbox 29 683 976 725; baseline -0.004 -7"><span class='ocrx_word' id='word_1_58' title='bbox 29 685 158 719; x_wconf 86' lang='lat' dir='ltr'>utilitate</span> <span class='ocrx_word' id='word_1_59' title='bbox 182 693 238 716; x_wconf 86' lang='lat' dir='ltr'>sua</span> <span class='ocrx_word' id='word_1_60' title='bbox 264 684 329 716; x_wconf 86' lang='lat' dir='ltr'>sine</span> <span class='ocrx_word' id='word_1_61' title='bbox 354 683 548 725; x_wconf 86' lang='lat' dir='ltr'>praeiudicio</span> <span class='ocrx_word' id='word_1_62' title='bbox 571 683 651 715; x_wconf 83' lang='lat' dir='ltr'>facto</span> <span class='ocrx_word' id='word_1_63' title='bbox 672 683 818 724; x_wconf 90' lang='lat' dir='ltr'>propriae</span> <span class='ocrx_word' id='word_1_64' title='bbox 843 683 976 715; x_wconf 86' lang='lat' dir='ltr'>auctori-</span> 
     </span>
     <span class='ocr_line' id='line_1_10' title="bbox 28 736 975 779; baseline -0.003 -8"><span class='ocrx_word' id='word_1_65' title='bbox 28 739 80 772; x_wconf 81' lang='lat' dir='ltr'>tati</span> <span class='ocrx_word' id='word_1_66' title='bbox 104 742 134 770; x_wconf 91' lang='lat' dir='ltr'>et</span> <span class='ocrx_word' id='word_1_67' title='bbox 157 737 318 779; x_wconf 84' lang='lat' dir='ltr'>potestati;</span> <span class='ocrx_word' id='word_1_68' title='bbox 343 740 374 768; x_wconf 86' lang='lat' dir='ltr'>et</span> <span class='ocrx_word' id='word_1_69' title='bbox 399 737 438 768; x_wconf 84' lang='lat' dir='ltr'>ita</span> <span class='ocrx_word' id='word_1_70' title='bbox 463 736 612 768; x_wconf 86' lang='lat' dir='ltr'>Summus</span> <span class='ocrx_word' id='word_1_71' title='bbox 645 736 784 768; x_wconf 74' lang='lat' dir='ltr'>Pontifex</span> <span class='ocrx_word' id='word_1_72' title='bbox 809 740 911 777; x_wconf 90' lang='lat' dir='ltr'>potest</span> <span class='ocrx_word' id='word_1_73' title='bbox 942 745 975 768; x_wconf 88' lang='lat' dir='ltr'>se</span> 
     </span>
     <span class='ocr_line' id='line_1_11' title="bbox 29 788 974 829; baseline -0.004 -6"><span class='ocrx_word' id='word_1_74' title='bbox 29 790 153 824; x_wconf 89' lang='lat' dir='ltr'>cuilibet</span> <span class='ocrx_word' id='word_1_75' title='bbox 176 789 329 822; x_wconf 90' lang='lat' dir='ltr'>sacerdoti</span> <span class='ocrx_word' id='word_1_76' title='bbox 354 788 509 821; x_wconf 87' lang='lat' dir='ltr'>subiicere</span> <span class='ocrx_word' id='word_1_77' title='bbox 533 793 563 820; x_wconf 84' lang='lat' dir='ltr'>et</span> <span class='ocrx_word' id='word_1_78' title='bbox 586 788 814 820; x_wconf 87' lang='lat' dir='ltr'>absolutionem</span> <span class='ocrx_word' id='word_1_79' title='bbox 848 792 974 829; x_wconf 86' lang='lat' dir='ltr'>petere;</span> 
     </span>
     <span class='ocr_line' id='line_1_12' title="bbox 27 840 974 886; baseline -0.004 -11"><span class='ocrx_word' id='word_1_80' title='bbox 27 846 155 886; x_wconf 79' lang='lat' dir='ltr'>possunt</span> <span class='ocrx_word' id='word_1_81' title='bbox 179 842 271 874; x_wconf 87' lang='lat' dir='ltr'>etiam</span> <span class='ocrx_word' id='word_1_82' title='bbox 296 844 327 873; x_wconf 88' lang='lat' dir='ltr'>et</span> <span class='ocrx_word' id='word_1_83' title='bbox 350 840 401 872; x_wconf 86' lang='lat' dir='ltr'>alii</span> <span class='ocrx_word' id='word_1_84' title='bbox 427 840 556 881; x_wconf 86' lang='lat' dir='ltr'>praelati</span> <span class='ocrx_word' id='word_1_85' title='bbox 575 840 614 872; x_wconf 89' lang='lat' dir='ltr'>de</span> <span class='ocrx_word' id='word_1_86' title='bbox 638 841 843 882; x_wconf 74' lang='lat' dir='ltr'>permissione.</span> <span class='ocrx_word' id='word_1_87' title='bbox 861 841 974 882; x_wconf 84' lang='lat' dir='ltr'>Papae,</span> 
     </span>
     <span class='ocr_line' id='line_1_13' title="bbox 28 893 976 929; baseline -0.004 -1"><span class='ocrx_word' id='word_1_88' title='bbox 28 897 105 929; x_wconf 89' lang='lat' dir='ltr'>sicut</span> <span class='ocrx_word' id='word_1_89' title='bbox 128 895 243 927; x_wconf 89' lang='lat' dir='ltr'>dicitur</span> <span class='ocrx_word' id='word_1_90' title='bbox 267 894 297 926; x_wconf 89' lang='lat' dir='ltr'>in</span> <span class='ocrx_word' id='word_1_91' title='bbox 323 894 375 926; x_wconf 87' lang='lat' dir='ltr'>illa</span> <span class='ocrx_word' id='word_1_92' title='bbox 400 893 548 926; x_wconf 79' lang='lat' dir='ltr'>decretali</span> <span class='ocrx_word' id='word_1_93' title='bbox 582 893 620 925; x_wconf 90' lang='lat' dir='ltr'>de</span> <span class='ocrx_word' id='word_1_94' title='bbox 646 893 844 925; x_wconf 73' lang='lat' dir='ltr'>poenitentiis</span> <span class='ocrx_word' id='word_1_95' title='bbox 876 896 906 925; x_wconf 85' lang='lat' dir='ltr'>et</span> <span class='ocrx_word' id='word_1_96' title='bbox 930 901 976 925; x_wconf 90' lang='lat' dir='ltr'>re-</span> 
     </span>
     <span class='ocr_line' id='line_1_14' title="bbox 27 946 975 989; baseline -0.003 -9"><span class='ocrx_word' id='word_1_97' title='bbox 27 948 225 982; x_wconf 83' lang='lat' dir='ltr'>missionibus</span> <span class='ocrx_word' id='word_1_98' title='bbox 240 947 260 986; x_wconf 85' lang='lat'>¹,</span> <span class='ocrx_word' id='word_1_99' title='bbox 284 956 365 989; x_wconf 89' lang='lat' dir='ltr'>quae</span> <span class='ocrx_word' id='word_1_100' title='bbox 389 951 436 979; x_wconf 84' lang='lat' dir='ltr'>est</span> <span class='ocrx_word' id='word_1_101' title='bbox 457 946 615 988; x_wconf 82' lang='lat' dir='ltr'>Gregorii:</span> <span class='ocrx_word' id='word_1_102' title='bbox 648 946 721 978; x_wconf 91' lang='lat' dir='ltr'>«Ne</span> <span class='ocrx_word' id='word_1_103' title='bbox 745 955 803 988; x_wconf 91' lang='lat' dir='ltr'>pro</span> <span class='ocrx_word' id='word_1_104' title='bbox 827 946 975 977; x_wconf 88' lang='lat' dir='ltr'>dilatione</span> 
     </span>
     <span class='ocr_line' id='line_1_15' title="bbox 26 999 976 1044; baseline -0.003 -11"><span class='ocrx_word' id='word_1_105' title='bbox 26 1000 230 1044; x_wconf 85' lang='lat' dir='ltr'>poenitentiae</span> <span class='ocrx_word' id='word_1_106' title='bbox 254 1000 431 1041; x_wconf 88' lang='lat' dir='ltr'>periculum</span> <span class='ocrx_word' id='word_1_107' title='bbox 457 999 618 1031; x_wconf 84' lang='lat' dir='ltr'>immineat</span> <span class='ocrx_word' id='word_1_108' title='bbox 635 999 828 1038; x_wconf 87' lang='lat' dir='ltr'>animarum,</span> <span class='ocrx_word' id='word_1_109' title='bbox 850 999 976 1040; x_wconf 87' lang='lat' dir='ltr'>permit-</span> 
     </span>
     <span class='ocr_line' id='line_1_16' title="bbox 27 1052 975 1095; baseline -0.003 -9"><span class='ocrx_word' id='word_1_110' title='bbox 27 1055 119 1087; x_wconf 88' lang='lat' dir='ltr'>timus</span> <span class='ocrx_word' id='word_1_111' title='bbox 143 1053 297 1095; x_wconf 88' lang='lat' dir='ltr'>episcopis</span> <span class='ocrx_word' id='word_1_112' title='bbox 322 1056 352 1085; x_wconf 91' lang='lat' dir='ltr'>et</span> <span class='ocrx_word' id='word_1_113' title='bbox 376 1052 445 1085; x_wconf 85' lang='lat' dir='ltr'>aliis</span> <span class='ocrx_word' id='word_1_114' title='bbox 470 1052 688 1094; x_wconf 89' lang='lat' dir='ltr'>superioribus</span> <span class='ocrx_word' id='word_1_115' title='bbox 712 1061 769 1084; x_wconf 88' lang='lat' dir='ltr'>nec</span> <span class='ocrx_word' id='word_1_116' title='bbox 793 1061 854 1084; x_wconf 89' lang='lat' dir='ltr'>non</span> <span class='ocrx_word' id='word_1_117' title='bbox 880 1052 975 1083; x_wconf 88' lang='lat' dir='ltr'>mino-</span> 
     </span>
     <span class='ocr_line' id='line_1_17' title="bbox 27 1104 976 1147; baseline -0.003 -8"><span class='ocrx_word' id='word_1_118' title='bbox 27 1107 113 1140; x_wconf 90' lang='lat' dir='ltr'>ribus</span> <span class='ocrx_word' id='word_1_119' title='bbox 136 1106 284 1147; x_wconf 86' lang='lat' dir='ltr'>praelatis</span> <span class='ocrx_word' id='word_1_120' title='bbox 309 1105 479 1147; x_wconf 80' lang='lat' dir='ltr'>exemptis,</span> <span class='ocrx_word' id='word_1_121' title='bbox 504 1109 539 1137; x_wconf 86' lang='lat' dir='ltr'>ut</span> <span class='ocrx_word' id='word_1_122' title='bbox 563 1108 689 1147; x_wconf 88' lang='lat' dir='ltr'>praeter</span> <span class='ocrx_word' id='word_1_123' title='bbox 712 1104 844 1147; x_wconf 84' lang='lat' dir='ltr'>praelati</span> <span class='ocrx_word' id='word_1_124' title='bbox 870 1105 917 1137; x_wconf 90' lang='lat' dir='ltr'>sui</span> <span class='ocrx_word' id='word_1_125' title='bbox 944 1104 976 1136; x_wconf 91' lang='lat' dir='ltr'>li-</span> 
     </span>
     <span class='ocr_line' id='line_1_18' title="bbox 27 1158 975 1200; baseline -0.003 -8"><span class='ocrx_word' id='word_1_126' title='bbox 27 1159 154 1193; x_wconf 86' lang='lat' dir='ltr'>centiam</span> <span class='ocrx_word' id='word_1_127' title='bbox 180 1159 349 1200; x_wconf 86' lang='lat' dir='ltr'>providum</span> <span class='ocrx_word' id='word_1_128' title='bbox 375 1162 404 1191; x_wconf 88' lang='lat' dir='ltr'>et</span> <span class='ocrx_word' id='word_1_129' title='bbox 428 1158 601 1191; x_wconf 86' lang='lat' dir='ltr'>discretum</span> <span class='ocrx_word' id='word_1_130' title='bbox 631 1158 688 1191; x_wconf 83' lang='lat' dir='ltr'>sibi</span> <span class='ocrx_word' id='word_1_131' title='bbox 715 1158 834 1199; x_wconf 83' lang='lat' dir='ltr'>possint</span> <span class='ocrx_word' id='word_1_132' title='bbox 858 1158 975 1199; x_wconf 83' lang='lat' dir='ltr'>eligere</span> 
     </span>
     <span class='ocr_line' id='line_1_19' title="bbox 27 1211 976 1253; baseline -0.002 -9"><span class='ocrx_word' id='word_1_133' title='bbox 27 1212 231 1245; x_wconf 78' lang='lat' dir='ltr'>confessorem</span> <span class='ocrx_word' id='word_1_134' title='bbox 248 1223 278 1243; x_wconf 69' lang='lat'>³).</span> <span class='ocrx_word' id='word_1_135' title='bbox 295 1230 340 1234; x_wconf 81' lang='lat'>-—</span> <span class='ocrx_word' id='word_1_136' title='bbox 356 1212 391 1243; x_wconf 90' lang='lat' dir='ltr'>Et</span> <span class='ocrx_word' id='word_1_137' title='bbox 408 1212 451 1243; x_wconf 91' lang='lat' dir='ltr'>sic</span> <span class='ocrx_word' id='word_1_138' title='bbox 468 1215 568 1253; x_wconf 87' lang='lat' dir='ltr'>patet,</span> <span class='ocrx_word' id='word_1_139' title='bbox 593 1212 678 1253; x_wconf 88' lang='lat' dir='ltr'>quod</span> <span class='ocrx_word' id='word_1_140' title='bbox 703 1211 850 1243; x_wconf 86' lang='lat' dir='ltr'>subditus</span> <span class='ocrx_word' id='word_1_141' title='bbox 874 1214 976 1252; x_wconf 87' lang='lat' dir='ltr'>potest</span> 
     </span>
     <span class='ocr_line' id='line_1_20' title="bbox 25 1264 976 1307; baseline -0.002 -10"><span class='ocrx_word' id='word_1_142' title='bbox 25 1264 218 1307; x_wconf 89' lang='lat' dir='ltr'>superiorem</span> <span class='ocrx_word' id='word_1_143' title='bbox 250 1264 431 1302; x_wconf 79' lang='lat' dir='ltr'>absolvere,</span> <span class='ocrx_word' id='word_1_144' title='bbox 463 1264 531 1305; x_wconf 85' lang='lat' dir='ltr'>ipso</span> <span class='ocrx_word' id='word_1_145' title='bbox 563 1264 685 1296; x_wconf 88' lang='lat' dir='ltr'>volente</span> <span class='ocrx_word' id='word_1_146' title='bbox 718 1267 747 1295; x_wconf 89' lang='lat' dir='ltr'>et</span> <span class='ocrx_word' id='word_1_147' title='bbox 779 1264 912 1305; x_wconf 81' lang='lat' dir='ltr'>eligente</span> <span class='ocrx_word' id='word_1_148' title='bbox 940 1272 976 1295; x_wconf 87' lang='lat' dir='ltr'>ac</span> 
     </span>
     <span class='ocr_line' id='line_1_21' title="bbox 25 1316 951 1360; baseline -0.002 -10"><span class='ocrx_word' id='word_1_149' title='bbox 25 1327 79 1360; x_wconf 89' lang='lat' dir='ltr'>per</span> <span class='ocrx_word' id='word_1_150' title='bbox 102 1318 161 1349; x_wconf 90' lang='lat' dir='ltr'>hoc</span> <span class='ocrx_word' id='word_1_151' title='bbox 185 1326 217 1349; x_wconf 87' lang='lat' dir='ltr'>se</span> <span class='ocrx_word' id='word_1_152' title='bbox 242 1317 344 1349; x_wconf 88' lang='lat' dir='ltr'>eidem</span> <span class='ocrx_word' id='word_1_153' title='bbox 370 1317 398 1349; x_wconf 92' lang='lat' dir='ltr'>in</span> <span class='ocrx_word' id='word_1_154' title='bbox 424 1317 491 1349; x_wconf 82' lang='lat' dir='ltr'>soro</span> <span class='ocrx_word' id='word_1_155' title='bbox 516 1317 727 1358; x_wconf 78' lang='lat' dir='ltr'>poenitentiali</span> <span class='ocrx_word' id='word_1_156' title='bbox 758 1316 951 1349; x_wconf 87' lang='lat' dir='ltr'>subiiciente.</span> 
     </span>
    </p>

    <p class='ocr_par' dir='ltr' id='par_1_3' title="bbox 113 1369 972 1411">
     <span class='ocr_line' id='line_1_22' title="bbox 113 1369 972 1411; baseline -0.001 -9"><span class='ocrx_word' id='word_1_157' title='bbox 113 1372 140 1402; x_wconf 86' lang='grc'>1.</span> <span class='ocrx_word' id='word_1_158' title='bbox 164 1371 207 1402; x_wconf 77' lang='lat' dir='ltr'>Ad</span> <span class='ocrx_word' id='word_1_159' title='bbox 238 1371 314 1402; x_wconf 91' lang='lat' dir='ltr'>illud</span> <span class='ocrx_word' id='word_1_160' title='bbox 349 1379 423 1411; x_wconf 79' lang='lat' dir='ltr'>ergo</span> <span class='ocrx_word' id='word_1_161' title='bbox 447 1370 531 1411; x_wconf 84' lang='lat' dir='ltr'>quod</span> <span class='ocrx_word' id='word_1_162' title='bbox 563 1370 709 1402; x_wconf 89' lang='lat' dir='ltr'>obiicitur</span> <span class='ocrx_word' id='word_1_163' title='bbox 743 1370 858 1410; x_wconf 87' lang='lat' dir='ltr'>primo,</span> <span class='ocrx_word' id='word_1_164' title='bbox 891 1369 972 1411; x_wconf 86' lang='lat' dir='ltr'>quod</span> 
     </span>
    </p>

    <p class='ocr_par' dir='ltr' id='par_1_4' title="bbox 0 1423 977 1464">
     <span class='ocr_line' id='line_1_23' title="bbox 0 1423 977 1464; baseline -0.002 -8"><span class='ocrx_word' id='word_1_165' title='bbox 0 1423 183 1456; x_wconf 45' lang='lat' dir='ltr'>prelationis</span> <span class='ocrx_word' id='word_1_166' title='bbox 207 1432 267 1455; x_wconf 90' lang='lat' dir='ltr'>non</span> <span class='ocrx_word' id='word_1_167' title='bbox 297 1427 343 1455; x_wconf 89' lang='lat' dir='ltr'>est</span> <span class='ocrx_word' id='word_1_168' title='bbox 368 1423 477 1455; x_wconf 88' lang='lat' dir='ltr'>relatio</span> <span class='ocrx_word' id='word_1_169' title='bbox 501 1426 577 1461; x_wconf 84' lang='lat' dir='ltr'>etc.;</span> <span class='ocrx_word' id='word_1_170' title='bbox 602 1423 790 1460; x_wconf 86' lang='lat' dir='ltr'>dicendum,</span> <span class='ocrx_word' id='word_1_171' title='bbox 819 1423 901 1464; x_wconf 87' lang='lat' dir='ltr'>quod</span> <span class='ocrx_word' id='word_1_172' title='bbox 928 1431 977 1454; x_wconf 83' lang='lat' dir='ltr'>ve-</span> 
     </span>
    </p>

    <p class='ocr_par' dir='ltr' id='par_1_5' title="bbox 24 1475 976 1667">
     <span class='ocr_line' id='line_1_24' title="bbox 25 1475 974 1517; baseline -0.002 -8"><span class='ocrx_word' id='word_1_173' title='bbox 25 1485 95 1510; x_wconf 89' lang='lat' dir='ltr'>rum</span> <span class='ocrx_word' id='word_1_174' title='bbox 119 1480 180 1515; x_wconf 91' lang='lat' dir='ltr'>est,</span> <span class='ocrx_word' id='word_1_175' title='bbox 209 1476 384 1508; x_wconf 86' lang='lat' dir='ltr'>secundum</span> <span class='ocrx_word' id='word_1_176' title='bbox 414 1476 498 1517; x_wconf 89' lang='lat' dir='ltr'>quod</span> <span class='ocrx_word' id='word_1_177' title='bbox 530 1475 741 1514; x_wconf 46' lang='lat' dir='ltr'>luciaemod&amp;</span> <span class='ocrx_word' id='word_1_178' title='bbox 773 1484 830 1508; x_wconf 88' lang='lat' dir='ltr'>nec</span> <span class='ocrx_word' id='word_1_179' title='bbox 862 1476 974 1508; x_wconf 87' lang='lat' dir='ltr'>medici</span> 
     </span>
     <span class='ocr_line' id='line_1_25' title="bbox 25 1528 976 1571; baseline -0.004 -9"><span class='ocrx_word' id='word_1_180' title='bbox 25 1529 178 1568; x_wconf 70' lang='lat' dir='ltr'>medicus,</span> <span class='ocrx_word' id='word_1_181' title='bbox 204 1529 379 1561; x_wconf 88' lang='lat' dir='ltr'>secundum</span> <span class='ocrx_word' id='word_1_182' title='bbox 412 1528 496 1571; x_wconf 85' lang='lat' dir='ltr'>quod</span> <span class='ocrx_word' id='word_1_183' title='bbox 522 1529 723 1566; x_wconf 85' lang='lat' dir='ltr'>huiusmodi,</span> <span class='ocrx_word' id='word_1_184' title='bbox 753 1537 810 1560; x_wconf 88' lang='lat' dir='ltr'>nec</span> <span class='ocrx_word' id='word_1_185' title='bbox 835 1528 976 1561; x_wconf 86' lang='lat' dir='ltr'>sacerdo-</span> 
     </span>
     <span class='ocr_line' id='line_1_26' title="bbox 24 1581 976 1623; baseline 0 -10"><span class='ocrx_word' id='word_1_186' title='bbox 24 1582 61 1614; x_wconf 88' lang='lat' dir='ltr'>tis</span> <span class='ocrx_word' id='word_1_187' title='bbox 85 1582 231 1613; x_wconf 81' lang='lat' dir='ltr'>sacerdos</span> <span class='ocrx_word' id='word_1_188' title='bbox 260 1582 290 1613; x_wconf 92' lang='lat' dir='ltr'>in</span> <span class='ocrx_word' id='word_1_189' title='bbox 315 1585 468 1623; x_wconf 87' lang='lat' dir='ltr'>quantum</span> <span class='ocrx_word' id='word_1_190' title='bbox 498 1581 583 1620; x_wconf 83' lang='lat' dir='ltr'>talis,</span> <span class='ocrx_word' id='word_1_191' title='bbox 608 1581 663 1613; x_wconf 88' lang='lat' dir='ltr'>sed</span> <span class='ocrx_word' id='word_1_192' title='bbox 688 1581 718 1613; x_wconf 91' lang='lat' dir='ltr'>in</span> <span class='ocrx_word' id='word_1_193' title='bbox 737 1585 889 1623; x_wconf 85' lang='lat' dir='ltr'>quantum</span> <span class='ocrx_word' id='word_1_194' title='bbox 909 1590 976 1622; x_wconf 83' lang='lat' dir='ltr'>pec-</span> 
     </span>
     <span class='ocr_line' id='line_1_27' title="bbox 25 1634 144 1667; baseline -0.017 0"><span class='ocrx_word' id='word_1_195' title='bbox 25 1634 144 1667; x_wconf 88' lang='lat' dir='ltr'>catoris.</span> 
     </span>
    </p>

    <p class='ocr_par' dir='ltr' id='par_1_6' title="bbox 25 1686 976 1834">
     <span class='ocr_line' id='line_1_28' title="bbox 110 1686 976 1729; baseline -0.001 -10"><span class='ocrx_word' id='word_1_196' title='bbox 110 1688 139 1719; x_wconf 67' lang='grc'>2.</span> <span class='ocrx_word' id='word_1_197' title='bbox 164 1687 207 1719; x_wconf 74' lang='lat' dir='ltr'>Ad</span> <span class='ocrx_word' id='word_1_198' title='bbox 233 1687 311 1719; x_wconf 91' lang='lat' dir='ltr'>illud</span> <span class='ocrx_word' id='word_1_199' title='bbox 337 1687 419 1729; x_wconf 86' lang='lat' dir='ltr'>quod</span> <span class='ocrx_word' id='word_1_200' title='bbox 438 1687 585 1719; x_wconf 84' lang='lat' dir='ltr'>obiicitur</span> <span class='ocrx_word' id='word_1_201' title='bbox 610 1687 648 1719; x_wconf 90' lang='lat' dir='ltr'>de</span> <span class='ocrx_word' id='word_1_202' title='bbox 674 1687 908 1724; x_wconf 78' lang='lat' dir='ltr'>lurisdictione,</span> <span class='ocrx_word' id='word_1_203' title='bbox 933 1686 976 1718; x_wconf 92' lang='lat' dir='ltr'>di-</span> 
     </span>
     <span class='ocr_line' id='line_1_29' title="bbox 26 1739 975 1781; baseline -0.001 -9"><span class='ocrx_word' id='word_1_204' title='bbox 26 1740 176 1779; x_wconf 86' lang='lat' dir='ltr'>cendum,</span> <span class='ocrx_word' id='word_1_205' title='bbox 193 1740 276 1781; x_wconf 89' lang='lat' dir='ltr'>quod</span> <span class='ocrx_word' id='word_1_206' title='bbox 296 1739 456 1781; x_wconf 86' lang='lat' dir='ltr'>praelatus</span> <span class='ocrx_word' id='word_1_207' title='bbox 481 1740 534 1772; x_wconf 84' lang='lat' dir='ltr'>dat</span> <span class='ocrx_word' id='word_1_208' title='bbox 550 1741 577 1772; x_wconf 89' lang='lat' dir='ltr'>ei</span> <span class='ocrx_word' id='word_1_209' title='bbox 603 1739 850 1772; x_wconf 81' lang='lat' dir='ltr'>iurisdictionen·i</span> <span class='ocrx_word' id='word_1_210' title='bbox 877 1739 907 1771; x_wconf 92' lang='lat' dir='ltr'>in</span> <span class='ocrx_word' id='word_1_211' title='bbox 926 1748 975 1778; x_wconf 83' lang='grc'>56,</span> 
     </span>
     <span class='ocr_line' id='line_1_30' title="bbox 25 1792 976 1834; baseline -0.002 -9"><span class='ocrx_word' id='word_1_212' title='bbox 25 1802 56 1826; x_wconf 86' lang='grc'>56</span> <span class='ocrx_word' id='word_1_213' title='bbox 69 1794 95 1825; x_wconf 89' lang='grc'>61</span> <span class='ocrx_word' id='word_1_214' title='bbox 114 1793 317 1825; x_wconf 86' lang='lat' dir='ltr'>subiiciendo.</span> <span class='ocrx_word' id='word_1_215' title='bbox 342 1793 377 1825; x_wconf 89' lang='lat' dir='ltr'>Et</span> <span class='ocrx_word' id='word_1_216' title='bbox 393 1793 424 1824; x_wconf 71' lang='lat' dir='ltr'>si</span> <span class='ocrx_word' id='word_1_217' title='bbox 437 1792 570 1824; x_wconf 78' lang='lat' dir='ltr'>obiiciat</span> <span class='ocrx_word' id='word_1_218' title='bbox 588 1796 675 1830; x_wconf 77' lang='lat' dir='ltr'>tanc,</span> <span class='ocrx_word' id='word_1_219' title='bbox 693 1792 778 1834; x_wconf 80' lang='lat' dir='ltr'>quod</span> <span class='ocrx_word' id='word_1_220' title='bbox 796 1801 856 1823; x_wconf 91' lang='lat' dir='ltr'>non</span> <span class='ocrx_word' id='word_1_221' title='bbox 874 1795 976 1833; x_wconf 88' lang='lat' dir='ltr'>potest</span> 
     </span>
    </p>

    <p class='ocr_par' dir='ltr' id='par_1_7' title="bbox 0 1837 977 2098">
     <span class='ocr_line' id='line_1_31' title="bbox 0 1837 976 1887; baseline -0.001 -10"><span class='ocrx_word' id='word_1_222' title='bbox 0 1862 12 1877; x_wconf 74' lang='lat' dir='ltr'>i.</span> <span class='ocrx_word' id='word_1_223' title='bbox 26 1846 99 1879; x_wconf 87' lang='lat' dir='ltr'>dare</span> <span class='ocrx_word' id='word_1_224' title='bbox 127 1846 210 1887; x_wconf 90' lang='lat' dir='ltr'>quod</span> <span class='ocrx_word' id='word_1_225' title='bbox 235 1837 296 1877; x_wconf 88' lang='lat' dir='ltr'>non</span> <span class='ocrx_word' id='word_1_226' title='bbox 321 1845 416 1878; x_wconf 88' lang='lat' dir='ltr'>habet</span> <span class='ocrx_word' id='word_1_227' title='bbox 436 1845 466 1877; x_wconf 91' lang='lat' dir='ltr'>in</span> <span class='ocrx_word' id='word_1_228' title='bbox 492 1854 539 1883; x_wconf 91' lang='lat' dir='ltr'>se;</span> <span class='ocrx_word' id='word_1_229' title='bbox 568 1845 751 1884; x_wconf 78' lang='lat' dir='ltr'>dicendum,</span> <span class='ocrx_word' id='word_1_230' title='bbox 777 1844 861 1886; x_wconf 89' lang='lat' dir='ltr'>quod</span> <span class='ocrx_word' id='word_1_231' title='bbox 886 1844 976 1876; x_wconf 84' lang='lat' dir='ltr'>iuris-</span> 
     </span>
     <span class='ocr_line' id='line_1_32' title="bbox 27 1897 976 1939; baseline -0.003 -7"><span class='ocrx_word' id='word_1_232' title='bbox 27 1899 117 1932; x_wconf 86' lang='lat' dir='ltr'>dictio</span> <span class='ocrx_word' id='word_1_233' title='bbox 141 1902 171 1931; x_wconf 90' lang='lat' dir='ltr'>et</span> <span class='ocrx_word' id='word_1_234' title='bbox 195 1898 346 1931; x_wconf 86' lang='lat' dir='ltr'>subiectio</span> <span class='ocrx_word' id='word_1_235' title='bbox 371 1902 417 1931; x_wconf 88' lang='lat' dir='ltr'>est</span> <span class='ocrx_word' id='word_1_236' title='bbox 441 1899 480 1930; x_wconf 88' lang='lat' dir='ltr'>ad</span> <span class='ocrx_word' id='word_1_237' title='bbox 505 1898 660 1936; x_wconf 69' lang='lat' dir='ltr'>alterum,</span> <span class='ocrx_word' id='word_1_238' title='bbox 679 1902 709 1930; x_wconf 89' lang='lat' dir='ltr'>et</span> <span class='ocrx_word' id='word_1_239' title='bbox 725 1898 813 1936; x_wconf 90' lang='lat' dir='ltr'>ideo,</span> <span class='ocrx_word' id='word_1_240' title='bbox 831 1897 976 1939; x_wconf 83' lang='lat' dir='ltr'>quamvis</span> 
     </span>
     <span class='ocr_line' id='line_1_33' title="bbox 26 1950 976 1993; baseline -0.002 -10"><span class='ocrx_word' id='word_1_241' title='bbox 26 1961 86 1984; x_wconf 88' lang='lat' dir='ltr'>non</span> <span class='ocrx_word' id='word_1_242' title='bbox 108 1951 205 1993; x_wconf 87' lang='lat' dir='ltr'>possit</span> <span class='ocrx_word' id='word_1_243' title='bbox 229 1952 300 1993; x_wconf 90' lang='lat' dir='ltr'>quis</span> <span class='ocrx_word' id='word_1_244' title='bbox 325 1951 383 1983; x_wconf 89' lang='lat' dir='ltr'>sibi</span> <span class='ocrx_word' id='word_1_245' title='bbox 409 1951 467 1993; x_wconf 85' lang='lat' dir='ltr'>ipsi</span> <span class='ocrx_word' id='word_1_246' title='bbox 492 1960 559 1983; x_wconf 88' lang='lat' dir='ltr'>esse</span> <span class='ocrx_word' id='word_1_247' title='bbox 584 1951 758 1989; x_wconf 85' lang='lat' dir='ltr'>subiectus,</span> <span class='ocrx_word' id='word_1_248' title='bbox 781 1950 883 1982; x_wconf 73' lang='lat' dir='ltr'>nihil2</span> <span class='ocrx_word' id='word_1_249' title='bbox 906 1959 976 1991; x_wconf 89' lang='lat' dir='ltr'>pro-</span> 
     </span>
     <span class='ocr_line' id='line_1_34' title="bbox 25 2003 977 2046; baseline -0.001 -10"><span class='ocrx_word' id='word_1_250' title='bbox 25 2004 122 2043; x_wconf 81' lang='lat' dir='ltr'>hibet,</span> <span class='ocrx_word' id='word_1_251' title='bbox 148 2005 250 2046; x_wconf 86' lang='lat' dir='ltr'>ipsum</span> <span class='ocrx_word' id='word_1_252' title='bbox 277 2004 387 2036; x_wconf 88' lang='lat' dir='ltr'>subiici</span> <span class='ocrx_word' id='word_1_253' title='bbox 412 2013 504 2046; x_wconf 88' lang='lat' dir='ltr'>posse</span> <span class='ocrx_word' id='word_1_254' title='bbox 528 2004 595 2044; x_wconf 83' lang='lat' dir='ltr'>alii,</span> <span class='ocrx_word' id='word_1_255' title='bbox 620 2004 760 2036; x_wconf 82' lang='lat' dir='ltr'>maxime</span> <span class='ocrx_word' id='word_1_256' title='bbox 788 2004 812 2036; x_wconf 95' lang='lat' dir='ltr'>si</span> <span class='ocrx_word' id='word_1_257' title='bbox 835 2007 881 2036; x_wconf 87' lang='lat' dir='ltr'>est</span> <span class='ocrx_word' id='word_1_258' title='bbox 906 2003 977 2035; x_wconf 87' lang='lat' dir='ltr'>libe—</span> 
     </span>
     <span class='ocr_line' id='line_1_35' title="bbox 26 2057 265 2098; baseline -0.004 -9"><span class='ocrx_word' id='word_1_259' title='bbox 26 2065 76 2089; x_wconf 86' lang='lat' dir='ltr'>rae</span> <span class='ocrx_word' id='word_1_260' title='bbox 96 2057 265 2098; x_wconf 86' lang='lat' dir='ltr'>potestatis.</span> 
     </span>
    </p>

    <p class='ocr_par' dir='ltr' id='par_1_8' title="bbox 26 2109 977 2201">
     <span class='ocr_line' id='line_1_36' title="bbox 112 2109 977 2151; baseline 0 -11"><span class='ocrx_word' id='word_1_261' title='bbox 112 2109 140 2141; x_wconf 82' lang='lat'>3.</span> <span class='ocrx_word' id='word_1_262' title='bbox 166 2110 208 2141; x_wconf 86' lang='lat' dir='ltr'>Ad</span> <span class='ocrx_word' id='word_1_263' title='bbox 245 2110 322 2142; x_wconf 92' lang='lat' dir='ltr'>illud</span> <span class='ocrx_word' id='word_1_264' title='bbox 361 2110 445 2151; x_wconf 81' lang='lat' dir='ltr'>quod</span> <span class='ocrx_word' id='word_1_265' title='bbox 470 2109 634 2148; x_wconf 80' lang='lat' dir='ltr'>obiicitur,</span> <span class='ocrx_word' id='word_1_266' title='bbox 669 2110 754 2151; x_wconf 88' lang='lat' dir='ltr'>quod</span> <span class='ocrx_word' id='word_1_267' title='bbox 789 2119 851 2141; x_wconf 91' lang='grc'><strong>11011</strong></span> <span class='ocrx_word' id='word_1_268' title='bbox 875 2112 977 2151; x_wconf 87' lang='lat' dir='ltr'>potest</span> 
     </span>
     <span class='ocr_line' id='line_1_37' title="bbox 26 2162 976 2201; baseline 0 -7"><span class='ocrx_word' id='word_1_269' title='bbox 26 2162 98 2195; x_wconf 83' lang='lat' dir='ltr'>dare</span> <span class='ocrx_word' id='word_1_270' title='bbox 126 2162 342 2195; x_wconf 84' lang='lat' dir='ltr'>auctoritatem</span> <span class='ocrx_word' id='word_1_271' title='bbox 376 2163 670 2195; x_wconf 80' lang='lat' dir='ltr'>excommunicandi</span> <span class='ocrx_word' id='word_1_272' title='bbox 706 2172 755 2201; x_wconf 87' lang='lat' dir='ltr'>se;</span> <span class='ocrx_word' id='word_1_273' title='bbox 789 2163 976 2201; x_wconf 78' lang='lat' dir='ltr'>dicendum,</span> 
     </span>
    </p>
   </div>
   <div class='ocr_carea' id='block_1_3' title="bbox 1007 315 1011 2193">
    <p class='ocr_par' dir='ltr' id='par_1_9' title="bbox 1007 315 1011 2193">
     <span class='ocr_line' id='line_1_38' title="bbox 1007 315 1011 2193; baseline 0 0"><span class='ocrx_word' id='word_1_274' title='bbox 1007 315 1011 2193; x_wconf 95' lang='lat' dir='ltr'> </span> 
     </span>
    </p>
   </div>
   <div class='ocr_carea' id='block_1_4' title="bbox 1039 315 2137 2206">
    <p class='ocr_par' dir='ltr' id='par_1_10' title="bbox 1040 315 2123 516">
     <span class='ocr_line' id='line_1_39' title="bbox 1041 315 2123 357; baseline 0.001 -10"><span class='ocrx_word' id='word_1_275' title='bbox 1041 316 1125 357; x_wconf 86' lang='lat' dir='ltr'>quod</span> <span class='ocrx_word' id='word_1_276' title='bbox 1150 319 1372 357; x_wconf 79' lang='lat' dir='ltr'>argumentum</span> <span class='ocrx_word' id='word_1_277' title='bbox 1398 315 1482 347; x_wconf 87' lang='lat' dir='ltr'>istud</span> <span class='ocrx_word' id='word_1_278' title='bbox 1512 315 1616 347; x_wconf 85' lang='lat' dir='ltr'>deficit</span> <span class='ocrx_word' id='word_1_279' title='bbox 1641 315 1818 357; x_wconf 86' lang='lat' dir='ltr'>dupliciter.</span> <span class='ocrx_word' id='word_1_280' title='bbox 1850 317 1990 350; x_wconf 86' lang='lat' dir='ltr'>Primum</span> <span class='ocrx_word' id='word_1_281' title='bbox 2005 326 2123 357; x_wconf 69' lang='lat' dir='ltr'>Dupliciter</span> 
     </span>
     <span class='ocr_line' id='line_1_40' title="bbox 1040 352 2098 409; baseline 0.003 -10"><span class='ocrx_word' id='word_1_282' title='bbox 1040 368 1187 409; x_wconf 89' lang='lat' dir='ltr'>quidem,</span> <span class='ocrx_word' id='word_1_283' title='bbox 1212 368 1286 409; x_wconf 87' lang='lat' dir='ltr'>quia</span> <span class='ocrx_word' id='word_1_284' title='bbox 1302 368 1586 400; x_wconf 81' lang='lat' dir='ltr'>excommunicatio</span> <span class='ocrx_word' id='word_1_285' title='bbox 1610 371 1656 400; x_wconf 87' lang='lat' dir='ltr'>est</span> <span class='ocrx_word' id='word_1_286' title='bbox 1673 372 1789 401; x_wconf 71' lang='lat' dir='ltr'>eontra</span> <span class='ocrx_word' id='word_1_287' title='bbox 1814 369 1991 409; x_wconf 89' lang='lat' dir='ltr'>hominem,</span> <span class='ocrx_word' id='word_1_288' title='bbox 2019 352 2098 374; x_wconf 59' lang='lat' dir='ltr'>defim‘</span> 
     </span>
     <span class='ocr_line' id='line_1_41' title="bbox 1042 420 1992 463; baseline 0.003 -11"><span class='ocrx_word' id='word_1_289' title='bbox 1042 421 1095 452; x_wconf 92' lang='lat' dir='ltr'>sed</span> <span class='ocrx_word' id='word_1_290' title='bbox 1121 420 1276 452; x_wconf 79' lang='lat' dir='ltr'>absolutio</span> <span class='ocrx_word' id='word_1_291' title='bbox 1297 430 1360 461; x_wconf 74' lang='lat' dir='ltr'>pro</span> <span class='ocrx_word' id='word_1_292' title='bbox 1385 421 1530 459; x_wconf 71' lang='lat' dir='ltr'>homine,</span> <span class='ocrx_word' id='word_1_293' title='bbox 1555 424 1584 453; x_wconf 92' lang='lat' dir='ltr'>et</span> <span class='ocrx_word' id='word_1_294' title='bbox 1610 421 1702 452; x_wconf 86' lang='lat' dir='ltr'>bomo</span> <span class='ocrx_word' id='word_1_295' title='bbox 1726 431 1786 453; x_wconf 90' lang='lat' dir='ltr'>non</span> <span class='ocrx_word' id='word_1_296' title='bbox 1816 425 1917 463; x_wconf 90' lang='lat' dir='ltr'>potest</span> <span class='ocrx_word' id='word_1_297' title='bbox 1940 432 1992 455; x_wconf 86' lang='lat' dir='ltr'>au-</span> 
     </span>
     <span class='ocr_line' id='line_1_42' title="bbox 1041 473 1990 516; baseline 0.002 -11"><span class='ocrx_word' id='word_1_298' title='bbox 1041 473 1184 505; x_wconf 88' lang='lat' dir='ltr'>ctoritate</span> <span class='ocrx_word' id='word_1_299' title='bbox 1209 481 1266 504; x_wconf 84' lang='lat' dir='ltr'>sua</span> <span class='ocrx_word' id='word_1_300' title='bbox 1290 473 1333 504; x_wconf 89' lang='lat' dir='ltr'>uti</span> <span class='ocrx_word' id='word_1_301' title='bbox 1361 477 1478 505; x_wconf 74' lang='lat' dir='ltr'>contra</span> <span class='ocrx_word' id='word_1_302' title='bbox 1502 482 1548 512; x_wconf 85' lang='lat' dir='ltr'>se,</span> <span class='ocrx_word' id='word_1_303' title='bbox 1573 474 1718 515; x_wconf 84' lang='lat' dir='ltr'>quamvis</span> <span class='ocrx_word' id='word_1_304' title='bbox 1742 475 1841 515; x_wconf 85' lang='lat' dir='ltr'>possit</span> <span class='ocrx_word' id='word_1_305' title='bbox 1860 485 1924 516; x_wconf 76' lang='lat' dir='ltr'>pro</span> <span class='ocrx_word' id='word_1_306' title='bbox 1949 484 1990 508; x_wconf 88' lang='lat' dir='ltr'>se.</span> 
     </span>
    </p>

    <p class='ocr_par' dir='ltr' id='par_1_11' title="bbox 1040 525 2137 773">
     <span class='ocr_line' id='line_1_43' title="bbox 1043 525 2137 567; baseline 0 -11"><span class='ocrx_word' id='word_1_307' title='bbox 1043 545 1082 548; x_wconf 95' lang='lat'>—</span> <span class='ocrx_word' id='word_1_308' title='bbox 1100 525 1241 567; x_wconf 81' lang='lat' dir='ltr'>Amplius</span> <span class='ocrx_word' id='word_1_309' title='bbox 1266 525 1383 564; x_wconf 88' lang='lat' dir='ltr'>deficit,</span> <span class='ocrx_word' id='word_1_310' title='bbox 1415 526 1487 567; x_wconf 88' lang='lat' dir='ltr'>qnia</span> <span class='ocrx_word' id='word_1_311' title='bbox 1512 526 1593 558; x_wconf 89' lang='lat' dir='ltr'>alius</span> <span class='ocrx_word' id='word_1_312' title='bbox 1624 527 1738 559; x_wconf 90' lang='lat' dir='ltr'>modus</span> <span class='ocrx_word' id='word_1_313' title='bbox 1766 527 1991 561; x_wconf 74' lang='lat' dir='ltr'>iurisdIOtionis</span> <span class='ocrx_word' id='word_1_314' title='bbox 2006 535 2137 557; x_wconf 85' lang='lat' dir='ltr'>Notandum.</span> 
     </span>
     <span class='ocr_line' id='line_1_44' title="bbox 1041 578 1993 621; baseline 0.003 -12"><span class='ocrx_word' id='word_1_315' title='bbox 1041 578 1215 619; x_wconf 87' lang='lat' dir='ltr'>requiritur</span> <span class='ocrx_word' id='word_1_316' title='bbox 1239 578 1278 610; x_wconf 88' lang='lat' dir='ltr'>ad</span> <span class='ocrx_word' id='word_1_317' title='bbox 1304 578 1660 611; x_wconf 82' lang='lat' dir='ltr'>excommunicationem</span> <span class='ocrx_word' id='word_1_318' title='bbox 1687 588 1780 621; x_wconf 84' lang='lat' dir='ltr'>quam</span> <span class='ocrx_word' id='word_1_319' title='bbox 1805 580 1845 612; x_wconf 89' lang='lat' dir='ltr'>ad</span> <span class='ocrx_word' id='word_1_320' title='bbox 1870 580 1993 613; x_wconf 89' lang='lat' dir='ltr'>absolu-</span> 
     </span>
     <span class='ocr_line' id='line_1_45' title="bbox 1041 630 1993 675; baseline 0.005 -14"><span class='ocrx_word' id='word_1_321' title='bbox 1041 630 1165 661; x_wconf 85' lang='lat' dir='ltr'>tionem.</span> <span class='ocrx_word' id='word_1_322' title='bbox 1192 631 1478 663; x_wconf 85' lang='lat' dir='ltr'>Excommunicatio</span> <span class='ocrx_word' id='word_1_323' title='bbox 1502 640 1652 673; x_wconf 77' lang='lat' dir='ltr'>namque,</span> <span class='ocrx_word' id='word_1_324' title='bbox 1682 642 1762 673; x_wconf 85' lang='lat' dir='ltr'>quae</span> <span class='ocrx_word' id='word_1_325' title='bbox 1791 633 1917 675; x_wconf 88' lang='lat' dir='ltr'>respicit</span> <span class='ocrx_word' id='word_1_326' title='bbox 1941 634 1993 665; x_wconf 90' lang='lat' dir='ltr'>ho-</span> 
     </span>
     <span class='ocr_line' id='line_1_46' title="bbox 1040 682 1993 727; baseline 0.005 -14"><span class='ocrx_word' id='word_1_327' title='bbox 1040 682 1174 720; x_wconf 85' lang='lat' dir='ltr'>minem,</span> <span class='ocrx_word' id='word_1_328' title='bbox 1200 692 1404 714; x_wconf 57' lang='lat' dir='ltr'>commanem.</span> <span class='ocrx_word' id='word_1_329' title='bbox 1429 683 1503 715; x_wconf 88' lang='lat' dir='ltr'>dicit</span> <span class='ocrx_word' id='word_1_330' title='bbox 1536 684 1782 717; x_wconf 87' lang='lat' dir='ltr'>iurisdictionem</span> <span class='ocrx_word' id='word_1_331' title='bbox 1816 694 1912 727; x_wconf 86' lang='lat' dir='ltr'>super</span> <span class='ocrx_word' id='word_1_332' title='bbox 1940 686 1993 718; x_wconf 90' lang='lat' dir='ltr'>ho-</span> 
     </span>
     <span class='ocr_line' id='line_1_47' title="bbox 1041 735 1991 773; baseline 0.005 -7"><span class='ocrx_word' id='word_1_333' title='bbox 1041 735 1172 773; x_wconf 88' lang='lat' dir='ltr'>minem,</span> <span class='ocrx_word' id='word_1_334' title='bbox 1198 735 1251 767; x_wconf 91' lang='lat' dir='ltr'>sed</span> <span class='ocrx_word' id='word_1_335' title='bbox 1269 735 1425 767; x_wconf 76' lang='lat' dir='ltr'>absolutio</span> <span class='ocrx_word' id='word_1_336' title='bbox 1450 736 1524 768; x_wconf 84' lang='lat' dir='ltr'>dicit</span> <span class='ocrx_word' id='word_1_337' title='bbox 1540 737 1768 769; x_wconf 70' lang='lat' dir='ltr'>mediationem</span> <span class='ocrx_word' id='word_1_338' title='bbox 1794 738 1873 770; x_wconf 88' lang='lat' dir='ltr'>inter</span> <span class='ocrx_word' id='word_1_339' title='bbox 1891 739 1991 771; x_wconf 88' lang='lat' dir='ltr'>Deum</span> 
     </span>
    </p>

    <p class='ocr_par' dir='ltr' id='par_1_12' title="bbox 1040 787 1990 832">
     <span class='ocr_line' id='line_1_48' title="bbox 1040 787 1990 832; baseline 0.005 -14"><span class='ocrx_word' id='word_1_340' title='bbox 1040 790 1070 818; x_wconf 91' lang='lat' dir='ltr'>et</span> <span class='ocrx_word' id='word_1_341' title='bbox 1094 787 1269 827; x_wconf 83' lang='lat' dir='ltr'>hominem,</span> <span class='ocrx_word' id='word_1_342' title='bbox 1294 797 1356 829; x_wconf 88' lang='lat' dir='ltr'>quo</span> <span class='ocrx_word' id='word_1_343' title='bbox 1381 788 1497 821; x_wconf 88' lang='lat' dir='ltr'>scilicet</span> <span class='ocrx_word' id='word_1_344' title='bbox 1523 789 1616 821; x_wconf 90' lang='lat' dir='ltr'>bomo</span> <span class='ocrx_word' id='word_1_345' title='bbox 1641 799 1765 832; x_wconf 89' lang='lat' dir='ltr'>semper</span> <span class='ocrx_word' id='word_1_346' title='bbox 1790 791 1918 823; x_wconf 86' lang='lat' dir='ltr'>inferior</span> <span class='ocrx_word' id='word_1_347' title='bbox 1935 794 1990 824; x_wconf 88' lang='lat' dir='ltr'>est.</span> 
     </span>
    </p>

    <p class='ocr_par' dir='ltr' id='par_1_13' title="bbox 1041 840 1993 885">
     <span class='ocr_line' id='line_1_49' title="bbox 1041 840 1993 885; baseline 0.005 -14"><span class='ocrx_word' id='word_1_348' title='bbox 1041 840 1076 871; x_wconf 90' lang='lat' dir='ltr'>Et</span> <span class='ocrx_word' id='word_1_349' title='bbox 1100 840 1247 881; x_wconf 86' lang='lat' dir='ltr'>quoniam</span> <span class='ocrx_word' id='word_1_350' title='bbox 1265 849 1392 873; x_wconf 85' lang='lat' dir='ltr'>necesse</span> <span class='ocrx_word' id='word_1_351' title='bbox 1416 845 1479 880; x_wconf 81' lang='lat' dir='ltr'>est,</span> <span class='ocrx_word' id='word_1_352' title='bbox 1506 842 1678 881; x_wconf 86' lang='lat' dir='ltr'>bominem,</span> <span class='ocrx_word' id='word_1_353' title='bbox 1700 847 1993 885; x_wconf 85' lang='lat' dir='ltr'>quantumcumque</span> 
     </span>
    </p>

    <p class='ocr_par' dir='ltr' id='par_1_14' title="bbox 1039 893 1994 1096">
     <span class='ocr_line' id='line_1_50' title="bbox 1040 893 1993 933; baseline 0.006 -10"><span class='ocrx_word' id='word_1_354' title='bbox 1040 893 1079 924; x_wconf 89' lang='lat' dir='ltr'>sit</span> <span class='ocrx_word' id='word_1_355' title='bbox 1103 901 1251 933; x_wconf 85' lang='lat' dir='ltr'>magnus,</span> <span class='ocrx_word' id='word_1_356' title='bbox 1276 893 1407 925; x_wconf 87' lang='lat' dir='ltr'>iudicari</span> <span class='ocrx_word' id='word_1_357' title='bbox 1434 902 1505 925; x_wconf 87' lang='lat' dir='ltr'>cum</span> <span class='ocrx_word' id='word_1_358' title='bbox 1519 895 1529 911; x_wconf 83' lang='lat'><strong>³</strong></span> <span class='ocrx_word' id='word_1_359' title='bbox 1553 895 1616 926; x_wconf 90' lang='lat' dir='ltr'>Deo</span> <span class='ocrx_word' id='word_1_360' title='bbox 1633 899 1663 927; x_wconf 87' lang='lat' dir='ltr'>et</span> <span class='ocrx_word' id='word_1_361' title='bbox 1680 896 1708 927; x_wconf 91' lang='lat' dir='ltr'>in</span> <span class='ocrx_word' id='word_1_362' title='bbox 1727 895 1842 928; x_wconf 89' lang='lat' dir='ltr'>iudicio</span> <span class='ocrx_word' id='word_1_363' title='bbox 1866 905 1934 928; x_wconf 87' lang='lat' dir='ltr'>esse</span> <span class='ocrx_word' id='word_1_364' title='bbox 1951 896 1993 928; x_wconf 91' lang='lat' dir='ltr'>in-</span> 
     </span>
     <span class='ocr_line' id='line_1_51' title="bbox 1039 945 1992 990; baseline 0.005 -14"><span class='ocrx_word' id='word_1_365' title='bbox 1039 945 1204 982; x_wconf 83' lang='lat' dir='ltr'>seriorem;</span> <span class='ocrx_word' id='word_1_366' title='bbox 1222 949 1375 986; x_wconf 83' lang='lat' dir='ltr'>quantum</span> <span class='ocrx_word' id='word_1_367' title='bbox 1401 946 1440 978; x_wconf 83' lang='lat' dir='ltr'>ad</span> <span class='ocrx_word' id='word_1_368' title='bbox 1459 945 1517 978; x_wconf 73' lang='lat' dir='ltr'>lzoe</span> <span class='ocrx_word' id='word_1_369' title='bbox 1542 947 1703 979; x_wconf 64' lang='lat' dir='ltr'>indiciam</span> <span class='ocrx_word' id='word_1_370' title='bbox 1722 949 1853 989; x_wconf 84' lang='lat' dir='ltr'>quilibet</span> <span class='ocrx_word' id='word_1_371' title='bbox 1876 952 1992 990; x_wconf 80' lang='lat' dir='ltr'>potest,</span> 
     </span>
     <span class='ocr_line' id='line_1_52' title="bbox 1040 998 1994 1043; baseline 0.007 -15"><span class='ocrx_word' id='word_1_372' title='bbox 1040 1001 1334 1039; x_wconf 86' lang='lat' dir='ltr'>quantumcumque</span> <span class='ocrx_word' id='word_1_373' title='bbox 1359 998 1399 1030; x_wconf 90' lang='lat' dir='ltr'>sit</span> <span class='ocrx_word' id='word_1_374' title='bbox 1434 1007 1581 1040; x_wconf 84' lang='lat' dir='ltr'>magnus,</span> <span class='ocrx_word' id='word_1_375' title='bbox 1607 1000 1683 1032; x_wconf 87' lang='lat' dir='ltr'>dare</span> <span class='ocrx_word' id='word_1_376' title='bbox 1705 1001 1756 1032; x_wconf 83' lang='lat' dir='ltr'>alii</span> <span class='ocrx_word' id='word_1_377' title='bbox 1786 1002 1936 1043; x_wconf 71' lang='lat' dir='ltr'>propter⁴</span> <span class='ocrx_word' id='word_1_378' title='bbox 1960 1011 1994 1035; x_wconf 89' lang='lat' dir='ltr'>se</span> 
     </span>
     <span class='ocr_line' id='line_1_53' title="bbox 1040 1050 1993 1096; baseline 0.006 -15"><span class='ocrx_word' id='word_1_379' title='bbox 1040 1050 1300 1082; x_wconf 85' lang='lat' dir='ltr'>iurisdictionem.</span> <span class='ocrx_word' id='word_1_380' title='bbox 1325 1051 1384 1083; x_wconf 85' lang='lat' dir='ltr'>Sed</span> <span class='ocrx_word' id='word_1_381' title='bbox 1402 1051 1475 1093; x_wconf 90' lang='lat' dir='ltr'>quia</span> <span class='ocrx_word' id='word_1_382' title='bbox 1499 1052 1660 1093; x_wconf 86' lang='lat' dir='ltr'>praelatus</span> <span class='ocrx_word' id='word_1_383' title='bbox 1678 1053 1748 1085; x_wconf 84' lang='lat' dir='ltr'>talis</span> <span class='ocrx_word' id='word_1_384' title='bbox 1772 1063 1868 1096; x_wconf 88' lang='lat' dir='ltr'>super</span> <span class='ocrx_word' id='word_1_385' title='bbox 1884 1064 1993 1088; x_wconf 89' lang='lat' dir='ltr'>omnes</span> 
     </span>
    </p>

    <p class='ocr_par' dir='ltr' id='par_1_15' title="bbox 1040 1103 1995 1410">
     <span class='ocr_line' id='line_1_54' title="bbox 1040 1103 1993 1147; baseline 0.005 -13"><span class='ocrx_word' id='word_1_386' title='bbox 1040 1106 1104 1142; x_wconf 85' lang='lat' dir='ltr'>est,</span> <span class='ocrx_word' id='word_1_387' title='bbox 1129 1103 1200 1135; x_wconf 88' lang='lat' dir='ltr'>talis</span> <span class='ocrx_word' id='word_1_388' title='bbox 1232 1103 1421 1143; x_wconf 73' lang='lat' dir='ltr'>iurisdictio,</span> <span class='ocrx_word' id='word_1_389' title='bbox 1454 1113 1535 1145; x_wconf 87' lang='lat' dir='ltr'>quae</span> <span class='ocrx_word' id='word_1_390' title='bbox 1567 1105 1739 1137; x_wconf 88' lang='lat' dir='ltr'>attenditur</span> <span class='ocrx_word' id='word_1_391' title='bbox 1771 1110 1922 1147; x_wconf 86' lang='lat' dir='ltr'>quantum</span> <span class='ocrx_word' id='word_1_392' title='bbox 1953 1108 1993 1140; x_wconf 87' lang='lat' dir='ltr'>ad</span> 
     </span>
     <span class='ocr_line' id='line_1_55' title="bbox 1040 1155 1993 1197; baseline 0.006 -11"><span class='ocrx_word' id='word_1_393' title='bbox 1040 1155 1279 1196; x_wconf 73' lang='lat' dir='ltr'>praelationem</span> <span class='ocrx_word' id='word_1_394' title='bbox 1308 1166 1408 1197; x_wconf 76' lang='lat' dir='ltr'>super</span> <span class='ocrx_word' id='word_1_395' title='bbox 1441 1155 1604 1195; x_wconf 75' lang='lat' dir='ltr'>homines,</span> <span class='ocrx_word' id='word_1_396' title='bbox 1637 1158 1668 1189; x_wconf 89' lang='lat' dir='ltr'>in</span> <span class='ocrx_word' id='word_1_397' title='bbox 1693 1167 1765 1190; x_wconf 90' lang='lat' dir='ltr'>eum</span> <span class='ocrx_word' id='word_1_398' title='bbox 1798 1159 1906 1191; x_wconf 84' lang='lat' dir='ltr'>haberi</span> <span class='ocrx_word' id='word_1_399' title='bbox 1932 1169 1993 1192; x_wconf 89' lang='lat' dir='ltr'>non</span> 
     </span>
     <span class='ocr_line' id='line_1_56' title="bbox 1041 1209 1995 1254; baseline 0.004 -14"><span class='ocrx_word' id='word_1_400' title='bbox 1041 1211 1159 1249; x_wconf 87' lang='lat' dir='ltr'>potest,</span> <span class='ocrx_word' id='word_1_401' title='bbox 1184 1217 1241 1241; x_wconf 89' lang='grc'><strong>1166</strong></span> <span class='ocrx_word' id='word_1_402' title='bbox 1265 1209 1332 1250; x_wconf 87' lang='lat' dir='ltr'>ipse</span> <span class='ocrx_word' id='word_1_403' title='bbox 1356 1209 1447 1241; x_wconf 89' lang='lat' dir='ltr'>alteri</span> <span class='ocrx_word' id='word_1_404' title='bbox 1471 1210 1562 1249; x_wconf 87' lang='lat' dir='ltr'>dare,</span> <span class='ocrx_word' id='word_1_405' title='bbox 1588 1210 1675 1242; x_wconf 84' lang='lat' dir='ltr'>salvo</span> <span class='ocrx_word' id='word_1_406' title='bbox 1700 1211 1769 1243; x_wconf 86' lang='lat' dir='ltr'>iure</span> <span class='ocrx_word' id='word_1_407' title='bbox 1794 1220 1869 1244; x_wconf 86' lang='lat' dir='ltr'>suae</span> <span class='ocrx_word' id='word_1_408' title='bbox 1898 1213 1995 1254; x_wconf 86' lang='lat' dir='ltr'>digni-</span> 
     </span>
     <span class='ocr_line' id='line_1_57' title="bbox 1040 1262 1995 1307; baseline 0.005 -14"><span class='ocrx_word' id='word_1_409' title='bbox 1040 1262 1130 1300; x_wconf 86' lang='lat' dir='ltr'>tatis,</span> <span class='ocrx_word' id='word_1_410' title='bbox 1148 1262 1267 1294; x_wconf 89' lang='lat' dir='ltr'>ratione</span> <span class='ocrx_word' id='word_1_411' title='bbox 1292 1262 1382 1295; x_wconf 89' lang='lat' dir='ltr'>cuius</span> <span class='ocrx_word' id='word_1_412' title='bbox 1399 1266 1500 1304; x_wconf 87' lang='lat' dir='ltr'>potest</span> <span class='ocrx_word' id='word_1_413' title='bbox 1518 1264 1621 1296; x_wconf 86' lang='lat' dir='ltr'>dicere</span> <span class='ocrx_word' id='word_1_414' title='bbox 1646 1264 1722 1296; x_wconf 87' lang='lat' dir='ltr'>Deo:</span> <span class='ocrx_word' id='word_1_415' title='bbox 1756 1264 1828 1297; x_wconf 82' lang='lat' dir='ltr'>Tibi</span> <span class='ocrx_word' id='word_1_416' title='bbox 1846 1266 1909 1297; x_wconf 76' lang='lat' dir='ltr'>soli</span> <span class='ocrx_word' id='word_1_417' title='bbox 1925 1276 1995 1307; x_wconf 76' lang='lat' dir='ltr'>pec-</span> 
     </span>
     <span class='ocr_line' id='line_1_58' title="bbox 1041 1315 1992 1359; baseline 0.004 -13"><span class='ocrx_word' id='word_1_418' title='bbox 1041 1315 1146 1346; x_wconf 62' lang='grc'><strong>661615.</strong></span> <span class='ocrx_word' id='word_1_419' title='bbox 1174 1315 1208 1346; x_wconf 88' lang='lat' dir='ltr'>Et</span> <span class='ocrx_word' id='word_1_420' title='bbox 1243 1315 1313 1347; x_wconf 89' lang='lat' dir='ltr'>ideo</span> <span class='ocrx_word' id='word_1_421' title='bbox 1348 1325 1407 1347; x_wconf 91' lang='lat' dir='ltr'>non</span> <span class='ocrx_word' id='word_1_422' title='bbox 1444 1319 1546 1357; x_wconf 89' lang='lat' dir='ltr'>potest</span> <span class='ocrx_word' id='word_1_423' title='bbox 1580 1316 1669 1348; x_wconf 88' lang='lat' dir='ltr'>alteri</span> <span class='ocrx_word' id='word_1_424' title='bbox 1703 1317 1779 1349; x_wconf 88' lang='lat' dir='ltr'>dare</span> <span class='ocrx_word' id='word_1_425' title='bbox 1807 1321 1992 1359; x_wconf 85' lang='lat' dir='ltr'>potestatem</span> 
     </span>
     <span class='ocr_line' id='line_1_59' title="bbox 1040 1368 1532 1410; baseline 0.002 -11"><span class='ocrx_word' id='word_1_426' title='bbox 1040 1368 1335 1400; x_wconf 85' lang='lat' dir='ltr'>excommunicandi</span> <span class='ocrx_word' id='word_1_427' title='bbox 1362 1377 1394 1400; x_wconf 91' lang='lat' dir='ltr'>se</span> <span class='ocrx_word' id='word_1_428' title='bbox 1419 1368 1532 1410; x_wconf 89' lang='lat' dir='ltr'>ipsum.</span> 
     </span>
    </p>

    <p class='ocr_par' dir='ltr' id='par_1_16' title="bbox 1041 1421 1996 1885">
     <span class='ocr_line' id='line_1_60' title="bbox 1129 1421 1992 1466; baseline 0.005 -14"><span class='ocrx_word' id='word_1_429' title='bbox 1129 1421 1159 1452; x_wconf 76' lang='lat' dir='ltr'>li.</span> <span class='ocrx_word' id='word_1_430' title='bbox 1185 1421 1228 1452; x_wconf 79' lang='lat' dir='ltr'>Ad</span> <span class='ocrx_word' id='word_1_431' title='bbox 1261 1421 1340 1453; x_wconf 85' lang='lat' dir='ltr'>illud</span> <span class='ocrx_word' id='word_1_432' title='bbox 1375 1422 1459 1463; x_wconf 87' lang='lat' dir='ltr'>quod</span> <span class='ocrx_word' id='word_1_433' title='bbox 1496 1422 1643 1454; x_wconf 89' lang='lat' dir='ltr'>obiicitur</span> <span class='ocrx_word' id='word_1_434' title='bbox 1667 1423 1706 1455; x_wconf 89' lang='lat' dir='ltr'>de</span> <span class='ocrx_word' id='word_1_435' title='bbox 1738 1424 1876 1464; x_wconf 80' lang='lat' dir='ltr'>Angelis,</span> <span class='ocrx_word' id='word_1_436' title='bbox 1907 1425 1992 1466; x_wconf 87' lang='lat' dir='ltr'>quod</span> 
     </span>
     <span class='ocr_line' id='line_1_61' title="bbox 1041 1474 1994 1518; baseline 0.003 -12"><span class='ocrx_word' id='word_1_437' title='bbox 1041 1483 1102 1506; x_wconf 91' lang='lat' dir='ltr'>non</span> <span class='ocrx_word' id='word_1_438' title='bbox 1127 1474 1322 1506; x_wconf 87' lang='lat' dir='ltr'>descendunt</span> <span class='ocrx_word' id='word_1_439' title='bbox 1346 1474 1383 1506; x_wconf 91' lang='lat' dir='ltr'>ad</span> <span class='ocrx_word' id='word_1_440' title='bbox 1411 1474 1590 1513; x_wconf 72' lang='lat' dir='ltr'>inferiores,</span> <span class='ocrx_word' id='word_1_441' title='bbox 1616 1475 1802 1514; x_wconf 86' lang='lat' dir='ltr'>dicendum,</span> <span class='ocrx_word' id='word_1_442' title='bbox 1824 1477 1908 1518; x_wconf 86' lang='lat' dir='ltr'>quod</span> <span class='ocrx_word' id='word_1_443' title='bbox 1933 1486 1994 1509; x_wconf 88' lang='lat' dir='ltr'>non</span> 
     </span>
     <span class='ocr_line' id='line_1_62' title="bbox 1041 1527 1995 1572; baseline 0.003 -13"><span class='ocrx_word' id='word_1_444' title='bbox 1041 1531 1088 1560; x_wconf 88' lang='lat' dir='ltr'>est</span> <span class='ocrx_word' id='word_1_445' title='bbox 1113 1527 1230 1559; x_wconf 84' lang='lat' dir='ltr'>simile:</span> <span class='ocrx_word' id='word_1_446' title='bbox 1256 1528 1330 1569; x_wconf 86' lang='lat' dir='ltr'>quia</span> <span class='ocrx_word' id='word_1_447' title='bbox 1354 1528 1458 1569; x_wconf 81' lang='lat' dir='ltr'>Angeli</span> <span class='ocrx_word' id='word_1_448' title='bbox 1478 1537 1603 1569; x_wconf 85' lang='lat' dir='ltr'>semper</span> <span class='ocrx_word' id='word_1_449' title='bbox 1627 1528 1658 1560; x_wconf 87' lang='lat' dir='ltr'>in</span> <span class='ocrx_word' id='word_1_450' title='bbox 1680 1538 1737 1561; x_wconf 87' lang='lat' dir='ltr'>sua</span> <span class='ocrx_word' id='word_1_451' title='bbox 1761 1529 1910 1570; x_wconf 81' lang='lat' dir='ltr'>dignitate</span> <span class='ocrx_word' id='word_1_452' title='bbox 1927 1539 1995 1572; x_wconf 90' lang='lat' dir='ltr'>per-</span> 
     </span>
     <span class='ocr_line' id='line_1_63' title="bbox 1042 1580 1994 1622; baseline 0.003 -10"><span class='ocrx_word' id='word_1_453' title='bbox 1042 1581 1173 1619; x_wconf 77' lang='lat' dir='ltr'>sistunt,</span> <span class='ocrx_word' id='word_1_454' title='bbox 1198 1589 1254 1612; x_wconf 89' lang='lat' dir='ltr'>nec</span> <span class='ocrx_word' id='word_1_455' title='bbox 1279 1580 1362 1612; x_wconf 87' lang='lat' dir='ltr'>cadit</span> <span class='ocrx_word' id='word_1_456' title='bbox 1386 1580 1415 1611; x_wconf 92' lang='lat' dir='ltr'>in</span> <span class='ocrx_word' id='word_1_457' title='bbox 1441 1580 1486 1612; x_wconf 90' lang='lat' dir='ltr'>eis</span> <span class='ocrx_word' id='word_1_458' title='bbox 1510 1581 1689 1612; x_wconf 81' lang='lat' dir='ltr'>obscuratio</span> <span class='ocrx_word' id='word_1_459' title='bbox 1714 1582 1848 1622; x_wconf 84' lang='lat' dir='ltr'>peccati;</span> <span class='ocrx_word' id='word_1_460' title='bbox 1873 1587 1904 1614; x_wconf 90' lang='lat' dir='ltr'>et</span> <span class='ocrx_word' id='word_1_461' title='bbox 1924 1583 1994 1615; x_wconf 90' lang='lat' dir='ltr'>ideo</span> 
     </span>
     <span class='ocr_line' id='line_1_64' title="bbox 1041 1633 1994 1675; baseline 0.003 -11"><span class='ocrx_word' id='word_1_462' title='bbox 1041 1643 1101 1665; x_wconf 83' lang='lat' dir='ltr'>nou</span> <span class='ocrx_word' id='word_1_463' title='bbox 1128 1636 1264 1675; x_wconf 76' lang='lat' dir='ltr'>oportet,</span> <span class='ocrx_word' id='word_1_464' title='bbox 1297 1641 1350 1665; x_wconf 89' lang='lat' dir='ltr'>eos</span> <span class='ocrx_word' id='word_1_465' title='bbox 1381 1633 1419 1664; x_wconf 89' lang='lat' dir='ltr'>ad</span> <span class='ocrx_word' id='word_1_466' title='bbox 1454 1633 1617 1665; x_wconf 83' lang='lat' dir='ltr'>inferiores</span> <span class='ocrx_word' id='word_1_467' title='bbox 1649 1634 1850 1666; x_wconf 86' lang='lat' dir='ltr'>descendere.</span> <span class='ocrx_word' id='word_1_468' title='bbox 1880 1636 1938 1667; x_wconf 86' lang='lat' dir='ltr'>Sed</span> <span class='ocrx_word' id='word_1_469' title='bbox 1963 1636 1994 1667; x_wconf 91' lang='grc'>111</span> 
     </span>
     <span class='ocr_line' id='line_1_65' title="bbox 1041 1685 1995 1730; baseline 0.002 -12"><span class='ocrx_word' id='word_1_470' title='bbox 1041 1686 1251 1718; x_wconf 81' lang='lat' dir='ltr'>ecclesiastica</span> <span class='ocrx_word' id='word_1_471' title='bbox 1275 1685 1454 1718; x_wconf 77' lang='lat' dir='ltr'>hierarchia</span> <span class='ocrx_word' id='word_1_472' title='bbox 1471 1694 1561 1718; x_wconf 85' lang='lat' dir='ltr'>secus</span> <span class='ocrx_word' id='word_1_473' title='bbox 1586 1690 1646 1727; x_wconf 82' lang='lat' dir='ltr'>est,</span> <span class='ocrx_word' id='word_1_474' title='bbox 1672 1687 1745 1728; x_wconf 88' lang='lat' dir='ltr'>quia</span> <span class='ocrx_word' id='word_1_475' title='bbox 1763 1692 1892 1728; x_wconf 86' lang='lat' dir='ltr'>peccant</span> <span class='ocrx_word' id='word_1_476' title='bbox 1908 1697 1995 1730; x_wconf 87' lang='lat' dir='ltr'>prae-</span> 
     </span>
     <span class='ocr_line' id='line_1_66' title="bbox 1041 1738 1995 1782; baseline 0.002 -12"><span class='ocrx_word' id='word_1_477' title='bbox 1041 1739 1093 1770; x_wconf 84' lang='lat' dir='ltr'>lati</span> <span class='ocrx_word' id='word_1_478' title='bbox 1123 1742 1154 1770; x_wconf 88' lang='lat' dir='ltr'>et</span> <span class='ocrx_word' id='word_1_479' title='bbox 1189 1738 1325 1776; x_wconf 77' lang='lat' dir='ltr'>subditi3</span> <span class='ocrx_word' id='word_1_480' title='bbox 1361 1742 1392 1770; x_wconf 89' lang='lat' dir='ltr'>et</span> <span class='ocrx_word' id='word_1_481' title='bbox 1426 1738 1497 1770; x_wconf 88' lang='lat' dir='ltr'>ideo</span> <span class='ocrx_word' id='word_1_482' title='bbox 1533 1742 1668 1779; x_wconf 78' lang='lat' dir='ltr'>oportet,</span> <span class='ocrx_word' id='word_1_483' title='bbox 1701 1740 1904 1780; x_wconf 84' lang='lat' dir='ltr'>quodetiam</span> <span class='ocrx_word' id='word_1_484' title='bbox 1936 1741 1995 1782; x_wconf 88' lang='lat' dir='ltr'>ipsi</span> 
     </span>
     <span class='ocr_line' id='line_1_67' title="bbox 1041 1790 1996 1835; baseline 0.002 -12"><span class='ocrx_word' id='word_1_485' title='bbox 1041 1791 1249 1823; x_wconf 75' lang='lat' dir='ltr'>subiicientur</span> <span class='ocrx_word' id='word_1_486' title='bbox 1273 1790 1489 1829; x_wconf 79' lang='lat' dir='ltr'>inferioribus,</span> <span class='ocrx_word' id='word_1_487' title='bbox 1522 1791 1596 1832; x_wconf 88' lang='lat' dir='ltr'>quia</span> <span class='ocrx_word' id='word_1_488' title='bbox 1628 1795 1658 1824; x_wconf 90' lang='lat' dir='ltr'>et</span> <span class='ocrx_word' id='word_1_489' title='bbox 1686 1792 1744 1833; x_wconf 85' lang='lat' dir='ltr'>ipsi</span> <span class='ocrx_word' id='word_1_490' title='bbox 1777 1801 1834 1834; x_wconf 89' lang='lat' dir='ltr'>per</span> <span class='ocrx_word' id='word_1_491' title='bbox 1869 1793 1996 1835; x_wconf 85' lang='lat' dir='ltr'>culpam</span> 
     </span>
     <span class='ocr_line' id='line_1_68' title="bbox 1041 1843 1686 1885; baseline -0.003 -9"><span class='ocrx_word' id='word_1_492' title='bbox 1041 1844 1178 1885; x_wconf 87' lang='lat' dir='ltr'>quodam</span> <span class='ocrx_word' id='word_1_493' title='bbox 1203 1843 1296 1875; x_wconf 86' lang='lat' dir='ltr'>modo</span> <span class='ocrx_word' id='word_1_494' title='bbox 1320 1843 1484 1875; x_wconf 86' lang='lat' dir='ltr'>inferiores</span> <span class='ocrx_word' id='word_1_495' title='bbox 1508 1843 1578 1875; x_wconf 87' lang='lat' dir='ltr'>facti</span> <span class='ocrx_word' id='word_1_496' title='bbox 1604 1848 1686 1876; x_wconf 85' lang='lat' dir='ltr'>sunt.</span> 
     </span>
    </p>

    <p class='ocr_par' dir='ltr' id='par_1_17' title="bbox 1040 1896 1998 2206">
     <span class='ocr_line' id='line_1_69' title="bbox 1131 1896 1996 1938; baseline 0.005 -10"><span class='ocrx_word' id='word_1_497' title='bbox 1131 1898 1159 1929; x_wconf 75' lang='lat'>5.</span> <span class='ocrx_word' id='word_1_498' title='bbox 1183 1896 1226 1928; x_wconf 81' lang='lat' dir='ltr'>Ad</span> <span class='ocrx_word' id='word_1_499' title='bbox 1251 1896 1328 1928; x_wconf 87' lang='lat' dir='ltr'>illud</span> <span class='ocrx_word' id='word_1_500' title='bbox 1363 1896 1447 1938; x_wconf 88' lang='lat' dir='ltr'>quod</span> <span class='ocrx_word' id='word_1_501' title='bbox 1476 1896 1622 1929; x_wconf 90' lang='lat' dir='ltr'>obiicitur</span> <span class='ocrx_word' id='word_1_502' title='bbox 1654 1897 1766 1930; x_wconf 89' lang='lat' dir='ltr'>ultimo</span> <span class='ocrx_word' id='word_1_503' title='bbox 1799 1899 1837 1931; x_wconf 90' lang='lat' dir='ltr'>de</span> <span class='ocrx_word' id='word_1_504' title='bbox 1870 1899 1996 1932; x_wconf 87' lang='lat' dir='ltr'>subdito</span> 
     </span>
     <span class='ocr_line' id='line_1_70' title="bbox 1040 1950 1998 1992; baseline 0.003 -10"><span class='ocrx_word' id='word_1_505' title='bbox 1040 1950 1185 1989; x_wconf 80' lang='lat' dir='ltr'>alterins,</span> <span class='ocrx_word' id='word_1_506' title='bbox 1210 1953 1294 1991; x_wconf 81' lang='lat' dir='ltr'>patet</span> <span class='ocrx_word' id='word_1_507' title='bbox 1319 1950 1495 1991; x_wconf 86' lang='lat' dir='ltr'>responsio:</span> <span class='ocrx_word' id='word_1_508' title='bbox 1514 1951 1588 1992; x_wconf 89' lang='lat' dir='ltr'>quia</span> <span class='ocrx_word' id='word_1_509' title='bbox 1613 1951 1786 1983; x_wconf 85' lang='lat' dir='ltr'>nonhabet</span> <span class='ocrx_word' id='word_1_510' title='bbox 1810 1952 1998 1985; x_wconf 82' lang='lat' dir='ltr'>iurisdictio-</span> 
     </span>
     <span class='ocr_line' id='line_1_71' title="bbox 1043 2003 1996 2045; baseline 0.004 -11"><span class='ocrx_word' id='word_1_511' title='bbox 1043 2012 1116 2035; x_wconf 87' lang='lat' dir='ltr'>nem</span> <span class='ocrx_word' id='word_1_512' title='bbox 1141 2003 1170 2035; x_wconf 88' lang='lat' dir='ltr'>in</span> <span class='ocrx_word' id='word_1_513' title='bbox 1197 2003 1307 2042; x_wconf 79' lang='lat' dir='ltr'>talem,</span> <span class='ocrx_word' id='word_1_514' title='bbox 1333 2012 1390 2035; x_wconf 90' lang='lat' dir='ltr'>nec</span> <span class='ocrx_word' id='word_1_515' title='bbox 1414 2003 1485 2035; x_wconf 86' lang='lat' dir='ltr'>talis</span> <span class='ocrx_word' id='word_1_516' title='bbox 1511 2007 1611 2045; x_wconf 82' lang='lat' dir='ltr'>potest</span> <span class='ocrx_word' id='word_1_517' title='bbox 1635 2004 1660 2036; x_wconf 91' lang='lat' dir='ltr'>ei</span> <span class='ocrx_word' id='word_1_518' title='bbox 1686 2004 1776 2044; x_wconf 83' lang='lat' dir='ltr'>dare,</span> <span class='ocrx_word' id='word_1_519' title='bbox 1809 2014 1880 2037; x_wconf 89' lang='lat' dir='ltr'>cum</span> <span class='ocrx_word' id='word_1_520' title='bbox 1905 2006 1996 2038; x_wconf 86' lang='lat' dir='ltr'>alteri</span> 
     </span>
     <span class='ocr_line' id='line_1_72' title="bbox 1041 2056 1996 2100; baseline 0.003 -12"><span class='ocrx_word' id='word_1_521' title='bbox 1041 2056 1203 2089; x_wconf 90' lang='lat' dir='ltr'>subiectus</span> <span class='ocrx_word' id='word_1_522' title='bbox 1227 2056 1275 2088; x_wconf 90' lang='lat' dir='ltr'>sit.</span> <span class='ocrx_word' id='word_1_523' title='bbox 1312 2056 1398 2089; x_wconf 91' lang='lat' dir='ltr'>Unde</span> <span class='ocrx_word' id='word_1_524' title='bbox 1434 2057 1515 2088; x_wconf 88' lang='lat' dir='ltr'>sicut</span> <span class='ocrx_word' id='word_1_525' title='bbox 1544 2066 1605 2088; x_wconf 90' lang='lat' dir='ltr'>non</span> <span class='ocrx_word' id='word_1_526' title='bbox 1638 2057 1737 2090; x_wconf 83' lang='lat' dir='ltr'>valet:</span> <span class='ocrx_word' id='word_1_527' title='bbox 1770 2058 1828 2090; x_wconf 90' lang='lat' dir='ltr'>iste</span> <span class='ocrx_word' id='word_1_528' title='bbox 1864 2059 1917 2100; x_wconf 88' lang='lat' dir='ltr'>qui</span> <span class='ocrx_word' id='word_1_529' title='bbox 1950 2062 1996 2092; x_wconf 88' lang='lat' dir='ltr'>est</span> 
     </span>
     <span class='ocr_line' id='line_1_73' title="bbox 1041 2109 1995 2151; baseline 0.003 -11"><span class='ocrx_word' id='word_1_530' title='bbox 1041 2118 1154 2141; x_wconf 83' lang='lat' dir='ltr'>servus</span> <span class='ocrx_word' id='word_1_531' title='bbox 1178 2109 1273 2147; x_wconf 88' lang='lat' dir='ltr'>Petri,</span> <span class='ocrx_word' id='word_1_532' title='bbox 1297 2118 1357 2140; x_wconf 90' lang='lat' dir='ltr'>non</span> <span class='ocrx_word' id='word_1_533' title='bbox 1384 2112 1485 2150; x_wconf 86' lang='lat' dir='ltr'>potest</span> <span class='ocrx_word' id='word_1_534' title='bbox 1510 2118 1542 2142; x_wconf 88' lang='lat' dir='ltr'>se</span> <span class='ocrx_word' id='word_1_535' title='bbox 1571 2110 1673 2142; x_wconf 84' lang='lat' dir='ltr'>facere</span> <span class='ocrx_word' id='word_1_536' title='bbox 1698 2120 1824 2142; x_wconf 86' lang='lat' dir='ltr'>servum</span> <span class='ocrx_word' id='word_1_537' title='bbox 1856 2112 1995 2151; x_wconf 85' lang='lat' dir='ltr'>Martini,</span> 
     </span>
     <span class='ocr_line' id='line_1_74' title="bbox 1041 2161 1972 2206; baseline 0.004 -13"><span class='ocrx_word' id='word_1_538' title='bbox 1041 2171 1116 2204; x_wconf 86' lang='lat' dir='ltr'>ergo</span> <span class='ocrx_word' id='word_1_539' title='bbox 1141 2170 1198 2194; x_wconf 89' lang='lat' dir='ltr'>nec</span> <span class='ocrx_word' id='word_1_540' title='bbox 1223 2162 1280 2194; x_wconf 84' lang='lat' dir='ltr'>iste</span> <span class='ocrx_word' id='word_1_541' title='bbox 1304 2161 1357 2204; x_wconf 89' lang='lat' dir='ltr'>qui</span> <span class='ocrx_word' id='word_1_542' title='bbox 1384 2162 1463 2194; x_wconf 84' lang='lat' dir='ltr'>liber</span> <span class='ocrx_word' id='word_1_543' title='bbox 1488 2166 1551 2201; x_wconf 74' lang='lat' dir='ltr'>est,</span> <span class='ocrx_word' id='word_1_544' title='bbox 1576 2163 1620 2195; x_wconf 89' lang='lat' dir='ltr'>sic</span> <span class='ocrx_word' id='word_1_545' title='bbox 1644 2172 1700 2195; x_wconf 89' lang='lat' dir='ltr'>nec</span> <span class='ocrx_word' id='word_1_546' title='bbox 1725 2164 1754 2195; x_wconf 89' lang='lat' dir='ltr'>in</span> <span class='ocrx_word' id='word_1_547' title='bbox 1780 2165 1940 2206; x_wconf 81' lang='lat' dir='ltr'>proposito</span> <span class='ocrx_word' id='word_1_548' title='bbox 1952 2165 1972 2196; x_wconf 75' lang='lat'>⁶.</span> 
     </span>
    </p>
   </div>
   <div class='ocr_carea' id='block_1_5' title="bbox 675 2287 1336 2320">
    <p class='ocr_par' dir='ltr' id='par_1_18' title="bbox 675 2287 1336 2320">
     <span class='ocr_line' id='line_1_75' title="bbox 675 2287 1336 2320; baseline -0.002 -1"><span class='ocrx_word' id='word_1_549' title='bbox 675 2288 785 2320; x_wconf 76' lang='lat' dir='ltr'>DUBIA</span> <span class='ocrx_word' id='word_1_550' title='bbox 811 2288 917 2320; x_wconf 65' lang='grc' dir='ltr'><strong>(111οΑ</strong></span> <span class='ocrx_word' id='word_1_551' title='bbox 942 2287 1129 2319; x_wconf 66' lang='lat' dir='ltr'>LITTERAM</span> <span class='ocrx_word' id='word_1_552' title='bbox 1154 2287 1336 2319; x_wconf 70' lang='lat' dir='ltr'>MAGlSTRI.</span> 
     </span>
    </p>
   </div>
   <div class='ocr_carea' id='block_1_6' title="bbox 437 2399 556 2431">
    <p class='ocr_par' dir='ltr' id='par_1_19' title="bbox 437 2399 556 2431">
     <span class='ocr_line' id='line_1_76' title="bbox 437 2399 556 2431; baseline 0 -1"><span class='ocrx_word' id='word_1_553' title='bbox 437 2399 512 2431; x_wconf 77' lang='lat' dir='ltr'>Due.</span> <span class='ocrx_word' id='word_1_554' title='bbox 537 2399 556 2431; x_wconf 88' lang='grc'>1.</span> 
     </span>
    </p>
   </div>
   <div class='ocr_carea' id='block_1_7' title="bbox 1 2504 978 3013">
    <p class='ocr_par' dir='ltr' id='par_1_20' title="bbox 27 2504 978 2860">
     <span class='ocr_line' id='line_1_77' title="bbox 110 2504 977 2546; baseline -0.001 -10"><span class='ocrx_word' id='word_1_555' title='bbox 110 2505 141 2536; x_wconf 88' lang='grc'>111</span> <span class='ocrx_word' id='word_1_556' title='bbox 168 2508 255 2546; x_wconf 87' lang='lat' dir='ltr'>parte</span> <span class='ocrx_word' id='word_1_557' title='bbox 281 2505 340 2537; x_wconf 87' lang='lat' dir='ltr'>ista</span> <span class='ocrx_word' id='word_1_558' title='bbox 364 2508 438 2537; x_wconf 83' lang='lat' dir='ltr'>suut</span> <span class='ocrx_word' id='word_1_559' title='bbox 469 2505 681 2537; x_wconf 83' lang='lat' dir='ltr'>dubitationes</span> <span class='ocrx_word' id='word_1_560' title='bbox 713 2504 797 2537; x_wconf 84' lang='lat' dir='ltr'>circa</span> <span class='ocrx_word' id='word_1_561' title='bbox 821 2505 977 2543; x_wconf 77' lang='lat' dir='ltr'>litteram,</span> 
     </span>
     <span class='ocr_line' id='line_1_78' title="bbox 29 2556 976 2600; baseline -0.002 -10"><span class='ocrx_word' id='word_1_562' title='bbox 29 2560 58 2590; x_wconf 90' lang='lat' dir='ltr'>et</span> <span class='ocrx_word' id='word_1_563' title='bbox 79 2558 179 2599; x_wconf 86' lang='lat' dir='ltr'>primo</span> <span class='ocrx_word' id='word_1_564' title='bbox 204 2558 242 2590; x_wconf 88' lang='lat' dir='ltr'>de</span> <span class='ocrx_word' id='word_1_565' title='bbox 267 2558 327 2590; x_wconf 90' lang='grc'><strong>1106</strong></span> <span class='ocrx_word' id='word_1_566' title='bbox 351 2558 432 2600; x_wconf 88' lang='lat' dir='ltr'>quod</span> <span class='ocrx_word' id='word_1_567' title='bbox 459 2557 589 2590; x_wconf 83' lang='lat' dir='ltr'>dicitur:</span> <span class='ocrx_word' id='word_1_568' title='bbox 618 2557 698 2589; x_wconf 81' lang='lat' dir='ltr'>Cam</span> <span class='ocrx_word' id='word_1_569' title='bbox 727 2561 806 2589; x_wconf 72' lang='lat' dir='ltr'>esset</span> <span class='ocrx_word' id='word_1_570' title='bbox 826 2556 976 2599; x_wconf 71' lang='lat' dir='ltr'>pontifex</span> 
     </span>
     <span class='ocr_line' id='line_1_79' title="bbox 29 2610 977 2652; baseline -0.001 -10"><span class='ocrx_word' id='word_1_571' title='bbox 29 2611 109 2643; x_wconf 75' lang='lat' dir='ltr'>anni</span> <span class='ocrx_word' id='word_1_572' title='bbox 130 2611 228 2643; x_wconf 75' lang='lat' dir='ltr'>illias.</span> <span class='ocrx_word' id='word_1_573' title='bbox 254 2611 387 2644; x_wconf 88' lang='lat' dir='ltr'>Videtur</span> <span class='ocrx_word' id='word_1_574' title='bbox 411 2611 493 2643; x_wconf 88' lang='lat' dir='ltr'>enim</span> <span class='ocrx_word' id='word_1_575' title='bbox 518 2610 651 2649; x_wconf 83' lang='lat' dir='ltr'>falsum,</span> <span class='ocrx_word' id='word_1_576' title='bbox 676 2610 763 2652; x_wconf 86' lang='lat' dir='ltr'>quia,</span> <span class='ocrx_word' id='word_1_577' title='bbox 789 2610 869 2642; x_wconf 92' lang='lat' dir='ltr'>sicut</span> <span class='ocrx_word' id='word_1_578' title='bbox 893 2613 977 2651; x_wconf 87' lang='lat' dir='ltr'>patet</span> 
     </span>
     <span class='ocr_line' id='line_1_80' title="bbox 30 2662 974 2705; baseline -0.002 -9"><span class='ocrx_word' id='word_1_579' title='bbox 30 2672 68 2695; x_wconf 80' lang='lat' dir='ltr'>ex</span> <span class='ocrx_word' id='word_1_580' title='bbox 91 2668 181 2696; x_wconf 79' lang='lat' dir='ltr'>textu</span> <span class='ocrx_word' id='word_1_581' title='bbox 193 2665 213 2703; x_wconf 86' lang='lat'>⁷,</span> <span class='ocrx_word' id='word_1_582' title='bbox 239 2664 304 2705; x_wconf 89' lang='lat' dir='ltr'>ipse</span> <span class='ocrx_word' id='word_1_583' title='bbox 329 2664 409 2696; x_wconf 80' lang='lat' dir='ltr'>dixit</span> <span class='ocrx_word' id='word_1_584' title='bbox 433 2663 537 2695; x_wconf 86' lang='lat' dir='ltr'>animo</span> <span class='ocrx_word' id='word_1_585' title='bbox 566 2663 771 2695; x_wconf 81' lang='lat' dir='ltr'>interficiendi</span> <span class='ocrx_word' id='word_1_586' title='bbox 797 2662 974 2695; x_wconf 87' lang='lat' dir='ltr'>Christum:</span> 
     </span>
     <span class='ocr_line' id='line_1_81' title="bbox 30 2715 976 2758; baseline -0.001 -11"><span class='ocrx_word' id='word_1_587' title='bbox 30 2724 100 2757; x_wconf 84' lang='lat' dir='ltr'>ergo</span> <span class='ocrx_word' id='word_1_588' title='bbox 135 2716 274 2758; x_wconf 85' lang='lat' dir='ltr'>peccavit</span> <span class='ocrx_word' id='word_1_589' title='bbox 310 2716 456 2755; x_wconf 87' lang='lat' dir='ltr'>dicendo,</span> <span class='ocrx_word' id='word_1_590' title='bbox 486 2725 547 2747; x_wconf 92' lang='lat' dir='ltr'>non</span> <span class='ocrx_word' id='word_1_591' title='bbox 582 2715 791 2757; x_wconf 83' lang='lat' dir='ltr'>prophetavit.</span> <span class='ocrx_word' id='word_1_592' title='bbox 817 2734 859 2738; x_wconf 90' lang='lat'>—</span> <span class='ocrx_word' id='word_1_593' title='bbox 883 2715 976 2754; x_wconf 86' lang='lat' dir='ltr'>item,</span> 
     </span>
     <span class='ocr_line' id='line_1_82' title="bbox 27 2768 978 2811; baseline 0 -12"><span class='ocrx_word' id='word_1_594' title='bbox 27 2770 87 2800; x_wconf 87' lang='lat' dir='ltr'>tam</span> <span class='ocrx_word' id='word_1_595' title='bbox 113 2768 178 2810; x_wconf 88' lang='lat' dir='ltr'>ipse</span> <span class='ocrx_word' id='word_1_596' title='bbox 203 2778 298 2811; x_wconf 83' lang='lat' dir='ltr'>quam</span> <span class='ocrx_word' id='word_1_597' title='bbox 323 2769 429 2801; x_wconf 84' lang='lat' dir='ltr'>ludaei</span> <span class='ocrx_word' id='word_1_598' title='bbox 454 2768 680 2800; x_wconf 80' lang='lat' dir='ltr'>intellexerunt</span> <span class='ocrx_word' id='word_1_599' title='bbox 697 2768 735 2800; x_wconf 90' lang='lat' dir='ltr'>de</span> <span class='ocrx_word' id='word_1_600' title='bbox 754 2768 854 2800; x_wconf 87' lang='lat' dir='ltr'>salute</span> <span class='ocrx_word' id='word_1_601' title='bbox 871 2777 978 2809; x_wconf 89' lang='lat' dir='ltr'>corpo-</span> 
     </span>
     <span class='ocr_line' id='line_1_83' title="bbox 31 2820 864 2860; baseline 0 -8"><span class='ocrx_word' id='word_1_602' title='bbox 31 2820 103 2860; x_wconf 87' lang='lat' dir='ltr'>rali;</span> <span class='ocrx_word' id='word_1_603' title='bbox 127 2826 271 2854; x_wconf 80' lang='lat' dir='ltr'>constans</span> <span class='ocrx_word' id='word_1_604' title='bbox 295 2826 342 2854; x_wconf 90' lang='lat' dir='ltr'>est</span> <span class='ocrx_word' id='word_1_605' title='bbox 366 2826 490 2860; x_wconf 87' lang='lat' dir='ltr'>autem,</span> <span class='ocrx_word' id='word_1_606' title='bbox 516 2821 594 2853; x_wconf 89' lang='lat' dir='ltr'>illud</span> <span class='ocrx_word' id='word_1_607' title='bbox 618 2821 715 2853; x_wconf 84' lang='lat' dir='ltr'>fuisse</span> <span class='ocrx_word' id='word_1_608' title='bbox 739 2820 864 2852; x_wconf 82' lang='lat' dir='ltr'>falsum.</span> 
     </span>
    </p>

    <p class='ocr_par' dir='ltr' id='par_1_21' title="bbox 115 2873 977 2916">
     <span class='ocr_line' id='line_1_84' title="bbox 115 2873 977 2916; baseline -0.002 -10"><span class='ocrx_word' id='word_1_609' title='bbox 115 2875 315 2907; x_wconf 60' lang='lat' dir='ltr'>Respomsso:</span> <span class='ocrx_word' id='word_1_610' title='bbox 342 2875 534 2913; x_wconf 71' lang='lat' dir='ltr'>Dicendum,</span> <span class='ocrx_word' id='word_1_611' title='bbox 560 2874 642 2916; x_wconf 83' lang='lat' dir='ltr'>quod</span> <span class='ocrx_word' id='word_1_612' title='bbox 672 2874 703 2905; x_wconf 89' lang='lat' dir='ltr'>in</span> <span class='ocrx_word' id='word_1_613' title='bbox 738 2873 977 2915; x_wconf 63' lang='lat' dir='ltr'>prophetatione</span> 
     </span>
    </p>

    <p class='ocr_par' dir='ltr' id='par_1_22' title="bbox 1 2926 978 3013">
     <span class='ocr_line' id='line_1_85' title="bbox 1 2926 978 2968; baseline -0.001 -10"><span class='ocrx_word' id='word_1_614' title='bbox 1 2926 82 2958; x_wconf 81' lang='lat' dir='ltr'>r-illa</span> <span class='ocrx_word' id='word_1_615' title='bbox 105 2927 167 2959; x_wconf 88' lang='lat' dir='ltr'>duo</span> <span class='ocrx_word' id='word_1_616' title='bbox 191 2932 237 2960; x_wconf 90' lang='lat' dir='ltr'>est</span> <span class='ocrx_word' id='word_1_617' title='bbox 261 2928 479 2966; x_wconf 86' lang='lat' dir='ltr'>considerare,</span> <span class='ocrx_word' id='word_1_618' title='bbox 504 2927 621 2959; x_wconf 88' lang='lat' dir='ltr'>scilicet</span> <span class='ocrx_word' id='word_1_619' title='bbox 653 2926 787 2959; x_wconf 80' lang='lat' dir='ltr'>verbum</span> <span class='ocrx_word' id='word_1_620' title='bbox 813 2926 978 2968; x_wconf 65' lang='lat' dir='ltr'>cogitatio-</span> 
     </span>
     <span class='ocr_line' id='line_1_86' title="bbox 31 2979 976 3013; baseline 0 -3"><span class='ocrx_word' id='word_1_621' title='bbox 31 2979 81 3011; x_wconf 74' lang='lat' dir='ltr'>nis</span> <span class='ocrx_word' id='word_1_622' title='bbox 112 2981 280 3012; x_wconf 76' lang='lat' dir='ltr'>interioris</span> <span class='ocrx_word' id='word_1_623' title='bbox 311 2985 341 3013; x_wconf 90' lang='lat' dir='ltr'>et</span> <span class='ocrx_word' id='word_1_624' title='bbox 377 2980 510 3012; x_wconf 86' lang='lat' dir='ltr'>verbum</span> <span class='ocrx_word' id='word_1_625' title='bbox 547 2980 722 3012; x_wconf 72' lang='lat' dir='ltr'>exterioris</span> <span class='ocrx_word' id='word_1_626' title='bbox 758 2979 909 3011; x_wconf 72' lang='lat' dir='ltr'>hominis.</span> <span class='ocrx_word' id='word_1_627' title='bbox 945 2979 976 3010; x_wconf 90' lang='grc'>111</span> 
     </span>
    </p>
   </div>
   <div class='ocr_carea' id='block_1_8' title="bbox 32 3031 979 3075">
    <p class='ocr_par' dir='ltr' id='par_1_23' title="bbox 32 3031 979 3075">
     <span class='ocr_line' id='line_1_87' title="bbox 32 3031 979 3075; baseline 0 -12"><span class='ocrx_word' id='word_1_628' title='bbox 32 3032 124 3064; x_wconf 89' lang='lat' dir='ltr'>verbo</span> <span class='ocrx_word' id='word_1_629' title='bbox 148 3036 252 3065; x_wconf 88' lang='lat' dir='ltr'>autem</span> <span class='ocrx_word' id='word_1_630' title='bbox 278 3033 345 3075; x_wconf 87' lang='lat' dir='ltr'>ipso</span> <span class='ocrx_word' id='word_1_631' title='bbox 369 3033 524 3065; x_wconf 75' lang='lat' dir='ltr'>interiori</span> <span class='ocrx_word' id='word_1_632' title='bbox 546 3036 593 3065; x_wconf 88' lang='lat' dir='ltr'>est</span> <span class='ocrx_word' id='word_1_633' title='bbox 616 3032 816 3065; x_wconf 86' lang='lat' dir='ltr'>considerare</span> <span class='ocrx_word' id='word_1_634' title='bbox 833 3032 906 3071; x_wconf 82' lang='lat' dir='ltr'>duo,</span> <span class='ocrx_word' id='word_1_635' title='bbox 924 3031 979 3064; x_wconf 84' lang='lat' dir='ltr'>sci-</span> 
     </span>
    </p>
   </div>
   <div class='ocr_carea' id='block_1_9' title="bbox 102 3194 983 3229">
    <p class='ocr_par' dir='ltr' id='par_1_24' title="bbox 102 3194 983 3229">
     <span class='ocr_line' id='line_1_88' title="bbox 102 3194 983 3229; baseline 0.001 -9"><span class='ocrx_word' id='word_1_636' title='bbox 102 3194 109 3210; x_wconf 87' lang='lat'><strong>¹</strong></span> <span class='ocrx_word' id='word_1_637' title='bbox 130 3196 203 3221; x_wconf 81' lang='lat' dir='ltr'>Extra</span> <span class='ocrx_word' id='word_1_638' title='bbox 223 3196 266 3222; x_wconf 88' lang='lat' dir='ltr'>lib.</span> <span class='ocrx_word' id='word_1_639' title='bbox 286 3198 316 3222; x_wconf 73' lang='lat' dir='ltr'>V.</span> <span class='ocrx_word' id='word_1_640' title='bbox 337 3197 372 3221; x_wconf 84' lang='lat' dir='ltr'>tit.</span> <span class='ocrx_word' id='word_1_641' title='bbox 393 3197 433 3221; x_wconf 83' lang='lat'>38.</span> <span class='ocrx_word' id='word_1_642' title='bbox 455 3203 475 3221; x_wconf 89' lang='grc'>6.</span> <span class='ocrx_word' id='word_1_643' title='bbox 498 3197 545 3228; x_wconf 83' lang='grc'>16,</span> <span class='ocrx_word' id='word_1_644' title='bbox 567 3196 611 3221; x_wconf 92' lang='lat' dir='ltr'>ubi</span> <span class='ocrx_word' id='word_1_645' title='bbox 631 3197 655 3221; x_wconf 91' lang='lat' dir='ltr'>in</span> <span class='ocrx_word' id='word_1_646' title='bbox 679 3199 748 3222; x_wconf 78' lang='lat' dir='ltr'>textu</span> <span class='ocrx_word' id='word_1_647' title='bbox 772 3197 889 3228; x_wconf 82' lang='lat' dir='ltr'>originali</span> <span class='ocrx_word' id='word_1_648' title='bbox 912 3196 983 3229; x_wconf 87' lang='lat' dir='ltr'>(Gre-</span> 
     </span>
    </p>
   </div>
   <div class='ocr_carea' id='block_1_10' title="bbox 34 3239 691 3404">
    <p class='ocr_par' dir='ltr' id='par_1_25' title="bbox 34 3239 691 3404">
     <span class='ocr_line' id='line_1_89' title="bbox 34 3239 509 3271; baseline 0.004 -8"><span class='ocrx_word' id='word_1_649' title='bbox 34 3244 87 3269; x_wconf 86' lang='lat' dir='ltr'>gor.</span> <span class='ocrx_word' id='word_1_650' title='bbox 100 3239 153 3270; x_wconf 65' lang='lat' dir='ltr'>IX.)</span> <span class='ocrx_word' id='word_1_651' title='bbox 174 3243 231 3271; x_wconf 89' lang='lat' dir='ltr'>post</span> <span class='ocrx_word' id='word_1_652' title='bbox 250 3242 279 3266; x_wconf 79' lang='lat' dir='ltr'>at</span> <span class='ocrx_word' id='word_1_653' title='bbox 299 3241 403 3266; x_wconf 81' lang='lat' dir='ltr'>additur</span> <span class='ocrx_word' id='word_1_654' title='bbox 422 3239 509 3266; x_wconf 80' lang='lat' dir='ltr'>etiam.</span> 
     </span>
     <span class='ocr_line' id='line_1_90' title="bbox 100 3282 449 3316; baseline 0.003 -9"><span class='ocrx_word' id='word_1_655' title='bbox 100 3282 111 3298; x_wconf 71' lang='lat'>²</span> <span class='ocrx_word' id='word_1_656' title='bbox 131 3283 193 3308; x_wconf 83' lang='lat' dir='ltr'>Edd.</span> <span class='ocrx_word' id='word_1_657' title='bbox 214 3285 335 3316; x_wconf 74' lang='lat' dir='ltr'>supplent</span> <span class='ocrx_word' id='word_1_658' title='bbox 353 3286 449 3310; x_wconf 69' lang='lat' dir='ltr'>lanicii.</span> 
     </span>
     <span class='ocr_line' id='line_1_91' title="bbox 101 3325 691 3359; baseline 0.003 -8"><span class='ocrx_word' id='word_1_659' title='bbox 101 3325 111 3342; x_wconf 78' lang='lat'>³</span> <span class='ocrx_word' id='word_1_660' title='bbox 132 3326 247 3352; x_wconf 78' lang='lat' dir='ltr'>Fortasse</span> <span class='ocrx_word' id='word_1_661' title='bbox 267 3327 456 3353; x_wconf 67' lang='lat' dir='ltr'>subsistendum</span> <span class='ocrx_word' id='word_1_662' title='bbox 478 3333 583 3359; x_wconf 80' lang='lat' dir='ltr'>coram,</span> <span class='ocrx_word' id='word_1_663' title='bbox 606 3328 647 3353; x_wconf 82' lang='lat' dir='ltr'>vel</span> <span class='ocrx_word' id='word_1_664' title='bbox 667 3334 691 3353; x_wconf 80' lang='lat' dir='ltr'>a.</span> 
     </span>
     <span class='ocr_line' id='line_1_92' title="bbox 103 3368 688 3404; baseline 0.002 -9"><span class='ocrx_word' id='word_1_665' title='bbox 103 3368 113 3385; x_wconf 77' lang='lat'><strong>⁴</strong></span> <span class='ocrx_word' id='word_1_666' title='bbox 132 3370 163 3395; x_wconf 91' lang='lat' dir='ltr'>lta</span> <span class='ocrx_word' id='word_1_667' title='bbox 184 3378 274 3397; x_wconf 74' lang='lat' dir='ltr'>omncs</span> <span class='ocrx_word' id='word_1_668' title='bbox 295 3372 384 3404; x_wconf 73' lang='lat' dir='ltr'>codd,</span> <span class='ocrx_word' id='word_1_669' title='bbox 405 3371 464 3397; x_wconf 83' lang='lat' dir='ltr'>edd.</span> <span class='ocrx_word' id='word_1_670' title='bbox 485 3372 577 3397; x_wconf 87' lang='lat' dir='ltr'>melius</span> <span class='ocrx_word' id='word_1_671' title='bbox 596 3378 688 3404; x_wconf 76' lang='lat' dir='ltr'>supra.</span> 
     </span>
    </p>
   </div>
   <div class='ocr_carea' id='block_1_11' title="bbox 1008 2404 1012 2997">
    <p class='ocr_par' dir='ltr' id='par_1_26' title="bbox 1008 2404 1012 2997">
     <span class='ocr_line' id='line_1_93' title="bbox 1008 2404 1012 2997; baseline 0 0"><span class='ocrx_word' id='word_1_672' title='bbox 1008 2404 1012 2997; x_wconf 95' lang='lat' dir='ltr'> </span> 
     </span>
    </p>
   </div>
   <div class='ocr_carea' id='block_1_12' title="bbox 1043 2398 2142 3075">
    <p class='ocr_par' dir='ltr' id='par_1_27' title="bbox 1043 2398 2142 2703">
     <span class='ocr_line' id='line_1_94' title="bbox 1043 2398 2129 2450; baseline 0.003 -20"><span class='ocrx_word' id='word_1_673' title='bbox 1043 2399 1114 2430; x_wconf 90' lang='lat' dir='ltr'>licet</span> <span class='ocrx_word' id='word_1_674' title='bbox 1138 2399 1237 2440; x_wconf 88' lang='lat' dir='ltr'>ipsius</span> <span class='ocrx_word' id='word_1_675' title='bbox 1261 2398 1497 2431; x_wconf 75' lang='lat' dir='ltr'>immissionem</span> <span class='ocrx_word' id='word_1_676' title='bbox 1522 2399 1571 2432; x_wconf 90' lang='lat' dir='ltr'>vel</span> <span class='ocrx_word' id='word_1_677' title='bbox 1595 2400 1846 2441; x_wconf 83' lang='lat' dir='ltr'>inspirationem,</span> <span class='ocrx_word' id='word_1_678' title='bbox 1872 2404 1901 2433; x_wconf 87' lang='lat' dir='ltr'>et</span> <span class='ocrx_word' id='word_1_679' title='bbox 1926 2404 1995 2442; x_wconf 86' lang='lat' dir='ltr'>post</span> <span class='ocrx_word' id='word_1_680' title='bbox 2010 2402 2129 2450; x_wconf 59' lang='grc' dir='ltr'>Ξῡξῗξζῑῑῡ-</span> 
     </span>
     <span class='ocr_line' id='line_1_95' title="bbox 1043 2444 2093 2494; baseline 0.003 -12"><span class='ocrx_word' id='word_1_681' title='bbox 1043 2450 1266 2483; x_wconf 86' lang='lat' dir='ltr'>immissionem</span> <span class='ocrx_word' id='word_1_682' title='bbox 1300 2452 1387 2484; x_wconf 88' lang='lat' dir='ltr'>verbi</span> <span class='ocrx_word' id='word_1_683' title='bbox 1421 2452 1553 2484; x_wconf 89' lang='lat' dir='ltr'>immissi</span> <span class='ocrx_word' id='word_1_684' title='bbox 1587 2452 1878 2490; x_wconf 75' lang='lat' dir='ltr'>cliiaslicatiouem,</span> <span class='ocrx_word' id='word_1_685' title='bbox 1915 2454 1995 2494; x_wconf 84' lang='lat' dir='ltr'>quae</span> <span class='ocrx_word' id='word_1_686' title='bbox 2087 2444 2093 2449; x_wconf 44' lang='lat'>⁵</span> 
     </span>
     <span class='ocr_line' id='line_1_96' title="bbox 1043 2504 1996 2546; baseline 0.002 -10"><span class='ocrx_word' id='word_1_687' title='bbox 1043 2504 1102 2536; x_wconf 83' lang='lat' dir='ltr'>fuit</span> <span class='ocrx_word' id='word_1_688' title='bbox 1126 2504 1164 2536; x_wconf 90' lang='lat' dir='ltr'>ab</span> <span class='ocrx_word' id='word_1_689' title='bbox 1189 2504 1350 2537; x_wconf 86' lang='lat' dir='ltr'>intellectu</span> <span class='ocrx_word' id='word_1_690' title='bbox 1374 2505 1518 2546; x_wconf 84' lang='lat' dir='ltr'>Caiphae.</span> <span class='ocrx_word' id='word_1_691' title='bbox 1544 2506 1578 2537; x_wconf 88' lang='lat' dir='ltr'>Et</span> <span class='ocrx_word' id='word_1_692' title='bbox 1602 2514 1673 2537; x_wconf 89' lang='lat' dir='ltr'>cum</span> <span class='ocrx_word' id='word_1_693' title='bbox 1698 2506 1830 2537; x_wconf 79' lang='lat' dir='ltr'>verbum</span> <span class='ocrx_word' id='word_1_694' title='bbox 1864 2506 1996 2538; x_wconf 88' lang='lat' dir='ltr'>haberet</span> 
     </span>
     <span class='ocr_line' id='line_1_97' title="bbox 1043 2557 2142 2608; baseline 0.002 -20"><span class='ocrx_word' id='word_1_695' title='bbox 1043 2557 1202 2598; x_wconf 85' lang='lat' dir='ltr'>duplicem</span> <span class='ocrx_word' id='word_1_696' title='bbox 1227 2557 1435 2595; x_wconf 87' lang='lat' dir='ltr'>intellectum,</span> <span class='ocrx_word' id='word_1_697' title='bbox 1460 2557 1578 2589; x_wconf 89' lang='lat' dir='ltr'>scilicet</span> <span class='ocrx_word' id='word_1_698' title='bbox 1601 2558 1770 2589; x_wconf 74' lang='lat' dir='ltr'>carnalem</span> <span class='ocrx_word' id='word_1_699' title='bbox 1789 2562 1818 2590; x_wconf 90' lang='lat' dir='ltr'>et</span> <span class='ocrx_word' id='word_1_700' title='bbox 1838 2558 2142 2608; x_wconf 57' lang='lat' dir='ltr'>v5p57&#39;il&#39;lba·¹{{1¹g³0{u{¹²·</span> 
     </span>
     <span class='ocr_line' id='line_1_98' title="bbox 1044 2602 2126 2651; baseline 0.002 -10"><span class='ocrx_word' id='word_1_701' title='bbox 1044 2609 1123 2648; x_wconf 75' lang='lat' dir='ltr'>lem,-</span> <span class='ocrx_word' id='word_1_702' title='bbox 1147 2610 1282 2651; x_wconf 88' lang='lat' dir='ltr'>Spiritus</span> <span class='ocrx_word' id='word_1_703' title='bbox 1306 2613 1432 2642; x_wconf 89' lang='lat' dir='ltr'>sanctus</span> <span class='ocrx_word' id='word_1_704' title='bbox 1456 2609 1586 2642; x_wconf 85' lang='lat' dir='ltr'>immisit</span> <span class='ocrx_word' id='word_1_705' title='bbox 1609 2610 1784 2642; x_wconf 88' lang='lat' dir='ltr'>secundum</span> <span class='ocrx_word' id='word_1_706' title='bbox 1802 2611 1993 2643; x_wconf 89' lang='lat' dir='ltr'>intellectum</span> <span class='ocrx_word' id='word_1_707' title='bbox 2122 2602 2126 2608; x_wconf 62' lang='grc'><em>’</em></span> 
     </span>
     <span class='ocr_line' id='line_1_99' title="bbox 1043 2661 1994 2703; baseline 0.002 -10"><span class='ocrx_word' id='word_1_708' title='bbox 1043 2661 1268 2703; x_wconf 74' lang='lat' dir='ltr'>spiritualem,</span> <span class='ocrx_word' id='word_1_709' title='bbox 1291 2665 1321 2693; x_wconf 86' lang='lat' dir='ltr'>et</span> <span class='ocrx_word' id='word_1_710' title='bbox 1345 2662 1412 2703; x_wconf 89' lang='lat' dir='ltr'>ipse</span> <span class='ocrx_word' id='word_1_711' title='bbox 1437 2662 1591 2694; x_wconf 87' lang='lat' dir='ltr'>intellexit</span> <span class='ocrx_word' id='word_1_712' title='bbox 1615 2662 1788 2694; x_wconf 89' lang='lat' dir='ltr'>secundum</span> <span class='ocrx_word' id='word_1_713' title='bbox 1815 2663 1994 2696; x_wconf 74' lang='lat' dir='ltr'>carnalem.</span> 
     </span>
    </p>

    <p class='ocr_par' dir='ltr' id='par_1_28' title="bbox 1043 2714 2139 2808">
     <span class='ocr_line' id='line_1_100' title="bbox 1043 2714 2139 2756; baseline 0.005 -11"><span class='ocrx_word' id='word_1_714' title='bbox 1043 2733 1085 2738; x_wconf 91' lang='lat'>-—</span> <span class='ocrx_word' id='word_1_715' title='bbox 1104 2715 1138 2746; x_wconf 87' lang='lat' dir='ltr'>Et</span> <span class='ocrx_word' id='word_1_716' title='bbox 1162 2714 1336 2746; x_wconf 88' lang='lat' dir='ltr'>secundum</span> <span class='ocrx_word' id='word_1_717' title='bbox 1362 2714 1446 2747; x_wconf 87' lang='lat' dir='ltr'>hunc</span> <span class='ocrx_word' id='word_1_718' title='bbox 1470 2714 1628 2756; x_wconf 87' lang='lat' dir='ltr'>duplicem</span> <span class='ocrx_word' id='word_1_719' title='bbox 1651 2715 1841 2748; x_wconf 88' lang='lat' dir='ltr'>intellectum</span> <span class='ocrx_word' id='word_1_720' title='bbox 1860 2717 1994 2749; x_wconf 86' lang='lat' dir='ltr'>verbum</span> <span class='ocrx_word' id='word_1_721' title='bbox 2010 2718 2139 2741; x_wconf 62' lang='lat' dir='ltr'>Nfflassdum·</span> 
     </span>
     <span class='ocr_line' id='line_1_101' title="bbox 1043 2766 1992 2808; baseline 0.004 -10"><span class='ocrx_word' id='word_1_722' title='bbox 1043 2767 1187 2798; x_wconf 70' lang='lat' dir='ltr'>exterius</span> <span class='ocrx_word' id='word_1_723' title='bbox 1211 2766 1369 2808; x_wconf 82' lang='lat' dir='ltr'>duplicem</span> <span class='ocrx_word' id='word_1_724' title='bbox 1388 2767 1459 2799; x_wconf 85' lang='lat' dir='ltr'>facit</span> <span class='ocrx_word' id='word_1_725' title='bbox 1476 2767 1711 2808; x_wconf 83' lang='lat' dir='ltr'>intelligentiam</span> <span class='ocrx_word' id='word_1_726' title='bbox 1730 2768 1760 2799; x_wconf 93' lang='lat' dir='ltr'>in</span> <span class='ocrx_word' id='word_1_727' title='bbox 1777 2769 1992 2802; x_wconf 88' lang='lat' dir='ltr'>auditoribus:</span> 
     </span>
    </p>

    <p class='ocr_par' dir='ltr' id='par_1_29' title="bbox 1043 2819 1995 2914">
     <span class='ocr_line' id='line_1_102' title="bbox 1043 2819 1994 2862; baseline 0.004 -11"><span class='ocrx_word' id='word_1_728' title='bbox 1043 2829 1139 2851; x_wconf 87' lang='lat' dir='ltr'>unam</span> <span class='ocrx_word' id='word_1_729' title='bbox 1165 2819 1334 2851; x_wconf 77' lang='lat' dir='ltr'>carnalem</span> <span class='ocrx_word' id='word_1_730' title='bbox 1360 2820 1390 2851; x_wconf 89' lang='lat' dir='ltr'>in</span> <span class='ocrx_word' id='word_1_731' title='bbox 1414 2820 1554 2859; x_wconf 89' lang='lat' dir='ltr'>Iudaeis,</span> <span class='ocrx_word' id='word_1_732' title='bbox 1572 2825 1602 2852; x_wconf 89' lang='lat' dir='ltr'>et</span> <span class='ocrx_word' id='word_1_733' title='bbox 1626 2820 1718 2852; x_wconf 82' lang='lat' dir='ltr'>aliam</span> <span class='ocrx_word' id='word_1_734' title='bbox 1736 2821 1946 2862; x_wconf 66' lang='lat' dir='ltr'>..spiritualem</span> <span class='ocrx_word' id='word_1_735' title='bbox 1962 2823 1994 2855; x_wconf 91' lang='lat' dir='ltr'>in</span> 
     </span>
     <span class='ocr_line' id='line_1_103' title="bbox 1043 2873 1995 2914; baseline 0.004 -10"><span class='ocrx_word' id='word_1_736' title='bbox 1043 2873 1237 2905; x_wconf 70' lang='lat' dir='ltr'>Christianis.</span> <span class='ocrx_word' id='word_1_737' title='bbox 1263 2873 1297 2905; x_wconf 88' lang='lat' dir='ltr'>Et</span> <span class='ocrx_word' id='word_1_738' title='bbox 1329 2873 1502 2905; x_wconf 86' lang='lat' dir='ltr'>secundum</span> <span class='ocrx_word' id='word_1_739' title='bbox 1536 2873 1674 2914; x_wconf 81' lang='lat' dir='ltr'>primum</span> <span class='ocrx_word' id='word_1_740' title='bbox 1708 2874 1899 2907; x_wconf 85' lang='lat' dir='ltr'>intellectum</span> <span class='ocrx_word' id='word_1_741' title='bbox 1933 2885 1995 2908; x_wconf 90' lang='grc'><strong>11011</strong></span> 
     </span>
    </p>

    <p class='ocr_par' dir='ltr' id='par_1_30' title="bbox 1043 2926 1998 2968">
     <span class='ocr_line' id='line_1_104' title="bbox 1043 2926 1998 2968; baseline 0.003 -11"><span class='ocrx_word' id='word_1_742' title='bbox 1043 2926 1103 2958; x_wconf 85' lang='lat' dir='ltr'>suit</span> <span class='ocrx_word' id='word_1_743' title='bbox 1134 2926 1266 2958; x_wconf 86' lang='lat' dir='ltr'>verbum</span> <span class='ocrx_word' id='word_1_744' title='bbox 1300 2926 1565 2968; x_wconf 80' lang='lat' dir='ltr'>prophetationis,</span> <span class='ocrx_word' id='word_1_745' title='bbox 1599 2927 1652 2958; x_wconf 90' lang='lat' dir='ltr'>sed</span> <span class='ocrx_word' id='word_1_746' title='bbox 1685 2928 1937 2968; x_wconf 80' lang='lat' dir='ltr'>conspirationis;</span> <span class='ocrx_word' id='word_1_747' title='bbox 1967 2932 1998 2960; x_wconf 87' lang='lat' dir='ltr'>et</span> 
     </span>
    </p>

    <p class='ocr_par' dir='ltr' id='par_1_31' title="bbox 1045 2979 1998 3075">
     <span class='ocr_line' id='line_1_105' title="bbox 1045 2979 1997 3020; baseline 0.002 -10"><span class='ocrx_word' id='word_1_748' title='bbox 1045 2979 1089 3010; x_wconf 88' lang='lat' dir='ltr'>sic</span> <span class='ocrx_word' id='word_1_749' title='bbox 1103 2979 1328 3011; x_wconf 81' lang='lat' dir='ltr'>intellexerunt</span> <span class='ocrx_word' id='word_1_750' title='bbox 1345 2979 1449 3011; x_wconf 84' lang='lat' dir='ltr'>ludaei</span> <span class='ocrx_word' id='word_1_751' title='bbox 1468 2979 1712 3020; x_wconf 82' lang='lat' dir='ltr'>conspiratores;</span> <span class='ocrx_word' id='word_1_752' title='bbox 1730 2980 1903 3012; x_wconf 89' lang='lat' dir='ltr'>secundum</span> <span class='ocrx_word' id='word_1_753' title='bbox 1923 2990 1997 3013; x_wconf 82' lang='lat' dir='ltr'>vero</span> 
     </span>
     <span class='ocr_line' id='line_1_106' title="bbox 1046 3031 1998 3075; baseline 0.003 -12"><span class='ocrx_word' id='word_1_754' title='bbox 1046 3031 1222 3064; x_wconf 87' lang='lat' dir='ltr'>secundum</span> <span class='ocrx_word' id='word_1_755' title='bbox 1247 3031 1440 3064; x_wconf 88' lang='lat' dir='ltr'>intellectum</span> <span class='ocrx_word' id='word_1_756' title='bbox 1466 3031 1599 3064; x_wconf 84' lang='lat' dir='ltr'>verbum</span> <span class='ocrx_word' id='word_1_757' title='bbox 1632 3032 1690 3063; x_wconf 85' lang='lat' dir='ltr'>fuit</span> <span class='ocrx_word' id='word_1_758' title='bbox 1722 3041 1832 3064; x_wconf 87' lang='lat' dir='ltr'>verum</span> <span class='ocrx_word' id='word_1_759' title='bbox 1865 3036 1896 3065; x_wconf 88' lang='lat' dir='ltr'>et</span> <span class='ocrx_word' id='word_1_760' title='bbox 1930 3043 1998 3075; x_wconf 87' lang='lat' dir='ltr'>pro-</span> 
     </span>
    </p>
   </div>
   <div class='ocr_carea' id='block_1_13' title="bbox 1047 3196 1997 3361">
    <p class='ocr_par' dir='ltr' id='par_1_32' title="bbox 1118 3196 1997 3230">
     <span class='ocr_line' id='line_1_107' title="bbox 1118 3196 1997 3230; baseline 0.003 -10"><span class='ocrx_word' id='word_1_761' title='bbox 1118 3196 1129 3213; x_wconf 81' lang='grc'>5</span> <span class='ocrx_word' id='word_1_762' title='bbox 1148 3197 1239 3221; x_wconf 78' lang='lat' dir='ltr'>Psalm.</span> <span class='ocrx_word' id='word_1_763' title='bbox 1254 3197 1294 3227; x_wconf 79' lang='lat'>50,</span> <span class='ocrx_word' id='word_1_764' title='bbox 1310 3197 1333 3221; x_wconf 88' lang='grc'>6.</span> <span class='ocrx_word' id='word_1_765' title='bbox 1346 3210 1378 3213; x_wconf 93' lang='grc'>-</span> <span class='ocrx_word' id='word_1_766' title='bbox 1390 3197 1514 3227; x_wconf 83' lang='lat' dir='ltr'>Superius</span> <span class='ocrx_word' id='word_1_767' title='bbox 1528 3199 1586 3228; x_wconf 78' lang='lat' dir='ltr'>post</span> <span class='ocrx_word' id='word_1_768' title='bbox 1599 3196 1663 3222; x_wconf 72' lang='lat' dir='ltr'>(lare</span> <span class='ocrx_word' id='word_1_769' title='bbox 1681 3196 1738 3222; x_wconf 90' lang='lat' dir='ltr'>cod.</span> <span class='ocrx_word' id='word_1_770' title='bbox 1753 3197 1773 3221; x_wconf 91' lang='lat' dir='ltr'><strong>G</strong></span> <span class='ocrx_word' id='word_1_771' title='bbox 1791 3197 1895 3229; x_wconf 84' lang='lat' dir='ltr'>supplet</span> <span class='ocrx_word' id='word_1_772' title='bbox 1906 3198 1997 3230; x_wconf 74' lang='lat' dir='ltr'>polest.</span> 
     </span>
    </p>

    <p class='ocr_par' dir='ltr' id='par_1_33' title="bbox 1047 3239 1997 3316">
     <span class='ocr_line' id='line_1_108' title="bbox 1118 3239 1997 3274; baseline 0.002 -9"><span class='ocrx_word' id='word_1_773' title='bbox 1118 3241 1128 3257; x_wconf 75' lang='lat'>⁶</span> <span class='ocrx_word' id='word_1_774' title='bbox 1149 3242 1173 3265; x_wconf 95' lang='lat' dir='ltr'>ln</span> <span class='ocrx_word' id='word_1_775' title='bbox 1194 3241 1270 3266; x_wconf 85' lang='lat' dir='ltr'>codd.</span> <span class='ocrx_word' id='word_1_776' title='bbox 1291 3241 1310 3264; x_wconf 81' lang='lat' dir='ltr'>R</span> <span class='ocrx_word' id='word_1_777' title='bbox 1322 3241 1338 3265; x_wconf 86' lang='lat' dir='ltr'>S</span> <span class='ocrx_word' id='word_1_778' title='bbox 1350 3240 1384 3265; x_wconf 91' lang='lat' dir='ltr'>bb</span> <span class='ocrx_word' id='word_1_779' title='bbox 1405 3240 1508 3266; x_wconf 80' lang='lat' dir='ltr'>additur</span> <span class='ocrx_word' id='word_1_780' title='bbox 1526 3239 1736 3274; x_wconf 70' lang='lat' dir='ltr'>intelliqendam.</span> <span class='ocrx_word' id='word_1_781' title='bbox 1749 3256 1783 3260; x_wconf 86' lang='lat'>—</span> <span class='ocrx_word' id='word_1_782' title='bbox 1796 3242 1863 3267; x_wconf 86' lang='lat' dir='ltr'>Vide</span> <span class='ocrx_word' id='word_1_783' title='bbox 1882 3242 1997 3268; x_wconf 80' lang='lat' dir='ltr'>scholion</span> 
     </span>
     <span class='ocr_line' id='line_1_109' title="bbox 1047 3283 1419 3316; baseline 0 -7"><span class='ocrx_word' id='word_1_784' title='bbox 1047 3284 1080 3309; x_wconf 88' lang='lat' dir='ltr'>ad</span> <span class='ocrx_word' id='word_1_785' title='bbox 1103 3283 1299 3315; x_wconf 76' lang='lat' dir='ltr'>praecedentem</span> <span class='ocrx_word' id='word_1_786' title='bbox 1320 3288 1419 3316; x_wconf 83' lang='lat' dir='ltr'>quaest.</span> 
     </span>
    </p>

    <p class='ocr_par' dir='ltr' id='par_1_34' title="bbox 1117 3327 1642 3361">
     <span class='ocr_line' id='line_1_110' title="bbox 1117 3327 1642 3361; baseline 0.004 -9"><span class='ocrx_word' id='word_1_787' title='bbox 1117 3328 1128 3344; x_wconf 93' lang='lat'>⁷</span> <span class='ocrx_word' id='word_1_788' title='bbox 1148 3328 1214 3352; x_wconf 85' lang='lat' dir='ltr'>loan.</span> <span class='ocrx_word' id='word_1_789' title='bbox 1241 3328 1262 3352; x_wconf 95' lang='lat' dir='ltr'>ll</span> <span class='ocrx_word' id='word_1_790' title='bbox 1279 3348 1284 3359; x_wconf 95' lang='grc'><strong>,</strong></span> <span class='ocrx_word' id='word_1_791' title='bbox 1306 3327 1347 3352; x_wconf 81' lang='grc'>49.</span> <span class='ocrx_word' id='word_1_792' title='bbox 1367 3335 1439 3360; x_wconf 83' lang='lat' dir='ltr'>seqq.</span> <span class='ocrx_word' id='word_1_793' title='bbox 1459 3327 1509 3354; x_wconf 84' lang='lat' dir='ltr'>Csr.</span> <span class='ocrx_word' id='word_1_794' title='bbox 1531 3329 1578 3361; x_wconf 68' lang='lat'>118,</span> <span class='ocrx_word' id='word_1_795' title='bbox 1603 3328 1642 3354; x_wconf 67' lang='lat' dir='ltr'>lt.</span> 
     </span>
    </p>
   </div>
  </div>
 </body>
</html>
