2483 3882
454 242 518 273 822

543 329 571 359 Ξ.
597 328 686 365 Item,
716 334 840 367 semper
865 325 935 357 licet
963 324 1116 365 proficere
1144 323 1318 355 secundum
1348 326 1406 355 sta-

454 384 538 412 tum:
565 388 639 420 ergo
662 382 692 410 et
713 382 820 410 votum
845 377 884 409 de
901 377 982 408 bono
1006 376 1037 408 in
1064 375 1176 408 melius
1193 378 1404 414 commutare,

453 441 527 473 ergo
552 435 608 464 etc.

542 484 571 516 3.
596 484 688 520 Item,
713 482 738 514 si
762 481 833 523 quis
858 481 970 513 emittit
988 481 1051 513 duo
1076 484 1147 512 vota
1171 480 1405 522 incompossibi-

452 537 511 575 lia,
535 543 670 577 quorum
695 534 830 566 alterum
855 537 902 565 est
926 533 1113 574 perfectius,
1145 533 1274 574 impleto
1306 533 1405 573 perfe-

452 589 558 626 ctiori,
582 587 757 619 absolvitur
779 586 819 618 ab
843 586 918 624 alio,
941 586 1035 618 etiam
1064 585 1148 627 quod
1179 586 1269 627 prius
1297 586 1403 617 vovit:

451 650 526 682 ergo
549 644 606 672 etc.

539 694 569 725 li.
593 693 684 731 Item,
709 692 789 724 sicut
812 694 1035 724 testamentum
1059 694 1105 723 est
1126 691 1272 732 propriae
1297 691 1404 723 volun-

451 746 540 784 tatis,
564 745 607 777 ita
630 748 660 777 et
684 748 807 783 votum,
831 744 885 776 sed
911 744 996 783 licet,
1013 743 1166 785 quamdiu
1191 744 1285 776 bomo
1310 744 1402 783 vivit,

452 802 575 830 mutare
599 801 841 830 testamentum:
872 805 946 838 ergo
971 799 1001 828 et
1029 799 1138 828 votum
1162 797 1228 828 sine
1261 796 1346 828 omni
1372 796 1405 828 li-

452 851 561 883 centia.

806 944 1044 969 CONCLUSIO.

457 1026 570 1058 Votum
592 1029 695 1067 potest
727 1035 802 1057 eum
823 1024 970 1066 praelati
992 1023 1190 1055 auctoritaie
1224 1024 1354 1056 mutari
1376 1028 1405 1055 et

534 1083 671 1120 propter
699 1079 921 1110 necessitatem
946 1077 1226 1118 supervenientem
1258 1081 1286 1108 et
1306 1086 1403 1118 prop-

539 1136 586 1163 ter
606 1131 794 1173 perieulum
826 1130 1002 1162 imminens
1026 1133 1052 1161 et
1075 1133 1211 1171 propter
1241 1129 1403 1161 maiorem

540 1183 714 1215 utilitatem
737 1183 891 1215 voventis.

539 1273 737 1304 RESPONDEO:
756 1271 944 1309 Dicendum,
962 1270 1047 1312 quod
1064 1270 1135 1302 licet
1153 1274 1260 1301 votum
1285 1270 1402 1302 mutari

289 1334 403 1355 concinno
414 1334 433 1355 1.
450 1334 491 1357 ex
515 1334 623 1362 causa,
649 1324 727 1356 illud
745 1324 879 1362 scilicet,
903 1323 987 1365 quod
1007 1323 1116 1364 recipit
1141 1323 1402 1364 recompensatio-

449 1386 539 1415 nem;
564 1378 619 1409 sed
640 1386 701 1409 non
725 1386 766 1409 ex
784 1376 909 1408 levitate
935 1385 991 1408 nec
1016 1384 1054 1408 ex
1074 1376 1202 1417 propria
1228 1375 1402 1413 voluntate,

450 1439 545 1472 quam
563 1429 727 1470 obligavit,
745 1429 800 1462 sed
818 1438 859 1461 ex
877 1429 1060 1461 necessitate
1077 1429 1142 1461 sive
1160 1428 1307 1466 utilitate,
1330 1437 1402 1460 cnm

448 1482 580 1523 praelati
597 1482 795 1520 auctoritate3
814 1485 946 1523 excepto
963 1485 1035 1513 voto
1052 1481 1224 1522 religionis,
1243 1480 1292 1512 vel
1309 1481 1403 1513 etiam

449 1539 550 1567 status
570 1535 781 1576 perfectioris,
800 1535 829 1566 in
847 1535 931 1576 quod
955 1538 1056 1576 potest
1079 1534 1165 1581 alind
1187 1537 1296 1565 votum
1323 1542 1404 1565 com-

449 1588 565 1620 mutari
591 1588 657 1620 sine
678 1587 807 1629 praelati
827 1587 964 1626 licentia,
990 1587 1063 1628 quia
1087 1590 1216 1628 propter
1233 1586 1281 1619 sui
1306 1586 1404 1627 digni-

449 1644 544 1672 tatem
571 1640 725 1672 licentiam
752 1640 827 1672 dant
851 1640 921 1671 inra
940 1639 960 1670 ¹.
985 1640 1101 1671 Sanum
1133 1643 1235 1672 tamen
1264 1643 1311 1671 est
1335 1648 1403 1671 con-

450 1693 570 1732 silium,
595 1693 679 1734 quod
705 1693 758 1725 fiat
775 1692 948 1734 superioris
964 1692 1164 1731 auctoritate,
1188 1692 1243 1724 ubi
1262 1701 1321 1724 non
1340 1701 1403 1724 cre-

451 1744 547 1783 ditur,
569 1745 652 1786 quod
677 1744 883 1783 contradicat,
900 1753 939 1776 ne
964 1744 1109 1776 videatur
1126 1753 1167 1775 ex
1192 1743 1317 1776 levitate
1334 1753 1402 1785 pro-

450 1798 561 1830 cedere
587 1801 617 1829 et
640 1798 856 1830 auctoritatem
882 1797 1054 1838 superioris
1079 1800 1288 1829 contemnere.

1214 236 1498 269 SENTENTIARUM
1522 236 1589 267 LIB.
1614 236 1660 269 lV.

1558 322 1645 355 Ratio
1669 326 1789 362 autem,
1806 332 1904 365 quare
1928 323 1999 356 iicet
2015 327 2123 356 votum
2148 328 2271 357 mutare
2291 328 2321 357 et
2338 333 2416 357 com·
2430 326 2483 367 0013„

1470 378 1611 414 mutare,
1636 379 1683 408 est
1714 379 1842 417 propter
1873 376 2094 408 necessitatem
2123 377 2417 417 supervenientem,

1470 427 1519 459 vel
1544 431 1672 468 propter
1695 427 1900 468 perieulum,
1925 428 2009 469 quod
2027 428 2168 460 imminet
2191 429 2371 471 frequenter
2388 430 2418 462 in

1470 479 1702 519 observatione,
1726 480 1776 512 vel
1793 484 1922 522 propter
1946 480 2107 512 maiorem
2125 480 2299 513 utilitatem
2323 486 2353 513 et
2369 491 2419 514 vo-

1470 532 1570 564 ventis
1593 536 1623 565 et
1647 533 1792 565 aliorum.
1817 533 1849 564 In
1874 533 1923 565 bis
1947 533 2029 565 enim
2055 533 2135 565 ratio
2158 537 2244 565 recta
2268 537 2298 566 et
2315 534 2419 566 divina

1470 585 1638 617 illustratio
1654 586 1816 618 manifeste
1833 586 1961 625 clamat,
1986 586 2070 627 quod
2087 594 2144 628 per
2168 586 2373 625 mediatorem
2390 590 2419 619 et
2452 614 2455 617 t

1469 641 1707 679 procuratorem
1740 638 1852 670 debeat
1879 642 1910 670 et
1942 638 2238 679 possitprovideri,
2269 642 2305 670 ut
2336 639 2419 671 Deus
2472 605 2483 670 μ

1469 699 1529 721 non
1547 689 1777 729 damnificetur,
1801 699 1858 722 nec
1879 690 1936 723 iste
1959 691 2164 732 periclitetur,
2182 691 2213 723 in
2237 700 2299 732 quo
2317 694 2346 723 et
2363 691 2419 723 iste

1469 742 1578 774 debuit
1603 742 1735 781 salvari,
1760 746 1789 775 et
1822 743 1905 775 Deus
1929 743 2095 782 honorari,
2123 747 2153 775 et
2177 746 2306 785 propter
2334 743 2418 785 quod

1469 798 1578 826 votum
1602 794 1782 826 ordinatum
1812 799 1859 827 est
1890 794 1967 827 fieri.
1994 796 2028 827 Et
2060 795 2129 828 ideo
2158 804 2199 827 ex
2230 796 2290 827 hoc
2318 799 2419 837 potest

1469 848 1595 879 mutari.

1558 900 1647 941 Quod
1672 903 1776 932 tamen
1807 900 1913 932 obiicit
1938 901 1976 933 tle
2001 904 2203 939 testamento,
2227 910 2288 933 non
2313 905 2359 933 est
2383 901 2420 933 si·
2433 898 2483 942 Mi

1470 952 1559 991 mile,
1584 953 1657 994 quia
1682 957 1901 985 testamentum
1928 963 1989 985 non
2014 953 2147 995 obligat,
2172 958 2207 986 ut
2231 958 2348 986 votum.
2467 943 2474 958 ¹

1560 1007 1586 1037 i.
1612 1006 1654 1037 Ad
1680 1005 1759 1037 illud
1791 1006 1875 1047 quod
1907 1006 2053 1038 obiicitur
2077 1007 2116 1038 de
2148 1006 2282 1039 Levitico
2314 1015 2420 1039 secun·
2446 1017 2475 1048 soi

1469 1058 1545 1090 dum
1570 1058 1711 1090 Glossam
1725 1058 1736 1075 2
1755 1058 1941 1090 solvendum
1966 1063 2028 1091 est:
2044 1059 2187 1100 propria
2211 1059 2417 1091 auctoritate.
2433 1048 2483 1090 9⁰⁵¹}

1558 1112 1586 1143 ἓ.
1612 1110 1650 1143 3.
1666 1111 1695 1142 [ι.
1721 1111 1764 1142 Ad
1782 1111 1861 1143 illud
1886 1111 1970 1152 quod
1988 1111 2134 1143 obiicitur
2158 1111 2197 1143 de
2221 1111 2418 1151 Ecclesiaste,

1468 1164 1655 1202 dicendum,
1680 1164 1765 1205 quod
1792 1163 1869 1195 illud
1894 1164 2079 1205 intelligitur
2104 1164 2134 1196 in
2160 1173 2209 1203 se,
2243 1165 2292 1197 vel
2318 1165 2347 1196 in
2372 1174 2419 1198 ae-

1468 1216 1648 1258 quivalenti.
1661 1235 1706 1238 —
1721 1216 1754 1248 Et
1770 1225 1826 1257 per
1851 1216 1910 1248 boc
1927 1220 2013 1257 patet
2035 1217 2074 1249 de
2090 1217 2238 1255 veritate,
2262 1218 2336 1258 quia
2353 1226 2420 1250 con-

1468 1269 1577 1301 cordat
1600 1269 1739 1309 impletio
1763 1269 1978 1310 promissioni,
2001 1269 2077 1301 dum
2102 1269 2196 1301 datur
2217 1270 2418 1311 aequivalens

1468 1322 1522 1354 illi.
1539 1341 1583 1345 ——
1599 1322 1687 1362 Quod
1713 1331 1789 1354 vero
1814 1322 1888 1354 dicit
1912 1322 2092 1354 Bernartius
2116 1323 2155 1354 de
2179 1323 2420 1356 ascendentibus

1468 1375 1508 1407 ad
1532 1375 1674 1406 altiorem
1700 1379 1830 1413 statum,
1849 1375 1959 1413 credo,
1978 1375 2060 1416 quod
2079 1375 2194 1407 dicitur
2218 1375 2418 1408 consulendo.

1558 1429 1585 1459 5.
1611 1428 1654 1460 Ad
1679 1428 1757 1459 illud
1783 1428 1866 1469 quod
1892 1427 2038 1460 obiicitur
2063 1428 2174 1459 ultimo
2198 1428 2237 1460 de
2260 1429 2418 1461 matrimo-

1469 1481 1534 1519 nio,
1553 1480 1754 1519 solvendum,
1777 1480 1861 1522 quod
1880 1490 1940 1512 non
1965 1484 2011 1512 est
2028 1481 2142 1513 simile:
2167 1481 2241 1522 qnia
2258 1481 2418 1521 vinculum

1470 1533 1659 1565 matrimonii
1685 1533 1759 1574 ligat
1790 1542 1851 1564 non
1880 1536 2000 1564 tantum
2026 1533 2145 1565 ratione
2168 1533 2419 1574 promissionis,

1468 1586 1523 1618 sed
1548 1586 1641 1617 etiam
1672 1584 1929 1627 sigmiftcationis
1957 1585 2001 1617 rei
2035 1585 2228 1624 insolubilis,
2260 1586 2290 1617 in
2323 1595 2418 1628 quam

1467 1638 1555 1670 nulia
1571 1642 1672 1680 potest
1689 1638 1858 1670 auctoritas
1873 1638 1893 1669 ³.
1907 1657 1951 1661 —
1963 1638 2161 1676 Praeterea,
2179 1648 2240 1670 non
2257 1643 2304 1671 est
2319 1648 2419 1671 unum

1467 1691 1704 1723 matrimonium
1729 1691 1842 1723 melius
1866 1690 1941 1729 alio,
1966 1691 2046 1723 sicut
2070 1695 2193 1730 votum3
2217 1695 2248 1723 et
2272 1692 2340 1724 ideo
2357 1701 2418 1723 non

1467 1744 1615 1785 competit
1645 1743 1882 1776 matrimonium
1918 1745 2092 1785 permutari
2124 1753 2181 1776 nec
2213 1745 2418 1784 commutari,

1467 1797 1547 1829 sicut
1571 1796 1718 1838 competit
1742 1795 1781 1827 de
1806 1800 1876 1827 voto
1891 1796 1912 1826 ⁴³.

2476 801 2480 867 ἰ

1310 1920 1493 1962 Quaestio
1519 1921 1563 1951 in.

945 2018 1062 2050 Uti-um
1087 2018 1246 2049 Summus
1271 2016 1427 2059 Pontifea·
1449 2017 1553 2058 possit
1577 2016 1768 2058 dispensare
1792 2016 1827 2048 iii
1851 2020 1932 2048 voto.

537 2130 640 2162 Tertio
664 2130 828 2171 quaeritur
853 2129 891 2161 de
915 2129 1104 2170 obligatione
1132 2129 1194 2161 voti
1225 2129 1254 2160 in
1280 2138 1402 2170 compa-

448 2183 568 2215 ratione
584 2183 624 2214 ad
642 2182 920 2223 dispensationem,
942 2185 971 2214 et
988 2181 1162 2223 quaeritur,
1180 2184 1288 2213 utrum
1315 2181 1401 2213 Sum-

447 2244 520 2268 mus
537 2235 676 2268 Pontifex
694 2235 791 2276 possit
815 2235 998 2276 dispensare
1016 2234 1047 2265 in
1064 2237 1144 2266 voto.
1172 2234 1204 2266 Et
1222 2233 1306 2275 quod
1326 2243 1401 2271 iton,

447 2287 590 2320 videtur:

540 2341 566 2371 t.
591 2339 670 2381 Quia
694 2339 801 2371 Glossa
826 2348 922 2381 super
946 2339 1025 2371 illud
1047 2338 1159 2371 Psalmi
1175 2338 1203 2370 ⁵:
1236 2339 1345 2370 Vooete
1374 2342 1403 2370 et

315 2405 377 2430 Arse·
395 2393 572 2429 proreclctite
596 2397 669 2426 ete:
701 2393 874 2425 «Reddere
898 2396 945 2424 est
969 2392 1162 2424 necessitatis
1179 2404 1214 2431 »3
1238 2391 1293 2423 sed
1318 2391 1401 2423 circa

297 2432 357 2460 parte
371 2435 434 2456 nega-

297 2459 347 2477 tiva.

448 2456 484 2480 ea
508 2455 589 2488 quae
613 2449 686 2478 sunt
710 2446 749 2478 de
777 2445 961 2478 necessitate
985 2445 1113 2483 salutis,
1138 2453 1199 2476 non
1234 2447 1335 2486 potest
1358 2444 1401 2476 di-

448 2499 606 2541 spensari:
631 2508 706 2540 ergo
730 2502 790 2531 etc.

536 2554 566 2584 02.
591 2552 682 2590 Item,
707 2551 855 2593 obligatio
879 2551 942 2582 voti
967 2554 1013 2583 est
1037 2550 1211 2582 secundum
1237 2550 1286 2582 ius
1314 2553 1401 2581 natu-

447 2605 528 2644 rale,
552 2605 637 2646 quod
661 2608 760 2646 patet,
784 2604 858 2645 quia
881 2603 965 2635 omni
992 2608 1132 2645 tempore
1161 2602 1320 2641 cucurrit3
1344 2602 1401 2635 sed

445 2658 586 2690 Pontifex
610 2667 672 2690 non
696 2661 798 2699 potest
818 2657 849 2688 in
870 2666 907 2689 ea
931 2665 1012 2698 quae
1037 2660 1110 2688 sunt
1126 2656 1205 2688 iuris
1229 2655 1399 2687 naturalis:

445 2720 520 2752 ergo
544 2714 601 2743 etc.

533 2763 561 2795 3.
587 2763 679 2801 item,
697 2761 902 2794 Bernardus³
927 2761 1015 2794 dicit:
1042 2761 1196 2802 quaedam
1215 2764 1288 2793 sunt
1312 2769 1400 2802 prae-

444 2818 534 2857 cepta
558 2815 689 2846 moralia
713 2815 834 2856 primae
858 2814 984 2846 tabulae
1008 2814 1185 2845 ordinantia
1213 2814 1253 2845 ad
1278 2813 1398 2852 Deum3

444 2868 600 2910 quaedam
625 2868 781 2900 secundae
806 2867 982 2899 ordinanti-a
1006 2867 1047 2898 ad
1070 2866 1274 2908 proximum,
1307 2875 1399 2908 quae-

443 2921 516 2953 dam
542 2920 763 2962 superaddita,
782 2923 816 2951 ut
833 2919 999 2951 canonicae
1017 2919 1191 2951 sanctiones
1215 2922 1245 2950 et
1269 2919 1394 2951 patrum

443 2974 594 3005 instituta.
620 2973 650 3004 [n
676 2973 786 3014 primis
811 2981 871 3003 non
896 2975 997 3013 potest
1022 2971 1205 3013 dispensare
1222 2979 1279 3002 nec
1304 2971 1398 3002 homo

1467 2137 1523 2160 nec
1548 2128 1649 2166 Deus3
1673 2128 1704 2159 in
1729 2128 1875 2160 secundis
1892 2137 1953 2160 non
1978 2128 2089 2167 bomo,
2107 2129 2162 2161 sed
2187 2128 2287 2168 Deus;
2305 2129 2335 2161 in
2360 2133 2420 2162 ter-

1467 2181 1517 2213 tiis
1541 2184 1571 2212 et
1596 2181 1690 2212 homo
1714 2184 1744 2212 et
1768 2180 1861 2212 Dens.
1886 2180 1973 2212 Ratio
1996 2184 2101 2212 autem
2128 2181 2222 2213 huius
2250 2185 2312 2213 est:
2345 2182 2419 2223 quia

1466 2237 1634 2274 praecepta
1669 2233 1790 2275 primae
1824 2233 1950 2265 tabulae
1986 2233 2166 2266 immediate
2202 2234 2348 2266 ordinant
2378 2235 2418 2267 ad

1468 2285 1580 2318 Deum:
1607 2285 1631 2317 si
1656 2294 1731 2327 ergo
1755 2289 1862 2318 votum
1889 2285 2069 2318 immediate
2092 2286 2130 2318 ad
2156 2286 2256 2319 Deum
2281 2287 2418 2326 ordinat,

1466 2338 1593 2370 videtur
1616 2341 1674 2370 etc.

1553 2392 1584 2423 li.
1609 2391 1702 2430 Item,
1720 2391 1771 2432 qui
1797 2400 1858 2422 non
1875 2391 1948 2423 facit
1972 2391 2058 2433 quod
2073 2392 2227 2433 promittit
2251 2393 2417 2432 mentitur;

1466 2444 1520 2476 sed
1545 2444 1626 2485 Papa
1651 2453 1711 2476 non
1735 2447 1836 2486 potest
1868 2444 2050 2486 dispensare
2074 2444 2105 2476 in
2130 2445 2309 2477 mendacio:
2343 2454 2419 2487 ergo

1466 2506 1523 2530 nec
1547 2497 1576 2529 in
1604 2501 1683 2529 voto.

1556 2551 1583 2581 5.
1620 2550 1714 2588 item,
1750 2550 1835 2591 quod
1861 2559 1921 2581 non
1946 2549 1977 2581 in
2001 2553 2073 2581 voto
2105 2550 2321 2582 continentiae
2353 2559 2418 2592 spe-

1466 2602 1599 2641 cialiter,
1625 2602 1766 2634 videtur:
1794 2602 1996 2635 Ecclesiastici
2022 2602 2173 2644 vigesimo
2190 2603 2318 2635 sexto⁷:
2347 2602 2418 2635 Nou

1465 2659 1510 2687 est
1535 2656 1637 2698 [liqna
1658 2655 1855 2697 ponderatio
1879 2655 2073 2687 continentis
2104 2655 2259 2687 animae:
2285 2656 2309 2688 si
2343 2664 2417 2697 ergo

1465 2708 1654 2740 continentia
1669 2708 1757 2740 nullo
1774 2709 1867 2740 modo
1885 2711 1985 2749 potest
2001 2709 2244 2750 recompensari,
2259 2712 2342 2750 patet
2359 2712 2416 2741 etc.

1554 2763 1583 2794 6.
1607 2761 1700 2800 item,
1725 2761 1810 2803 qnod
1839 2770 1895 2793 nec
1927 2761 1956 2793 in
1982 2764 2054 2793 voto
2081 2761 2309 2803 paupertatis,
2334 2762 2416 2794 vide-

1464 2818 1533 2853 tur,
1558 2815 1632 2856 qnia
1657 2814 1827 2856 perfectius
1858 2819 1905 2846 est
1929 2823 1986 2855 pro
2017 2813 2082 2846 Deo
2110 2814 2289 2847 mendicare
2320 2823 2416 2856 quam.

1464 2866 1642 2898 continere:
1672 2875 1746 2907 ergo
1779 2865 1948 2907 perfectius
1980 2869 2027 2898 est
2060 2870 2166 2898 votum
2201 2867 2413 2908 paupertatis:

1463 2927 1538 2959 ergo
1562 2918 1586 2950 si
1612 2918 1795 2959 dispensare
1820 2927 1879 2949 non
1905 2921 2007 2959 potest
2032 2918 2062 2950 in
2095 2921 2166 2950 voto
2190 2918 2413 2957 continentiae,

1463 2979 1520 3003 nec
1542 2971 1747 3012 paupertatis.

520 3148 527 3164 ¹
548 3148 608 3175 Can.
628 3148 786 3182 Seripturae
805 3148 863 3181 (4.),
884 3148 917 3173 X.
944 3148 976 3173 de
995 3148 1062 3173 Voto
1088 3150 1113 3173 et
1139 3149 1192 3173 voti
1221 3147 1400 3179 redemptione

448 3192 501 3223 (lib.
523 3193 558 3218 ΙΙΙ.
580 3194 615 3218 tit.
638 3192 701 3224 344.

516 3236 527 3252 ‘²
546 3237 621 3268 Ilugo
641 3237 673 3262 de
693 3238 718 3262 S.
739 3236 822 3262 Charo
847 3236 931 3266 Card„
952 3237 975 3260 in
1006 3236 1074 3261 hunc
1097 3236 1157 3268 loc.‚
1180 3236 1293 3268 glossam
1324 3237 1398 3261 istam

448 3280 539 3304 afferre
562 3280 666 3305 videtur
691 3281 795 3306 dicens:
816 3281 870 3305 Non
895 3283 980 3305 tamen
1006 3283 1049 3305 tua
1074 3281 1225 3305 auctoritate
1248 3281 1297 3305 hoc
1316 3279 1397 3313 [com-

448 3324 615 3348 mutationem
635 3325 688 3348 voti
707 3325 732 3348 in
752 3323 858 3357 meiius]
879 3323 959 3349 debes
980 3324 1079 3355 facere,
1101 3323 1147 3349 sed
1166 3325 1318 3355 superioris.

516 3366 526 3382 ³
546 3366 596 3391 Ct'r.
616 3374 695 3398 supra
715 3367 739 3392 cl.
760 3368 801 3392 26.
821 3375 843 3392 o.
865 3369 888 3392 2.
908 3375 933 3400 (1.
958 3369 978 3393 l.
1000 3370 1024 3393 et
1043 3368 1068 3393 d.
1089 3368 1130 3393 27.
1150 3375 1172 3393 a.
1194 3368 1218 3393 3.
1240 3375 1264 3400 q.
1290 3368 1309 3392 1.
1326 3375 1379 3400 seq.

1536 3147 1546 3164 ⁴
1567 3148 1632 3173 Vide
1651 3148 1765 3173 scholion
1786 3147 1820 3173 ad
1840 3147 2038 3179 praecedentem
2059 3151 2157 3179 quaest.

1535 3191 1546 3208 5
1565 3192 1656 3217 Psalm.
1676 3192 1724 3224 75,
1745 3192 1785 3216 112.
1800 3206 1833 3209 —
1847 3192 1964 3217 Glossam
1984 3191 2045 3216 vide
2064 3198 2143 3222 supra
2163 3198 2223 3222 pag.
2238 3191 2302 3222 816,
2317 3193 2376 3216 nota
2389 3190 2412 3215 5.

1533 3236 1544 3252 ⁶
1564 3236 1631 3261 Libr.
1652 3236 1684 3261 de
1704 3237 1843 3267 Praecepto
1862 3238 1886 3260 et
1905 3235 2045 3267 dispensat.
2067 3242 2088 3260 c.
2109 3236 2132 3260 2.
2152 3238 2176 3260 et
2196 3235 2219 3261 3.

1533 3280 1544 3296 ⁷
1565 3280 1637 3305 Vers.
1658 3281 1704 3305 20:
1725 3279 1814 3305 Omnis
1833 3283 1919 3305 autem
1938 3279 2090 3310 ponderatio
2110 3285 2159 3304 non
2180 3282 2218 3304 est
2237 3278 2315 3310 digna
2335 3278 2413 3303 conti-

1464 3324 1546 3349 nentis
1565 3325 1674 3349 animae.
