2483 3882
0 1223 66 1246 testio-

0 1960 59 1983 idum.

0 2240 50 2274 ne'st.

0 2544 58 2564 [2082.

662 231 756 263 DlST.
781 214 878 263 XLIX.
901 232 932 263 P.
957 231 976 263 Ι.
1002 231 1083 264 ART.
1110 231 1240 264 UNlCUS
1264 231 1416 272 QUAEST.
1442 232 1476 265 V.

87 328 192 358 mum,
217 319 300 361 quod
325 322 410 351 amat
425 331 459 351 n:
484 328 559 361 ergo
583 319 718 358 videtur,
743 319 827 361 quod
852 322 974 351 tantum
999 319 1038 352 sit

87 373 117 405 in
141 375 213 404 actu
236 371 385 403 motivae.

173 425 203 456 [ι.
228 424 321 462 ltem,
346 424 552 465 Augustinus,
576 423 688 456 ultimo
712 424 751 456 de
774 423 903 456 Civitate
931 424 986 457 Dei
1006 424 1034 456 ¹:

92 476 329 514 «Videbimus,
361 476 560 514 amabimus,
593 475 849 515 laudabimus»,
881 476 930 509 isti
962 480 1036 509 sunt

85 533 173 563 actus
197 528 335 570 gloriae;
367 529 479 570 quodsi
505 528 696 561 sufficienter
727 537 780 561 eos
811 533 957 562 numerat
979 530 1036 562 Au-

86 583 246 625 gustinus,
270 585 300 614 et
325 581 374 613 hic
398 584 445 613 est
469 581 577 613 nullus
593 584 681 614 actus
706 582 884 614 memoriae
907 591 964 615 nec
980 592 1036 624 po-

86 634 202 666 tentiae
225 632 406 665 irascibilis
414 645 426 670 ;
449 636 533 674 patet
556 636 613 665 etc.

174 688 202 718 ὃ.
227 686 320 724 Item,
344 685 433 718 dotes
463 685 702 726 distinguuntur
727 694 822 727 penes
853 690 942 719 actus
973 687 1035 728 glo-

84 741 166 778 riae;
190 739 243 771 sed
266 738 347 771 duae
370 738 571 779 assignantur
587 746 682 780 penes
706 742 810 771 actum
828 739 988 772 rationalis
1005 742 1035 772 et

84 790 351 833 concupiscibilis,
377 790 493 823 scilicet
518 791 595 823 visio
618 795 649 823 et
672 791 812 824 dilectio:
839 801 913 833 ergo
942 792 967 824 si
992 792 1036 824 di-

84 845 288 887 stinguuntur
311 843 434 885 aliquae
459 852 554 885 penes
577 847 666 876 actus
690 844 860 876 memoriae
885 848 915 876 et
932 845 1034 877 irasci-

82 898 172 937 bilis,
197 901 271 929 tunc
306 899 399 928 erunt
421 900 566 938 quatuor
594 896 700 935 dotes;
735 897 821 939 quod
855 900 902 929 est
926 901 1033 930 contra

83 951 222 984 omnium
238 949 248 964 ²
273 949 468 991 opinionem;
493 958 553 981 non
578 949 660 981 enim
685 953 847 991 ponuntur
875 950 933 982 nisi
958 954 1031 983 tres.

172 1004 200 1035 6.
225 1002 372 1034 Similiter
400 1001 583 1043 opponitur,
607 1002 718 1043 quodsi
756 1006 914 1043 ponantur
945 1006 1034 1036 actus

80 1056 197 1098 gloriae
222 1055 395 1087 secundum
421 1063 529 1086 omnes
553 1055 701 1093 virtutes,
726 1055 810 1096 quod
842 1058 917 1087 tunc
940 1059 1034 1088 erunt

79 1113 197 1151 septem
215 1108 236 1139 ³.

168 1160 337 1202 Quaeritur
362 1168 454 1201 ergo,
485 1168 584 1201 quare
611 1163 700 1192 actus
728 1160 852 1201 gloriosi
878 1161 1034 1202 appellan-

80 1217 132 1246 tur
157 1213 265 1250 clotes;
288 1216 318 1244 et
335 1220 433 1253 quare
458 1215 578 1243 tantum
605 1216 670 1243 tres
695 1212 773 1251 sint;
797 1217 828 1244 et
845 1222 939 1254 penes
956 1214 1032 1255 quid

79 1266 274 1307 accipiantur
298 1269 329 1297 et
353 1265 606 1306 distinguantur3
631 1268 661 1297 et
685 1273 757 1297 cum
782 1265 857 1297 lotus
881 1266 920 1298 sit
944 1270 1032 1299 actus

80 1318 218 1350 maxime
243 1317 416 1359 gloriosus,
442 1317 616 1349 secundum
639 1317 723 1359 quod
748 1317 863 1350 dicitur
887 1327 983 1359 super
1001 1319 1033 1350 il-

79 1371 134 1403 lud
159 1370 270 1403 Psalmi
286 1370 313 1401 ⁴:
340 1369 489 1401 Laudate
517 1369 714 1408 Dominum,
738 1371 896 1412 quoniam
929 1370 1032 1403 bonus

78 1428 124 1456 est
143 1423 316 1465 psalmus,·
340 1426 468 1464 propter
492 1423 568 1464 quid
594 1432 654 1454 non
679 1427 725 1455 est
749 1423 831 1455 dos?

436 1536 674 1560 CONCLUSIO.

78 1635 264 1667 Secundum
292 1638 357 1666 tres
381 1638 476 1666 actus
496 1633 640 1676 gloriae,
657 1633 780 1666 scilicet
800 1634 956 1666 visionem
978 1644 1030 1676 po-

166 1687 283 1719 tentiae
323 1686 523 1724 rationalis,
558 1695 706 1718 amorem
743 1687 1027 1728 concupiscibilis,

165 1738 480 1781 comprehensionem
498 1739 566 1770 sive
588 1739 758 1771 tentionem
782 1739 963 1771 irascibilis
980 1750 1030 1772 cis-

165 1792 345 1834 siynantur
371 1796 435 1823 tres
461 1795 589 1823 tantum
615 1792 702 1823 dotes
726 1792 868 1824 animae.

165 1898 363 1930 Ruspounuo:
390 1897 432 1929 Ad
461 1897 695 1938 intelligentiam
728 1897 949 1930 obiectorum5
979 1907 1030 1930 no-

75 1950 227 1989 tandum,
253 1950 336 1992 quod
369 1953 458 1982 actus
489 1950 615 1991 gloriosi
648 1958 708 1981 non
735 1953 856 1982 tantum
892 1954 966 1982 sunt
998 1951 1028 1982 in

73 2004 178 2036 Deum
203 2007 239 2035 ut
263 2003 293 2034 in
320 2003 495 2041 obiectum,
520 2002 574 2034 sed
598 2002 692 2034 etiam
718 2002 749 2033 in
782 2002 867 2034 bonci
891 2007 1029 2040 erectum

75 2055 223 2098 gaudebit
247 2055 329 2088 enim
356 2055 449 2087 homo
473 2058 503 2087 et
526 2055 634 2095 diliget
659 2055 852 2096 proximum.
878 2055 937 2088 Sed
955 2055 1029 2097 quia

74 2107 290 2140 substantiale
314 2107 489 2149 praemium
508 2107 711 2140 beatitudinis
736 2107 765 2139 in
784 2108 849 2139 Deo
873 2108 1027 2147 consistit,

75 2161 145 2193 ideo
169 2164 257 2193 actus
282 2160 399 2201 gloriae
423 2160 611 2202 principales
636 2165 725 2196 sunt.
751 2161 927 2193 secundum
949 2170 1028 2203 quos

75 2215 179 2246 anima
203 2214 396 2246 convertitur
421 2214 451 2245 in
477 2214 587 2245 Deum.
613 2214 647 2246 Et
664 2214 840 2246 secundum
865 2214 923 2245 bos
939 2218 1028 2246 actus

75 2267 162 2299 dotes
185 2267 396 2308 assignantur,
418 2267 492 2308 quia.
516 2267 691 2299 secundum
710 2267 767 2299 hos
791 2267 896 2298 anima
919 2267 1029 2299 unitur

73 2319 137 2352 Deo
162 2323 310 2361 tanquam
337 2328 451 2360 sponsa
468 2328 600 2360 sponso3
625 2319 703 2351 etin
729 2319 777 2351 bis
801 2319 920 2351 ditatur
936 2323 966 2351 et
984 2328 1028 2351 re-

71 2372 186 2414 pletur,
211 2381 271 2404 non
299 2372 400 2404 solum
427 2372 598 2413 vigoratur.
624 2372 658 2404 Et
679 2372 749 2404 ideo
774 2372 924 2404 dicuntur
941 2372 1028 2403 clotes

71 2425 159 2467 quasi
186 2425 312 2457 divitiae
337 2424 459 2456 animae
484 2425 699 2466 desponsatae.

160 2477 219 2509 Hos
243 2481 348 2509 autem
373 2481 462 2509 actus
479 2477 608 2518 quidam
633 2477 743 2509 dicunt
760 2485 828 2509 esse
846 2481 927 2514 tres,
954 2476 1028 2518 quia

73 2530 132 2562 tria
156 2530 364 2572 requiruntur
388 2530 428 2562 ad
455 2530 529 2569 boc,
554 2530 638 2571 quod
664 2530 768 2561 anima
794 2529 927 2570 perfecte
956 2538 1029 2570 gau-

73 2582 145 2615 deat
168 2583 207 2615 de
231 2583 312 2621 Deo,
337 2583 455 2615 scilicet
485 2582 623 2625 perfecta
655 2583 757 2621 visiO,
790 2583 927 2624 perfecta
954 2582 1028 2614 clilc-

73 2635 136 2668 ctio
159 2638 190 2668 et
213 2635 350 2676 perfecta
376 2635 475 2677 ipsius
498 2634 628 2677 fruitio.
655 2636 689 2668 Et
713 2635 892 2667 fruitionem
919 2635 1028 2667 dicunt

1969 234 2050 265 1009

1103 328 1162 351 non
1187 327 1255 351 esse
1280 319 1454 351 secundum
1478 319 1572 351 aliam
1597 320 1766 361 potentiam
1787 329 1882 361 quam
1907 321 2053 353 rationa-

1102 370 1163 403 lem
1186 374 1217 404 et
1241 371 1533 413 concupiscibilem.
1558 372 1633 404 Nam
1659 372 1840 405 irascibilis
1863 382 1925 405 non
1958 373 2052 405 babet

1102 423 1143 455 ibi
1168 427 1273 455 actum
1298 424 1328 455 in
1352 424 1476 462 Deum,
1500 424 1595 456 habet
1627 428 1729 457 tamen
1758 425 1894 467 aliquem
1928 429 2051 464 actum,

1101 475 1218 508 scilicet
1239 475 1387 518 yloriari
1402 485 1458 518 per
1485 477 1629 516 virtutes,
1647 486 1726 519 quae
1744 481 1870 510 manent
1886 479 1917 510 in
1935 479 2010 520 ipsa
2024 478 2050 516 ὅς

1101 532 1204 560 manet
1227 528 1310 560 enim
1334 538 1424 560 amor
1454 533 1485 561 et
1508 530 1668 562 fortitudo.
1696 549 1738 553 —
1766 531 1824 562 Sed
1850 531 1908 562 ista
1940 531 2051 572 positio
2064 540 2111 562 uon
2122 542 2197 568 proba-

1101 580 1269 622 dupliciter
1304 581 1428 614 videtur
1465 582 1691 624 incompetens:
1730 583 1867 624 primum
1904 583 2046 625 quidem,
2111 570 2151 588 ‘'¹‘'

1100 633 1174 675 quia
1191 637 1265 666 tunc
1290 634 1380 666 tertia
1396 634 1452 666 dos
1477 644 1538 667 non
1563 635 1667 667 differt
1691 644 1708 667 a
1736 636 1838 677 prima
1861 640 1892 668 et
1913 637 2051 669 secunda

1100 686 1158 718 nisi
1182 687 1362 718 secundum
1379 687 1562 725 rationeim
1586 692 1616 720 et
1640 688 1697 720 hoc
1715 688 1846 720 stultum
1872 693 1918 721 cst
1935 689 2049 721 dicere.

1100 738 1164 770 Alia
1191 738 1241 770 via
1265 738 1391 771 videtur
1409 740 1641 779 inconveniens,
1663 740 1778 772 scilicet
1800 741 1883 783 quod
1901 741 2050 774 irascibi-

1100 790 1140 823 lis
1156 800 1216 823 non
1239 791 1352 823 babeat
1371 792 1399 823 in
1425 792 1523 833 gloria
1546 796 1651 824 actum
1678 793 1856 825 tendentem
1880 794 1909 825 in
1935 794 2049 833 Deum,

1100 854 1171 877 cum
1196 845 1227 876 in
1244 846 1294 877 via
1318 845 1431 877 babeat
1451 855 1558 886 spem,
1584 855 1640 887 per
1664 847 1754 878 cuius
1774 851 1878 879 actum
1906 847 2002 880 tendit
2020 848 2049 879 in

1099 897 1209 930 Deum.

1191 950 1223 982 Et
1254 949 1324 982 ideo
1351 950 1442 982 aliter
1473 951 1660 991 dicendum,
1692 952 1776 993 quod
1809 962 1917 985 omnes
1949 954 2140 993 vires‚0p1nio
2154 961 2174 982 2-

1099 1010 1179 1042 quae
1204 1001 1319 1033 babent
1335 1010 1392 1043 per
1415 1002 1547 1043 gratiam
1568 1006 1673 1035 actum
1698 1003 1728 1035 in
1746 1004 1863 1042 Deum,
1888 1005 2049 1037 habebunt

1098 1062 1156 1095 per
1179 1053 1310 1095 gloriam
1343 1058 1431 1087 actus
1455 1055 1625 1096 perfectos,
1657 1057 1816 1088 evacuatis
1850 1057 2048 1098 imperfectis.

1100 1107 1185 1139 Unde
1201 1107 1388 1145 rationalis,
1416 1108 1507 1140 cuius
1530 1112 1577 1140 est
1594 1108 1686 1140 modo
1710 1109 1840 1141 credere
1861 1119 1916 1151 per
1939 1110 2047 1149 tidem,

1099 1162 1173 1191 tunc
1190 1159 1309 1192 videbit
1324 1164 1447 1201 aperte3
1460 1160 1738 1202 concupiscibilis,
1756 1162 1847 1194 cuius
1864 1166 1910 1194 est
1926 1172 2047 1203 amare,

1098 1211 1206 1253 diliget
1223 1215 1296 1244 tunc
1314 1212 1465 1253 perfecte;
1481 1212 1677 1251 irascibilis,
1695 1214 1786 1246 cuius
1803 1218 1849 1246 est
1865 1215 1942 1256 erigi
1960 1219 1990 1247 et
2006 1216 2049 1247 in-

1097 1264 1152 1296 niti
1178 1273 1234 1305 per
1258 1273 1364 1306 spem,
1389 1268 1463 1298 tunc
1488 1266 1604 1298 tenebit
1628 1266 1773 1299 continue
1798 1271 1827 1299 et
1843 1272 1936 1300 certe.
1963 1269 2048 1302 Unde
2063 1275 2181 1297 Conclusio.

1097 1317 1272 1349 secundum
1297 1318 1355 1349 hos
1380 1321 1442 1350 tres
1473 1322 1562 1351 actus
1586 1319 1825 1361 distinguuntur
1850 1324 1912 1353 tres
1944 1321 2048 1361 dotes,

1097 1369 1214 1402 scilicet
1237 1370 1332 1408 vism,
1358 1370 1496 1409 dilectio,
1514 1372 1752 1412 comprehensio
1777 1373 1842 1404 sive
1866 1374 1962 1405 tentio
1984 1375 2049 1406 sive

1095 1420 1216 1463 fruitio
1241 1431 1297 1464 per
1321 1423 1626 1464 appropriationem
1640 1436 1651 1461 ;
1679 1434 1750 1456 nam
1776 1425 1882 1457 fruitio
1907 1426 1965 1458 ista.
1991 1428 2047 1459 tria

1097 1474 1315 1515 complectitur
1330 1474 1350 1506 ⁷.

1184 1527 1228 1558 Ad
1246 1527 1323 1559 illud
1341 1536 1415 1569 ergo
1432 1528 1517 1569 quod
1541 1529 1696 1567 obiicitur,
1718 1530 1801 1571 quod
1819 1535 1907 1562 actus
1931 1531 2047 1572 gloriae
2090 1539 2124 1559 Aa
2138 1539 2157 1560 2.
2174 1539 2194 1560 3.

1096 1584 1169 1612 sunt
1193 1580 1318 1621 plures,
1343 1581 1416 1621 quia
1449 1581 1622 1613 secundum
1648 1591 1757 1614 omnes
1781 1583 1931 1621 virtutes3
1964 1587 2047 1625 patet
2062 1565 2195 1619 (ῗῗὲιῗῖῗροἶῗ

1096 1633 1273 1674 responsio:
1292 1633 1381 1674 quia,
1407 1634 1464 1665 etsi
1486 1634 1661 1666 secundum
1685 1643 1794 1667 omnes
1810 1636 1947 1667 virtutes
1972 1636 2046 1673 sint.

1097 1694 1156 1716 non
1181 1689 1284 1717 tamen
1311 1686 1485 1717 secuudum
1503 1695 1612 1718 omnes
1636 1686 1724 1717 dotes
1738 1687 1748 1701 Β
1766 1688 1974 1729 accipiuntur,
1991 1689 2046 1720 sed

1095 1738 1270 1770 secundum
1296 1747 1348 1770 eas
1372 1747 1452 1779 quae
1478 1738 1610 1771 tendunt
1635 1739 1814 1771 immediate
1840 1740 1869 1772 in
1892 1740 2002 1773 Deum.

1187 1791 1213 1821 1.
1239 1792 1268 1821 2.
1294 1790 1322 1821 3.
1348 1792 1390 1822 Ad
1417 1790 1494 1823 illud
1511 1791 1595 1833 quod
1620 1791 1780 1831 obiicitur,
1805 1793 1889 1834 quod
1907 1794 1985 1825 visio
2001 1797 2049 1825 est
2063 1802 2096 1823 Ad
2115 1803 2134 1822 1.
2150 1803 2170 1823 -2,
2186 1803 2206 1823 3.

1094 1846 1158 1874 tota
1183 1851 1320 1881 merces,
1338 1847 1368 1875 et
1393 1844 1590 1882 liuiusmodi3
1608 1844 1791 1883 dicendum,
1809 1845 1893 1886 quod
1919 1846 1966 1877 isti
1986 1850 2048 1878 tres
2076 1828 2103 1850 aa
2120 1835 2193 1856 ⁰⁰⁹⁰⁵'

1094 1898 1183 1927 actus
1207 1899 1280 1927 sunt
1304 1896 1430 1928 omnino
1455 1897 1622 1928 coniuncti
1645 1901 1674 1929 et
1696 1898 1857 1936 ominem,-
1885 1899 1969 1931 unde
1993 1900 2046 1940 qui

1094 1947 1230 1989 perfecte
1249 1948 1332 1980 videt
1354 1948 1488 1990 perfecte
1505 1953 1589 1981 amat
1613 1953 1642 1981 et
1659 1950 1770 1988 liabet3
1795 1954 1825 1982 et
1843 1951 1912 1983 ideo
1930 1951 1959 1982 in
1977 1951 2050 1983 San-

1094 2005 1216 2033 ctorum
1242 2001 1347 2033 verbis
1372 2010 1428 2043 per
1445 2002 1689 2041 connexionem,
1718 2003 1802 2044 quod
1820 2007 1866 2036 est
1888 2004 2047 2043 omnium,

1095 2054 1279 2086 attribuitur
1314 2055 1395 2092 tint}
1431 2055 1530 2096 magis
1566 2059 1670 2087 autem
1707 2056 1829 2088 visioni
1863 2057 2047 2089 attribuitur

1094 2110 1222 2149 propter
1247 2107 1319 2145 boc,
1337 2108 1422 2149 quod
1440 2108 1469 2139 in
1496 2108 1613 2140 visione
1631 2108 1835 2150 distinguitur
1858 2114 1967 2141 status
1989 2120 2046 2151 pct-

1095 2160 1180 2191 triae
1203 2169 1221 2191 a
1243 2164 1334 2191 statu
1351 2160 1445 2200 viae,-
1469 2169 1530 2192 nou
1548 2161 1591 2192 sic
1617 2161 1645 2192 in
1664 2161 1845 2198 dilectione,
1872 2162 1946 2203 quia
1963 2166 2046 2194 utro-

1094 2212 1188 2253 bique
1213 2212 1354 2249 dilectio⁷
1380 2213 1433 2244 sed
1459 2213 1488 2244 in
1514 2213 1615 2255 patria
1639 2218 1686 2245 est
1710 2214 1804 2252 visio,
1830 2224 1889 2245 non
1918 2215 1946 2246 in
1980 2215 2048 2250 via.

1094 2265 1148 2297 sed
1174 2265 1345 2297 credulitas
1369 2265 1407 2297 de
1432 2274 1492 2297 non
1519 2266 1585 2297 viso
1599 2265 1620 2297 ⁹.

1182 2318 1211 2349 li.
1231 2319 1259 2349 .“3.
1276 2319 1319 2350 Ad
1339 2318 1415 2350 illud
1434 2319 1518 2360 quod
1535 2319 1697 2351 obiicitur:
1712 2329 1810 2361 quare
1825 2329 1883 2352 non
1900 2325 1946 2352 est
1963 2330 2045 2353 unus
2061 2330 2093 2350 Ad
2104 2329 2150 2349 iz.
2163 2330 2207 2350 ran-

1093 2375 1181 2403 actus
1207 2379 1301 2412 penes
1325 2371 1544 2403 memoriam?
1561 2371 1748 2409 dicendum,
1773 2373 1858 2414 quod
1882 2375 2044 2406 memoria
2107 2356 2164 2376 (Μ’

1093 2432 1154 2454 non
1179 2423 1369 2455 reformatur
1396 2423 1519 2464 primo,
1545 2424 1598 2456 sed
1623 2434 1662 2455 ec
1690 2425 1896 2467 consequenti
1919 2434 1975 2466 per
1999 2435 2046 2457 re-

1093 2476 1309 2508 formationem
1336 2476 1518 2515 irascibilis3
1544 2477 1610 2518 ipsa
1641 2477 1724 2508 enini
1750 2477 1877 2509 minime
1903 2478 2042 2510 subiacet

1093 2528 1191 2560 libero
1214 2528 1362 2567 arbitrio.
1395 2532 1425 2560 et
1449 2528 1518 2560 ideo
1551 2533 1640 2561 actus
1672 2530 1740 2561 eius
1765 2530 1955 2562 reformatur
1989 2540 2043 2571 per

1093 2581 1346 2613 reformationem
1370 2581 1533 2613 irascibilis
1558 2582 1588 2613 in
1614 2582 1834 2615 reformatione
1849 2583 1984 2624 yrcitz'cte
1999 2583 2044 2621 ¹⁰,-

1092 2634 1136 2666 sic
1160 2637 1189 2665 et
1214 2634 1243 2665 in
1262 2634 1450 2675 perfectione
1464 2633 1601 2675 vqloriae.
1623 2634 1655 2666 Et
1676 2635 1755 2666 ratio
1772 2635 1868 2667 buius
1892 2640 1951 2674 est,
1969 2637 2043 2677 quia

143 2829 151 2845 ¹
171 2829 232 2862 Cap.
254 2831 296 2856 30.
318 2838 342 2856 n.
363 2831 394 2856 5:
419 2831 453 2856 lbi
473 2830 626 2856 vacabimus
645 2833 669 2856 et
689 2831 852 2863 videbimus,
877 2830 1027 2856 videbimus

71 2876 96 2898 et
115 2873 276 2906 amabimus,
298 2874 445 2899 amabimus
458 2878 482 2900 ct
502 2873 674 2899 laudabimus.
693 2889 728 2893 —
747 2874 853 2899 Inferius
867 2877 925 2906 post
938 2874 1028 2906 „litqu-

70 2915 156 2943 stinus
176 2917 234 2943 cod.
259 2918 277 2943 Ε
297 2918 367 2943 addit
395 2920 420 2944 et
447 2918 539 2951 Huqo,
562 2919 606 2951 qui
634 2919 660 2944 11.
688 2919 719 2944 sle
746 2919 860 2944 Sacram.
888 2926 912 2950 p.
939 2919 1025 2944 XVlll.

71 2967 93 2986 c.
115 2962 156 2987 22.
176 2961 268 2987 eadem
288 2962 369 2987 verba
384 2962 494 2988 exhibet.

141 3004 151 3021 ²
170 3004 252 3030 Codd.
273 3006 319 3030 EG
331 3006 336 3030 l
349 3006 367 3030 L
388 3012 566 3032 communem.

140 3047 151 3064 ³
170 3048 233 3074 Cod.
253 3056 283 3074 aa
297 3049 382 3075 addit:
395 3056 474 3082 penes
493 3050 546 3075 tres
558 3049 669 3075 virtutes
689 3048 849 3082 theotoyz'cas
867 3051 891 3075 et
909 3051 1028 3083 quatuor

72 3091 232 3118 cardinales.

142 3135 152 3152 ⁴
171 3137 263 3162 Psalm.
289 3137 350 3169 146,
372 3139 400 3168 fl,
422 3137 466 3163 ubi
487 3138 550 3162 Petr.
571 3137 711 3162 Lonibard.
726 3137 843 3162 Glossam
857 3138 922 3163 hanc
935 3144 1027 3163 sccun-

72 3179 135 3205 dum
155 3181 263 3212 August.
283 3181 319 3213 (in
340 3182 409 3206 hunc
428 3182 487 3213 loc.)
516 3181 606 3206 refert:
627 3181 704 3212 Quasi
735 3181 817 3207 dicat:
837 3181 896 3206 ideo
915 3181 1024 3213 laudate,

71 3224 194 3255 quoniam
223 3223 321 3249 bonum
350 3227 388 3250 est
416 3225 536 3256 laudare;
557 3226 613 3256 ipsa
642 3225 711 3249 enim
737 3224 793 3249 laus
813 3225 857 3249 Dei
876 3227 915 3250 est
939 3229 1026 3250 nostra

69 3266 228 3293 beatitudo...
249 3268 340 3294 Bonus
365 3275 428 3300 ergo
447 3269 487 3294 est
510 3267 648 3301 psalmas,
672 3269 733 3300 quia
752 3268 821 3293 bona
841 3272 879 3294 est
898 3269 953 3294 laus
972 3269 1026 3295 Dei.

69 3311 95 3335 ln
123 3311 199 3336 laude
221 3318 334 3345 namque
353 3312 398 3337 Dei
418 3313 473 3344 ipse
493 3315 565 3337 actus
583 3315 622 3337 est
651 3319 764 3343 merces,
792 3319 858 3344 quae
887 3317 911 3338 et
936 3313 960 3337 in
990 3313 1025 3338 fu-

72 3357 132 3380 turo
151 3356 205 3381 erit.

216 3407 244 3434 S.
263 3408 362 3434 Bonov.
383 3422 417 3426 —
437 3409 511 3434 Tom.
532 3408 573 3433 lV.

1163 2830 1174 2846 ⁵
1193 2829 1254 2854 Cod.
1277 2829 1312 2854 bb
1330 2829 1539 2862 praedictorum.

1163 2873 1174 2889 ⁶
1193 2874 1217 2898 ln
1238 2873 1294 2898 cod.
1316 2874 1334 2898 Α
1355 2874 1481 2898 recentior
1501 2879 1594 2898 manus
1613 2873 1711 2898 addidit
1727 2873 1828 2906 patrio.

1162 2917 1173 2933 ⁷
1193 2917 1242 2942 Ctr.
1264 2918 1281 2942 l.
1304 2918 1371 2943 Sent.
1392 2917 1417 2941 d.
1442 2918 1461 2942 1.
1481 2925 1505 2942 a.
1527 2918 1550 2941 2.
1571 2925 1595 2949 q.
1621 2918 1645 2946 l,
1666 2917 1710 2942 ubi
1730 2919 1806 2943 etiam
1822 2919 1845 2942 in
1867 2918 1942 2943 solut.
1965 2918 1997 2943 ad
2018 2919 2041 2943 3.

1093 2963 1206 2993 tangitur
1225 2962 1308 2993 solut.y
1329 2968 1395 2993 quae
1415 2961 1524 2986 liabetur
1544 2962 1584 2986 liic
1605 2961 1638 2986 ad
1660 2962 1682 2986 11.

1164 3005 1175 3022 8
1193 3005 1255 3031 Cod.
1275 3005 1311 3031 bb
1330 3007 1418 3037 uetus,
1442 3006 1498 3030 Vat.
1517 3007 1593 3031 actus
1613 3005 1692 3031 dotes.
1713 3006 1818 3031 lnfcrius
1838 3013 1885 3038 pro
1906 3013 1950 3032 eas
1964 3014 2040 3040 quoe,

1093 3050 1164 3083 quod
1184 3049 1260 3074 habet
1279 3049 1336 3074 cod.
1357 3050 1392 3081 R,
1414 3051 1438 3074 iu
1458 3049 1512 3074 aliis
1532 3052 1556 3073 ct
1575 3049 1635 3074 edd.
1655 3055 1698 3074 eos
1717 3048 1770 3082 qni.

1162 3092 1173 3109 9
1192 3092 1241 3117 (Ifr.
1262 3093 1278 3117 l.
1299 3092 1355 3117 Cor.
1380 3093 1423 3124 13,
1445 3093 1470 3117 8.
1492 3099 1564 3125 seqq.
1585 3106 1620 3111 —
1639 3092 1701 3117 Coo.
1722 3093 1741 3117 l<
1757 3092 1777 3124 (l
1797 3099 1811 3117 a
1825 3092 1937 3117 secunda
1954 3093 2042 3125 mauu)

1091 3143 1145 3162 non
1164 3136 1191 3161 in
1211 3136 1268 3168 viu,
1289 3136 1434 3162 secundum
1463 3136 1534 3169 quod
1559 3135 1624 3170 [icles
1652 3143 1706 3162 esse
1731 3136 1829 3162 [licitur
1856 3136 1887 3162 [Ie
1905 3143 1959 3162 non
1980 3137 2042 3163 viso.

1091 3181 1216 3212 Superius
1236 3187 1283 3212 pro
1301 3181 1325 3205 cl
1344 3179 1420 3206 hobel
1439 3180 1496 3205 cod.
1517 3181 1533 3205 S
1554 3181 1577 3205 cl
1596 3181 1664 3205 tenet
1681 3179 1723 3206 vel
1741 3179 1826 3206 habel.

1162 3224 1183 3240 ¹⁰
1203 3224 1267 3250 Vide
1288 3225 1303 3249 Ι.
1324 3226 1391 3249 Scnt.
1421 3224 1445 3249 d.
1473 3225 1495 3249 3.
1525 3231 1551 3255 p.
1577 3224 1602 3249 ll.
1629 3232 1651 3249 a.
1681 3225 1701 3249 l.
1731 3232 1758 3256 q.
1782 3226 1800 3249 l.
1821 3224 1853 3250 ad
1874 3224 1898 3250 4.
1919 3238 1954 3243 —
1974 3225 2042 3250 Multi

1090 3269 1166 3294 codd.
1185 3272 1209 3294 et
1228 3269 1270 3294 ed.
1298 3270 1302 3293 1
1328 3270 1447 3294 ouiittunt
1466 3268 1504 3294 sic
1522 3270 1546 3294 ct
1565 3267 1592 3293 ιή
1618 3267 1778 3301 perfeclione
1804 3268 1925 3302 gloriae,-
1945 3269 2001 3294 cod.
2022 3270 2042 3294 G

1091 3313 1165 3344 legit:
1184 3311 1252 3338 sicut
1271 3313 1295 3338 et
1314 3312 1340 3338 in
1360 3312 1518 3345 perfectione
1536 3311 1647 3345 =qloriuc.

1853 3410 1899 3435 127
