2483 3882
340 267 378 297 18
1094 265 1375 298 SENTENTIARUM
1400 267 1465 298 ΗΒ.
1490 267 1537 299 IV.

1169 489 1462 531 SOHOLION.

404 630 420 654 l.
440 629 478 654 Ad
498 630 522 654 3.
542 632 566 654 et
586 628 609 653 4.
630 629 805 661 quaestionem
826 628 1000 660 praenotanda
1020 632 1080 654 sunt
1099 629 1178 654 verba
1204 630 1283 662 Euge-

333 672 400 704 genii
424 673 464 697 lV.
491 673 515 696 in
543 672 650 697 Decreto
678 679 726 703 pro
750 673 880 697 Armenis:
905 673 1078 702 (Sacramenta
1103 679 1186 698 novae
1208 673 1282 705 legis)

335 716 469 741 «multum
489 723 502 740 3
523 717 694 741 Sacramentis
713 716 833 741 differunt
852 716 971 748 antiquae
990 717 1062 747 legis.
1082 716 1123 741 1113
1143 717 1212 741 0111111
1231 723 1281 741 11011

334 759 474 784 causabant
491 760 611 791 gratiam,
629 759 675 784 sed
694 766 751 784 eam
771 759 855 784 solum
875 766 922 790 per
941 760 1089 790 passionem
1109 759 1200 785 Christi
1223 759 1282 784 dan-

335 804 393 828 dam
413 811 470 828 esse
489 803 643 835 figurabant,
664 804 727 828 haec
745 810 809 828 vero
828 806 915 828 nostra
934 807 958 828 et
977 802 1109 829 continent
1131 804 1240 835 gratiam
1258 806 1283 829 et

333 849 416 879 ipsam
442 847 520 878 digne
545 847 745 879 suscipientibus
765 846 905 879 conferunt
918 857 942 872 ».
963 848 1038 879 ltem,
1059 847 1199 873 Concilium
1229 847 1283 872 Tri-

334 891 401 917 dent.
421 891 499 924 (Sess.
520 891 569 916 Vll.
585 898 639 916 can.
654 891 688 922 6.)
709 891 836 916 decrevit:
861 900 871 913 ι(
883 892 908 916 Si
929 892 986 923 quis
1000 891 1103 923 dixerit,
1118 891 1282 916 Sacramenta

334 942 416 960 novae
436 935 499 966 legis
518 942 568 959 non
589 934 722 960 continere
741 936 862 966 gratiam,
882 942 961 967 quam
986 934 1144 967 significant,
1164 938 1208 960 aut
1227 942 1283 966 gra-

334 980 394 1003 tiam
414 980 497 1010 ipsam
518 986 567 1003 non
587 978 743 1010 ponentibus
770 978 870 1004 obicem
892 985 942 1003 non
962 978 1091 1011 conferre,
1114 980 1187 1011 quasi
1209 980 1282 1010 signa

335 1025 433 1047 tantum
452 1026 555 1047 externa
575 1023 624 1047 sint
643 1025 762 1053 acceptae
782 1030 829 1053 per
853 1023 932 1048 fidem
952 1024 1049 1054 gratiae
1072 1023 1112 1047 vel
1132 1023 1240 1047 iustitiae
1259 1025 1284 1047 et

334 1069 407 1091 notae
426 1067 555 1099 quaedam
576 1067 729 1092 christianae
747 1067 930 1098 professionis,
959 1066 1055 1098 quibus
1074 1066 1145 1097 apud
1165 1067 1283 1091 homines

334 1110 514 1135 discernuntur
534 1110 623 1135 fideles
641 1109 673 1135 ab
692 1109 854 1141 infidelibus,
874 1117 896 1134 a.
916 1117 936 1134 s.
950 1119 961 1132 >1
979 1109 1074 1134 Omnes
1094 1109 1215 1135 Catholici
1235 1111 1283 1134 hoc

333 1157 431 1185 tenent,
451 1158 475 1179 et
495 1154 565 1186 quod
585 1155 749 1179 Sacramenta
769 1161 819 1179 non
843 1153 954 1179 habeant
983 1155 1029 1178 nisi
1050 1154 1223 1179 causalitatem
1246 1153 1282 1179 ἰη-

331 1197 542 1223 strztmentctlmn.
564 1197 661 1222 Tamen
681 1198 705 1221 in
725 1196 802 1222 modo
823 1196 871 1222 hoc
890 1196 1043 1229 explicandi
1049 1217 1055 1227 ,
1075 1204 1143 1228 quae
1156 1200 1283 1229 05111330-

332 1241 380 1265 stio
400 1247 463 1271 pure
483 1240 660 1273 speculativa,
682 1248 695 1264 a
716 1244 833 1272 tempore
854 1241 968 1271 {lugonis
991 1247 1004 1264 a
1022 1241 1047 1264 S.
1068 1240 1170 1265 Victore
1189 1243 1212 1264 et
1232 1241 1283 1264 Gu-

333 1284 409 1308 lielmi
429 1285 507 1315 episc.
529 1284 676 1309 l‘arisiensis
695 1291 777 1315 usque
797 1285 848 1308 huc
873 1284 991 1309 doctores
1014 1284 1082 1308 viam
1105 1284 1283 1315 rationemque

333 1327 462 1352 diversam
483 1328 601 1358 inierunt,
616 1331 642 1352 ut
662 1328 702 1352 1110
721 1332 745 1352 01
765 1328 908 1352 accuratius
929 1327 963 1352 lll.
983 1328 1050 1352 Sent.
1069 1327 1092 1352 d.
1114 1327 1154 1352 40.
1175 1327 1238 1352 dub.
1258 1328 1281 1352 3.

333 1378 346 1395 a
376 1371 400 1395 S.
426 1371 521 1395 BonaV.
548 1371 696 1402 explicatur.
726 1371 750 1395 S.
780 1371 873 1395 Thom.
899 1370 1013 1395 defendit
1045 1372 1197 1396 sententiam
1226 1378 1283 1402 pro-

332 1414 438 1439 fundam
459 1418 483 1439 et
502 1415 645 1445 mysticam,
659 1421 726 1446 quae
741 1413 828 1439 tribuit
841 1415 1012 1439 Sacramentis
1026 1421 1109 1439 novae
1123 1414 1186 1445 legis
1200 1414 1282 1439 effica-

332 1459 398 1483 ciam
416 1457 567 1491 physicam.
588 1460 616 1482 ut
635 1464 703 1482 nunc
723 1457 824 1489 dicunt,
855 1457 1079 1490 quemadmodum
1109 1459 1186 1482 ctiam
1215 1458 1281 1482 circa

332 1503 517 1526 humanitatem
537 1501 628 1527 Christi
647 1501 739 1527 eadem
759 1502 884 1533 principia
905 1505 971 1527 tenet
984 1502 1040 1533 (cfr.
1055 1502 1091 1526 111.
1106 1503 1175 1527 Sent.
1194 1502 1219 1526 d.
1242 1502 1281 1526 119.

332 1553 354 1571 a.
377 1546 398 1570 sl.
419 1553 442 1577 q.
469 1547 488 1570 l.
508 1545 642 1577 scholion).
663 1545 785 1576 Discipuli
814 1546 892 1576 igitur
911 1545 1028 1570 eiusdem
1048 1547 1220 1571 communiter
1239 1545 1282 1571 do-

331 1592 396 1621 cent,
417 1590 581 1614 Sacramenta
600 1596 684 1614 novae
703 1589 767 1620 legis
781 1596 936 1614 concurrere
949 1589 982 1614 ad
995 1589 1153 1614 causandam
1173 1590 1282 1620 gratiam

332 1634 448 1665 aliosque
467 1634 571 1659 effectus
591 1633 789 1658 sacramentales
808 1636 930 1665 tanquam
950 1633 1054 1658 divinae
1072 1634 1174 1658 virtutis
1193 1634 1283 1658 instru-

333 1681 418 1702 menta
436 1676 542 1711 physice
561 1677 705 1708 influentia,
727 1684 776 1701 non
796 1679 894 1701 tantum
914 1676 1061 1702 moraliter.
1082 1678 1129 1702 Pro
1151 1678 1282 1703 influentia

332 1728 395 1746 vero
415 1724 513 1746 tantum
539 1720 639 1746 morali
667 1721 705 1751 (ut
724 1728 774 1745 non
803 1722 865 1746 satis
893 1724 952 1752 apte
980 1721 1082 1753 dicitur)
1111 1725 1159 1747 stat
1192 1722 1283 1746 Scottis

332 1765 384 1797 (hic
403 1773 428 1797 q.
449 1764 473 1789 11.
493 1764 527 1796 5.)
548 1771 608 1789 cum
628 1765 681 1789 suis
701 1767 725 1789 01
745 1771 794 1790 11011
815 1765 904 1795 paucis
923 1765 986 1790 aliis.
1007 1765 1035 1789 lli
1055 1769 1185 1796 asserunt,
1200 1773 1214 1790 a
1228 1766 1282 1790 solo

332 1808 385 1833 Deo
405 1808 553 1833 immediate
577 1808 685 1839 produci
706 1809 815 1839 gratiam
834 1812 858 1833 01
877 1810 1052 1834 01131301010111
1072 1810 1200 1840 imprimi,
1221 1810 1282 1841 quin

331 1853 415 1885 aliqua
426 1854 508 1877 virtus
521 1853 724 1883 supernaturalis
737 1853 785 1883 ipsi
799 1853 969 1877 instrumento
980 1854 1157 1878 sacramentali
1168 1860 1283 1878 0011111111-

332 1897 444 1924 111001111;
461 1903 473 1919 3
489 1895 540 1920 Deo
561 1897 645 1920 tamen
660 1895 774 1927 quodam
792 1896 870 1928 pacto
889 1896 1032 1920 institutum
1047 1903 1103 1920 esse
1118 1896 1165 1921 tale
1179 1897 1283 1927 signum

331 1939 528 1971 sacramentale,
544 1946 596 1970 quo
609 1939 751 1971 applicato,
766 1940 821 1970 ipse
836 1940 909 1964 faciat
922 1940 1027 1964 effectus
1046 1947 1137 1965 omnes
1150 1941 1174 1964 in
1188 1941 1282 1965 anima.

402 1984 428 2008 ll.
449 1984 479 2009 Ut
498 1983 637 2014 disputatio
657 1984 681 2008 S.
701 1984 897 2009 Bonavcnturae
911 1984 1003 2009 melius
1017 1985 1186 2016 intelligatur,
1206 1986 1282 2009 etiam

332 2026 527 2052 observandum
546 2030 597 2058 051,
625 2027 695 2059 quod
715 2031 853 2059 antequam
874 2028 982 2052 Summa
1001 2028 1025 2052 S.
1047 2028 1163 2053 Thomae
1189 2029 1283 2060 scripta

331 2074 411 2102 esset,
431 2074 511 2095 513135
530 2072 688 2102 quaestionis
708 2072 868 2103 aliquatenus
888 2071 1007 2097 diversus
1027 2076 1080 2097 erat
1099 2079 1112 2097 a
1133 2073 1282 2103 posteriore.

330 2114 403 2139 Nunc
426 2115 494 2138 enim
515 2115 690 2146 principaliter
709 2116 841 2147 quaeritur
866 2115 898 2140 de
924 2122 1051 2141 concursu
1074 2117 1231 2141 sacramenti
1251 2117 1283 2141 ef-

332 2158 425 2183 sectivo
444 2158 512 2189 (licet
532 2165 578 2189 per
598 2158 705 2183 modum
726 2159 886 2184 instrumenti
907 2159 1016 2191 tantum)
1036 2159 1069 2184 ad
1087 2161 1168 2191 ipsius
1180 2159 1283 2193 gratiae

331 2200 493 2233 infusionem
504 2212 514 2233 ,-
533 2201 579 2226 sed
605 2205 665 2227 tunc
690 2203 813 2233 temporis
840 2204 925 2233 potius
950 2203 1147 2234 supponebatur
1172 2204 1225 2228 fere
1250 2203 1283 2229 ab

331 2245 466 2276 omnibus,
488 2246 582 2270 nullam
604 2247 724 2270 virtutem
744 2247 963 2271 instrumentalem
979 2247 1073 2271 directe
1093 2251 1117 2272 et
1135 2247 1283 2273 immediate

331 2296 407 2320 posse
421 2290 567 2320 pertingere
586 2289 619 2314 ad
640 2293 690 2314 tam
710 2289 848 2315 sublimem
868 2290 995 2315 effectum.
1011 2290 1188 2322 Quaerebatur
1205 2292 1283 2322 igitur

332 2334 418 2364 potius
438 2333 470 2357 de
490 2333 637 2357 causalitate
663 2333 887 2358 Sacramentorum
914 2337 1031 2365 respectu
1056 2334 1206 2359 1111011013111
1226 2335 1283 2359 effe-

332 2380 420 2401 ctuum
441 2381 605 2407 receptorum
625 2378 649 2401 in
670 2378 769 2407 anima,
791 2378 886 2402 scilicet
904 2377 937 2402 de
956 2378 1282 2409 0)·11111111115135,11111100-

331 2419 406 2450 bant,
429 2421 484 2445 sive
504 2420 535 2444 de
555 2419 709 2446 charactere
729 2424 753 2445 et
772 2419 939 2452 dispositione
959 2421 990 2445 ad
1009 2422 1126 2452 gratiam.
1142 2422 1175 2446 lta
1188 2424 1281 2446 statum

332 2464 490 2495 quaestionis
513 2464 641 2494 accipiunt
666 2463 735 2487 Alex.
763 2464 828 2495 llal.,
858 2464 882 2488 S.
909 2464 1002 2489 Thom.
1029 2465 1052 2489 111
1076 2464 1281 2497 Commentario,

332 2508 397 2531 Petr.
417 2514 430 2531 a
451 2507 523 2538 'l'ar.,
544 2507 663 2532 Richard.
683 2514 696 2531 a
717 2507 796 2538 Med,
818 2508 954 2532 Durandus
974 2512 998 2533 et
1017 2509 1072 2539 ipse
1095 2509 1281 2533 Bonaventura.

331 2551 395 2575 111110
415 2553 466 2581 051,
487 2551 558 2582 quod
578 2550 610 2575 ab
630 2554 735 2575 auctore
754 2555 842 2576 nostro
856 2551 937 2576 tribus
951 2551 1074 2577 distinctis
1088 2552 1282 2584 quaestionibus

334 2595 488 2626 inquiritur:
512 2595 533 2619 11.
554 2598 640 2619 utrum
661 2595 825 2620 Sacramenta
846 2596 896 2620 sint
914 2595 1017 2628 ytaliae
1036 2595 1173 2629 effectt't*t·t;
1192 2600 1216 2621 et
1234 2603 1282 2627 pro

332 2639 484 2663 affirmativa
505 2646 573 2670 resp.
594 2639 670 2663 huius
689 2640 859 2670 quaestionis,
875 2640 894 2664 si
911 2640 996 2670 agitur
1016 2640 1048 2664 de
1062 2640 1208 2665 causalitate
1223 2648 1283 2671 pro-

332 2683 387 2713 prie
407 2682 473 2707 dicta
494 2683 549 2707 sive
568 2683 706 2713 efficiente,
721 2683 745 2706 111
760 2689 831 2714 corp.
846 2684 975 2707 neminem
989 2684 1076 2709 affert:
1092 2685 1114 2708 2.
1129 2687 1214 2709 utrum
1234 2686 1283 2710 sint

332 2733 425 2750 causae
450 2725 615 2759 disponentes
641 2727 736 2751 scilicet
760 2726 791 2751 ad
819 2727 944 2757 gratiam;
970 2727 993 2751 3.
1020 2729 1175 2759 generatim,
1196 2732 1282 2753 utrum

333 2770 443 2795 habeant
463 2770 574 2802 aliquam
595 2771 715 2794 111-11110111
736 2771 884 2795 influentem
905 2771 928 2795 111
949 2772 1031 2802 ipsam
1052 2772 1172 2796 animam.
1187 2772 1225 2796 Ad
1243 2779 1282 2797 se-

333 2813 444 2838 cundam
465 2817 489 2838 et
509 2815 607 2838 tertiam
627 2815 806 2845 quaestionem
826 2814 894 2839 Alex.
916 2815 968 2839 llal.
989 2815 1023 2846 (S.
1039 2822 1063 2846 p.
1078 2815 1118 2839 lV.
1133 2822 1157 2847 q.
1172 2815 1195 2839 5.
1210 2822 1244 2839 111.
1259 2816 1282 2840 3.

332 2864 354 2881 a.
375 2857 409 2889 5.)
430 2861 454 2882 et
473 2858 496 2882 S.
518 2858 611 2882 Thom.
631 2858 655 2882 in
675 2857 818 2883 Comment.
839 2858 1029 2889 respondebant
1047 2859 1210 2890 affirmative,
1233 2866 1281 2884 non

332 2908 395 2925 vcro
415 2902 446 2926 ita
468 2901 501 2926 ad
520 2902 640 2932 primam.
661 2902 685 2926 111
707 2902 838 2932 praedicto
857 2903 925 2926 enim
946 2901 1136 2927 Commentatio
1150 2903 1174 2926 S.
1189 2902 1282 2928 Thom.

332 2944 443 2975 perfecte
463 2945 582 2969 convenit
601 2951 659 2969 cum
680 2945 836 2977 Alexandro,
857 2945 914 2970 lieet
934 2946 974 2970 1110
993 2953 1005 2970 3
1026 2945 1196 2977 scriptoribus
1215 2952 1282 2970 com-

333 2989 484 3013 munissime
504 2989 594 3013 citetur
613 2992 736 3020 tanquam
757 2989 781 3013 S.
802 2989 917 3013 Thomae
938 2990 962 3013 in
982 2990 1029 3013 1130
1050 2996 1076 3014 10
1096 2990 1246 3014 contrarius.

404 3032 439 3056 111.
460 3032 602 3057 Audiamus
621 3033 698 3063 igitur
718 3035 865 3064 utrumque.
891 3033 959 3057 Alex.
987 3033 1044 3062 tloc.
1069 3033 1109 3058 cit.
1128 3032 1143 3064 ‘3
1165 3033 1197 3064 1.)
1222 3033 1283 3057 (licit

333 3075 365 3099 de
385 3077 479 3100 virtute
499 3076 683 3101 instrumentali
698 3076 923 3101 Sacramentorum
936 3084 942 3101 ε
960 3086 971 3098 «
986 3077 1045 3101 Sine
1060 3076 1218 3107 praeiudicio
1232 3084 1282 3101 1110-

334 3119 404 3143 lioris
417 3120 555 3144 sententiae
569 3119 699 3150 opinando
714 3120 783 3150 dico,
798 3120 857 3144 nihil
872 3120 1019 3152 asserendo,
1034 3120 1104 3152 quod
1119 3121 1281 3145 Sacramenta

333 3166 392 3186 sunt
411 3168 503 3187 causae
523 3163 630 3188 alicuius
655 3164 760 3188 etl'ectus
783 3164 807 3187 in
828 3164 927 3195 anima,
947 3170 997 3188 non
1018 3163 1075 3188 dico
1095 3163 1178 3188 solum
1199 3162 1281 3196 dispo-

1345 630 1446 662 nendo,
1468 630 1514 655 sed
1532 629 1662 664 efficiendo
1673 639 1684 661 ,·
1698 630 1812 655 efficiunt
1825 631 1893 655 enim
1907 631 2057 662 simpliciter
2071 632 2295 658 characterizando

1345 678 1370 700 et
1389 674 1514 699 ornando.
1534 674 1607 699 Unde
1626 673 1697 705 dico,
1712 674 1783 705 quod
1801 674 1903 705 singula
1922 674 2086 700 Sacramenta
2110 676 2196 708 aliquo
2216 676 2295 701 modo

1347 721 1438 744 ornant
1456 719 1584 750 animam,
1612 718 1651 742 vel
1674 718 1849 749 imprimendo
1874 719 2064 750 characterem,
2088 720 2129 744 vel
2149 720 2197 744 3110
2217 720 2295 745 1110ᾶο

1346 762 1473 793 signando
1487 772 1511 787 ».
1531 761 1650 787 Pluribus
1669 761 1763 786 deinde
1785 761 1928 786 rationibus
1953 762 2084 787 declarare
2109 764 2208 795 nititur,
2234 770 2296 795 quo-

1347 806 1425 830 modo
1445 806 1529 837 agenti
1549 805 1676 836 corporali
1696 806 1882 830 communicari
1896 807 1978 836 possit
1996 806 2052 831 talis
2071 806 2195 832 mirabilis
2214 807 2296 832 virtus

1346 850 1492 881 spiritualis.
1512 849 1582 874 ldem
1601 851 1686 873 tamen
1712 849 1798 881 quoad
1818 848 1978 881 infusionem
1996 848 2080 882 ipsius
2097 849 2202 883 =(frattae
2222 849 2295 881 (ibid.

1346 893 1361 925 S
1382 893 1416 925 2.)
1437 893 1513 918 dicit:
1538 902 1549 915 α
1564 893 1638 917 Solus
1657 892 1726 917 Deus
1745 893 1855 924 gratiam
1874 896 1996 924 operatur
2015 895 2040 918 et
2052 894 2153 919 animae
2171 894 2295 926 infundit,

1346 937 1392 962 sed
1412 938 1575 962 Sacramenta
1595 944 1678 962 novae
1697 937 1761 968 legis
1780 936 1921 968 disponunt
1939 938 2026 968 ipsum
2045 937 2224 970 susceptibile,
2244 939 2296 963 effi-

1347 981 1438 1005 ciendo
1457 982 1582 1012 aptiorem
1603 980 1635 1005 ad
1655 981 1752 1012 gratiae
1771 981 1962 1011 susceptionem
1982 984 2006 1006 et
2025 982 2132 1013 faciunt,
2154 981 2224 1013 quod
2239 989 2295 1013 gra-

1347 1026 1379 1049 113
1399 1025 1488 1050 efficax
1507 1025 1539 1049 sit
1552 1034 1575 1049 1).
1596 1025 1670 1049 Multa
1691 1031 1738 1055 pro
1758 1025 1925 1055 explicatione
1945 1028 1969 1049 et
1982 1024 2133 1056 probatione
2147 1027 2223 1051 huius
2236 1033 2294 1051 sen-

1347 1069 1439 1092 tentiae
1458 1068 1526 1092 idem
1547 1068 1618 1092 affert
1638 1068 1662 1092 in
1681 1069 1729 1092 hac
1742 1067 1757 1099 S
1770 1067 1822 1099 etg
1837 1068 1886 1092 3-6.
1902 1068 2049 1099 principalia
2064 1069 2127 1093 haec
2140 1072 2292 1099 argumenta

1348 1112 1421 1143 quasi
1445 1112 1470 1136 in
1496 1111 1680 1142 compendium
1707 1112 1809 1137 redacta
1835 1112 1860 1136 S.
1881 1112 1976 1136 Bonav.
2002 1112 2104 1137 exhibet
2122 1113 2147 1137 in
2167 1112 2294 1138 adiunctis

1348 1155 1450 1180 duabus
1470 1155 1664 1187 quaestionibus
1683 1155 1830 1180 lateralibus
1849 1163 1908 1180 cum
1922 1155 2100 1181 solutionibus.
2121 1156 2193 1181 Unde
2212 1155 2293 1188 patet,

1347 1198 1417 1229 quod
1438 1199 1462 1223 S.
1483 1199 1578 1223 Bonav.
1598 1198 1648 1224 sub
1668 1199 1772 1223 nomine
1790 1205 1968 1232 mosynorum,
1996 1199 2040 1231 qui
2064 1200 2175 1230 primam
2200 1200 2297 1230 opinio-

1347 1248 1406 1266 nem
1426 1241 1580 1273 defendunt,
1601 1243 1741 1273 praecipue
1760 1242 1883 1273 intelligat
1907 1243 2060 1273 magistrum
2086 1250 2163 1268 suum
2189 1243 2296 1268 Alexan—

1348 1284 1432 1309 drum.
1453 1284 1517 1309 Cum
1537 1289 1623 1310 autem
1643 1285 1676 1309 ab
1695 1292 1726 1309 eo
1745 1284 1866 1309 recedere
1886 1286 1957 1310 visus
1976 1286 2020 1317 sit,
2040 1286 2064 1310 in
2084 1286 2134 1310 fine
2153 1287 2219 1311 tertii
2238 1286 2297 1311 libri

1347 1328 1439 1352 iterum
1461 1329 1609 1359 opinionem
1629 1335 1702 1353 suam
1722 1329 1814 1353 melius
1833 1329 1980 1360 explicavit,
2001 1336 2081 1361 seque
2100 1330 2206 1355 minime
2224 1337 2298 1361 prae-

1347 1372 1441 1397 dictam
1456 1373 1604 1403 opinionem
1617 1372 1758 1404 reprobare
1777 1372 1900 1404 ostendit,
1921 1373 2144 1405 quemadmodum
2163 1375 2241 1399 etIam
2260 1381 2298 1399 re-

1346 1420 1436 1446 spectu
1457 1416 1620 1448 quarundam
1640 1417 1845 1447 propositionum
1866 1417 1884 1441 l.
1903 1416 1960 1441 libri
1987 1418 2045 1442 fecit
2064 1417 2087 1441 in
2107 1417 2297 1448 praelocutione

1346 1459 1379 1484 ad
1399 1459 1424 1484 ll.
1444 1459 1546 1484 librum.

1417 1503 1441 1528 S.
1465 1503 1580 1528 Thomas
1598 1504 1623 1527 in
1637 1502 1826 1528 Commentario
1847 1503 1898 1534 (hic
1918 1511 1942 1535 q.
1965 1504 1987 1528 ¹l.
2007 1510 2029 1528 a.
2050 1503 2085 1535 4.)
2105 1503 2234 1535 approbat
2252 1503 2298 1529 do-

1346 1547 1454 1571 ctrinam
1480 1546 1629 1578 Alexandri,
1650 1546 1760 1577 docens,
1784 1547 1855 1578 quod
1880 1548 2057 1578 Sacramenta,
2087 1551 2214 1579 quatenus
2238 1550 2298 1572 sunt

1350 1600 1361 1613 «
1376 1591 1543 1615 instrumenta
1563 1590 1665 1615 divinae
1684 1591 1877 1616 misericordiae
1896 1590 2066 1622 iustificantis,
2081 1592 2230 1622 pertingunt
2242 1592 2296 1623 qui·
2311 1602 2314 1604 ·

1348 1635 1407 1659 dem
1427 1635 1652 1659 instrumentaliter
1674 1635 1707 1659 ad
1731 1635 1843 1667 aliquem
1869 1635 1988 1660 effectum
2008 1636 2033 1659 in
2052 1636 2107 1666 ipsa
2133 1637 2231 1666 anima,
2251 1636 2297 1668 qui

1347 1680 1432 1710 primo
1451 1679 1590 1710 respondet
1609 1679 1793 1710 Sacramentis,
1818 1680 1884 1704 sicut
1906 1682 1944 1704 est
1968 1680 2113 1710 character,
2139 1680 2180 1704 vel
2200 1679 2298 1711 aliquid

1347 1722 1496 1748 huiusmodi
1517 1721 1601 1755 [quod
1621 1723 1740 1754 superius
1759 1724 1814 1754 ipse
1834 1727 1909 1748 vocat
1928 1724 2055 1748 ornatum
2068 1722 2196 1756 animae}
2211 1723 2249 1748 Ad
2263 1724 2298 1748 ul-

1347 1767 1438 1791 timum
1459 1769 1544 1790 autem
1564 1766 1696 1798 effectum,
1717 1767 1761 1798 qui
1781 1768 1819 1791 est
1842 1765 1946 1799 qratia,
1975 1773 2024 1791 non
2049 1767 2199 1798 pertingunt
2222 1767 2299 1792 etiam

1347 1810 1573 1835 instrumentaliter
1592 1810 1638 1835 nisi
1658 1809 1821 1842 dispositive,
1844 1811 1868 1834 in
1889 1814 2013 1842 quantum
2034 1811 2096 1841 hoc,
2116 1811 2149 1835 ad
2170 1810 2240 1842 quod
2264 1811 2299 1835 in-

1347 1853 1546 1878 strumentaliter
1564 1854 1681 1878 effective
1700 1855 1862 1885 pertingunt,
1882 1856 1921 1879 est
1939 1853 2088 1885 dispositio,
2115 1861 2182 1886 quae
2200 1857 2239 1879 est
2256 1861 2299 1879 ne-

1347 1896 1469 1926 cessitas,
1491 1900 1617 1929 quantnm
1637 1901 1675 1922 est
1694 1898 1719 1921 in
1739 1904 1780 1928 se,
1800 1897 1833 1922 ad
1853 1898 1949 1929 gratiae
1964 1899 2154 1929 susceptionem
2169 1907 2192 1923 ».
2206 1912 2240 1915 -
2252 1898 2300 1923 Α11-

1348 1945 1385 1967 ter
1405 1945 1489 1966 tamen
1509 1941 1579 1966 idem
1598 1941 1712 1973 loquitur
1730 1942 1755 1965 in
1769 1941 1876 1966 Summa
1890 1941 1937 1973 (ΙΙΙ.
1958 1949 1982 1973 q.
2003 1942 2044 1966 62.
2064 1949 2087 1966 a.
2113 1942 2131 1966 l.
2153 1943 2176 1966 2.
2196 1942 2239 1974 3.),
2254 1942 2300 1967 ubi

1348 1985 1449 2010 disertis
1467 1985 1555 2010 verbis
1575 1985 1663 2016 docet,
1683 1985 1847 2010 Sacramenta
1871 1992 1955 2010 novae
1980 1985 2044 2016 legis
2070 1988 2097 2010 ut
2118 1984 2298 2011 instrumenta

1347 2029 1450 2054 divinae
1479 2029 1580 2054 virtutis
1609 2035 1715 2054 causare
1742 2030 1817 2053 etiam
1842 2028 1968 2061 qratiam.
1993 2029 2062 2054 Haec
2085 2030 2197 2054 extensio
2228 2030 2299 2055 iactis

1347 2074 1479 2105 principiis
1500 2074 1582 2104 magis
1606 2074 1726 2098 convenit
1751 2080 1829 2105 quam
1849 2073 1890 2098 illa
1909 2074 2033 2098 restrictio
2053 2074 2117 2098 13013
2141 2073 2174 2098 ab
2194 2074 2300 2098 Alexan-

1348 2117 1403 2142 dro.
1424 2117 1537 2142 Eandem
1557 2118 1708 2141 sententiam
1734 2117 1838 2147 Dionys.
1858 2116 1942 2143 Carth.
1962 2116 2014 2148 (hic
2034 2124 2057 2149 q.
2078 2116 2114 2149 4.)
2133 2120 2219 2142 censet
2243 2123 2300 2142 esse

1347 2160 1567 2192 probabiliorem;
1588 2160 1659 2191 quod
1679 2161 1756 2184 etiam
1775 2163 1842 2185 tenet
1865 2161 1929 2185 Petr.
1950 2167 1963 2184 a
1984 2160 2042 2185 Tar.
2063 2163 2181 2191 respectu
2201 2163 2299 2186 senten-

1348 2206 1410 2236 tiae,
1431 2210 1510 2236 quam
1530 2204 1555 2228 S.
1577 2203 1670 2228 Thom.
1696 2204 1768 2234 ponit
1792 2204 1816 2228 in
1837 2203 2041 2235 Commentario,
2062 2204 2125 2229 dum
2145 2204 2265 2229 Richard.
2285 2211 2299 2229 a

1348 2248 1411 2273 Med.
1432 2248 1484 2280 (hic
1504 2255 1525 2272 a.
1548 2247 1570 2271 >1.
1592 2255 1615 2279 q.
1637 2247 1672 2278 2.)
1692 2247 1801 2272 eandem
1822 2252 1845 2272 et
1864 2248 2014 2272 sententiam
2035 2248 2103 2272 Scoti
2116 2248 2191 2272 simili
2205 2247 2300 2279 proba-

1346 2291 1441 2316 bilitate
1461 2291 1576 2322 gaudere
1595 2291 1698 2316 iudicat.

1416 2335 1457 2359 lV.
1478 2335 1596 2365 Opinioni
1621 2334 1750 2359 secundae
1776 2339 1878 2365 praeter
1903 2334 2008 2359 Scotum
2029 2338 2053 2359 et
2072 2334 2224 2359 Durandum
2245 2335 2298 2365 (1110

1347 2386 1370 2410 q.
1399 2378 1434 2410 4.)
1460 2378 1528 2403 favet
1553 2378 1629 2402 etiam
1657 2378 1731 2401 Henr.
1756 2377 1837 2401 Gand.
1865 2377 1967 2408 (Quodl.
1995 2377 2017 2401 4.
2044 2384 2068 2409 q.
2095 2377 2164 2409 37.)‚
2191 2377 2246 2402 aliis
2266 2382 2298 2402 ta-

1346 2429 1405 2447 men
1425 2422 1513 2447 verbis
1532 2428 1603 2446 usus.
1624 2422 1702 2446 Docet
1726 2422 1809 2452 enim,
1836 2421 1907 2453 quod
1932 2421 2098 2445 Sacramenta
2123 2422 2173 2446 sint
2195 2430 2206 2444 α
2221 2428 2298 2446 causa

1347 2467 1443 2498 gratiae
1462 2465 1702 2496 instrumentaliter,
1724 2472 1772 2490 non
1794 2465 1854 2497 quia
1873 2464 1969 2496 aliquid
1984 2468 2064 2495 agunt
2083 2466 2108 2489 in
2129 2465 2298 2496 producendo

1347 2510 1455 2540 gratiam
1476 2509 1534 2539 plus
1554 2515 1632 2540 quam
1653 2508 1817 2532 Sacramenta
1837 2509 1932 2532 veteris
1951 2508 2029 2539 legis,
2043 2507 2088 2532 sed
2104 2509 2163 2540 quia
2177 2508 2256 2539 Deus,
2272 2511 2299 2533 ut

1346 2554 1456 2577 existens
1475 2553 1499 2576 in
1520 2553 1593 2583 ipsis,
1614 2552 1647 2576 ad
1667 2554 1762 2576 tactum
1782 2558 1872 2576 eorum
1898 2552 1964 2576 circa
1990 2552 2046 2576 illos
2071 2551 2166 2584 quibus
2188 2552 2298 2577 admini-

1346 2600 1472 2628 strantur,
1494 2597 1592 2621 confert
1611 2597 1720 2627 gratiam
1746 2596 1858 2620 creando
1883 2603 1941 2620 cam
1966 2597 1990 2620 in
2016 2596 2103 2626 ipsis...
2130 2596 2159 2620 Et
2182 2597 2298 2622 similiter

1346 2643 1405 2665 sunt
1423 2647 1484 2665 xasa
1506 2641 1616 2671 gratiae,
1637 2640 1661 2664 in
1682 2643 1808 2671 quantum
1828 2640 1957 2664 continent
1982 2646 2041 2664 eum
2068 2640 2111 2671 qui
2131 2643 2169 2664 est
2192 2639 2249 2665 sons
2274 2643 2299 2664 et

1346 2685 1434 2715 origo,
1454 2691 1467 2708 a
1488 2690 1539 2715 quo
1565 2686 1651 2707 manat
1676 2684 1770 2714 gratia,
1792 2689 1818 2708 ut
1837 2687 1875 2707 est
1894 2683 1918 2706 in
1938 2683 1975 2707 eis
1989 2692 2012 2706 n.
2031 2695 2066 2700 —
2085 2682 2123 2706 Ab
2143 2684 2183 2707 his
2211 2683 2297 2708 verbis

1346 2734 1439 2759 parum
1452 2727 1548 2752 recedit
1561 2727 1585 2751 S.
1600 2727 1694 2751 Bonax‘.
1710 2727 1733 2750 in
1748 2726 1912 2758 Breviloquio
1926 2726 1962 2757 (p.
1978 2727 2017 2751 Vl.
2032 2733 2053 2750 c.
2072 2727 2091 2757 l,
2103 2727 2167 2751 sicut
2182 2727 2222 2751 hic
2232 2734 2257 2758 q.
2272 2728 2295 2751 3.

1346 2772 1371 2795 in
1392 2771 1441 2795 fine
1460 2770 1644 2801 responsionis)
1666 2770 1766 2801 dicens,
1787 2769 1857 2801 quod
1881 2779 1892 2791 «
1907 2770 1931 2793 in
1951 2770 1999 2794 illis
2018 2772 2043 2794 01
2062 2777 2108 2801 pcr
2127 2770 2168 2794 illa
2187 2771 2296 2801 gratiam

1346 2815 1484 2839 curationis
1503 2821 1517 2838 a
1537 2820 1640 2838 summo
1660 2813 1762 2837 medico
1786 2812 1885 2837 Christo
1905 2820 1935 2837 ex
1954 2813 2042 2837 divino
2068 2813 2171 2838 decreto
2197 2816 2297 2844 oportet

1346 2859 1456 2888 hauriri,
1478 2858 1533 2882 licet
1554 2858 1621 2882 Deus
1641 2864 1690 2882 uon
1711 2857 1853 2887 alligaverit
1866 2864 1939 2881 suam
1960 2858 2068 2888 gratiam
2088 2858 2259 2882 Sacramentis
2272 2867 2296 2882 ».

1347 2902 1483 2933 Quomodo
1503 2904 1589 2926 autem
1609 2902 1675 2925 hanc
1699 2901 1851 2925 sententiam
1872 2901 1906 2925 ita
1926 2902 2108 2932 temperaverit
2127 2902 2151 2926 in
2171 2901 2207 2926 111.
2226 2902 2295 2926 Sent.

1346 2945 1371 2970 d.
1399 2945 1439 2969 40.
1465 2944 1526 2969 dub.
1553 2945 1581 2975 3,
1609 2947 1636 2969 ut
1664 2951 1713 2968 non
1740 2944 1897 2969 contradicat
1924 2945 1994 2969 alteri
2022 2946 2174 2977 sententiae,
2201 2946 2246 2970 sed
2272 2947 2295 2970 01

1347 2995 1468 3020 campum
1489 2992 1603 3013 reservet
1621 2988 1744 3019 liberum,
1765 2989 1816 3013 iam
1838 2992 1951 3014 notatum
1978 2993 2016 3014 est
2036 2990 2060 3014 in
2085 2991 2180 3015 scholio
2206 2990 2295 3015 ultimo

1346 3032 1463 3057 eiusdem
1484 3032 1519 3056 111.
1534 3032 1599 3056 libri.
1614 3031 1687 3063 Quod
1708 3034 1793 3056 autem
1814 3033 1896 3057 virtus
1913 3033 2050 3058 efficaciter
2069 3034 2239 3058 sacramentis
2251 3040 2296 3057 an-

1347 3083 1409 3100 nexa
1430 3082 1478 3100 non
1493 3076 1524 3100 sit
1537 3076 1645 3107 qualitas
1659 3075 1789 3107 absoluta,
1804 3076 1849 3101 sed
1870 3076 1989 3107 relativa,
2004 3078 2095 3108 repetit
2108 3080 2193 3102 noster
2206 3081 2295 3102 auctor

1346 3120 1409 3144 infra
1430 3127 1453 3151 q.
1468 3119 1496 3150 5,
1512 3119 1536 3144 d.
1557 3120 1579 3144 3.
1594 3127 1619 3151 p.
1641 3120 1665 3144 ll.
1686 3127 1708 3144 3.
1728 3121 1746 3144 1.
1762 3127 1785 3152 q.
1801 3121 1830 3152 2,
1845 3121 1868 3145 d.
1886 3121 1925 3145 «10.
1941 3128 1966 3152 p.
1981 3121 2007 3145 ll.
2022 3129 2043 3145 a.
2064 3122 2082 3146 1.
2097 3128 2122 3153 q.
2139 3122 2167 3152 33
2183 3121 2208 3146 ll.
2226 3122 2294 3147 Sent.

1347 3163 1373 3188 d.
1397 3163 1433 3188 19.
1454 3162 1516 3187 dub.
1539 3163 1561 3187 t.
