2429 3887
327 260 350 292 ll
1176 254 1449 286 PROLEGOMENA

326 351 379 373 ctas
399 347 545 372 notavimus
565 346 629 369 ultra
648 342 828 377 quadraqinla
848 341 948 373 millite,
972 349 1038 374 quae
1059 349 1109 366 non
1130 348 1189 366 raro
1208 342 1273 366 mira

326 409 371 426 sua
400 400 522 425 varietate
550 401 575 422 et
594 396 764 427 discrepantia
785 397 897 419 mentem
926 393 1125 418 confundebant.
1153 393 1273 418 Maiorem

328 457 426 486 partem
440 458 530 477 earam
545 452 568 475 in
582 450 648 474 notis
668 454 871 473 commemorare
891 446 1115 477 supersedendum
1130 452 1186 470 esse
1206 445 1275 470 duxi-

328 515 399 537 mus,
415 507 474 538 quia
491 505 532 529 vel
548 510 588 529 res
602 509 708 533 prorsus
727 499 844 526 minutas
863 499 903 531 (ut
915 498 1057 523 verborum
1071 499 1237 529 positionem,
1251 501 1276 523 et

329 558 465 590 particulas
479 556 594 581 eiusdem
609 553 712 586 sensus)
723 552 906 584 respiciebant,
920 551 959 575 vel
973 551 1076 581 penitus
1089 549 1276 581 improbabiles

328 615 407 637 erant.
427 611 527 635 Praeter
547 609 592 633 lias
612 614 652 632 res
672 607 791 631 minimas
810 603 981 629 occurrebant
994 603 1150 634 pedetentim
1170 601 1276 627 dissidia

328 663 448 689 codicum
468 661 572 686 maioris
591 659 731 689 momenti,
752 659 832 682 immo
851 656 979 681 interdum
999 655 1075 679 unius
1099 653 1219 678 vocabuli
1239 654 1277 678 ul-

330 721 366 741 tra
387 716 501 747 quinque
521 713 722 742 immutationes,
743 710 838 742 quibus
858 709 952 734 modus
977 709 1098 740 antiquus
1124 713 1182 732 cum
1210 708 1276 732 notis

330 767 529 800 compendiariis
554 765 683 791 scribendi
703 764 783 794 vulgo
803 763 964 787 occasionem
984 761 1062 786 dedit.
1083 760 1146 785 Nam
1166 766 1225 785 cum
1251 760 1276 784 in

330 823 375 847 ista
394 822 521 851 scriptura
540 819 635 843 multae
655 817 750 842 litterae
767 816 923 846 omittantur,
938 814 1079 845 ignorantia
1095 815 1118 837 et
1138 812 1235 837 incuria
1249 812 1278 836 li-

331 874 476 899 brariorum
497 872 569 896 facile
589 871 677 895 transit
696 877 708 893 a
730 869 838 894 termino
859 874 907 891 non
923 867 954 891 ita
974 866 1075 896 vulgari
1090 864 1121 889 ad
1140 865 1217 889 alium
1232 866 1278 888 ter-

332 928 430 952 minum
450 925 526 950 ·x‘alde
550 924 697 953 diversum,
725 922 768 953 qni
788 921 880 945 iterum
900 918 1026 944 similibus
1045 916 1277 947 vicissitudinibus,

330 979 372 1004 vel
392 979 492 1009 ineptae
512 975 663 1001 correctioni
682 974 825 1005 exponitur.
844 971 934 996 Habita
954 971 1031 995 huius
1050 969 1279 995 transformationis

332 1031 442 1061 ratione,
457 1029 586 1054 interdum
606 1027 767 1058 primitivum
780 1024 938 1049 vocabulum
958 1030 988 1047 ex
1011 1023 1066 1053 ipsa
1083 1022 1205 1046 varietate
1224 1026 1279 1044 ver-

334 1084 427 1108 borum
447 1080 614 1113 probabiliter
634 1079 717 1109 colligi
738 1080 828 1109 potest.

403 1135 474 1166 Quae
494 1136 579 1158 autem
599 1132 704 1163 proprie
724 1130 817 1155 suerint
836 1135 927 1153 causae
946 1129 1029 1152 tantae
1049 1127 1125 1151 huius
1151 1125 1207 1150 libri
1228 1132 1281 1150 eor-

335 1187 472 1218 ruptionis,
500 1192 551 1210 non
577 1187 646 1209 certo
672 1183 843 1207 determinare
867 1186 1015 1212 possumus.
1037 1180 1089 1203 Dici
1115 1182 1199 1203 tamen
1219 1185 1282 1202 vere

335 1243 432 1271 potest,
453 1240 584 1263 auctorem
604 1237 645 1260 hic
664 1236 747 1266 magis
773 1240 851 1265 quam
876 1232 935 1257 alibi
960 1232 1119 1256 restrinxisse
1143 1230 1281 1255 dictionem

335 1292 505 1323 brevitatique
523 1289 599 1314 valde
619 1287 762 1318 studuisse,
777 1287 882 1311 sortasse
902 1292 933 1309 ne
953 1290 1047 1314 magna
1068 1284 1139 1314 copia
1160 1281 1282 1320 dicendo-

336 1351 393 1369 rum
414 1343 521 1368 nimium
541 1342 647 1372 augeret
667 1340 760 1364 molem
781 1338 928 1363 voluminis.
944 1337 1057 1361 Brevitas
1077 1338 1162 1360 aulem
1180 1333 1281 1359 dicendi

336 1398 413 1427 auget
431 1394 627 1424 obscuritatem,
648 1393 687 1417 cui
714 1394 741 1416 ut
760 1390 948 1422 provideretur,
970 1389 1067 1420 passim
1086 1389 1110 1412 in
1131 1388 1217 1412 multis
1243 1393 1284 1411 co·

337 1448 437 1473 (licibus
456 1454 470 1471 a
496 1446 638 1478 posteriore
664 1451 741 1469 manu
765 1443 805 1467 vel
833 1441 937 1474 aliquod
963 1440 1090 1472 verbum,
1118 1440 1158 1464 vel
1184 1440 1283 1470 integra

337 1503 420 1533 glossa
440 1500 538 1525 adiecta
558 1502 609 1529 cst,
630 1497 700 1530 quod
721 1497 772 1522 sere
792 1497 816 1520 in
830 1496 900 1520 omni
919 1495 1013 1526 pagina
1028 1494 1124 1525 pluries
1144 1492 1284 1517 observare

337 1555 478 1585 potuimus.
493 1535 575 1584 Haec,
589 1552 610 1576 si
623 1552 695 1575 erant
714 1549 821 1574 alicuius
840 1547 975 1578 momenti,
990 1547 1043 1590 sere
1056 1552 1159 1576 semper
1172 1545 1197 1569 in
1212 1548 1284 1569 notas

338 1606 369 1630 ad
390 1606 499 1635 calcem,
519 1604 628 1630 sednon
649 1604 783 1627 intextum
804 1602 960 1632 recepimus,
977 1600 1097 1632 quamvis
1116 1599 1217 1623 claritas
1231 1604 1285 1622 ora-

339 1659 413 1683 tionis
433 1659 481 1682 hoc
500 1656 675 1681 additamento
695 1657 841 1686 augeretur.
862 1653 981 1678 Nostrum
1006 1645 1132 1676 enim'est
1150 1650 1286 1675 lectionem

340 1711 478 1742 genuinam
507 1709 652 1739 restituere,
672 1714 723 1732 non
749 1706 781 1731 ad
810 1705 917 1731 modum
947 1707 1063 1729 nostrum
1093 1703 1284 1728 transformare.

341 1762 472 1794 Quaedam
486 1763 561 1787 ctiam
575 1758 907 1789 locutionesduriusculae,
928 1757 1024 1782 auctori
1044 1758 1130 1781 nostro
1150 1756 1287 1780 familiares

1338 348 1352 366 a
1373 341 1500 366 nonnullis
1520 341 1656 367 codicibus
1673 344 1771 373 passim
1790 344 1935 369 elinussnatae
1949 346 2064 370 suntuiita
2077 347 2101 371 in
2116 349 2296 381 argumentis,

1339 400 1399 418 cum
1418 393 1507 419 maior
1526 394 1614 425 incipit
1627 401 1642 419 a
1655 395 1835 420 coniunctione
1848 395 1882 427 ³2²,
1903 403 1982 427 saepe
1994 396 2084 423 metor
2103 400 2233 424 continuat
2246 407 2298 430 pen

1338 445 1384 471 sed
1404 445 1485 477 (quod
1512 449 1671 471 correctores
1696 449 1796 471 mutant
1822 448 1846 471 in
1876 446 1926 478 sti),
1948 449 1972 472 in
2002 448 2130 474 locutione
2157 457 2210 476 ozon
2238 452 2296 476 ism*

1340 499 1429 523 tiam...
1450 497 1496 523 sed
1514 497 1595 523 etiam
1613 502 1705 524 auctor
1722 506 1799 530 saepe
1820 500 1912 524 omittit
1931 499 2026 530 etiam,·
2048 500 2158 533 denique
2178 503 2257 527 utitun
2270 502 2300 527 sis

1340 557 1400 575 cum
1414 551 1578 576 coniunctim
1593 557 1641 581 pro
1655 549 1709 575 etsi.
1719 564 1755 568 —
1765 550 1968 576 mnumerabiles
1989 555 2075 577 autem
2098 553 2168 578 locos
2185 561 2298 584 prorsus.

1341 605 1477 634 corruptos
1499 603 1629 634 corrigete
1649 603 1782 634 potuimus
1805 604 1954 629 auctoritate.
1977 605 2151 636 antiquiorum
2172 600 2306 631 coffinum(

1341 655 1365 678 in
1392 654 1499 679 lectione
1523 655 1740 679 convenientium.
1761 653 1873 680 Codices
1894 656 1963 680 enim
1988 656 2082 681 saeeuli
2111 657 2150 681 13.
2171 657 2299 682 Parisiem

1341 712 1399 733 ses.
1418 705 1554 730 Florentini
1574 705 1668 737 aliique
1687 706 1845 738 plerumque
1865 707 2039 738 conveniunt,
2055 708 2132 732 etiam
2156 708 2180 732 in
2207 708 2298 733 multis

1343 755 1443 782 mendis
1462 759 1486 781 et
1499 757 1579 789 vitiis,
1602 757 1660 782 licet
1673 757 1759 789 quoad
1773 757 1920 784 minutiora
1940 759 2031 789 plures
2041 759 2151 784 familiae
2170 759 2297 790 distinguit

1343 810 1454 840 possint,
1474 812 1501 834 ut
1521 809 1585 834 infra
1605 810 1630 833 in
1650 810 1800 834 recensione
1820 811 1982 841 singulorum
2002 812 2158 836 natavimus.
2178 825 2215 830 —
2230 812 2298 835 Atta.-

1343 868 1402 886 men
1422 861 1591 887 remanebant
1610 861 1714 893 plurimi
1734 861 1782 886 loci
1801 863 1935 888 manifeste
1954 863 2099 894 indigentes
2119 864 2295 894 correctione,

1345 914 1388 938 ubi
1409 914 1484 939 codd.
1504 915 1580 939 etiam
1601 914 1720 939 meliores
1738 914 1779 939 vel
1801 915 1864 939 mire
1884 914 2080 947 discrepabant,
2100 915 2141 940 vel
2165 915 2295 940 luculento

1345 967 1407 991 vitio
1427 966 1479 991 fere
1504 973 1594 991 omnes
1618 965 1778 991 laborabant.
1805 967 1878 991 Tune
1903 967 2053 998 pondenatis
2078 967 2223 993 rationibus
2246 968 2295 998 ipsi

1345 1023 1499 1051 argumento
1518 1019 1711 1045 inhaerentibus
1731 1022 1755 1044 et
1773 1019 1852 1045 modo
1872 1020 1995 1052 loquendi
2014 1021 2141 1052 auctoris,
2165 1027 2217 1045 non
2236 1026 2295 1045 raro

1346 1072 1412 1096 unici
1427 1071 1523 1096 codicis
1537 1072 1686 1102 lectionem,
1700 1071 1829 1096 interdum
1844 1079 1856 1096 a
1871 1072 1985 1097 secunda
2003 1071 2127 1097 duntaxat
2144 1078 2222 1097 manu
2236 1072 2295 1096 seri-

1346 1127 1431 1155 ptam,
1451 1123 1525 1149 nobis
1545 1124 1690 1154 eligendam
1711 1131 1767 1149 esse
1787 1123 1921 1156 duximus,
1936 1126 1964 1150 ut
1982 1125 2006 1149 in
2027 1124 2148 1150 subiectis
2168 1125 2235 1149 notis
2253 1124 2295 1149 ob-

1347 1175 1445 1199 servari
1465 1179 1556 1206 potest.

1418 1228 1443 1251 ln
1464 1228 1529 1252 notis
1548 1227 1692 1252 doctrinam
1712 1228 1736 1251 S.
1757 1228 1952 1252 Bonaventume
1965 1228 2164 1260 illustrantibus,
2185 1229 2243 1254 data
2257 1236 2296 1254 oc-

1347 1281 1468 1311 casione,
1494 1280 1590 1311 pluries
1619 1279 1805 1311 descripsimus
1834 1279 1904 1304 loces
1932 1287 1962 1304 ex
1990 1280 2097 1306 Summa
2121 1280 2299 1314 Praepositz'vi

1348 1333 1484 1364 hueusque
1504 1331 1606 1357 inedita.
1626 1332 1707 1357 Licuit
1726 1331 1801 1357 nobis
1820 1331 1853 1357 ad
1873 1333 1922 1357 hoc
1941 1333 1976 1357 uti
1996 1332 2084 1358 codice
2097 1333 2297 1359 membranaceo

1348 1392 1414 1410 saec.
1434 1384 1496 1409 Xlll.
1516 1385 1581 1416 sign.
1602 1384 1643 1415 71,
1664 1384 1774 1409 oriundo
1794 1392 1824 1410 ex
1844 1385 1947 1417 antiqua
1968 1385 2122 1411 bibliotheca
2150 1385 2297 1411 Conventus

1349 1438 1375 1462 S.
1396 1437 1525 1462 Fortunati
1546 1436 1668 1466 Tuderti,
1690 1443 1756 1468 quae
1775 1443 1844 1462 nunc
1862 1440 1901 1462 est
1918 1437 2047 1468 Municipii
2068 1438 2210 1463 Tudertini.

1419 1490 1547 1522 Antiquos
1566 1489 1642 1514 index
1661 1490 1791 1522 locorum,
1813 1491 1836 1514 in
1852 1489 1948 1522 quibus
1968 1490 2118 1516 dissentiunt
2136 1491 2188 1516 duo
2209 1491 2301 1516 Docto-

1349 1549 1405 1574 res,
1428 1543 1565 1574 Angelicus
1584 1544 1609 1566 et
1621 1542 1789 1573 seraphicus,
1806 1549 1883 1574 quem
1897 1543 1922 1566 in
1942 1542 2134 1574 Prolegomenis
2147 1543 2180 1568 ad
2199 1544 2303 1574 priores

1349 1594 1429 1620 libros
1448 1594 1655 1626 publicavimus,
1676 1593 1836 1619 desideratur
1855 1597 1973 1626 respectu
1994 1596 2077 1627 quarti
2097 1594 2162 1620 libri.
2178 1596 2300 1628 Sequitur

1349 1648 1428 1679 igitur
1447 1647 1578 1678 catalogus
1604 1646 1723 1671 codicum
1750 1647 2001 1678 manuscriptorum,
2022 1648 2090 1672 hunc
2116 1647 2210 1672 librum
2231 1648 2300 1673 exhi-

1350 1700 1479 1733 bentium,
1499 1707 1565 1732 quos
1584 1700 1609 1725 P.
1624 1700 1716 1726 Fidelis
1736 1700 1760 1725 b.
1778 1707 1812 1727 m.
1833 1701 1941 1731 notavit;
1955 1704 1980 1725 et
1999 1701 2083 1731 primo
2102 1701 2158 1725 loco
2178 1697 2301 1732 ponimus

1351 1754 1452 1779 codices
1471 1761 1484 1778 a
1505 1753 1579 1778 nobis
1598 1760 1657 1778 cum
1678 1756 1746 1780 textu
1765 1754 1883 1780 editionis
1902 1753 2040 1779 Vaticanae
2060 1753 2175 1781 collatos..

919 2025 1198 2075 SYLLABUS
1232 2024 1736 2073 MANUSGRIPTORUM

1181 2131 1265 2163 QUAE
1285 2130 1345 2156 CON
1350 2130 1466 2155 TlNENT

724 2204 1190 2255 COMMENTARIUM
1219 2212 1421 2254 SANCTI
1450 2210 1921 2252 BONAVENTURAE

992 2309 1107 2341 suren
1133 2308 1269 2341 menon
1294 2308 1340 2340 lv.
1366 2307 1657 2339 SEN'rENnARUM.

808 2447 828 2478 Ι.

485 2551 602 2586 Codices
625 2561 644 2585 a
667 2550 753 2585 nobis
776 2560 845 2584 eum
869 2550 958 2584 textu
981 2549 1155 2583 lfa-ticenae

679 2603 824 2637 editionis
847 2602 962 2637 collati.

417 2712 440 2736 sl.
459 2710 554 2736 Assisii
572 2711 596 2735 in
617 2710 735 2742 Umbria,
757 2709 910 2735 bibliotheca
931 2709 1079 2734 Conventus
1098 2709 1177 2733 sancti
1197 2708 1295 2732 Franci-

347 2765 397 2796 sci‚
420 2764 500 2789 codex
528 2763 744 2788 membranaceus
764 2764 788 2787 in
808 2763 883 2794 solio,
905 2762 998 2788 saeculi
1018 2762 1082 2787 Xlll.
1101 2761 1151 2786 sub
1170 2761 1235 2793 fine,
1263 2761 1296 2785 si-

347 2819 440 2848 gnatus
460 2823 569 2842 numero
589 2816 635 2847 34,
656 2804 749 2841 tabulis
778 2817 848 2841 corio
876 2815 935 2841 albo
957 2815 1076 2841 obductis
1096 2816 1246 2846 coopertus,
1270 2814 1295 2838 in

348 2877 459 2902 quarum
479 2870 605 2894 anteriore
624 2870 684 2893 vitta
706 2868 903 2894 membranacea
930 2869 1040 2900 legitur:
1062 2866 1182 2898 Quartus
1200 2865 1296 2899 fratris

348 2922 542 2947 Boizaventure.
563 2921 652 2952 Incipit
673 2921 713 2945 tol.
735 2922 758 2945 2.
778 2926 816 2945 r.:
838 2918 1038 2954 Unquentarius
1061 2918 1139 2951 saciet
1162 2917 1297 2951 pigmenta

348 2973 488 3000 suavitatis
507 2976 554 2999 etc.
575 2974 680 3005 Explicit
700 2976 727 2998 ut
746 2974 771 2997 in
791 2973 881 2998 editis:
902 2972 946 2999 cni
963 2974 1000 2998 est
1020 2971 1161 2998 benedictio
1181 2972 1204 2997 et
1217 2970 1297 2997 clari-

348 3028 388 3052 tas
408 3028 431 3052 et
450 3025 580 3060 sapientia
605 3027 630 3051 et
654 3025 808 3059 yratiarmn
827 3025 907 3057 aetio,
930 3025 1017 3060 honor
1036 3026 1059 3051 et
1077 3024 1164 3050 virtus
1183 3025 1207 3050 et
1224 3023 1297 3056 forti-

349 3079 411 3105 tudo
434 3086 482 3112 per
500 3078 604 3112 infinita
622 3078 713 3105 secula
730 3077 890 3104 seculorum.
905 3078 997 3104 Amen.
1011 3091 1047 3096 —
1066 3077 1247 3103 Numerandus
1259 3079 1298 3102 est

348 3132 412 3156 inter
422 3131 541 3155 meliores
551 3130 635 3162 codd,
650 3130 695 3155 sed
707 3137 757 3156 non
771 3133 809 3155 est
822 3133 965 3162 correctus,
980 3131 1027 3155 nisi
1047 3130 1177 3155 interdum
1191 3137 1204 3154 a
1218 3135 1297 3154 manu

349 3184 426 3215 paulo
445 3184 595 3214 posteriore.
611 3183 707 3208 Tamen
728 3190 779 3208 non
799 3190 858 3208 raro
879 3184 964 3214 ipsum
984 3184 1063 3208 secuti
1078 3190 1169 3208 sumus
1182 3183 1207 3208 in
1221 3182 1298 3208 refor-

350 3235 445 3260 mando
465 3238 541 3260 textu.
560 3248 596 3253 -—
615 3235 639 3259 ln
660 3236 707 3260 hac
727 3238 812 3260 nostra
831 3235 944 3261 editione.
963 3236 1080 3266 signatur
1099 3235 1179 3259 littera
1199 3235 1227 3259 A.

421 3288 444 3312 2.
465 3286 550 3313 Casae
569 3287 639 3318 apud
658 3286 794 3312 Castellum
821 3287 987 3313 tabernarum
1017 3287 1182 3318 (Berneastel)
1203 3288 1228 3311 in
1254 3288 1298 3311 Bo-

351 3341 447 3372 russia,
478 3341 610 3371 provincia
639 3340 775 3372 Rhenana‚
804 3340 957 3366 bibliotheca
985 3340 1122 3371 Hospitalis
1151 3339 1180 3364 cl.
1204 3339 1297 3364 Nicolai

350 3392 451 3424 Cusani,
472 3393 569 3418 ordinis
589 3393 612 3417 S.
633 3393 781 3424 Augustini,
796 3394 898 3417 sanctae
916 3393 1048 3417 Romanae
1067 3392 1194 3417 Ecclesiae
1214 3391 1299 3417 Cardi-

1360 2445 1437 2476 nalis,
1458 2444 1514 2469 cod.
1535 2444 1563 2469 D.
1585 2445 1625 2469 21.
1646 2443 1755 2469 membr.
1777 2445 1802 2469 in
1821 2444 1863 2469 sol.
1883 2451 1950 2469 saec.
1970 2444 2038 2469 XlV.
2058 2445 2153 2470 ineunt.
2174 2444 2309 2470 Commen-

1360 2498 1424 2523 tario
1444 2498 1614 2529 praemittitur
1634 2497 1720 2522 tabula
1740 2497 1934 2529 quaestionum,
1954 2498 2030 2522 etiam
2049 2504 2219 2529 eorumquae
2238 2497 2310 2524 circa

1362 2549 1478 2575 litteram
1497 2549 1619 2581 audiunt,
1641 2549 1690 2574 sub
1711 2549 1782 2574 titulo
1794 2555 1800 2574 z
1812 2549 1947 2582 Incipiunt
1957 2548 2123 2582 problemata
2136 2550 2228 2583 quarti
2240 2549 2309 2576 libri.

1362 2602 1459 2627 Deinde
1479 2603 1596 2634 sequitur
1616 2602 1741 2633 prologus
1754 2602 1861 2634 quidam
1875 2603 1996 2632 anonymi
2015 2604 2141 2634 auctoris,
2157 2606 2181 2628 et
2194 2603 2235 2628 sol.
2251 2604 2275 2628 6.
2289 2610 2309 2628 Γ.

1361 2654 1409 2679 col.
1432 2655 1455 2679 ¹1.
1477 2655 1565 2685 incipit
1585 2654 1791 2679 Commentarius
1811 2655 1889 2680 nostri
1909 2655 1988 2679 sancti
2007 2654 2140 2679 Doctoris:
2161 2654 2310 2688 Ungyuenttt-

1361 2706 1420 2732 rius
1438 2706 1518 2739 saciet
1536 2706 1673 2740 pigmenta
1692 2710 1752 2738 etc.,
1782 2707 1826 2739 qui
1853 2707 1944 2732 desinit
1963 2707 2004 2731 rot.
2025 2707 2114 2732 ultimo
2133 2715 2153 2732 r.
2173 2708 2219 2732 eol.
2242 2708 2264 2733 ¹1.
2284 2712 2312 2734 ut

1362 2761 1386 2784 in
1406 2760 1488 2785 editis.
1508 2759 1606 2784 Nomen
1626 2759 1813 2785 Bomrventttre
1833 2760 1939 2784 inseruit
1959 2759 2006 2784 alia
2026 2766 2128 2785 manus.
2149 2760 2256 2786 Exhibet
2269 2768 2311 2786 no-

1362 2814 1399 2837 tas
1420 2812 1507 2843 plures
1526 2812 1694 2843 marginales,
1715 2819 1781 2844 quae
1795 2819 1809 2837 a
1822 2811 1906 2836 scriba
1921 2818 1987 2837 saec.
2008 2812 2075 2837 xtv.
2094 2814 2209 2838 exeuntis
2222 2813 2310 2839 viden-

1361 2867 1402 2889 tur
1421 2865 1538 2890 insertae.
1557 2877 1592 2882 —
1611 2863 1696 2889 Codex
1725 2863 1810 2889 bonus
1839 2868 1863 2889 et
1891 2865 1989 2896 optime
2014 2869 2144 2891 correctus
2163 2873 2177 2890 a
2197 2866 2311 2892 secunda

1363 2923 1458 2948 manu,
1479 2923 1530 2942 non
1551 2924 1609 2942 raro
1628 2916 1722 2942 incedit
1741 2917 1783 2941 via
1804 2917 1943 2949 singulari,
1966 2918 2089 2942 tamenin
2103 2925 2198 2949 genere
2219 2925 2312 2944 conve-

1364 2956 1399 2994 nh
1418 2976 1477 2995 cum
1498 2969 1573 2995 codd.
1596 2969 1790 2994 Par1siensibus.
1810 2983 1846 2988 —
1859 2970 1928 3001 Sign.
1949 2970 1982 2995 X.

1433 3023 1455 3048 3.
1476 3022 1640 3054 Florentiae,
1656 3022 1811 3048 bibliotheca
1825 3022 1973 3056 Nationalis,
1994 3024 2051 3049 cod.
2073 3024 2100 3049 D.
2120 3025 2150 3049 V.
2171 3025 2235 3057 220,
2249 3025 2309 3050 olim

1363 3076 1511 3102 Conventus
1536 3079 1639 3100 sanctae
1664 3074 1753 3100 Crucis
1779 3075 1877 3101 ordinis
1902 3076 2019 3101 Fratrum
2039 3077 2165 3102 lllinorum
2192 3076 2256 3109 295,
2284 3081 2313 3102 ut

1362 3127 1404 3153 fol.
1426 3128 1448 3152 ·1.
1468 3130 1646 3159 praenotatur,
1672 3127 1764 3152 deinde
1789 3127 1959 3153 bibliothecae
1984 3128 2308 3161 Mediceo-Laurentianae,

1363 3181 1426 3206 Plut.
1453 3181 1554 3206 xxva.
1586 3181 1656 3205 Dext.
1682 3180 1738 3206 cod.
1766 3182 1794 3213 2,
1818 3181 1927 3206 membr.
1953 3182 1977 3206 in
2007 3182 2049 3206 fol.
2071 3188 2138 3207 saec.
2164 3181 2226 3207 Xlll.
2253 3185 2311 3213 post

1363 3234 1432 3259 med.
1455 3233 1545 3264 incipit
1564 3233 1605 3258 sol.
1627 3234 1650 3258 2.
1670 3240 1690 3258 r.
1710 3234 1757 3258 col.
1780 3234 1808 3258 l:
1832 3233 2031 3267 Utiquentarius
2055 3236 2101 3259 etc.
2122 3234 2207 3259 Desin.
2234 3238 2262 3260 ut
2285 3236 2310 3259 in

1362 3286 1446 3312 editis.
1467 3286 1560 3311 Ultimo
1579 3286 1639 3311 solio
1658 3293 1680 3310 r.
1701 3289 1761 3311 sunt
1779 3286 1846 3311 duae
1870 3286 1951 3311 lineae
1976 3293 2062 3318 rasae,
2082 3287 2105 3311 iu
2134 3286 2230 3318 quibus
2255 3294 2310 3312 exa-

1362 3341 1416 3364 rata
1436 3341 1507 3364 erant
1526 3339 1630 3363 nomina
1648 3338 1750 3362 illorum
1771 3337 1867 3370 quibus
1893 3337 2029 3369 deputatus
2054 3338 2135 3364 fuerat
2159 3339 2257 3370 codex3
2278 3339 2310 3365 de

1363 3399 1414 3424 qua
1432 3398 1521 3424 rasura
1541 3391 1632 3416 merito
1651 3390 1760 3421 scriptor
1779 3390 1948 3422 perantiquus
1961 3391 2127 3429 conqueritur
2147 3392 2196 3416 hoc
2214 3392 2308 3419 modo:
