2483 3882
279 1081 320 1102 Pro
334 1082 392 1107 parte

288 1106 391 1133 negativa.

411 238 497 284 icae

497 339 526 369 ⁶2.
551 338 642 375 item,
668 336 812 369 voluntas
836 335 971 367 hominis
995 337 1065 375 post
1089 337 1222 366 mortem
1247 338 1293 366 est
1315 334 1357 366 in-

409 390 578 427 vertibilis,
603 389 683 421 sicut
707 388 851 419 voluntas
875 386 976 427 angeli
1002 386 1074 418 mali
1090 386 1121 424 ¹3
1145 386 1200 418 sed
1225 386 1356 427 angelus

409 443 511 475 malus
528 442 609 480 vult,
626 450 658 473 se
683 448 845 482 peccasse:
871 448 946 480 ergo
969 442 1026 471 etc.
1191 443 1194 445 ·

497 494 524 526 3.
550 494 642 531 Item,
667 492 785 524 malitia
802 491 928 523 inclinat
946 491 1135 523 voluntatem
1154 491 1193 523 ad
1218 491 1354 528 malum,

409 548 489 580 sicut
511 546 611 588 gratia
634 545 673 577 ad
698 545 833 582 bonum,
859 544 913 576 sed
931 544 1049 575 malitia
1066 543 1240 576 remanebit
1257 544 1287 575 in
1305 544 1356 576 da-

408 599 537 637 mnatis,
570 598 650 630 sicut
681 600 709 628 et
735 597 834 638 gratia
859 596 888 627 in
913 595 1034 627 Beatis:
1060 604 1134 637 ergo
1159 595 1239 628 sicut
1271 595 1353 627 Beati

408 652 505 690 bona,
529 658 609 692 quae
634 649 730 681 semel
754 648 939 687 voluerunt,
958 656 1081 690 semper
1099 647 1228 687 volunt3
1245 647 1287 679 ita
1304 647 1355 679 da-

408 703 502 736 mnati
527 711 651 744 semper
677 701 786 734 volunt
809 701 900 733 mala.

493 756 523 787 [ι.
549 755 642 794 item,
667 754 751 796 quod
775 754 845 796 quis
870 753 1005 786 dimittat
1028 756 1131 785 actum
1157 752 1306 794 peccandi
1324 752 1353 785 in

407 808 581 850 praesenti,
604 816 665 839 ΠοΠ
689 811 790 848 potest
814 815 882 838 esse
906 805 973 838 sine
997 805 1096 847 gratia
1121 805 1217 846 gratis
1242 805 1314 837 data
1333 804 1354 843 ²,

408 861 506 893 multo
537 859 648 892 fortius
679 859 718 891 de
741 858 890 900 peccandi
916 858 1095 891 voluntate:
1120 867 1194 899 ergo
1219 858 1243 889 si
1269 857 1355 889 nulla

406 913 505 955 gratia
530 913 623 945 datur
648 912 723 954 ipsis
747 911 906 953 reprobis,
932 919 988 943 nec
1012 914 1125 942 natura
1149 911 1354 948 melioratur;

406 974 479 1006 ergo
503 964 651 1006 peccandi
676 964 867 996 voluntatem
893 972 1054 1004 nunquam
1079 962 1235 994 amittunt.

495 1017 638 1050 CONTRA:
660 1018 686 1048 1.
705 1016 877 1058 Sapientiae
894 1016 1002 1057 quinto
1016 1015 1026 1029 ⁸
1041 1027 1047 1046 :
1068 1015 1180 1047 Dicent
1197 1015 1289 1046 imi-a
1304 1025 1353 1053 sc,

404 1070 637 1113 poenitentiam
669 1074 798 1112 agentes
829 1073 907 1106 etc.;
939 1071 1077 1106 constat,
1109 1068 1192 1109 quod
1225 1067 1278 1100 illa
1309 1071 1356 1100 est

408 1123 615 1155 consideratio
632 1122 760 1154 rationis
777 1121 995 1153 deliberantis:
1014 1129 1089 1161 ergo
1105 1120 1248 1158 videtur,
1271 1120 1354 1161 quod

406 1176 502 1209 velint
526 1185 586 1207 non
612 1183 766 1217 peccasse.

495 1230 523 1260 ἓ.
547 1229 640 1266 Item,
665 1227 855 1268 Augustinus
889 1227 918 1257 in
951 1226 1031 1258 libro
1063 1225 1225 1267 Octoginta
1258 1225 1352 1257 trium

407 1282 630 1323 Quaestionum
645 1280 673 1310 ⁴:
698 1292 712 1307 α
725 1279 892 1317 Videmus,
910 1278 1023 1319 inquit,
1044 1277 1215 1311 serissimas
1239 1277 1355 1310 bestias

407 1334 514 1366 dolore
530 1342 701 1375 poenarum
720 1341 737 1363 a
756 1331 902 1363 maximis
918 1330 1133 1372 voluptatibus
1149 1330 1306 1362 abstinere
1319 1341 1353 1368 »3

406 1387 460 1419 sed
485 1385 622 1419 damnati
655 1394 716 1416 ΠοΠ
748 1384 911 1416 ardentius
941 1386 1094 1425 appetunt
1117 1391 1213 1425 quam
1237 1382 1354 1415 bestiae

404 1443 542 1477 atroces,
566 1441 596 1470 et
620 1437 757 1470 maxime
782 1437 983 1469 cruciantur:
1009 1445 1083 1477 crgo
1104 1444 1214 1468 eorum
1238 1435 1354 1476 appeti-

407 1498 456 1525 tus
480 1492 670 1530 retrahitur,
695 1494 725 1522 et
749 1490 792 1522 sic
815 1494 873 1522 etc.

493 1544 521 1576 3.
539 1544 614 1576 Item
625 1569 632 1582 ,
649 1547 810 1585 peccatum
830 1551 891 1574 non
908 1541 1049 1584 placebat
1060 1567 1067 1579 ,
1084 1541 1158 1582 quia
1174 1544 1351 1582 peccatum,

406 1598 461 1630 sed
485 1600 613 1638 propter
639 1596 837 1628 libidinosam
862 1594 1097 1628 delectationem
1113 1594 1145 1632 ⁵3
1168 1594 1223 1626 sed
1248 1594 1276 1625 in
1303 1593 1353 1625 da-

404 1640 518 1683 mnatis
542 1648 672 1681 exclusa
695 1652 741 1680 est
765 1647 866 1679 omnis
891 1646 1056 1679 libidinosa
1080 1645 1259 1678 delectatio:
1278 1654 1353 1687 ergo

405 1701 526 1734 nullum
553 1704 714 1743 peccatum
739 1700 783 1732 eis
808 1699 917 1741 placet.

492 1755 521 1785 li.
546 1754 638 1791 ltem,
665 1752 745 1784 mala
769 1752 914 1784 voluntas
930 1760 966 1784 eo
984 1751 1067 1793 ipso,
1085 1750 1168 1792 quod
1191 1750 1273 1782 mala
1289 1753 1353 1789 est,

405 1810 451 1839 est
475 1810 582 1839 contra
605 1806 723 1844 Deum,
741 1809 770 1837 et
788 1814 824 1836 eo
841 1806 925 1846 ipse,
942 1804 1026 1845 quod
1049 1807 1095 1835 est
1111 1806 1219 1835 contra
1235 1803 1333 1835 Deum
1345 1828 1353 1842 ,

405 1864 451 1891 est
482 1858 642 1890 meritoria
673 1867 811 1899 poenae:
845 1866 919 1898 ergo
944 1865 1066 1897 semper
1092 1859 1253 1888 merentur
1285 1864 1353 1896 poe-1

405 1920 494 1950 nam,
524 1915 554 1943 et
578 1913 619 1942 ita
644 1910 736 1942 debet
759 1919 883 1951 semper
908 1909 952 1941 eis
976 1918 1075 1949 poena
1098 1908 1224 1949 augeri,
1248 1911 1279 1939 et
1310 1907 1353 1939 sic

406 1964 435 1996 in
460 1964 626 1996 infinitum.
652 1963 709 1995 Sed
735 1963 779 1995 sic
803 1972 861 1994 non
888 1962 1003 1994 dicitur
1018 1961 1048 1992 ⁶:
1074 1970 1149 2002 ergo
1173 1964 1230 1993 etc.

495 2017 522 2048 ὃ.
547 2016 639 2053 Item,
665 2014 809 2047 voluntas
839 2014 921 2046 mala
953 2022 988 2046 eo
1022 2013 1106 2054 ipso,
1137 2013 1220 2054 quod
1255 2013 1353 2050 mala,

405 2072 451 2101 est
474 2068 669 2100 inordinata:
696 2076 770 2108 ergo
794 2067 920 2108 quando
943 2066 1010 2098 exit
1033 2066 1062 2098 in
1088 2069 1191 2097 actum
1221 2074 1353 2103 novum,

406 2122 444 2154 de
475 2130 556 2152 novo
588 2120 806 2157 inordinatus,
830 2120 884 2151 sed
916 2118 994 2150 nihil
1019 2122 1119 2159 potest
1149 2118 1232 2149 Deus
1264 2118 1354 2149 relin-

405 2183 501 2215 quere
525 2173 754 2205 inordinatum:
780 2181 854 2213 ergo
872 2171 895 2203 si
914 2175 1076 2213 peccatum
1102 2180 1162 2203 ΠοΠ
1187 2171 1353 2202 ordinatur

405 2227 462 2259 nisi
488 2226 519 2258 in
543 2235 641 2267 poena
657 2226 677 2264 ⁷,
701 2229 731 2257 ot
755 2229 802 2256 est
826 2233 905 2256 nova
938 2224 1146 2263 inordiiiatio;
1170 2233 1245 2265 ergo
1273 2232 1354 2255 nova

404 2288 521 2321 poena,
546 2282 576 2310 et
600 2278 642 2310 ita
666 2286 790 2319 semper
814 2281 977 2309 cresceret.

493 2332 521 2363 6.
546 2331 638 2369 Item,
663 2334 728 2362 esto
760 2330 842 2371 quod
876 2329 1031 2362 damnatis
1063 2330 1193 2362 daretur
1225 2329 1354 2361 libertas

404 2383 570 2424 peccandi,
606 2392 766 2424 nunquam
803 2382 1050 2419 fornicarentur3
1083 2381 1106 2413 si
1140 2381 1279 2413 redirent
1313 2380 1353 2412 ad

405 2444 536 2476 corpora
568 2439 598 2467 et
629 2435 732 2467 locum
767 2435 939 2472 haberent,
968 2438 1104 2472 constat,
1128 2433 1212 2475 quod
1237 2433 1354 2464 nollent

404 2497 549 2529 peccare,
574 2497 644 2519 cum
671 2487 770 2528 magis
795 2487 943 2518 horreant
960 2490 1077 2518 tantam
1094 2495 1240 2527 poenam,
1258 2494 1352 2527 quam

404 2541 638 2573 delectationem
664 2540 779 2581 peccati
806 2539 977 2580 diligant'3:
1003 2548 1077 2580 ergo
1101 2539 1226 2571 videtur
1251 2542 1307 2571 etc.

1167 247 1448 281 SENTENTIARUM
1473 248 1540 279 LlB.
1566 249 1613 281 lv.

1777 345 2017 370 CONCLUSIO.

1433 439 1592 471 Damnata*
1613 440 1746 478 nolunt,
1771 450 1805 472 se
1825 451 1994 482 peccasse,
2019 442 2175 484 loquendo
2199 443 2236 475 de
2259 448 2357 482 actu,

1537 501 1603 523 ozon
1625 501 1701 524 vero
1726 493 1764 524 de
1787 491 1902 525 habitu
1925 493 2102 526 voluntatis
2127 495 2244 527 malae.

1507 597 1707 629 RESPONDEo:
1733 597 1925 636 Dicendum,
1950 599 2033 640 quod
2056 599 2139 631 mala
2162 599 2307 631 voluntas
2324 599 2479 634 di-nisuneu

1419 648 1500 680 citur
1525 649 1709 690 dupliciter,
1735 649 1852 682 scilicet
1868 654 1962 682 actus
1979 655 2009 683 et
2026 650 2167 683 habitus.
2184 652 2258 684 Dico
2275 660 2365 693 ergo,

1418 700 1502 742 quod
1528 701 1620 733 timor
1637 701 1761 734 servilis
1773 702 2002 744 peccatoribus
2018 712 2079 735 non
2100 704 2203 736 aufert
2218 702 2366 736 habitum
2380 715 2412 736 na
2427 715 2479 747 “⁹4⁰¹

1418 753 1517 786 malae
1531 753 1716 793 voluntatis,
1734 754 1788 787 sed
1805 755 1907 787 aufert
1927 758 2039 787 actum
2052 755 2063 770 ⁹
2076 756 2189 789 —iste
2205 756 2287 788 enim
2305 766 2366 789 non
2394 742 2471 764 mm*

1419 806 1486 838 vult
1501 806 1675 845 luxuriari,
1692 807 1766 848 quia
1782 806 1876 839 timet*
1884 807 1988 849 puniri
2005 826 2048 830 —
2061 808 2100 840 de
2116 808 2184 849 ipsa
2208 808 2368 841 voluntate

1418 863 1522 892 tamen
1547 859 1690 891 habitum
1715 868 1776 891 non
1793 859 1916 898 aufert3
1933 860 2017 901 quod
2034 864 2135 901 patet,
2152 860 2243 902 quia,
2261 861 2285 893 si
2303 870 2369 902 spe-

1418 915 1545 943 raretur
1568 911 1757 953 impunitas,
1790 911 1884 944 vellet
1916 912 2025 953 utique
2058 912 2226 944 luxuriari.
2249 931 2293 936 —-
2320 914 2368 946 Sic

1419 963 1655 1005 intelligendum
1675 964 1704 995 in
1731 964 1916 1002 damnatis,
1934 965 2018 1006 quod
2037 965 2127 997 dolor
2150 965 2289 1007 poenalis
2312 975 2369 998 au-
2382 976 2480 999 concinui

1418 1015 1478 1047 fert
1501 1015 1541 1048 ab
1565 1016 1706 1057 ipsorum
1738 1016 1899 1048 voluntate
1927 1021 2038 1048 actum
2067 1017 2192 1050 volendi
2220 1027 2367 1059 peccare,

1419 1068 1493 1110 quia
1517 1077 1628 1100 revera
1652 1068 1790 1100 damnati
1816 1078 1875 1100 non
1901 1073 2053 1111 appetunt
2072 1069 2226 1102 luxuriari
2245 1079 2301 1103 nec
2317 1071 2367 1102 do-

1419 1120 1532 1152 minari
1557 1124 1686 1162 propter
1710 1129 1843 1162 poenaS,
1861 1130 1939 1162 quas
1956 1130 1997 1153 ex
2016 1121 2076 1154 illis
2092 1122 2214 1154 actibus
2230 1122 2368 1154 sentiunt

1419 1182 1451 1206 se
1476 1173 1667 1210 incurrisse;
1691 1173 1808 1205 habent
1832 1176 1936 1205 tamen
1954 1172 2103 1205 habitum
2122 1174 2289 1206 voluntatis
2306 1184 2367 1206 ma-

1418 1225 1484 1264 lae,
1507 1234 1563 1267 per
1587 1234 1681 1267 quam
1699 1228 1883 1266 appeterent
1901 1234 2047 1266 peccare,
2065 1226 2089 1258 si
2109 1235 2168 1258 non
2185 1227 2365 1265 crederent,

1418 1286 1451 1310 se
1475 1287 1515 1310 ex
1541 1278 1599 1310 boc
1622 1277 1737 1319 puniri.
1761 1297 1805 1300 —
1828 1278 1856 1309 Si
1887 1287 1961 1319 ergo
1993 1287 2143 1319 quaeras,
2176 1282 2282 1311 utrum
2316 1279 2366 1311 da-

1417 1331 1514 1362 mnati
1538 1331 1637 1362 nolint
1660 1339 1827 1372 peccasse,
1852 1331 1939 1369 dice,
1964 1331 2047 1372 quod
2073 1332 2200 1370 nolunt,
2221 1341 2282 1363 nou
2300 1341 2366 1373 pro-
2382 1342 2482 1365 Conclusi‹

1417 1387 1487 1424 pter
1512 1383 1587 1422 hoc,
1612 1383 1695 1424 quod
1720 1386 1882 1424 peccatum
1907 1383 1952 1415 eis
1976 1383 2155 1425 displiceat,
2187 1384 2261 1425 quia
2285 1384 2367 1416 iniu-

1417 1440 1519 1475 stum,
1543 1436 1598 1468 sed
1624 1436 1698 1477 quia
1722 1436 1769 1468 eis
1792 1436 1935 1477 displicet
1958 1445 2058 1478 poena
2082 1437 2163 1468 iusta
2178 1436 2212 1467 ¹⁰.
2238 1437 2273 1468 Et
2297 1437 2366 1469 ideo

1417 1489 1531 1520 malam
1546 1489 1662 1521 babent
1675 1488 1867 1520 voluntatem
1885 1489 1943 1520 hoc
1962 1488 2110 1527 volendo,
2127 1493 2158 1521 et
2175 1489 2244 1521 ideo
2263 1489 2368 1522 adhuc

1417 1541 1493 1573 vivit
1518 1541 1547 1573 in
1577 1541 1621 1573 eis
1654 1541 1797 1573 voluntas
1828 1541 1994 1582 peccandi,
2028 1541 2098 1573 licet
2127 1541 2234 1573 dolore
2260 1551 2368 1583 poena-

1416 1602 1488 1626 rum
1513 1593 1721 1635 impediatur,
1746 1602 1783 1625 ne
1808 1598 1899 1625 exeat
1923 1593 1953 1624 in
1978 1597 2081 1625 actum
2108 1602 2212 1625 suum.

1508 1647 1535 1677 1.
1562 1646 1594 1678 Et
1618 1646 1662 1678 sic
1686 1649 1769 1686 patet
1793 1646 1954 1688 responsio
1978 1645 2016 1677 ad
2043 1646 2190 1687 primuni.

1506 1699 1535 1729 Ξ).
1560 1698 1603 1729 Ad
1636 1697 1714 1730 illud
1737 1698 1820 1739 quod
1845 1697 2008 1735 obiicitur,
2036 1698 2120 1739 quod
2151 1697 2296 1730 voluntas
2320 1701 2366 1730 est

1417 1751 1624 1789 invertibilis;
1649 1750 1835 1789 dicendum,
1860 1750 1944 1792 quod
1976 1759 2086 1782 verum
2119 1754 2166 1782 est
2198 1750 2237 1782 de
2261 1750 2368 1783 volun-

1416 1803 1512 1835 tate¹¹
1539 1807 1690 1845 quantum
1716 1803 1756 1835 ad
1781 1802 1940 1840 habitum,
1960 1803 1988 1834 in
2007 1812 2069 1844 qua
2086 1802 2119 1834 fii.
2136 1803 2227 1844 plena
2244 1803 2368 1842 versiog

1417 1856 1472 1888 sed
1489 1865 1550 1887 non
1567 1859 1614 1887 est
1630 1864 1741 1887 verum
1760 1855 1798 1887 de
1812 1855 2011 1887 vertibilitate
2025 1859 2178 1896 quantum
2192 1856 2231 1887 ad
2245 1860 2366 1887 actum.

1507 1908 1535 1940 3.
1561 1908 1603 1940 Ad
1628 1908 1706 1940 illud
1738 1908 1821 1949 quod
1851 1907 2007 1946 obiicitur,
2031 1908 2115 1949 quod
2142 1908 2259 1940 malitia
2283 1908 2366 1940 incli-

1417 1965 1470 1992 nat
1494 1961 1574 1993 sicut
1598 1960 1718 2001 graua;
1742 1960 1930 1998 dicendum,
1963 1960 2045 2001 quod
2079 1969 2137 1991 non
2172 1964 2218 1992 est
2243 1960 2365 1992 simile:

1417 2013 1491 2055 quia
1523 2017 1626 2045 motus
1658 2013 1776 2054 gratiae
1808 2013 2000 2054 praemiatur
2025 2013 2053 2044 in
2080 2013 2171 2044 simili
2198 2016 2228 2044 et
2259 2021 2367 2045 conveu

1417 2122 1448 2150 et
1472 2118 1542 2150 ideo
1566 2118 1745 2160 impeditur,
1770 2118 1824 2150 sed
1850 2122 1953 2150 motus
1974 2118 2091 2159 gratiae
2116 2120 2366 2150 consummatur.

1505 2171 1536 2202 li.
1561 2171 1603 2202 Ad
1632 2170 1711 2202 illud
1743 2170 1826 2212 quod
1856 2170 2011 2208 obiicitur,
2043 2170 2127 2211 quod
2159 2169 2318 2202 abstinere
2349 2178 2367 2201 a

1418 2223 1577 2255 voluntate
1607 2223 1755 2265 peccandi
1788 2232 1847 2254 non
1872 2228 1922 2255 est
1944 2223 2009 2255 sine
2033 2223 2154 2264 gratia;
2179 2222 2365 2262 dicendum,
2382 2217 2483 2256 notanti&

1418 2276 1501 2317 quod
1528 2275 1683 2317 loquendo
1699 2275 1738 2307 de
1755 2274 2036 2307 voluntate-habitu
2048 2300 2055 2312 ,
2078 2284 2137 2306 non
2154 2278 2201 2306 est
2218 2274 2283 2306 sine
2300 2283 2366 2315 gra-

1417 2329 1480 2366 tia3
1505 2328 1559 2359 sed
1584 2328 1613 2359 in
1640 2327 1883 2359 voluntate-actu
1916 2327 2173 2368 distinguendum
2202 2332 2267 2358 est:
2293 2327 2365 2368 quia
2381 2339 2483 2361 nisiinciiu

1417 2385 1472 2413 aut
1488 2381 1622 2413 abstinet
1639 2381 1678 2412 ab
1695 2384 1765 2412 actu
1785 2380 1883 2418 malo,
1901 2381 1974 2422 quia
1992 2384 2108 2411 contra
2127 2380 2228 2411 Demn
2245 2384 2274 2411 et
2291 2379 2364 2420 quia

1418 2433 1589 2476 iniqu-um,-
1613 2437 1643 2465 et
1669 2434 1726 2465 boc
1750 2442 1810 2464 non
1836 2436 1883 2465 est
1907 2433 1973 2465 sine
1997 2433 2095 2473 gratia
2113 2433 2209 2474 gratis
2226 2432 2297 2464 data
2321 2451 2364 2454 —

1418 2486 1494 2517 baec
1518 2485 1599 2517 enim
1625 2489 1794 2527 praeparat
1817 2485 1856 2517 ad
1883 2485 2062 2517 ulteriorem
2088 2485 2219 2526 gratiam
2245 2504 2288 2507 —
2310 2488 2364 2516 aut

1418 2539 1491 2579 quia
1516 2538 1573 2570 hoc
1603 2542 1648 2570 est
1681 2538 1858 2576 laesionum,
1884 2538 1964 2570 sicut
1988 2538 2100 2579 aliquis
2125 2538 2250 2570 dimittit
2273 2537 2364 2569 sorni-

474 2711 480 2726 1
504 2711 568 2735 Vide
587 2712 712 2742 Damaso.y
734 2712 758 2736 11.
780 2712 812 2736 tle
834 2711 892 2736 Fido
912 2711 1012 2736 orthod.
1033 2719 1054 2735 c.
1076 2711 1104 2743 4,
1125 2718 1153 2735 cx
1175 2718 1226 2743 quo
1242 2711 1266 2735 ll.
1282 2711 1349 2735 Sent.

402 2755 427 2779 d,
448 2755 471 2779 7.
492 2762 517 2786 p.
537 2756 552 2779 l.
573 2762 594 2779 u.
621 2755 638 2779 1.
660 2762 684 2786 (1.
710 2756 728 2779 l.
749 2758 863 2779 sumtum
885 2755 1049 2779 cstsundani.
1075 2755 1093 2778 l.
1113 2768 1148 2772 —
1168 2755 1274 2779 Inferius
1293 2757 1351 2785 post

400 2805 522 2831 peccasse
541 2807 553 2823 ει
575 2799 631 2823 cod.
653 2806 681 2823 aa
701 2799 825 2829 allegatur
844 2798 969 2823 Psalimts
995 2798 1053 2829 tw,
1074 2798 1141 2830 231:
1162 2797 1294 2831 Superbia
1313 2804 1351 2824 eo-

403 2849 465 2867 rum
485 2842 531 2875 qui
549 2844 572 2867 le
591 2842 717 2873 oderunt,
739 2842 856 2867 ascendit
874 2849 984 2874 semper.

473 2886 483 2901 ‘2
503 2886 566 2911 Cod.
588 2895 616 2911 aa
638 2886 708 2911 addit
727 2886 878 2918 Sapientiae
898 2888 988 2912 octavo
1009 2885 1047 2918 [r.
1074 2886 1140 2917 21.]:
1162 2886 1223 2912 Non
1248 2892 1351 2919 possem

403 2936 457 2955 esse
477 2929 611 2955 continens
631 2934 677 2955 etc.
698 2929 746 2955 Cir.
769 2933 829 2954 toni.
851 2930 876 2953 ll.
898 2937 956 2960 pag.
978 2930 1041 2960 680,
1065 2934 1123 2954 noia
1144 2929 1167 2953 li.

472 2973 482 2989 ³
502 2973 574 2999 Vcrs.
592 2975 619 2998 323:
634 2974 750 2998 Dicentcs
770 2975 833 2998 inti-a
853 2980 880 2998 se
899 2978 945 2998 ctc.
966 2987 1001 2991 —
1021 2974 1044 2997 ln
1066 2973 1114 2997 finc
1134 2980 1189 3004 arg.
1211 2973 1270 2997 edd.
1291 2979 1349 2998 cuni

404 3024 455 3042 uno
474 3018 605 3048 alteroque
625 3017 701 3042 codd.
723 3017 832 3042 vocibus
851 3024 905 3043 nou
922 3023 1044 3049 peccasse
1064 3017 1278 3047 praemittuntse.

474 3061 483 3076 ⁴
504 3061 605 3092 Qiiacst.
626 3062 666 3085 36.
688 3068 710 3085 n.
737 3062 761 3085 1;
783 3061 908 3085 Videmus
927 3062 1016 3092 eliani,
1038 3061 1238 3085 immanissimus
1256 3060 1351 3085 bestias

404 3111 418 3128 a
438 3105 554 3128 maximis
574 3104 749 3135 voluptatibus
769 3105 905 3129 absterreri
926 3105 1044 3129 dolui-uni
1065 3108 1143 3129 int-tu.

474 3147 484 3163 5
503 3149 618 3179 August¹⁷
641 3148 717 3173 XXll.
738 3152 823 3173 contra
846 3149 974 3179 Faustum⁷
995 3156 1016 3172 c.
1038 3149 1082 3172 28:
1103 3149 1127 3172 Si
1143 3149 1209 3172 enim
1229 3149 1289 3172 iiiliil
1310 3148 1351 3172 <lo-

404 3191 506 3215 lectarct
526 3192 653 3222 illicitum,
675 3198 751 3216 nenio
781 3195 905 3222 peccaret.
935 3193 1016 3215 Serui.
1038 3193 1078 3215 21.
1100 3192 1172 3221 <alias
1197 3191 1220 3215 5.
1249 3198 1278 3215 ex
1300 3192 1351 3215 su·-

405 3235 560 3266 niondiaiiis)
581 3243 603 3259 n.
625 3235 653 3259 3:
675 3235 728 3258 Non
750 3236 834 3265 ipsum
851 3238 984 3265 peccatum
999 3242 1084 3265 anius,
1099 3235 1144 3259 sed
1159 3235 1224 3259 malo
1238 3234 1349 3258 amando

405 3277 473 3307 quod
500 3285 571 3302 unias
597 3278 741 3309 illaquearis
762 3280 874 3308 peccato.
895 3278 948 3309 Qua
979 3279 1076 3302 ratione
1100 3278 1196 3302 malum
1217 3278 1297 3308 possit
1316 3278 1349 3302 in-

405 3320 486 3350 tendi,
507 3322 645 3351 explicatur
666 3322 690 3345 ll.
711 3323 778 3345 sent.
799 3322 823 3345 d.
846 3321 886 3345 3-1.
906 3328 928 3346 a.
955 3322 974 3345 l.
994 3328 1018 3352 q.
1039 3322 1062 3345 3.
1082 3335 1116 3339 --
1136 3322 1183 3345 Pro
1209 3321 1272 3353 quia
1295 3327 1350 3353 pec-

405 3364 491 3388 calum
519 3364 575 3388 cod.
602 3364 637 3389 bl)
654 3366 763 3396 propter
788 3371 832 3395 sr;
852 3365 908 3389 cod.
931 3365 949 3389 U
970 3365 1029 3395 tog-it
1057 3364 1210 3395 glossando:
1229 3363 1351 3396 placebat

1415 2709 1505 2743 [codd.
1525 2710 1605 2734 ALY
1625 2710 1747 2741 supplent
1774 2709 1824 2742 eis]
1848 2709 1901 2735 nisi
1925 2711 2036 2742 propter
2062 2708 2228 2734 libidinosam
2253 2707 2363 2734 delecta-

1416 2753 1512 2779 tionem
1532 2753 1602 2786 [cod.
1623 2755 1640 2778 Z
1661 2753 1843 2785 comitatem}

1484 2798 1495 2813 ⁶
1514 2798 1578 2822 Edd.
1602 2797 1710 2823 uidetur.

1484 2840 1494 2856 ⁷
1516 2841 1580 2865 Vide
1600 2848 1678 2871 supra
1698 2847 1758 2871 pag.
1779 2840 1842 2870 932,
1864 2842 1920 2864 nota
1946 2840 1964 2864 1.
1985 2843 2010 2864 et
2029 2846 2089 2870 pag.
2112 2838 2176 2869 959,
2197 2840 2256 2862 nota
2276 2837 2300 2861 7.

1485 2884 1495 2899 S
1515 2885 1562 2908 Pro
1573 2883 1695 2917 (linqunt,
1712 2883 1781 2915 quod
1797 2890 1825 2908 ox
1840 2883 1914 2907 codd.
1926 2883 1973 2907 LY
1987 2883 2175 2913 supplcximus,
2190 2883 2214 2906 in
2228 2881 2284 2906 cod.
2296 2881 2313 2905 Ε
2327 2887 2363 2905 se-

1415 2928 1498 2953 cunda
1512 2934 1604 2952 manus
1615 2926 1744 2952 substituit
1755 2925 1841 2951 velint.
1852 2926 1909 2951 Post
1923 2927 2025 2951 constat
2035 2925 2110 2950 codd.
2122 2926 2139 2949 E
2148 2925 2165 2949 L
2177 2925 2274 2949 addunt
2284 2923 2361 2949 enim.

1485 2972 1495 2987 9
1515 2971 1564 2997 Csr.
1585 2974 1645 2996 tom.
1666 2971 1701 2995 lll.
1722 2978 1781 3002 pag.
1802 2970 1860 3001 755,
1882 2973 1940 2995 nota
1961 2971 1984 2994 3.
2000 2984 2033 2987 —
2048 2970 2094 2994 l‘ro
2113 2969 2141 2994 in
2161 2967 2358 3002 peccatoribus,

1415 3015 1485 3047 quod
1506 3015 1612 3046 praebet
1631 3014 1687 3039 cod.
1708 3014 1758 3045 hb,
1779 3014 1818 3038 alii
1843 3013 1917 3039 codd.
1947 3017 1972 3038 et
1990 3013 2030 3038 ed.
2052 3014 2060 3037 ¹l
2087 3014 2171 3037 minus
2200 3018 2315 3043 congrue
2334 3010 2359 3036 in

1415 3059 1562 3090 damnatis,
1586 3059 1640 3083 Vat.
1661 3057 1688 3083 in
1708 3057 1868 3088 viatoribus,
1889 3064 1955 3089 quae
1975 3058 2050 3082 etium
2066 3064 2113 3088 pro
2127 3058 2202 3081 actzcs
2215 3057 2238 3081 et
2257 3053 2362 3080 habitus

1415 3103 1544 3127 substituit
1563 3108 1617 3127 uno
1636 3100 1713 3127 ruodo
1734 3102 1810 3129 actu..
1833 3100 1886 3126 ullo
1906 3100 1982 3126 modo
2003 3099 2101 3125 habitu.
2123 3100 2228 3124 inferius
2248 3106 2294 3129 pro
2309 3104 2362 3130 spe-

1414 3147 1524 3170 raretur
1538 3145 1608 3169 inulti
1624 3145 1698 3170 codd.
1713 3148 1736 3169 ct
1751 3145 1790 3169 cd.
1807 3145 1812 3168 1
1832 3144 1871 3168 vol
1885 3145 2032 3176 separetur,
2047 3143 2085 3167 vcl
2097 3143 2270 3174 separaretur
2281 3141 2361 3172 (idcm

1415 3190 1522 3213 recurrit
1541 3189 1604 3213 infra
1625 3189 1648 3212 in
1669 3188 1743 3213 solut.
1763 3187 1795 3211 zid
1821 3188 1838 3212 1.
1861 3194 1908 3218 pro
1928 3191 1999 3218 parte¹
2020 3187 2123 3217 negat).

1486 3232 1507 3248 ¹⁰
1528 3232 1592 3257 Vide
1605 3232 1630 3256 ll.
1646 3233 1712 3256 Sunt.
1734 3232 1758 3256 (l.
1778 3232 1801 3256 7.
1823 3238 1847 3262 p.
1869 3231 1883 3255 l.
1905 3238 1926 3255 a.
1953 3232 1971 3254 1.
1992 3239 2016 3262 q.
2039 3231 2060 3254 «l.
2077 3244 2108 3247 ——
2124 3231 2170 3254 Pro
2190 3229 2225 3254 et's
2245 3228 2361 3261 displicet

1415 3276 1488 3300 multi
1507 3275 1584 3300 codd.
1604 3274 1748 3308 displiceat.
1769 3275 1894 3306 Superius
1919 3281 1966 3305 pro
1994 3281 2028 3299 em
2047 3273 2110 3304 hoc,
2132 3273 2202 3304 quod
2222 3272 2298 3297 codd.
2319 3272 2359 3296 1Ιὶ

1414 3323 1439 3344 et
1457 3319 1497 3344 cd.
1520 3320 1528 3343 l
1553 3319 1685 3349 omittunt,
1706 3318 1780 3343 codd.
1801 3318 1850 3342 LY
1871 3317 1981 3349 winde,
2004 3317 2061 3342 cod.
2081 3317 2099 3341 N
2120 3315 2188 3342 inde.

1486 3363 1503 3378 ¹¹
1526 3363 1582 3387 Vut.
1598 3361 1768 3388 rerlibc'litate.
1783 3362 1837 3386 Mox
1858 3368 1905 3392 pro
1923 3360 1952 3394 fit
1972 3360 2085 3385 nonnulli
2101 3360 2175 3385 codd.
2190 3364 2213 3385 ct
2227 3359 2266 3384 ed.
2283 3360 2291 3383 sl
2315 3359 2357 3385 stt.
