2483 3882
781 244 874 277 DIST.
898 245 998 278 XXIV.
1024 245 1053 277 P.
1078 245 1110 277 ΙΙ.
1136 245 1255 278 DUBlA.

36 333 137 367 officio
159 340 216 374 per
239 340 289 370 se,
313 330 367 363 sed
392 329 545 362 voluntati
569 330 693 364 iunctae
717 340 790 365 cum
806 335 879 364 actu
895 341 982 373 prae-

0 407 25 423 tr.
38 385 192 427 rogativae
215 383 356 415 alicuius.
380 401 425 405 —
446 382 555 415 Posset·
576 386 679 415 tamen
703 383 783 422 dici,
800 384 884 425 quod
902 384 980 417 illud

35 437 217 479 intelligitur
241 438 393 477 quantum
418 435 457 467 ad
482 435 631 467 meritum
655 435 872 468 substantiale
885 436 907 468 1.

440 540 515 572 Dua.
534 540 566 571 [I.

119 646 194 678 Item
219 645 382 687 quaeritur
406 645 444 677 de
469 645 527 677 hoc
551 644 635 686 quod
654 644 745 683 dicit,
766 644 851 686 quod
868 644 910 677 ab
927 655 980 677 ar-

36 698 225 732 chidiacono
237 697 407 739 accipiant
422 696 660 729 candelabrum
673 700 730 729 etc.
748 696 880 730 Videtur
897 697 979 729 enim

33 752 114 786 male
130 751 233 783 dicere
247 762 254 782 :
272 750 342 792 quia
362 750 603 782 archidiaconus
619 759 680 782 non
697 753 799 791 potest
815 750 980 789 ordinare,

35 813 107 846 ergo
130 811 186 835 nec
210 802 286 834 dare
311 811 402 840 vasa,
427 802 457 834 in
482 802 599 843 quihus
623 802 816 843 significetur
832 805 980 842 potestas.

121 855 196 887 Item
221 854 394 896 quaeritur,
412 854 483 896 quis
499 854 538 887 sit
558 858 647 886 actus
666 854 891 896 principalior·
914 865 981 888 aco-

3 909 211 951 n-lythorum,
234 916 273 939 an
296 907 474 939 ministrare
491 907 530 939 de
546 916 657 945 cereo,
681 916 722 939 an
746 907 924 940 ministrare
941 908 980 941 de

32 960 167 995 urceolo.
186 960 220 992 Et
236 960 371 998 videtur,
389 960 474 1001 quod
491 960 530 992 de
548 959 697 998 urceolo,
714 960 788 1001 quia
805 961 978 993 secundum

28 1015 127 1048 istum
143 1017 248 1046 actum
265 1013 403 1055 quodam
421 1013 513 1045 modo
529 1012 671 1054 iungitur
687 1023 767 1046 cum
792 1013 893 1046 officio
910 1014 981 1046 sub-

35 1066 161 1101 diaconi.
179 1085 222 1089 —
238 1066 296 1098 Sed
320 1066 360 1098 ad
385 1065 563 1107 oppositum
588 1069 651 1105 est,
669 1066 743 1108 quia
759 1067 979 1108 unusquisque

33 1121 108 1155 ordo
139 1119 360 1152 denominatur
388 1128 406 1151 a
430 1118 565 1160 digniori
588 1123 619 1151 et
642 1119 899 1161 principaliori²;
923 1120 979 1152 sed

32 1172 162 1215 acolythi
187 1172 336 1204 dicuntur
360 1171 449 1213 quasi
474 1170 682 1214 ceroferarii.

117 1226 319 1257 Ruspouneo:
344 1224 535 1263 Dicendum,
561 1225 644 1267 quod
664 1228 810 1266 potestas
841 1225 979 1258 traditur

31 1279 70 1312 ab
93 1278 254 1320 episcopo,
287 1277 341 1310 sed
366 1277 607 1310 archidiaconus
632 1279 728 1310 tradit
752 1278 915 1311 urceolum
949 1282 979 1311 et

33 1330 271 1369 candelabrum,
303 1334 339 1362 ut
370 1329 581 1371 significetur⁷
614 1330 698 1372 quod
727 1330 798 1363 talis
823 1330 979 1363 ministrat

33 1383 237 1421 subdiacono,
261 1386 291 1414 et
317 1382 375 1414 hoc
399 1382 538 1423 primum
563 1383 672 1425 incipit
695 1383 778 1415 circa
802 1383 901 1416 altare
924 1384 979 1415 mi-

31 1436 170 1468 nistrare.
202 1435 446 1467 Archidiaconus
474 1438 579 1467 autem
604 1435 720 1468 dicitur
740 1435 897 1477 princeps
920 1436 978 1468 mi-

30 1487 187 1520 mistel-ize.

115 1540 203 1581 Quod
228 1540 391 1579 obiicitur,
416 1540 487 1582 quis
510 1544 599 1573 actus
624 1541 847 1583 principalior3
877 1542 978 1574 dicen-

3 1606 16 1625 t.
30 1594 121 1632 dum,
152 1593 237 1634 quod
269 1597 375 1631 actus,
408 1602 426 1624 a
457 1602 520 1635 quo
552 1593 812 1633 denominantur,
845 1595 898 1636 qui
931 1598 978 1627 est

29 1646 107 1679 ferre
130 1655 253 1683 cereos,
278 1646 352 1687 quia
384 1646 469 1678 hunc
501 1650 606 1678 actum
640 1647 756 1679 habent
785 1647 815 1679 in
839 1648 976 1689 quadam

29 1698 250 1740 completione3
283 1698 336 1730 sed
366 1702 471 1731 actum
496 1699 694 1731 ministrandi
721 1700 836 1732 babent
862 1701 890 1732 in
923 1700 978 1731 im-

29 1751 213 1794 perfectione
237 1756 391 1793 quantum
416 1752 455 1784 ad
483 1752 741 1785 ministrationem
767 1762 877 1794 aquae.
901 1753 977 1785 Sub-

28 1804 173 1837 diaconus
196 1807 302 1836 autem
332 1804 518 1845 completius
550 1805 635 1837 hunc
667 1808 771 1837 actum
805 1805 908 1837 habet.
932 1824 976 1828 —

25 1856 89 1889 Alia
113 1857 192 1888 ratio
215 1861 279 1894 est,
303 1857 377 1898 quia
409 1857 440 1888 in
472 1857 601 1889 serendo
636 1866 743 1889 cereos
780 1858 975 1899 significatur

25 1912 176 1951 potestas,
201 1918 296 1951 quam
323 1909 416 1942 habet
433 1909 464 1941 in
482 1909 586 1942 dando
610 1910 727 1942 bonum
750 1911 974 1953 exemplum⁴;

27 1965 57 1994 et
78 1962 151 2003 quia
182 1962 240 1994 hoc
271 1965 318 1994 est
350 1962 516 1994 cuiusdam
545 1962 822 2003 superpositionis,
856 1963 911 1995 sed
943 1964 972 1995 in

27 2014 249 2047 ministratione
272 2023 372 2056 aquae
397 2014 568 2047 subiectio:
595 2015 664 2047 ideo
688 2019 745 2048 etc.

802 2103 812 2118 θ

426 2120 503 2152 DUB.
526 2120 573 2152 ΙΙΙ.

109 2225 183 2257 Item
209 2225 374 2267 quaeritur
399 2226 437 2258 de
462 2226 520 2258 hoc
545 2227 628 2268 quod
647 2222 740 2266 dicit,
757 2227 841 2269 quod
860 2227 973 2259 levitae

27 2286 65 2308 ea:
87 2277 215 2310 nomine
236 2278 386 2310 auctoris
402 2278 511 2310 vocati
532 2283 618 2310 sunt.
637 2279 769 2312 Videtur
786 2280 869 2312 enim
893 2280 973 2313 male

29 2329 146 2362 dicere:
176 2331 249 2372 quia
282 2331 492 2363 sacerdotium
524 2341 624 2364 novae
657 2332 733 2373 legis
765 2336 897 2365 evacuat
929 2342 974 2365 sa-

28 2383 194 2415 cerdotium
232 2384 379 2423 veteris⁵,
404 2394 478 2426 ergo
510 2385 578 2426 pari
611 2386 730 2417 ratione
762 2385 971 2418 ministeriun]

25 2439 154 2468 evacuat
185 2436 414 2469 ministerium:
440 2446 515 2479 ergo
540 2447 601 2470 non
626 2438 741 2471 debent
765 2438 902 2480 amplius
934 2438 974 2471 le-

27 2487 104 2520 vitae
126 2488 196 2521 dici.

1934 248 1998 281 637

1135 333 1209 365 ltem
1234 333 1399 375 quaeritur
1423 333 1461 366 de
1486 333 1544 366 hoc
1568 334 1771 376 quoddicit:
1805 334 1859 367 Ad
1890 334 1998 367 diaco-

1045 395 1126 418 num
1154 387 1295 427 pertinet
1326 386 1480 418 assistere
1510 386 1761 420 sacerdotibus.-
1798 387 1892 429 quia,
1923 396 1997 420 cum

1046 437 1140 470 unius
1163 438 1283 471 ordinis
1307 447 1390 471 unus
1414 439 1453 471 sit
1480 442 1569 471 actus
1593 442 1623 472 et
1647 448 1709 472 una
1734 443 1887 481 potestas,
1913 440 1996 473 vide-

1046 493 1115 529 tur,
1141 491 1225 532 quod
1250 491 1331 523 male
1355 491 1491 532 assignet
1514 491 1644 524 diacono
1670 495 1897 531 novemactus‚
1915 492 1995 526 sicut

1046 541 1230 583 intelligitur
1254 552 1296 575 ex
1320 543 1464 576 littera⁶:
1490 553 1564 585 ergo
1592 547 1648 576 aut
1679 545 1829 577 diaconus
1864 545 1998 587 comple-

1045 593 1140 626 ctitur
1164 603 1276 628 novem
1301 596 1428 628 ordines
1452 601 1482 628 et
1502 605 1615 628 novem
1632 597 1848 636 characteres,
1864 601 1997 630 autnon

1045 645 1124 679 bene
1148 656 1204 679 nec
1228 656 1303 680 vere
1327 648 1526 690 assignantur
1550 649 1578 681 ei
1602 649 1784 682 huiusmodi
1809 655 1907 682 actus.

1134 700 1336 732 RespoNDEo:
1366 701 1558 740 Dicendum,
1590 702 1675 743 quod
1707 702 1840 735 levitae⁷
1869 703 1997 744 proprio

1045 751 1170 784 nomine
1194 752 1393 794 appellantur
1418 754 1570 792 aiaconi,
1596 755 1627 786 in
1652 764 1713 796 quo
1731 755 1856 787 nomine
1880 756 1996 788 claudi-

1045 807 1098 835 tur
1121 805 1270 846 proprius
1293 814 1404 837 eorum
1428 810 1517 838 actus
1539 810 1569 839 et
1586 807 1784 849 principalis,
1809 808 1927 840 scilicet
1943 808 1998 840 mi-

1045 855 1180 888 nistrare
1204 857 1359 889 sacerdoti
1383 858 1558 898 specialiter
1582 863 1612 891 et
1637 860 1817 893 immediate
1834 861 1865 892 in
1888 860 1995 893 sacris.

1046 908 1088 940 Ad
1106 908 1253 941 diaconos
1270 910 1352 941 enim
1371 911 1505 951 pertinet
1529 921 1644 953 corpus
1668 913 1791 945 Domini
1808 913 1993 952 transferre,
2009 924 2136 946 Notandum.

1044 960 1075 992 in
1101 960 1260 1001 primitiva
1286 962 1420 994 Ecclesia
1444 963 1536 995 etiam
1563 965 1747 1005 sanguinem
1769 966 1996 1007 dispensare83

1039 1013 1129 1045 -unde
1152 1013 1333 1046 immediate
1369 1014 1417 1046 isti
1443 1015 1659 1048 sacerdotibus
1682 1018 1832 1051 assistunt
1855 1022 1886 1051 et
1909 1019 1997 1051 mini-

1044 1069 1153 1098 strant.
1179 1066 1213 1098 Et
1236 1066 1362 1108 quando
1386 1067 1480 1099 datur
1497 1068 1541 1100 eis
1558 1072 1694 1109 potestas
1710 1070 1750 1102 ad
1767 1071 1851 1103 hunc
1872 1075 1995 1112 actum,

1043 1121 1118 1151 tunc
1142 1123 1189 1152 est
1213 1119 1399 1159 dicendum,
1425 1121 1638 1154 characterem
1656 1122 1804 1164 imprimi.
1822 1125 1907 1157 Unde
1924 1134 1996 1157 cum

1043 1181 1156 1204 novem
1181 1172 1230 1204 vel
1254 1173 1337 1205 circa
1363 1173 1439 1205 illud
1465 1174 1495 1205 in
1521 1174 1624 1206 littera
1647 1175 1862 1216 assignentur,
1888 1177 1997 1210 intelli·

1044 1225 1192 1265 gendum,
1210 1225 1293 1267 quod
1311 1225 1362 1257 alii
1385 1229 1458 1258 sunt
1474 1227 1608 1265 auocati,
1626 1227 1657 1259 hi
1671 1229 1885 1270 prinozpales.
1902 1249 1945 1253 —
1962 1231 1996 1263 Et
2024 1242 2109 1271 ouaesr.
2124 1241 2156 1261 in-

1042 1277 1074 1308 si
1097 1281 1131 1308 ta
1155 1287 1323 1320 quaeras:
1349 1287 1447 1320 quare
1472 1283 1624 1311 vocantur
1649 1280 1783 1313 levitae?
1808 1282 1994 1321 dicendum,
2010 1268 2154 1289 ⁰¹⁶'⁸⁰¹‘'¹t⁰r'

1043 1330 1128 1371 quod
1152 1339 1213 1362 non
1245 1330 1314 1364 ideo
1348 1331 1498 1364 dicuntur
1523 1331 1654 1371 levitae,
1680 1333 1753 1375 quia
1781 1334 1919 1367 officium
1944 1336 1995 1367 ha-

1042 1383 1136 1415 beant
1160 1383 1346 1422 levitarum,
1371 1385 1425 1416 sed
1451 1385 1524 1426 quia
1548 1385 1708 1418 consimile
1731 1386 1773 1418 illi
1792 1391 1822 1419 et
1838 1396 1894 1429 per
1915 1388 1994 1421 illud

1042 1435 1180 1468 officium
1205 1436 1453 1477 praefiguratum
1465 1437 1485 1468 ⁹.

1446 1543 1522 1574 Due.
1547 1543 1593 1575 IV.

1130 1647 1204 1680 [tem
1241 1647 1405 1689 quaeritur
1431 1648 1479 1680 'de
1515 1648 1685 1689 divisione,
1717 1659 1812 1691 quan]
1842 1652 1928 1693 ponit
1955 1652 1993 1685 de

1042 1699 1164 1732 actibus
1201 1699 1466 1738 sacerdotalibus,
1503 1700 1555 1741 qui
1593 1705 1688 1733 sunt:
1716 1711 1837 1743 corpas
1864 1704 1996 1736 Domini

1041 1752 1215 1793 conficere,
1248 1753 1414 1784 orationes
1446 1753 1564 1791 dicere,
1598 1754 1685 1786 (lona
1708 1755 1770 1786 Dei
1802 1755 1993 1788 benedicere.

1041 1805 1173 1838 Videtur
1189 1805 1287 1844 enim,
1305 1805 1389 1846 quod
1407 1815 1479 1838 cum
1496 1810 1585 1839 actus
1610 1807 1726 1848 ligandi
1751 1811 1780 1840 et
1797 1808 1937 1841 solvendi
1955 1809 1994 1842 sit

1041 1858 1140 1890 multo
1157 1858 1301 1897 nobilior,
1315 1858 1399 1900 quod
1416 1858 1561 1900 Magister
1578 1859 1708 1892 deberet
1724 1861 1886 1902 assignare
1903 1862 1961 1903 ipsi
1976 1862 1995 1878 ¹⁰

1040 1911 1204 1943 sacerdoti.

1130 1964 1331 1996 RESPONDEO:
1350 1964 1544 2004 Dicendum,
1561 1965 1645 2007 quod
1664 1966 1713 1997 isti
1730 1969 1819 1999 actus
1837 1971 1909 1999 sunt
1926 1977 1994 2009 pro-

1039 2017 1099 2058 prii
1124 2017 1323 2049 sacerdotum
1349 2020 1379 2049 et
1402 2018 1576 2059 respiciunt
1597 2019 1791 2051 sacerdotem
1817 2021 1993 2053 secundum

1039 2078 1092 2107 se;
1117 2069 1171 2101 sed
1197 2073 1285 2102 actus
1310 2069 1426 2111 ligandi
1451 2074 1481 2103 et
1510 2071 1650 2103 solvendi
1676 2072 1802 2114 respicit
1831 2073 1994 2106 confessio-

1038 2130 1130 2154 nem:
1156 2122 1226 2154 ideo
1241 2131 1347 2163 supra
1360 2123 1380 2139 ¹¹
1406 2123 1445 2155 de
1470 2123 1528 2156 boc
1553 2127 1625 2156 actu
1657 2124 1687 2155 in
1721 2125 1921 2157 Sacramento
1953 2126 1991 2158 de

1038 2175 1227 2216 poenitentia
1256 2176 1322 2208 sive
1346 2179 1481 2208 tractatu
1507 2177 1751 2209 determinatum
1777 2182 1844 2217 est,
1868 2182 1898 2210 et
1922 2179 1991 2211 ideo

1038 2227 1182 2269 Magister
1207 2237 1268 2259 non
1293 2228 1405 2269 repetit
1429 2229 1489 2260 hic.

1456 2334 1532 2367 Due.
1558 2336 1592 2367 V.

1127 2438 1202 2470 [tem
1227 2439 1392 2480 quaeritur
1415 2439 1454 2472 de
1479 2440 1537 2472 hoc
1562 2441 1645 2481 quod
1672 2441 1762 2480 dicit,
1788 2442 1871 2483 quod
1897 2452 1991 2475 eano-

1040 2500 1094 2522 nes
1118 2491 1201 2522 duos
1226 2495 1354 2523 tamum
1372 2501 1488 2524 sacros
1511 2493 1678 2534 appellari
1700 2498 1835 2526 oensem.
1859 2495 1990 2528 Videtur

95 2664 102 2680 ¹
122 2665 187 2690 Vide
206 2666 270 2691 infra
291 2666 315 2691 d.
336 2667 377 2691 33.
398 2674 420 2691 a.
441 2667 464 2691 2.
484 2674 509 2699 q.
530 2667 558 2698 33
579 2667 603 2691 S.
624 2667 726 2697 Thom.‚
747 2668 788 2692 hic
807 2668 872 2692 eirca
894 2668 927 2692 lit.

92 2707 103 2724 ²
122 2707 169 2734 Cl'r.
190 2717 267 2741 supra
288 2717 348 2741 pag.
369 2710 433 2742 470,
455 2713 511 2735 nota
531 2710 556 2735 7.
580 2725 614 2728 ——
637 2711 762 2742 Superius
782 2718 829 2742 pro
855 2710 972 2744 qaudam

25 2750 101 2777 modo
120 2753 175 2778 cod.
196 2754 216 2778 G
235 2753 391 2779 immediate.

94 2795 105 2812 ³
122 2797 146 2822 ln
166 2796 192 2823 C.
213 2798 336 2824 Perteecz's
356 2798 397 2830 (l,
417 2802 518 2824 sumtus
543 2806 573 2824 ex
599 2800 676 2830 Epist.
696 2799 785 2824 Isidori
806 2799 837 2824 ad
859 2800 972 2825 Ludifre-

27 2839 118 2872 dum),
140 2841 163 2866 d.
184 2842 225 2867 25.
246 2843 261 2874 ἓ,
286 2843 322 2868 ll.
343 2843 449 2868 divitur:
471 2843 673 2869 Archidiaconus
692 2845 760 2868 enim
781 2845 891 2875 imperat
911 2844 972 2869 sub-

27 2882 137 2909 diaconis
156 2888 180 2910 et
198 2886 288 2911 levitis.
307 2900 343 2905 —
362 2886 411 2912 Cfr.
433 2894 510 2918 supra
532 2896 553 2912 a.
579 2888 598 2912 l.
620 2895 644 2920 q.
666 2887 688 2912 4.
710 2888 742 2913 ad
764 2887 786 2912 4.

93 2926 103 2943 ⁴
122 2929 268 2955 Secundum
289 2931 433 2956 Pontificale
452 2931 599 2956 Romanum
618 2933 758 2963 episcopus
779 2933 911 2964 acolythos
934 2940 971 2958 or-

27 2969 149 2997 dinandos
168 2973 288 2999 admonet
308 2974 395 2999 verbis
415 2975 498 3000 Mattb.
519 2976 548 3005 5,
565 2976 609 3001 ¹16:
629 2976 724 3001 Luceat
743 2977 785 3001 lux
804 2981 889 3002 vestra
910 2980 969 3009 etc„

24 3016 51 3038 et
69 3014 127 3039 Phil.
147 3016 175 3047 2,
200 3016 243 3042 l'o’:
263 3017 287 3042 ln
312 3018 397 3042 medio
424 3019 532 3043 nationis
553 3026 674 3050 pravae...
701 3020 790 3045 lucetis
816 3021 881 3045 sicut
900 3020 972 3045 lumi-

27 3058 93 3082 naria
113 3059 136 3083 in
156 3060 262 3085 mundo.
282 3061 347 3086 Vide
366 3062 442 3086 etiam
463 3063 502 3086 bic
516 3062 550 3087 lit.
568 3063 694 3093 Magistri,
709 3069 729 3087 c.
745 3063 774 3093 8,
789 3066 814 3088 et
827 3062 971 3088 Comment.

26 3106 49 3124 a.
69 3101 91 3125 2.
111 3109 135 3134 q.
156 3102 178 3128 4.
199 3118 232 3121 —
252 3104 287 3129 De
314 3106 362 3130 boc
386 3105 465 3130 dubio
485 3106 530 3130 csrl
550 3106 576 3130 B.
596 3106 706 3137 Albert.,
727 3107 767 3131 hic
793 3113 815 3131 a.
843 3106 883 3131 24.
904 3114 971 3139 seq.;

28 3143 52 3168 S.
73 3144 177 3177 Titum,
197 3147 238 3172 bic
258 3155 281 3180 q.
303 3149 326 3173 2.
346 3156 367 3173 a.
389 3149 413 3173 2.
434 3148 488 3179 (ubi
508 3152 532 3174 et
551 3149 584 3174 de
603 3156 675 3181 seqq.
696 3149 803 3180 dubiis).

95 3188 106 3205 ⁵
123 3189 172 3215 Csr.
191 3191 268 3216 Hebr.
288 3192 317 3223 7,
340 3193 385 3223 112,
406 3196 431 3217 et
450 3199 527 3223 supra
550 3199 574 3223 p.
596 3193 611 3217 l.
632 3200 653 3217 a.
675 3194 698 3217 2.
719 3200 743 3225 q.
764 3193 788 3217 3.

95 3231 105 3248 θ
123 3233 167 3258 Hic
195 3242 216 3259 c.
235 3235 284 3270 ⁶110.
310 3250 345 3254 —
369 3236 433 3260 Edd.
458 3242 559 3261 novum
586 3237 677 3262 actam
708 3239 732 3261 et
761 3237 838 3267 paulo
867 3238 972 3262 inferius

26 3279 124 3301 novum
147 3276 265 3304 ordinem
292 3279 317 3304 et
339 3285 439 3304 novum
467 3278 657 3305 characterem.
687 3281 712 3304 ln
742 3280 817 3305 codd.
844 3280 971 3306 desidera-

27 3319 67 3342 tur
84 3325 154 3352 erqo.

95 3361 106 3378 ⁷
125 3363 171 3388 Pro
191 3363 298 3397 levitae,
321 3366 392 3398 quod
411 3366 467 3391 cod.
488 3374 517 3391 aa
537 3368 641 3399 omittit,
663 3368 703 3392 alii
724 3368 800 3393 codd.
820 3367 931 3395 diaconi.

1106 2667 1117 2684 ⁸
1136 2669 1230 2700 lustin.⁷
1252 2669 1360 2700 Apolog.
1381 2669 1397 2693 Ι.
1418 2676 1465 2700 pro
1491 2669 1626 2694 Christian.
1648 2677 1671 2694 n.
1693 2670 1743 2695 65:
1770 2671 1818 2702 Qui
1846 2672 1916 2702 apud
1942 2679 1989 2697 nos

1036 2711 1157 2737 dicuntur
1176 2712 1276 2737 diaconi
1296 2719 1390 2744 panem
1416 2717 1440 2738 et
1460 2714 1550 2737 vinum
1577 2717 1601 2738 et
1626 2721 1736 2746 aquam,
1763 2716 1787 2739 in
1815 2715 1911 2747 quibus
1934 2723 1990 2747 gra-

1037 2756 1086 2780 tiae
1106 2759 1176 2781 actae
1195 2759 1254 2780 sunt
1279 2750 1350 2789 [ἆπὸ
1370 2758 1417 2780 rofi
1441 2753 1666 2792 εὖχαριστηθέντος
1693 2753 1771 2790 ἄρτου
1796 2756 1839 2782 καὶ
1859 2755 1928 2783 ω’ίνου
1948 2757 1989 2783 καί

1037 2799 1161 2832 &Baro-3]
1193 2801 1334 2833 unicuique
1364 2802 1539 2832 praesentium
1572 2802 1749 2833 participanda
1778 2802 1935 2829 distribuunt
1966 2806 1990 2829 et

1037 2844 1069 2868 ad
1090 2844 1209 2869 absentes
1234 2845 1373 2875 perferunt.
1399 2845 1532 2876 cyprian„
1559 2845 1591 2870 de
1618 2846 1721 2877 Lapsis,
1745 2853 1768 2871 n.
1796 2846 1843 2872 ⁶25:
1868 2848 1989 2872 Solemni-

1037 2886 1087 2913 bus
1100 2888 1258 2919 adimpletis,
1273 2889 1378 2914 calicem
1393 2889 1518 2914 diaconus
1538 2890 1630 2914 offerre
1651 2890 1831 2921 praesentibus
1844 2892 1929 2922 coepit
1941 2896 1988 2916 etc.

1036 2932 1087 2957 Clr.
1107 2933 1184 2957 etiam
1204 2932 1333 2964 Ambros.‚
1361 2933 1376 2957 l.
1402 2933 1433 2958 de
1453 2933 1524 2958 Offic.
1552 2935 1660 2958 ministr.
1686 2941 1707 2959 c.
1735 2934 1776 2959 4¹.
1797 2942 1822 2959 n.
1852 2934 1910 2959 214.
1939 2935 1988 2965 (ad

1037 2977 1111 3001 cuius
1125 2977 1171 3001 loci
1185 2977 1381 3008 explicationem
1396 2978 1419 3001 in
1434 2981 1492 3002 nola
1506 2977 1604 3002 adiecta
1618 2978 1744 3008 allegatur
1758 2978 1853 3003 Concil.
1868 2979 1987 3010 Aquisgr.

1037 3027 1058 3045 c.
1077 3020 1102 3052 7,
1122 3023 1146 3045 et
1166 3021 1268 3052 lsidor.‚
1288 3021 1314 3045 ll.
1336 3021 1368 3046 de
1387 3021 1458 3046 Offie.
1478 3022 1567 3046 eccles.
1594 3028 1615 3046 c.
1636 3023 1666 3046 8:
1689 3022 1752 3046 Nam
1778 3023 1844 3046 sicut
1862 3023 1886 3046 in
1907 3029 1988 3047 sacer-

1037 3064 1096 3089 dote
1116 3065 1286 3096 consecratio,
1313 3066 1346 3089 ita
1372 3066 1395 3088 in
1416 3065 1532 3090 ministro
1557 3065 1714 3096 dispensatio
1734 3066 1892 3090 sacramenti
1918 3067 1986 3098 est);

1037 3108 1160 3139 August„
1187 3109 1268 3133 Serm.
1296 3107 1354 3133 304.
1380 3108 1459 3140 (alias
1485 3109 1525 3133 37.
1552 3108 1584 3133 sle
1610 3109 1755 3141 Diversis),
1776 3116 1798 3133 c.
1821 3110 1843 3133 l.
1870 3117 1893 3134 n.
1917 3111 1939 3141 «l,
1964 3114 1988 3135 et

1037 3151 1063 3177 C.
1085 3152 1217 3177 Diaconos
1237 3152 1309 3183 (13),
1330 3159 1402 3184 seqq.
1420 3152 1445 3176 d.
1466 3152 1506 3176 93.
1521 3166 1555 3169 -
1569 3152 1704 3184 Aliquanto
1729 3153 1835 3177 inferius
1858 3160 1907 3184 pro
1926 3161 1987 3180 cum

1034 3201 1130 3220 novem
1149 3194 1190 3220 ‘cel
1208 3195 1266 3219 edd.
1287 3201 1349 3220 cum
1367 3202 1467 3220 novum
1485 3194 1560 3220 nihil.

1107 3237 1117 3253 ⁹
1136 3237 1185 3262 Csr.
1206 3238 1232 3261 B.
1252 3237 1355 3268 Albert.,
1374 3239 1417 3262 hic
1436 3245 1458 3262 a.
1479 3239 1520 3262 29.

1108 3280 1129 3297 ¹⁰
1148 3280 1211 3306 Cod.
1231 3281 1252 3305 G
1270 3280 1366 3313 ipsum.

1108 3324 1126 3340 ¹¹
1148 3325 1208 3350 Dist.
1231 3325 1270 3349 ig,
1290 3332 1315 3356 p.
1338 3325 1352 3349 l.
1373 3328 1396 3350 et
1416 3325 1440 3350 d.
1466 3326 1502 3350 19.
1524 3332 1570 3357 per
1590 3328 1676 3351 totam.
1691 3341 1724 3345 —
1740 3327 1809 3352 {dem
1828 3328 1890 3353 dub.
1911 3329 1988 3354 solvit

1036 3369 1062 3393 B.
1082 3368 1192 3399 Albert.,
1216 3369 1256 3394 liic
1275 3376 1297 3394 a.
1318 3368 1359 3393 35.
