2483 3882
6 667 16 682 ο
21 660 39 682 2.
45 660 65 681 οῖ

4 686 64 708 4Ιιῖείο,

5 771 26 787 ex
36 765 71 786 bo·

13 796 68 819 opus.

3 1236 73 1258 iudum.

2 2004 35 2025 gg.
64 2004 84 2019 ro

3 2027 21 2046 te
33 2026 52 2045 ai
59 2031 85 2045 ir-

0 2052 43 2072 dva.

659 235 752 267 DIST.
779 234 839 266 XV.
864 232 894 264 P.
920 232 940 263 l.
965 230 1046 262 ΛΒΤ.
1073 227 1203 261 UNlCUS
1227 224 1379 266 QUAEST.
1407 222 1451 254 Vl.
1483 250 1489 256 .

77 342 177 376 neque
200 341 239 364 eac
263 329 444 371 commum
469 326 522 359 sed
548 330 652 357 tamen
677 323 761 354 Deus
786 320 905 353 ratione
929 319 1024 350 abun-

77 385 276 421 dantissimae
301 380 453 422 largitatis
477 379 558 411 bona
582 377 649 409 eius
681 383 776 416 opera
808 382 869 405 non
898 370 1025 404 dimittit

76 439 323 473 irremunerata,
349 434 444 465 immo
469 432 668 467 remunerat,
693 431 723 460 et
747 430 793 459 est
818 426 935 458 bonum
959 432 1027 465 pee-

77 490 172 524 catori
197 489 275 521 bene
300 485 442 527 operari,
467 482 612 525 quamvis
636 490 696 513 non
722 480 760 512 sit
785 479 920 515 iustum,
953 484 1024 508 eum

77 540 290 579 remunerari,
315 539 369 571 sed
395 537 494 578 magis
518 535 698 576 benignum.

164 594 220 626 Alii
245 593 354 625 dicunt
380 594 411 622 et
435 588 647 631 probabilius,
672 585 754 627 quod
780 587 827 616 est
851 581 964 614 mereri
991 580 1028 611 de

78 657 222 691 congruo
239 651 270 679 et
285 646 323 677 de
346 643 526 684 condiano,-
543 643 686 681 peccator
703 642 808 670 autem
825 635 909 678 apud
927 635 1027 666 Deum

79 702 155 735 nibil
180 703 320 732 meretur
341 697 378 728 cle
402 694 578 736 condiqno,
597 692 650 724 sed
669 697 772 723 tamen
791 688 902 721 mereri
929 689 1030 728 potest

84 755 120 787 de
143 761 298 795 conoruo.
324 751 467 782 Peccator
499 746 581 779 enim
607 743 775 785 aliquando
807 741 879 773 facit
910 740 1028 771 bonum

82 816 161 850 opus
185 805 214 837 in
232 811 345 846 genere
370 802 408 833 ad
424 799 570 843 ffloriam
593 807 709 834 suam,
736 799 771 827 ut
788 803 859 827 cum
885 793 937 825 dat
955 791 1031 823 elee-

82 867 242 900 mosynam
267 858 394 898 propter
412 853 561 895 gloriam3
586 854 616 883 et
633 859 673 882 ex
698 849 757 881 hoc
773 855 868 889 opere
893 853 953 877 non
971 852 1032 875 tne-

83 916 171 946 retur
187 910 381 946 mercedem,
399 906 452 939 sed
477 912 625 946 poenam,
650 902 722 944 quia
741 899 883 943 procedit
899 907 939 930 ex
964 905 1033 928 con-

84 963 221 997 tumelia.
246 960 419 1003 Aliquando
443 958 515 990 facit
538 957 577 989 ad
600 955 660 987 Dez'
680 953 826 997 gloriam
850 955 880 983 et
904 952 1032 991 propter

85 1025 222 1051 amorem
247 1014 319 1052 Dei,
344 1020 437 1054 quem
467 1010 579 1048 habet,
604 1012 634 1041 et
665 1008 723 1039 boc
748 1015 807 1038 non
841 1006 942 1045 potest
966 1009 1034 1034 esse

86 1071 150 1104 sine
175 1068 280 1110 aliqua
303 1065 403 1107 gratia
420 1064 517 1106 gratis
542 1062 631 1099 data,
652 1068 733 1101 quae
751 1056 888 1099 disponit
911 1055 949 1086 de
965 1063 1035 1086 con-

84 1132 168 1166 gruo
204 1121 242 1153 ad
280 1119 411 1161 gratiam
438 1119 562 1158 gratum
599 1113 762 1146 facientem
778 1111 796 1149 ¹,
831 1117 925 1151 quam
952 1107 1035 1138 Deus

86 1177 190 1217 aliquo
214 1173 306 1205 inodo
339 1173 494 1211 acceptat;
519 1172 549 1200 et
573 1176 614 1199 ex
640 1166 698 1198 boc
728 1166 870 1196 meretur
895 1161 932 1192 cle
963 1169 1037 1191 cooz-

86 1238 180 1271 ymo.
204 1225 285 1258 Illud
310 1228 415 1256 autem
441 1221 589 1253 meritum
614 1219 832 1259 comparatum
858 1213 969 1245 merito
992 1220 1036 1244 ca-

89 1280 189 1314 ritatis
213 1282 259 1311 est
292 1273 584 1318 improportionale,
609 1271 690 1303 sicut
723 1269 803 1300 linea
828 1265 984 1298 latitudini
1009 1267 1039 1296 et

90 1331 263 1375 superficiei
279 1330 300 1361 ².
326 1329 412 1362 Unde
436 1328 517 1360 sicut
541 1325 622 1357 linea
646 1322 725 1355 nibil
750 1325 796 1354 est
820 1320 850 1352 in
881 1326 1041 1360 compara-

90 1388 171 1419 tione
195 1385 235 1417 ad
260 1381 477 1424 superficiem,
502 1377 620 1419 aliquid
652 1380 755 1407 tamen
780 1376 827 1406 est
858 1372 887 1404 in
915 1380 964 1409 se,
997 1369 1041 1401 sic

1971 214 2033 246 357

1088 319 1135 348 est
1159 315 1197 347 de
1223 310 1448 355 peccatorevad
1474 309 1610 346 iustum,
1643 310 1672 338 et
1696 306 1735 337 de
1766 304 1834 336 eius
1866 310 1971 334 amore
1997 301 2037 333 ad,

1089 376 1228 401 amorem
1254 365 1405 402 caritatis,
1429 366 1459 396 et
1483 363 1521 395 de
1547 360 1658 393 merito
1682 358 1721 391 ad
1746 357 1904 389 meritum.

1181 422 1207 452 l.
1233 421 1262 451 2.
1289 419 1332 450 Ex
1358 418 1406 449 bis
1431 418 1537 458 patent
1561 413 1698 447 obiecta:
1723 415 1753 443 et
1777 410 1878 451 primo
1895 408 1932 440 ad
1960 407 2039 439 illud

1090 472 1272 514 Augustini:
1291 471 1355 502 Non
1377 473 1423 502 est
1447 469 1561 509 dignus
1577 469 1646 504 ete,
1663 465 1732 497 dico
1757 463 1849 500 bene,
1871 461 1955 503 quod
1981 469 2041 491 non

1092 528 1231 557 meretur
1255 533 1294 555 eac
1326 522 1495 563 conctz‘yoio.
1521 518 1668 551 Similiter
1703 516 1743 548 ad
1768 515 1831 547 duo
1863 512 2041 554 sequentia,

1091 578 1174 620 quod
1201 576 1276 608 nibil
1303 579 1349 607 est
1372 575 1402 606 in
1428 571 1661 614 comparatione
1686 568 1832 601 caritatis.

1181 629 1211 661 3.
1236 629 1278 660 Ad
1305 627 1382 659 illud
1400 627 1438 658 de
1463 624 1635 666 Sapientia:
1660 621 1808 653 Similiter
1833 622 1880 651 est
1903 618 1974 649 odio
1992 617 2044 648 im-

1093 683 1182 725 pius;
1207 681 1394 717 dicendum,
1419 679 1502 720 quod
1529 677 1607 708 illud
1634 674 1816 715 intelligitur
1852 681 1907 714 per
1941 680 1973 703 se
2002 679 2045 702 se·
2061 675 2189 697 Notandum.

1094 735 1234 768 cundum
1252 733 1334 774 quod
1365 731 1504 773 impius,
1538 738 1597 761 non
1623 727 1796 760 secundum
1815 725 1900 767 quod
1926 723 2046 755 liabens

1095 792 1256 820 natm-con
1282 785 1398 817 honam
1431 787 1461 816 et
1485 783 1590 823 aliqua
1618 781 1706 812 dona
1727 778 1837 821 yratz‘s
1867 775 1993 813 daca³;
2018 779 2047 807 et

1096 849 1169 873 cum
1194 839 1265 871 facit
1289 846 1370 879 opus
1394 835 1568 868 secundum
1594 833 1678 875 quod
1704 831 1846 873 impius,
1880 829 1957 861 nihil
1988 837 2050 860 me-

1098 897 1207 930 retur;
1244 891 1296 923 sed
1324 889 1450 931 quando
1475 886 1649 919 secundum
1673 884 1824 926 qratiam
1852 881 1963 924 ,oratis
1993 881 2051 912 ‹lct-

1098 950 1185 982 tam,
1210 942 1329 984 aliquid
1354 941 1464 973 saltem
1489 941 1630 970 meretur
1655 937 1692 968 de
1717 945 1872 977 congyruo.

1188 997 1217 1028 [ι.
1240 995 1281 1027 Ad
1301 994 1450 1026 ultimum
1471 992 1510 1024 de
1531 992 1739 1023 instrumento
1761 987 1944 1025 dicendum,
1966 985 2050 1027 quod

1099 1059 1165 1082 iton
1188 1049 1300 1080 viuum
1325 1046 1441 1079 dicitur
1469 1043 1654 1085 dupliciter:
1687 1040 1853 1083 messaline,
1885 1039 1969 1080 quod
1994 1046 2050 1069 nec
2065 1041 2186 1062 Distinctio-

1101 1103 1178 1136 vivit
1202 1111 1257 1134 nec
1282 1104 1389 1132 natum
1416 1101 1463 1131 est
1488 1097 1611 1133 vivere,
1636 1098 1666 1127 et
1679 1093 1861 1136 privative,
1888 1091 1972 1133 quod
1990 1100 2050 1122 non

1100 1156 1187 1194 vivit,
1201 1154 1254 1186 sed
1272 1158 1373 1185 tamen
1388 1155 1496 1183 natum
1510 1153 1557 1182 est
1570 1147 1708 1180 vivere⁴¹.
1720 1146 1776 1178 Per
1793 1145 1930 1187 primum
1947 1152 2002 1175 nec
2015 1143 2052 1174 de
2068 1146 2196 1168 Notandum.

1103 1216 1249 1250 couyruo
1275 1215 1331 1238 nec
1355 1205 1392 1236 de
1417 1202 1589 1244 condigno,
1606 1209 1663 1242 per
1685 1198 1859 1231 secundum
1878 1199 1983 1228 autem
2007 1198 2053 1226 est

1105 1262 1251 1293 meritum
1277 1259 1314 1291 de
1346 1266 1511 1299 congyruo,
1536 1264 1572 1287 eo
1604 1253 1688 1295 quod
1717 1261 1778 1284 nou
1808 1250 1951 1292 privatur
1984 1248 2055 1280 sitn-

1104 1314 1225 1356 pliciter
1265 1312 1350 1349 vita,
1385 1309 1462 1342 vivit
1497 1308 1579 1340 enim
1618 1307 1648 1338 in
1681 1308 1781 1337 morte
1813 1307 1843 1335 et
1877 1299 2054 1333 voluntarie

1104 1370 1253 1409 operatur
1278 1365 1397 1397 bonum
1414 1367 1443 1395 et
1460 1365 1507 1394 est
1536 1360 1673 1402 quodam
1696 1357 1789 1390 modo
1809 1356 1867 1388 Dei
1882 1355 2017 1387 (tcttuzor
2033 1353 2055 1385 5.

2070 412 2149 443 Solutio
2165 418 2200 438 op-

2058 441 2180 466 positorum.

948 1519 1131 1562 Quansrto
1156 1518 1202 1550 vt.

351 1644 468 1676 Utrum
494 1641 577 1673 bonci.
602 1647 702 1680 opera
727 1641 823 1669 extra
847 1634 1021 1667 caritatem
1044 1630 1138 1674 factet
1161 1628 1294 1661 valeant·
1316 1626 1361 1658 ad
1385 1623 1637 1657 tolerabiliorem
1659 1628 1808 1663 poenam.

183 1776 277 1807 Sexto
301 1777 331 1806 et
354 1772 465 1804 ultimo
490 1768 669 1811 quaeritur,
700 1769 809 1798 utrum
841 1763 922 1795 bona
951 1768 1047 1802 opera

98 1830 221 1863 valeant
238 1827 277 1860 ad
296 1824 538 1858 tolerabiliorem
557 1828 689 1863 poenam
713 1821 806 1850 extra
823 1815 994 1848 caritatem.
1014 1812 1047 1844 Et

98 1883 179 1925 quod
205 1881 266 1919 sic,
291 1879 427 1911 videtur.

188 1936 215 1966 l.
240 1932 431 1974 Augustinus
456 1928 530 1962 dicit
554 1927 593 1960 de
617 1925 733 1958 talibus
757 1921 906 1964 operibus
938 1920 970 1952 in
995 1919 1049 1951 Eu-

99 1987 262 2026 cbiridio⁶,
287 1984 371 2027 quod
391 1982 462 2014 «ad
486 1982 545 2013 hoc
562 1980 606 2012 eis
631 1980 778 2021 prosunt,
803 1978 838 2007 ut
855 1972 1049 2006 tolerabilior

99 2042 137 2074 sit
161 2039 318 2073 damnatio
334 2049 364 2068 n.

188 2095 216 2126 2.
243 2092 336 2128 Item,
361 2089 490 2121 ratione
522 2086 665 2118 videtur:
701 2082 776 2125 quia
811 2080 980 2122 probatum
1005 2081 1052 2110 est

103 2155 198 2189 supra
209 2147 229 2184 ⁷,
255 2144 337 2186 quod
363 2141 482 2183 aliquid
500 2142 640 2171 meretur
665 2136 717 2169 illo
742 2143 850 2176 opere:
869 2141 943 2173 ergo
968 2134 1051 2169 esto,

103 2200 184 2242 quod
209 2197 312 2230 statim
339 2195 493 2227 moriatur
516 2196 586 2234 post
609 2190 706 2227 illud;
731 2196 806 2229 ergo
831 2195 902 2218 cum
929 2193 988 2216 non
1014 2183 1053 2215 sit

103 2253 371 2285 irremuneratum
393 2251 423 2280 et
445 2255 505 2278 non
524 2243 716 2287 praemietur
733 2241 764 2273 in
782 2238 945 2273 collatione
964 2236 1052 2269 boni:

104 2314 177 2347 ergo
201 2304 311 2336 saltem
337 2302 367 2333 in
392 2298 599 2332 diminutione
623 2295 706 2328 mali.

193 2357 221 2389 3.
247 2357 341 2393 Item,
372 2352 561 2385 «declinare
586 2359 604 2382 a
628 2348 710 2380 malo
734 2354 858 2387 semper
887 2344 963 2375 vitat
987 2350 1056 2384 poe-

107 2419 195 2450 nam,
220 2408 366 2451 quamvis
382 2414 444 2438 nou
469 2412 592 2445 semper
610 2403 820 2442 consequatur
845 2395 1004 2439 palmam3
1021 2406 1056 2432 »ς

109 2464 160 2496 sed
186 2462 298 2494 melius
322 2463 368 2492 est
385 2459 503 2491 bonum
528 2457 646 2488 facere:
673 2462 747 2494 ergo
763 2451 864 2483 multo
888 2449 1000 2481 fortius
1017 2448 1058 2479 vi-

108 2516 183 2548 tabit
206 2522 348 2557 poenam.

196 2568 225 2600 lt.
268 2567 341 2598 ltem
357 2591 364 2604 ,
404 2565 567 2606 peccatum
607 2560 797 2601 aggravatur
838 2564 878 2587 ex
918 2551 1058 2594 sequenti

111 2624 223 2653 eventu
247 2623 277 2652 et
303 2618 432 2660 gravius
457 2614 601 2657 punitur,
626 2615 661 2643 ut
685 2613 770 2652 patet
787 2609 817 2640 in
842 2610 969 2648 peccato
993 2604 1059 2636 otii:

1111 1766 1186 1798 ergo
1203 1758 1381 1798 peccatum,
1399 1752 1483 1795 quod
1508 1750 1612 1783 reddit
1628 1748 1788 1781 bominem
1806 1745 1905 1787 magis
1930 1744 2063 1776 otiosum

1112 1810 1151 1842 ad
1178 1809 1313 1846 bonum,
1338 1806 1438 1847 magis
1467 1804 1613 1846 punitur:
1641 1810 1715 1843 ergo
1739 1799 1836 1838 illud,
1865 1797 1956 1840 post⁰
1981 1796 2065 1838 quod

1113 1863 1193 1895 fiunt
1216 1862 1298 1894 bona
1321 1869 1435 1902 opera,
1461 1858 1583 1895 minus,
1608 1860 1639 1888 et
1663 1856 1705 1886 ita
1729 1857 1786 1886 etc.

1204 1915 1331 1947 CONTRA
1370 1914 1396 1944 l.
1429 1911 1621 1953 Augustinus
1657 1908 1686 1939 in
1721 1904 1899 1939 Euchiridio
1918 1903 1942 1918 ¹⁰
1973 1902 2201 1940 dicit,1210p÷irt0

1115 1969 1271 2002 damnatis
1296 1976 1355 1998 non
1380 1965 1531 2007 prodesse
1556 1961 1705 2003 suffragia
1730 1958 1901 1995 Ecclesiae;
1931 1956 1985 1988 sed
2012 1956 2069 1987 ista
2094 1940 2197 1964 ‘'eg'‘stm'

1115 2026 1189 2055 sunt
1215 2020 1405 2063 potentiora,
1430 2026 1501 2050 cum
1527 2016 1589 2048 sint
1612 2024 1652 2047 ex
1678 2013 1824 2050 caritate,
1849 2018 1943 2052 quam
1973 2017 2068 2050 opera

1116 2079 1209 2108 extra
1234 2073 1396 2106 caritatem
1413 2071 1506 2103 sacta:
1525 2077 1599 2110 ergo
1616 2067 1670 2099 illa
1689 2065 1786 2097 inulto
1804 2064 1909 2096 minus
1926 2063 2069 2104 prosunt.

1206 2129 1235 2159 Ξ).
1260 2127 1354 2163 ltem,
1379 2124 1403 2156 si
1429 2126 1592 2155 merentur
1617 2118 1831 2152 remissionem
1858 2123 1990 2157 poenae,
2016 2117 2070 2145 aut

1118 2180 1316 2217 intensione,
1353 2181 1407 2210 aut
1442 2174 1628 2208 clm'cttioue.
1664 2172 1729 2204 Non
1766 2169 1964 2206 duratione,
1997 2167 2072 2208 quia

1119 2243 1219 2276 poena.
1251 2235 1298 2264 est
1322 2230 1451 2263 infinita.
1485 2228 1514 2260 Si
1540 2226 1737 2262 intensionffl
1767 2213 1822 2256 sed
1854 2225 2008 2264 quantum
2034 2219 2072 2251 ad

1120 2288 1178 2320 hoc
1214 2290 1259 2318 est
1294 2284 1395 2316 finita:
1425 2281 1531 2323 ergo¹¹
1559 2277 1682 2312 tantum
1711 2279 1843 2319 possunt
1873 2272 2074 2315 multiplicari

1120 2341 1202 2372 bona
1226 2346 1338 2380 opera,
1364 2335 1445 2378 quod
1473 2333 1560 2366 nulla
1584 2332 1642 2364 erit
1666 2340 1775 2373 poena.

1211 2391 1239 2423 3.
1264 2391 1338 2422 Item
1351 2415 1358 2428 ,
1376 2391 1479 2420 tantae
1496 2386 1607 2427 culpae
1632 2384 1766 2416 debetur
1783 2384 1869 2413 tanta
1886 2388 2003 2421 poenag
2022 2378 2075 2410 sed

1124 2454 1220 2487 opera
1245 2443 1325 2475 bona
1349 2445 1440 2473 extra
1465 2439 1626 2472 caritatem
1651 2437 1732 2468 facta
1748 2444 1808 2467 non
1834 2434 2002 2465 immutant
2019 2439 2075 2462 nec

1126 2497 1272 2528 minuunt
1297 2494 1440 2535 culpam:
1467 2501 1541 2532 ergo
1566 2499 1623 2522 nec
1647 2496 1778 2531 poenam
1796 2486 1830 2517 ¹².

1214 2547 1383 2589 Quaeritur
1416 2545 1529 2587 igitur,
1562 2543 1600 2575 ad
1634 2541 1710 2583 quid
1740 2540 1864 2571 valeant
1896 2535 2076 2569 huiusmodi

1127 2611 1223 2644 opera
1249 2601 1338 2632 bona.

2094 2543 2192 2571 Quaestio
2206 2544 2238 2563 in-

2107 2570 2187 2591 cidens.

184 2850 191 2865 1
217 2849 281 2874 Vide
302 2849 327 2873 lt.
356 2849 423 2872 Sent.
451 2846 475 2871 d.
497 2846 537 2870 23.
558 2851 579 2868 a.
601 2844 624 2867 2.
646 2849 669 2873 q.
696 2842 714 2866 1.
735 2855 769 2858 -
789 2840 823 2864 De
844 2839 934 2863 merito
955 2834 1069 2868 confirm*

118 2898 143 2919 et
162 2892 284 2926 condigni
302 2894 348 2917 tir.
379 2891 440 2916 ibid.
462 2890 486 2915 d.
508 2889 548 2914 27.
570 2895 591 2912 a.
613 2888 635 2911 Ξ.
657 2893 681 2918 q.
702 2886 725 2909 2.
746 2899 780 2902 —
799 2883 924 2914 Superius
944 2887 991 2912 pro
1011 2886 1068 2905 con-

120 2938 228 2964 tumelia
247 2938 305 2963 cod.
327 2937 348 2961 Y
369 2932 588 2968 concupiscentia..

188 2982 198 2998 ²
217 2981 267 3006 Csr.
287 2987 366 3011 supra
386 2986 445 3010 pag.
469 2977 533 3006 355,
554 2980 612 3001 nota
633 2974 656 2999 5.

189 3025 199 3041 ³
219 3025 283 3050 Vide
304 3025 340 3049 lll.
362 3025 431 3048 Sent.
463 3022 487 3047 d.
518 3021 558 3045 28.
579 3027 604 3052 q.
626 3020 649 3044 3.
670 3018 702 3043 ad
723 3019 746 3042 2.
766 3029 801 3034 ——
821 3014 927 3041 Inferius
948 3019 995 3044 pro
1020 3010 1070 3036 sal-

122 3071 171 3096 lem
189 3070 247 3095 edd.
268 3068 302 3094 acl
320 3067 443 3093 salutem.

190 3113 200 3129 ‘²
220 3114 255 3138 De
276 3112 416 3137 differentia
437 3109 579 3141 negationis
607 3110 632 3131 et
660 3105 812 3137 privationis
832 3103 876 3127 cfr.
898 3102 1014 3130 Ariston,
1040 3098 1073 3122 de

124 3158 278 3183 praedicam.
304 3164 325 3182 c.
345 3155 375 3181 [Ie
396 3152 535 3187 Oppositas,
556 3156 580 3176 et
600 3150 641 3175 lV.
662 3149 771 3179 Metapli.
793 3149 850 3171 text.
871 3145 894 3169 li.
916 3144 966 3175 (tit.
987 3150 1008 3167 c.
1029 3141 1073 3173 2.).

194 3202 204 3218 ⁵
222 3202 299 3232 Epist.
321 3201 336 3225 l.
357 3199 414 3225 Cor.
436 3199 465 3229 3,
486 3198 519 3221 9:
551 3195 595 3220 Dei
614 3194 682 3219 enim
703 3198 794 3216 sumus
814 3189 952 3214 adiutores.
973 3201 1007 3204 —
1028 3186 1074 3210 Pro

125 3244 152 3270 in
171 3246 253 3270 morte
273 3245 305 3276 [l.
325 3244 391 3268 Tim.
412 3243 441 3273 5,
463 3242 493 3265 6:
515 3240 611 3264 Vivens
636 3240 737 3262 mortua
764 3233 829 3266 est],
849 3233 873 3258 et
897 3231 956 3256 edd.
975 3230 1003 3255 in
1025 3236 1075 3254 iue-

126 3288 186 3319 νίῐο,
206 3288 236 3313 si.
252 3302 283 3305 —
299 3287 363 3312 Vide
382 3286 496 3311 scholion
518 3283 549 3308 ad
571 3283 595 3306 3.
617 3283 715 3313 quaest.

196 3331 206 3348 ⁶
226 3331 287 3363 Cap.
312 3332 367 3355 tto.
389 3337 412 3354 n.
434 3330 483 3353 29:
505 3326 606 3359 Quibus
625 3328 710 3349 autem
731 3324 840 3353 prosunt
853 3323 896 3345 aut
911 3319 943 3344 ad
958 3320 1006 3343 noc
1021 3324 1076 3348 pro-

129 3379 199 3408 sunt,
221 3378 247 3400 ut
266 3376 297 3400 sit
316 3375 391 3406 plena
411 3372 536 3402 remissio,
557 3374 600 3395 aut
619 3371 703 3398 certe,
724 3370 751 3391 ut
779 3364 933 3390 tolerabilior
960 3363 1002 3387 fiat
1022 3363 1076 3393 ipsa

1132 2833 1270 2858 damnatio.
1291 2830 1341 2856 Cfr.
1361 2829 1424 2854 inl'ra
1445 2828 1478 2853 lit.
1499 2826 1624 2857 Magistri,
1646 2824 1670 2849 d.
1692 2823 1768 2848 XLV.
1799 2829 1819 2847 c.
1850 2822 1872 2845 2.
1894 2834 1926 2837 ——
1947 2819 2004 2844 Sola
2026 2819 2081 2842 Vnt.

1132 2877 1191 2901 huic
1211 2883 1264 2906 arg.
1286 2873 1412 2899 subnectit
1438 2872 1545 2896 altorum
1566 2876 1594 2894 ex
1615 2870 1723 2899 August.
1750 2868 1879 2895 sumtum,
1910 2863 1942 2888 ad
1962 2862 2032 2895 quod
2059 2863 2081 2886 in

1133 2920 1182 2944 fine
1197 2922 1294 2951 quaest.
1309 2918 1438 2948 respicere
1452 2915 1554 2939 videtur
1569 2913 1593 2936 S.
1608 2912 1718 2936 Bonam:
1735 2919 1746 2932 <z
1758 2910 1818 2934 Item
1833 2907 2002 2939 Aug-ustinus,
2019 2904 2083 2929 libro

1135 2965 1166 2990 de
1195 2964 1315 2988 Patientia
1337 2962 1368 2993 [c.
1390 2961 1431 2984 26.
1458 2966 1481 2983 n.
1503 2956 1742 2989 23.]:1-1aer0ticus
1769 2956 1793 2978 et
1821 2951 2000 2977 schismaticus
2027 2948 2084 2973 tolo-

1134 3006 1215 3032 rando
1236 3005 1375 3036 supplicia,
1392 3010 1423 3027 ne
1443 3001 1571 3027 Christum
1593 3002 1684 3030 neget,
1704 2996 1860 3022 tolerabilius
1880 2995 1904 3018 in
1925 2993 2023 3017 inferno
2044 2993 2085 3016 lia-

1136 3050 1207 3075 bebit
1221 3059 1244 3073 ι).
1265 3049 1314 3074 Sed
1335 3049 1420 3072 locum
1440 3048 1568 3076 integrum
1588 3042 1689 3068 exbibet
1710 3041 1827 3071 Magister
1848 3039 1887 3062 liic
1913 3038 1937 3061 in
1963 3036 1996 3060 lit.
2018 3042 2038 3060 c.
2061 3035 2085 3059 ἶ.

1206 3093 1216 3109 7
1238 3094 1340 3124 Quaest.
1362 3090 1480 3122 praeced.
1496 3103 1528 3106 ——
1543 3088 1597 3112 Mox
1618 3093 1665 3117 pro
1685 3083 1786 3117 aliquid
1809 3082 1886 3108 codd.
1908 3082 1926 3105 G
1940 3081 1958 3105 R
1980 3078 2084 3112 uliquis.

1207 3137 1217 3153 ³
1239 3136 1386 3162 Secundum
1408 3135 1523 3158 Glossani
1538 3133 1562 3156 in
1578 3132 1615 3155 Ρε.
1631 3130 1677 3160 33,
1697 3128 1733 3153 15.
1749 3127 1813 3152 Vide
1828 3130 1888 3151 tom,
1904 3125 1938 3149 lll.
1953 3131 2012 3155 pag.
2028 3123 2087 3153 815,

1139 3187 1197 3208 nota
1217 3182 1241 3205 7.
1855 3170 1865 3185 ⁰
1886 3168 1949 3194 Edd.
1969 3168 2085 3201 propter.

1211 3226 1231 3242 ¹0
1251 3225 1311 3256 Cap.
1338 3224 1391 3248 110.
1413 3230 1435 3247 n.
1457 3222 1497 3245 29.
1518 3219 1567 3245 Csr.
1588 3219 1653 3243 infra
1672 3218 1706 3242 lit.
1727 3216 1852 3247 Magistri,
1873 3214 1897 3238 d.
1918 3213 1995 3238 XLV.
2017 3219 2037 3236 c.
2059 3212 2087 3241 2,

1139 3276 1164 3297 et
1183 3271 1325 3297 Continent.
1347 3268 1371 3293 d.
1396 3267 1432 3291 ts),
1453 3273 1474 3290 a.
1500 3266 1519 3289 l.
1541 3272 1564 3296 q.
1591 3265 1608 3288 1.

1212 3314 1231 3330 1¹
1253 3312 1332 3338 Codd.
1356 3311 1391 3335 ll<
1415 3310 1513 3335 addunt
1532 3308 1663 3341 quantum
1682 3305 1718 3331 ud
1737 3304 1801 3335 hoc,
1822 3303 1881 3328 edd.
1901 3301 1936 3327 in.

1213 3357 1234 3373 ¹2
1255 3356 1319 3381 Vide
1339 3361 1418 3386 supra
1438 3361 1461 3386 q.
1484 3353 1506 3377 3.
