2483 3882
328 438 408 458 Canon.

288 773 407 796 Gratianus.

304 1303 410 1324 Nicolaus.

423 244 485 275 86ss

424 338 553 367 cumque
576 329 632 358 11110
655 328 768 357 ratione
791 325 979 362 susceperint
1001 327 1099 358 1111105,
1123 323 1175 352 sed
1198 325 1374 360 separarent

423 386 470 412 se,
488 386 539 411 ne,
555 376 698 405 suadente
715 373 850 408 diabolo,
867 372 924 401 tale
942 372 1047 401 vitium
1064 371 1246 400 inolescat».
1263 370 1334 399 ltem
1349 370 1373 398 ¹:

430 438 441 450 «
458 426 486 455 Si
517 425 584 462 quis
613 423 768 452 filiastrum
801 420 846 449 vel
875 420 1029 449 filiastram
1051 427 1136 448 suam
1167 421 1235 447 ante
1261 418 1375 455 episco-

425 481 495 510 pum
520 471 647 500 teinierit
669 470 705 499 ad
729 468 1003 502 contii-mationem,
1026 470 1184 504 separetur
1214 465 1251 495 ab
1280 473 1373 495 uxore

423 529 475 549 sua
493 524 519 547 rt
537 519 624 547 aliam
641 524 795 555 nunquam
818 516 987 553 accipiat».
999 531 1040 536 —
1055 515 1134 544 Haec
1157 518 1257 543 autem
1275 513 1319 543 vel
1336 513 1374 542 ad

426 572 567 596 terrei-oni
591 565 671 594 dicta
690 569 774 599 sunt,
790 573 854 601 'non
871 564 942 602 quia
965 564 1004 592 ita
1021 566 1099 592 esset
1121 561 1306 597 faciendum,
1322 561 1373 590 sed

425 624 459 643 nc
485 614 555 643 illud
580 614 677 647 110101,
701 620 893 650 summopere
915 612 1097 646 cavenduim
1123 610 1168 640 vel
1191 610 1229 639 de
1252 610 1309 639 illis
1332 613 1376 639 est

425 661 661 699 intelligendum.
686 661 737 698 qui
761 660 845 698 prius
876 660 951 689 lilios
974 667 1045 689 suos
1075 659 1207 688 vicissim
1230 658 1267 687 de
1297 658 1376 688 sonte

423 713 636 747 susceperunt,
659 717 750 746 quam
775 708 879 737 11010111
899 708 1050 746 coniuges.
1066 724 1106 729 —
1127 707 1302 736 Praemissis
1324 715 1376 736 au-

426 763 482 788 tem
500 757 730 787 auctoritatibus
753 757 873 786 0111111110
890 756 1136 786 consentiendum
1157 758 1215 792 est,
1236 759 1269 785 ut
1289 755 1376 784 «sive

427 807 599 846 proprium,
621 806 684 835 sive
708 809 820 835 tantum
845 805 899 834 viri
922 805 1015 834 tilium
1033 804 1140 834 mulier
1164 803 1201 833 de
1224 803 1302 833 sonte
1332 811 1378 832 su-

430 855 576 893 sceperit,
599 863 657 883 non
681 854 747 883 ideo
771 862 787 883 a
810 854 874 882 viro
903 856 1076 891 separetur3
1100 851 1182 891 quod
1206 855 1234 881 et
1257 851 1295 881 de
1311 851 1378 880 viro

424 903 561 932 similiter
584 906 703 941 oportet
725 902 891 938 intelligi».

829 999 898 1028 Cap,
921 999 965 1028 111.

536 1098 577 1126 De
598 1096 707 1135 copula
729 1094 960 1135 spiritualium,
982 1095 1031 1124 vel
1051 1093 1266 1134 adoptivorum

695 1148 721 1173 et
744 1142 938 1173 naturatz'mn
957 1142 1106 1181 filiorum.

506 1240 590 1275 Quod
613 1243 713 1270 autem
736 1239 918 1277 spirituales,
942 1239 988 1268 vel
1007 1238 1142 1277 adoptivi
1166 1238 1216 1267 tilii
1241 1236 1380 1268 naturali-

427 1289 483 1319 bus
504 1288 641 1327 copulari
664 1292 829 1327 nequeant,
846 1287 987 1318 Nicolaus
1009 1287 1109 1326 Ρ1η1112
1128 1290 1262 1323 1051111111,
1278 1287 1319 1316 ita
1342 1286 1382 1315 in-

427 1338 549 1376 quiens:
571 1349 583 1363 «
599 1337 640 1366 Ita
663 1336 789 1374 diligere
811 1336 901 1366 debet
922 1336 1012 1365 bomo
1036 1344 1103 1365 011111
1120 1336 1172 1374 qui
1194 1343 1226 1365 50
1248 1334 1382 1372 suscepit

427 1387 464 1416 dc
486 1386 683 1420 sacrofonte,
705 1385 784 1414 sicut
806 1388 932 1423 patrem.
949 1384 1027 1413 Inter
1050 1384 1157 1413 l'ratres
1179 1387 1207 1413 et
1229 1383 1306 1413 filios
1321 1383 1382 1421 spi-

429 1435 551 1464 rituales
566 1434 696 1471 gratuita
712 1437 740 1462 et
762 1437 864 1462 sancta
881 1433 1054 1462 communio
1077 1436 1137 1467 est,
1153 1440 1232 1470 quae
1254 1431 1382 1461 dicenda

428 1492 485 1512 non
509 1487 553 1512 cst
575 1482 836 1519 consanguinitas,
859 1481 911 1511 sed
939 1480 1077 1510 habenda
1100 1480 1268 1518 spiritualis
1282 1479 1383 1518 proxi-

428 1533 524 1562 mitas.
547 1531 633 1561 Unde
655 1531 732 1560 inter
755 1539 806 1560 eos
835 1530 966 1560 arbitror
993 1538 1050 1559 non
1077 1537 1166 1567 posse
1195 1529 1258 1558 fieri
1289 1529 1383 1567 legale

428 1580 618 1617 coniugium,
641 1579 712 1617 quia
734 1587 790 1608 nec
813 1579 889 1608 inter
911 1586 962 1608 005
985 1578 1036 1616 qui
1060 1581 1184 1614 natura,
1208 1580 1236 1606 et
1258 1585 1309 1606 eos
1331 1577 1381 1615 qui

428 1629 591 1667 adoptione
613 1628 664 1657 tilii
688 1631 772 1663 sunt,
795 1627 985 1657 venerandae
1008 1627 1088 1664 leges
1103 1626 1293 1656 matrimonia
1316 1634 1384 1655 con-

430 1677 507 1706 trabi
531 1676 715 1714 permittunt.
733 1676 819 1712 110111,
835 1675 859 1705 51
877 1675 953 1705 111101
969 1683 1020 1704 005
1039 1683 1096 1704 non
1120 1674 1309 1704 contrabitur
1324 1682 1384 1703 ma-

429 1724 620 1759 trimonium,
643 1732 719 1762 quos
741 1723 864 1761 adoptio
887 1723 999 1760 iungit,
1022 1725 1133 1760 quanto
1157 1721 1257 1760 potius
1283 1729 1299 1751 a
1322 1729 1385 1751 car-

430 1772 491 1803 nali
507 1776 625 1810 oportet
642 1772 717 1801 inter
732 1780 764 1801 se
780 1771 977 1801 contubernio
1000 1779 1120 1800 cessare
1142 1779 1218 1808 quos
1242 1778 1297 1808 per
1319 1778 1384 1800 cae-

431 1821 506 1851 leste
525 1820 751 1850 Sacramentum
772 1820 958 1857 regeneratio
981 1819 1075 1849 sancti
1096 1819 1226 1858 Spiritus
1246 1819 1340 1857 iungit
1354 1820 1384 1848 »5²

835 1915 903 1945 CAP.
926 1915 973 1945 IV.

491 2014 534 2043 De
555 2012 663 2052 copula
684 2011 840 2051 fitiorum,
863 2011 918 2051 qui
937 2016 1005 2042 ante
1027 2010 1325 2051 compaternitatem,

743 2060 792 2090 vel
810 2064 877 2100 post
898 2059 967 2090 nati
991 2063 1070 2090 stant.

515 2158 577 2187 Hoc
600 2161 699 2187 autem
722 2157 845 2195 quidam
870 2156 970 2186 volunt
997 2156 1163 2194 intelligere
1186 2157 1223 2186 de
1247 2157 1304 2186 illis
1327 2161 1388 2186 tan-

436 2210 497 2235 tum
521 2206 606 2241 filiis,
628 2205 739 2244 quibus
761 2209 933 2243 compatres
956 2205 1025 2234 sacti
1047 2209 1131 2241 sunt;
1154 2205 1191 2234 de
1213 2205 1280 2234 aliis
1302 2213 1387 2240 vero,

434 2255 485 2292 qui
510 2258 578 2283 ante
600 2254 881 2292 compaternitatem
904 2253 950 2283 vel
972 2257 1040 2291 post
1062 2254 1154 2291 geniti
1177 2257 1259 2289 sunt,
1284 2261 1389 2283 conce-

415 2303 521 2338 .dunt‚
545 2301 624 2340 quod
648 2301 780 2339 legitime
802 2305 831 2331 et
852 2301 933 2331 licite
956 2301 1036 2339 iungi
1060 2305 1196 2340 possunt.
1212 2301 1327 2337 Quibus
1350 2301 1390 2330 vi-

315 2362 419 2383 Urbanus.

305 2747 422 2768 Paschalis.

344 2936 424 2957 Canon.

435 2350 523 2379 detur
552 2350 721 2379 consentire
749 2348 890 2379 Urbanus
918 2349 1093 2378 secundus³
1116 2349 1239 2378 dicens:
1269 2348 1390 2386 «Super

435 2399 546 2437 quilms
567 2398 718 2428 consuluit
740 2407 794 2427 nos
818 2402 867 2428 tua
889 2397 1028 2433 dilectio,
1050 2398 1100 2427 1110
1124 2398 1243 2427 videtur
1269 2406 1390 2436 respon-

434 2448 584 2482 dendum,
608 2451 640 2477 ut
662 2447 829 2485 baptismus
853 2447 906 2482 sit,
928 2447 967 2484 si,
991 2447 1118 2476 instante
1142 2447 1333 2483 necessitate,
1350 2447 1391 2476 se—

435 2496 513 2525 mina
531 2503 658 2533 puerum
677 2495 706 2524 in
722 2495 843 2525 nomine
865 2495 1017 2524 Trinitatis
1038 2494 1249 2533 baptizaverit,
1265 2498 1294 2524 01
1309 2494 1389 2533 quod

435 2544 637 2582 spiritualium
653 2547 812 2582 parentum
836 2544 887 2573 silii
910 2543 955 2573 vel
972 2543 1050 2573 tiliae
1073 2547 1141 2574 ante
1158 2543 1203 2573 vel
1220 2547 1288 2582 post
1309 2552 1391 2573 com-

436 2593 646 2630 paternitatem
667 2593 785 2630 genitae
807 2595 932 2631 possunt
953 2592 1085 2629 legitime
1108 2592 1248 2630 coniungi
1270 2595 1391 2630 praeter

438 2641 517 2671 illam
542 2649 718 2679 personam,
741 2649 800 2679 qua
827 2644 998 2678 compatres
1019 2644 1088 2670 sunt
1110 2641 1205 2670 effecti
1220 2653 1248 2670 ».

517 2689 670 2719 Pasellalis
703 2697 775 2719 vero
802 2689 953 2719 secundus
968 2688 978 2703 *¹
1008 2692 1075 2727 post
1107 2689 1390 2727 compaternitatem

439 2738 554 2774 genitos
576 2737 711 2775 copulari
735 2737 889 2775 probibet,
912 2737 1049 2766 scribens
1070 2737 1205 2775 Rliegino
1229 2738 1390 2776 episcopo:

442 2798 453 2810 <e
468 2786 536 2814 Post
552 2789 726 2823 susceptum
743 2785 837 2815 tilium
861 2785 898 2815 (10
914 2785 992 2814 sonte
1020 2785 1064 2814 vel
1089 2785 1179 2815 liliam
1203 2786 1391 2823 spiritualem

439 2834 489 2872 qui
514 2843 550 2863 ex
573 2837 728 2872 compatre
752 2834 796 2863 vel
819 2842 855 2863 ex
878 2838 1045 2863 commatre
1068 2834 1177 2863 fuerint
1207 2834 1267 2864 nati
1291 2835 1392 2863 matri-

440 2882 539 2910 monio
556 2882 696 2918 coniungi
720 2890 777 2911 non
794 2885 920 2919 possunt
933 2881 1096 2911 ».—-lllud
1120 2882 1209 2911 etiam
1228 2882 1391 2912 notandum

441 2933 499 2964 est,
523 2929 602 2967 quod
628 2930 655 2958 in
672 2929 839 2958 Tiburicnsi
863 2928 995 2958 Concilio
1012 2929 1134 2966 legitur:
1160 2929 1213 2959 «Si
1238 2929 1305 2967 quis
1320 2938 1393 2959 suae

512 3110 518 3126 ¹
540 3110 600 3136 Can,
621 3111 651 3137 Si
676 3111 734 3144 qais
758 3111 905 3145 stliszstrnm
925 3111 982 3142 (2.),
1003 3111 1030 3136 C.
1052 3112 1092 3136 30.
1119 3119 1143 3143 q.
1169 3112 1188 3136 l.
1208 3126 1242 3129 ——
1264 3112 1310 3136 Pro
1331 3111 1394 3144 quia

441 3154 476 3179 tta
497 3155 565 3186 odit,
579 3160 682 3186 excepta
707 3156 726 3187 1Υ
742 3155 813 3188 qnod
831 3154 877 3187 itas,
900 3155 1090 3186 rel'ragantilms
1110 3155 1185 3180 codd.
1199 3156 1302 3187 —Seq.
1322 3155 1394 3181 100115

443 3202 480 3222 cst
499 3199 617 3229 tii-attan„
638 3206 717 3229 super
736 3198 762 3224 C.
782 3199 845 3225 Non
863 3198 936 3224 (lebet
954 3200 1026 3231 (10.)‚
1048 3199 1108 3224 ibid.

514 3242 524 3257 ²
543 3242 603 3267 Can.
624 3244 664 3267 ltav
683 3243 791 3276 (liliyere
811 3244 867 3276 (1.),
889 3244 950 3269 ibid.
972 3251 997 3276 q.
1020 3245 1044 3269 3.
1066 3244 1081 3275 ἕξ
1102 3244 1123 3268 Ι1.
1144 3247 1169 3269 et
1189 3245 1213 3269 2.

514 3285 524 3301 ³
543 3285 602 3310 Can.
623 3286 711 3319 Super
730 3286 825 3319 quibus
844 3288 900 3319 (4.),
920 3288 983 3313 ibid.

514 3328 525 3343 ⁴¹
544 3328 605 3353 Can.
624 3330 686 3354 Post
704 3332 857 3363 susceptum
880 3331 936 3363 (5.),
956 3331 1018 3356 ibid.
1048 3333 1107 3364 Seq.
1127 3332 1199 3357 locus
1219 3334 1257 3356 est
1277 3330 1302 3356 C.
1325 3329 1396 3356 Illud

446 3370 524 3396 etiam
544 3372 599 3403 (6.),
620 3372 681 3396 ibid.

1181 236 1464 268 SENTENTIARUM
1490 235 1557 266 [ΑΒ.
1581 235 1628 267 IV.

1438 321 1603 359 spiritualis
1625 321 1799 351 commatris
1821 321 1912 351 filiam
1935 321 2070 357 fortuito,
2093 326 2121 351 et
2143 323 2182 352 ita
2199 323 2388 360 contingente

1438 377 1539 398 rerum
1562 377 1651 405 casu,
1676 369 1704 398 in
1727 369 1899 406 coniugium
1923 369 2060 406 duxerit,
2082 370 2208 400 consilio
2232 371 2389 400 maturiori

1439 420 1577 452 servato,
1600 416 1710 447 habeat
1731 420 1822 455 atque
1843 416 1975 453 legitimo
1998 417 2150 447 connubio
2172 417 2295 448 honeste
2318 427 2389 457 ope-

1439 472 1502 494 ram
1527 464 1618 494 det».

1852 548 1920 577 CAP.
1942 548 1976 577 V.

1513 626 1547 656 St
1567 625 1617 656 cm·
1639 625 1726 656 liceat
1747 625 1824 656 duas
1846 631 2023 656 commatres
2045 628 2169 661 dacer&
2192 627 2321 657 alteram

1795 679 1865 714 post
1892 675 2030 705 alteram.

1520 753 1601 783 Solet
1616 754 1705 783 etiam
1722 753 1844 792 quaeri,
1867 754 1890 783 si
1907 757 2102 784 commatrem
2120 755 2222 784 uxoris
2244 758 2312 793 post
2327 755 2392 785 eius

1442 802 1555 832 obitum
1580 803 1648 840 quis
1670 802 1782 832 ducere
1805 801 1910 832 valeat.
1927 803 1969 831 De
1988 802 2045 832 1100
2067 802 2209 833 Nicolaus
2232 804 2310 842 Papa
2324 804 2334 818 ⁵
2349 804 2393 834 sic
2409 810 2483 833 Nioolai

1441 850 1559 880 scribit:
1588 863 1599 876 «
1616 850 1792 880 Sciscitatur
1821 858 1837 880 a
1862 850 1948 879 nobis
1970 851 2112 880 sanctitas
2140 855 2255 887 vestra,
2279 852 2302 881 si
2326 852 2394 890 quis

1443 899 1519 928 duas
1541 902 1724 928 commatres
1746 898 1860 928 habere
1883 899 1981 929 valeat
2002 907 2091 928 unam
2118 903 2187 937 post
2209 899 2342 930 alteram.
2365 900 2396 930 In

1443 955 1502 985 quo
1533 947 1705 976 meminisse
1734 946 1843 981 debes,
1866 947 2012 985 scriptum
2041 955 2121 977 esse:
2151 948 2254 977 Erunt
2274 947 2333 977 duo
2362 947 2397 977 in

1444 1003 1534 1024 carne
1555 1003 1627 1023 zanca.
1645 993 1720 1023 Cum
1744 994 1834 1031 igitur
1849 997 1977 1030 constet,
1993 994 2073 1033 quod
2097 995 2143 1024 vir
2165 998 2194 1024 et
2215 995 2322 1025 mulier
2338 1003 2398 1025 una

1445 1051 1516 1072 caro
1539 1042 1726 1077 efficiuntur;
1742 1045 1848 1077 restat,
1866 1043 1962 1072 virum
1983 1047 2169 1081 compatrem
2191 1044 2332 1073 constitui
2355 1043 2398 1073 illi

1446 1090 1580 1125 mulieri,
1604 1090 1691 1119 cuius
1713 1094 1847 1120 assumta
1874 1099 1950 1120 uxor
1979 1094 2144 1120 commater
2166 1094 2250 1126 erat;
2274 1094 2303 1120 01
2330 1091 2397 1121 ideo

1447 1139 1544 1168 virum
1569 1137 1610 1167 illi
1633 1138 1761 1167 feminae
1789 1147 1847 1168 non
1876 1147 1965 1176 posse
1988 1139 2143 1176 coniungi,
2166 1147 2245 1177 quae
2266 1147 2398 1169 comma-

1445 1189 1489 1216 ter
1512 1186 1576 1216 eius
1591 1190 1669 1223 erat,
1685 1194 1755 1215 cum
1778 1195 1838 1224 qua
1860 1186 1939 1216 idem
1956 1186 2052 1216 suerat
2074 1194 2132 1216 una
2148 1194 2219 1216 caro
2235 1186 2358 1216 effectus
2369 1199 2396 1216 υ.

1525 1235 1602 1264 Huic
1624 1239 1722 1264 autem
1747 1234 1818 1264 illud
1842 1235 2026 1265 contrarium
2051 1235 2186 1265 videtur:
2210 1236 2290 1271 «Qui
2313 1236 2398 1274 spiri·
2411 1244 2483 1266 canon,

1446 1283 1557 1313 tualem
1580 1283 1672 1313 babet
1694 1287 1894 1321 compatrem,
1917 1284 2004 1313 euius
2026 1283 2119 1314 lilium
2143 1283 2180 1314 de
2209 1284 2330 1314 lavacro
2353 1293 2400 1314 ac-

1446 1332 1543 1370 cepit,
1566 1335 1594 1361 et
1609 1332 1673 1362 eius
1688 1340 1766 1361 uxor
1782 1335 1948 1362 commater
1963 1341 2020 1362 non
2036 1336 2093 1367 est,
2117 1332 2187 1362 licet
2202 1333 2243 1368 ei,
2258 1333 2399 1363 ‹lesuncto

1447 1384 1603 1418 compatre
1624 1389 1696 1416 suo,
1720 1381 1784 1410 01115
1814 1380 1935 1410 viduam
1966 1380 2079 1411 ducere
2100 1381 2129 1410 in
2153 1389 2299 1418 uxorem;
2322 1389 2398 1420 quos

1448 1428 1528 1458 nulla
1550 1429 1704 1465 generatio
1726 1429 1892 1467 spiritualis
1914 1429 2085 1459 secernit».
2109 1429 2198 1465 Item,
2214 1438 2251 1459 ex
2272 1429 2399 1468 epistola

1450 1476 1603 1506 Pascbalis
1618 1477 1735 1514 Papae:
1757 1477 1851 1506 «Post
1879 1477 1984 1506 uxoris
2006 1477 2120 1507 obitum
2144 1486 2212 1507 cum
2236 1481 2401 1508 commatre
2414 1486 2483 1508 Paeon

1449 1525 1552 1555 uxoris
1564 1525 1703 1562 coniugio
1720 1525 1867 1564 copulari,
1883 1525 1964 1555 nulla
1984 1525 2103 1555 videtur
2118 1526 2194 1555 ratio
2212 1526 2257 1556 vel
2274 1527 2402 1556 auctori—

1450 1577 1494 1603 tas
1510 1574 1681 1612 probibere.
1697 1574 1761 1604 Non
1779 1575 1856 1604 enim
1871 1583 1925 1613 per
1937 1575 2036 1604 carnis
2051 1575 2191 1604 unionem
2209 1575 2245 1604 ad
2260 1576 2400 1605 unionem

1449 1622 1573 1660 spiritus
1596 1622 1795 1660 pertransitur
1811 1622 1958 1652 »,—Sed
1981 1622 2252 1661 sclendun1‚'quod
2278 1635 2290 1649 «
2302 1627 2402 1653 aucto·
2415 1630 2483 1653 Gratia

1448 1670 1521 1700 ritas
1536 1670 1651 1699 Nicolai
1675 1670 1712 1700 de
1730 1670 1779 1700 illo
1801 1671 1875 1709 agit,
1902 1671 1954 1709 qui
1975 1671 2062 1700 uxori
2087 1679 2160 1701 suae
2177 1671 2311 1701 debitum
2337 1671 2401 1701 red-

1449 1718 1540 1754 didit,
1557 1722 1717 1757 postquam
1738 1723 1903 1749 commater
1926 1719 2005 1749 illius
2025 1720 2147 1749 exstitit.
2162 1719 2246 1750 Aliae
2267 1728 2337 1750 vero
2353 1729 2403 1750 au-

1449 1767 1604 1796 ctoritates
1626 1767 1664 1796 de
1686 1767 1736 1797 1110
1759 1771 1863 1805 agunt,
1887 1767 1974 1797 cuius
1997 1776 2086 1805 uxor,
2111 1772 2271 1806 postquam
2294 1777 2310 1798 a
2339 1769 2403 1798 viro

1449 1824 1504 1845 suo
1528 1815 1757 1854 derelinquitur,
1789 1815 1868 1845 illius
1897 1819 2062 1846 commater
2091 1816 2220 1846 efficitur
2253 1825 2309 1846 nec
2338 1820 2405 1855 post

1449 1864 1729 1901 compaternitatem
1747 1872 1763 1893 a
1790 1864 1855 1893 viro
1871 1873 1926 1894 suo
1955 1864 2148 1902 cognoscitur
2159 1875 2191 1902 »3
2218 1865 2265 1894 vel
2289 1865 2327 1895 de
2354 1865 2403 1895 illo

1449 1912 1550 1950 potius
1572 1916 1677 1949 agunt,
1699 1912 1786 1942 cuius
1809 1921 1886 1943 uxor
1908 1917 1977 1943 ante
1997 1913 2177 1951 defungitur,
2194 1921 2285 1952 quam
2308 1914 2346 1943 ab
2369 1922 2403 1944 eo

1451 1965 1659 1998 cognoscatur.

1857 2044 1924 2074 CAP.
1948 2045 1995 2075 Vt.

1533 2123 1566 2153 St
1585 2122 1635 2152 vir
1657 2128 1683 2152 et
1704 2133 1784 2153 uxor
1806 2123 1901 2154 simut
1921 2124 2042 2153 valeant
2065 2128 2162 2154 tenere
2183 2134 2321 2164 puerum.

1532 2202 1613 2232 Solet
1634 2203 1722 2232 etiam
1739 2204 1858 2242 quaeri,
1881 2204 1905 2233 si
1923 2212 1999 2233 uxor
2020 2212 2089 2233 cum
2107 2204 2171 2233 viro
2185 2204 2273 2233 sinml
2296 2204 2406 2234 debeat

1454 2250 1482 2279 in
1505 2250 1655 2289 baptismo
1678 2252 1834 2289 suscipere
1855 2259 1994 2289 puerum.
2016 2252 2058 2280 De
2080 2252 2138 2281 boc
2160 2251 2322 2281 Urbanus‘⁵
2344 2252 2403 2281 ait:
2418 2259 2483 2282 tithan

1461 2298 1574 2334 «Quod
1597 2308 1673 2329 uxor
1696 2308 1764 2329 011111
1794 2300 1901 2329 marito
1924 2299 1953 2328 in
1985 2299 2134 2338 baptismo
2156 2300 2245 2330 simul
2273 2309 2331 2330 non
2359 2301 2406 2331 de-

1453 2347 1523 2377 beat
1538 2348 1694 2386 suscipere
1710 2356 1853 2387 puerum⁷
1876 2348 1955 2378 nulla
1973 2349 2151 2378 auctoritate
2174 2349 2325 2379 invenitur
2340 2358 2407 2388 pro-

1454 2395 1598 2431 hibitum3
1622 2396 1674 2425 sed
1699 2400 1731 2426 ut
1753 2396 1818 2435 ipsa
1841 2397 1956 2435 puritas
1978 2397 2144 2435 spiritualis
2167 2398 2354 2435 paternitatis
2369 2397 2407 2427 ab

1454 2444 1537 2474 omni
1566 2444 1634 2474 labe
1663 2448 1691 2474 et
1721 2445 1840 2475 infamia
1871 2449 2066 2475 conservetur
2095 2446 2251 2481 immunis,
2276 2446 2408 2476 decrevi-

1455 2500 1539 2527 mus,
1561 2497 1594 2522 ut
1616 2493 1737 2531 utrique
1759 2493 1848 2523 simul
1878 2493 1915 2522 ad
1946 2493 2003 2523 boc
2032 2493 2167 2532 aspirare
2197 2502 2254 2523 non
2285 2503 2408 2533 praesu-

1459 2544 1550 2571 mant.
1573 2540 1647 2576 Quia
1671 2550 1741 2571 vero
1763 2541 1919 2580 piaculare
1942 2541 2085 2579 flagitium
2108 2543 2322 2581 commisitqui
2339 2543 2409 2573 dua-

1454 2589 1511 2619 bus
1536 2590 1754 2619 commatribus
1777 2589 1858 2619 velut
1886 2590 2041 2620 sororibus
2069 2590 2185 2629 nupsit,
2207 2598 2312 2628 magna
2341 2599 2408 2630 poe-

1456 2638 1581 2668 nitentia
1604 2638 1694 2668 debet
1716 2638 1741 2668 ei
1765 2639 1919 2676 iniungi».

1854 2722 1922 2752 CAP.
1947 2722 2005 2752 Vll.

1571 2803 1612 2831 Dc
1634 2800 1773 2831 secundis
1797 2806 1822 2830 et
1845 2800 1940 2830 tertiis
1963 2806 1988 2831 et
2009 2801 2146 2840 ctemeeps
2169 2801 2293 2841 meptt'ss.

1537 2880 1698 2911 Sciendum
1722 2884 1767 2910 est
1789 2881 1895 2916 etiam,
1917 2881 1997 2919 quod
2021 2890 2077 2910 non
2100 2881 2196 2910 solum
2225 2882 2338 2919 primae
2362 2881 2407 2911 vel

1457 2929 1610 2959 secundae
1642 2929 1765 2968 nuptiae
1796 2933 1865 2959 sunt
1898 2929 2013 2965 licitae,
2035 2929 2086 2959 sed
2120 2930 2209 2959 etiam
2243 2931 2348 2960 tertiae
2380 2932 2408 2960 et

1529 3112 1539 3128 ⁵
1559 3112 1618 3137 Can.
1639 3111 1797 3138 Sciscitatur
1816 3119 1833 3137 a
1852 3111 1926 3137 uobis·
1946 3112 2001 3143 (l.)‚
2024 3111 2085 3136 ibid.
2115 3119 2139 3144 q.
2161 3111 2189 3142 4,
2210 3111 2254 3136 ubi
2274 3112 2408 3143 respicitur

1458 3156 1519 3180 Gen.
1542 3157 1571 3187 2,
1594 3155 1635 3180 ²24.
1656 3156 1714 3187 seq.
1734 3156 1806 3180 locus
1825 3160 1862 3180 est
1881 3154 1907 3179 C.
1930 3154 1982 3185 Qut
2004 3154 2173 3187 spiritualem
2193 3154 2247 3185 (4.),
2268 3154 2342 3186 1111(1.;
2364 3157 2408 3179 ter-

1459 3200 1508 3224 tius
1528 3198 1554 3224 C.
1574 3199 1637 3225 Post
1654 3198 1751 3225 catoris
1771 3199 1828 3231 (5.),
1849 3198 1910 3223 ibid.
1926 3199 1997 3230 Quae
2011 3202 2155 3230 sequuntur
2168 3201 2227 3223 sunt
2240 3205 2269 3223 cx
2289 3199 2408 3223 Gratiano

1459 3250 1538 3274 super
1557 3243 1601 3269 ult.
1622 3250 1677 3268 can.
1700 3257 1732 3260 —
1752 3242 1814 3268 Cod.
1835 3243 1883 3267 Ers.
1904 3246 2020 3267 annotat:
2040 3242 2123 3274 Cave,
2145 3243 2206 3274 quia
2231 3242 2349 3273 Magister
2368 3242 2409 3266 hic

1459 3294 1509 3312 non
1531 3290 1638 3312 tenetur.
1660 3301 1692 3305 —
1713 3287 1748 3312 De
1768 3287 1813 3311 ista
1834 3287 1955 3317 opinione
1974 3287 2085 3317 Magistri
2105 3289 2130 3311 et
2148 3286 2259 3311 Gratiani
2280 3286 2324 3310 esr.
2344 3286 2408 3310 intra

1459 3330 1602 3356 Comment.
1623 3339 1644 3355 a.
1667 3332 1689 3355 l.
1710 3338 1734 3363 q.
1755 3331 1778 3355 3.

1530 3374 1540 3390 ⁶
1560 3374 1620 3399 Can.
1643 3374 1719 3405 Quod
1737 3376 1827 3400 autem
1846 3374 1902 3406 (6.),
1922 3374 1983 3399 ibid.
