2483 3882
699 251 793 282 DlST.
819 250 889 282 XLI.
914 249 996 282 ART.
1023 248 1153 281 UNlCUS
1177 247 1330 289 QUAEST.
1357 246 1400 278 lll.
1972 245 2033 276 861

419 348 659 372 CONGLUSIO.

126 446 281 489 Affinitas
306 455 371 477 non
393 448 531 486 qenerat
553 443 748 487 affinitatem
772 442 954 474 secandum

442 496 495 528 itis
518 506 649 528 novum.

157 603 355 635 Responnsso:
386 601 578 639 Dicendum,
603 601 688 642 quod
721 600 826 632 differt
856 600 1018 632 vinculum

0 655 242 702 „quntaffinitatis
266 658 296 687 et
328 653 648 696 consanguinitatis:
673 653 822 694 quoniam
856 652 1019 684 vinculum

0 693 56 744 320⁰?-
70 708 228 741 affinitatis
252 711 299 740 est
322 707 484 739 vinculum
506 716 567 748 per
583 706 756 743 accidens5
774 705 933 738 vinculum
953 714 1021 737 con-

69 760 287 802 sanguinitatis
310 764 358 793 est
382 760 544 792 vinculum
565 769 626 800 per
641 768 695 796 se;
711 762 742 790 et
758 759 906 800 quoniam
928 767 1020 790 omne

65 823 125 856 pei·
149 813 302 845 accidens
326 812 501 845 necessario
527 812 620 844 hahet
657 811 765 844 reduci
790 811 829 843 ad
862 820 923 852 per
947 811 1020 842 se¹.-

69 868 141 900 hinc
164 871 221 905 est,
245 866 330 908 quod
354 865 489 898 affinitas
512 865 690 897 necessario
706 864 933 906 praesupponit
954 873 1023 896 con-

69 920 310 962 sanguinitatem
347 923 377 951 et
412 918 597 960 superaddit
628 917 884 950 commixtionem
916 920 947 948 et
981 925 1022 948 ex

0 980 53 1002 rium-
69 973 118 1005 his
142 973 268 1005 duobus
293 971 403 1013 surgit.
428 971 508 1012 Quia
531 980 606 1012 ergo
630 970 708 1002 illud
734 970 816 1012 quod
835 973 882 1002 est
897 979 955 1011 per
972 979 1024 1001 ac-

69 1025 198 1063 cidens,
224 1034 284 1056 non
310 1024 404 1056 habet
429 1024 576 1055 virtutem
604 1022 832 1064 multiplicandi
858 1026 888 1054 et
912 1022 1024 1054 diffun-

71 1078 164 1110 dendi
190 1087 241 1116 se,
266 1077 323 1109 nisi
350 1086 407 1118 per
431 1076 511 1109 illud
536 1076 620 1118 quod
645 1080 691 1108 est
715 1084 770 1108 ens
791 1085 852 1117 per
874 1085 928 1113 se‚·
952 1075 1024 1107 hinc

71 1134 134 1169 est,
152 1130 237 1172 quod
262 1129 408 1162 diffusio²
425 1133 455 1161 et
479 1129 649 1161 descensus
666 1128 826 1160 affinitatis
848 1128 1023 1160 secundum

71 1183 233 1216 veritatem
252 1182 425 1215 attenditur
441 1191 460 1214 a
477 1185 565 1223 parte
583 1181 886 1223 consanguinitatis
903 1181 1004 1213 solum
1016 1207 1023 1220 ,

70 1245 131 1268 non
156 1245 174 1267 a
198 1239 286 1277 parte
311 1234 573 1272 comminationis,
598 1237 751 1276 quantum
778 1237 824 1266 est
848 1234 888 1266 de
912 1237 1025 1265 natura

71 1289 198 1322 vinculi.
224 1288 310 1321 Unde
334 1288 557 1329 consanguinei
582 1287 693 1319 uxoris
718 1287 798 1319 Petri
824 1287 866 1319 ita
888 1291 961 1319 sunt
985 1286 1026 1318 as-

71 1342 149 1374 fines
172 1342 197 1374 ei
224 1350 325 1383 usque
350 1341 389 1373 ad
415 1344 563 1382 quartum
589 1340 743 1381 gradum,
768 1340 849 1372 sicut
872 1349 929 1382 per
957 1349 1026 1371 con-

71 1395 311 1437 sanguinitatem
337 1394 508 1435 alligantur
533 1393 644 1431 uxori3
669 1393 723 1425 sed
758 1402 840 1424 uxor
873 1392 953 1425 Petri
984 1401 1024 1424 ex

72 1448 141 1487 hoc,
163 1447 246 1489 quod
272 1447 362 1479 nubit
386 1446 456 1484 alii,
481 1455 554 1479 cum
576 1455 636 1487 per
661 1445 833 1478 accidens-³
859 1446 963 1477 iuncta
987 1445 1026 1477 sit

72 1500 312 1541 consanguineis
337 1499 510 1537 Petri,non
536 1503 665 1540 propter
688 1498 746 1530 hoc
770 1502 898 1539 generat
922 1499 1027 1530 vincu-

74 1554 139 1586 lum
165 1553 345 1585 attinentiae
363 1552 538 1585 secundum
558 1551 748 1589 veritateim
764 1551 817 1583 sed
837 1551 860 1583 si
879 1555 1026 1592 generat,

0 1620 60 1641 aiau·
74 1607 133 1639 hoc
157 1609 203 1638 est
227 1605 329 1638 solum
355 1605 530 1638 secundum
559 1604 711 1646 publicae
739 1603 902 1636 iustitiam
936 1603 1027 1635 lione-

0 1641 180 1697 h⁰¹³e'statis3
198 1668 254 1700 per
279 1667 371 1700 quem
398 1658 528 1690 modum
555 1657 753 1690 contrahitur
770 1657 799 1688 in
817 1656 1026 1698 sponsalibus.

73 1713 108 1744 Et
131 1712 305 1744 secundum
332 1712 416 1743 hunc
433 1711 562 1743 modum
581 1711 711 1743 fuerunt
727 1710 900 1751 antiquitus
916 1719 1027 1741 secan-

71 1766 150 1798 dum
175 1774 275 1806 genus
299 1764 460 1797 affinitatis
484 1768 514 1796 et
537 1763 689 1802 tertium,
707 1772 787 1804 quae
812 1763 912 1804 magis
936 1763 1027 1804 perti-

70 1819 186 1851 nebant
210 1819 250 1851 atl
271 1818 425 1860 publicae
454 1817 619 1849 iustitiam
650 1816 828 1849 honestatis
859 1825 953 1858 quam
986 1816 1026 1848 ad

73 1872 287 1915 affinitatem,
305 1872 386 1904 sicut
403 1880 502 1904 canon
520 1870 658 1903 secundo
674 1870 854 1911 propositus
875 1878 1026 1910 expresse

73 1925 167 1964 dicit,
185 1925 210 1957 si
236 1924 307 1966 quis
331 1924 481 1956 attendat.
507 1924 541 1956 Et
566 1923 640 1964 quia
663 1923 878 1964 periculosum
903 1925 970 1954 erat
986 1922 1026 1954 ad

72 1978 127 2010 ista
163 1977 280 2016 teneri,
306 1977 376 2009 ideo
407 1980 507 2008 totum
540 1975 679 2017 oportuit
711 1975 869 2013 revocari,
894 1978 1026 2015 excepto

0 2036 57 2058 iusto.
68 2030 181 2072 primo
214 2039 331 2072 ρεπεν-6
367 2029 537 2061 affinitatis.
570 2029 605 2061 Et
641 2029 683 2060 ita
718 2028 905 2066 dicendum,
941 2027 1026 2069 quod

73 2082 247 2115 secundum
274 2081 438 2114 veritatem
455 2085 486 2114 et
512 2081 687 2113 secundum
720 2084 846 2121 tempus
879 2088 1027 2121 praesens

73 2135 207 2168 affinitas
223 2144 284 2167 non
307 2139 435 2176 generat
451 2133 652 2171 affinitatem,
669 2137 705 2165 ut
722 2134 776 2175 qui
794 2137 840 2165 est
856 2133 959 2165 affinis
975 2133 1028 2164 ali-

73 2189 123 2221 cui
155 2187 310 2220 efficiatur
333 2187 436 2220 affinis
460 2187 563 2226 affini3
592 2187 641 2219 vel
666 2186 719 2228 qui
741 2189 788 2219 est
812 2186 939 2218 iunctus
963 2195 1028 2218 car-

72 2242 186 2274 naliter
210 2251 283 2274 cum
308 2241 428 2282 aliqua,
454 2249 510 2282 per
534 2241 593 2273 hoc
617 2239 773 2272 efficiatur
796 2238 899 2271 affinis
931 2238 1028 2271 affini-

73 2295 134 2328 bus
158 2295 241 2334 suis‚
266 2295 363 2327 immo
387 2294 490 2326 solum
515 2293 772 2335 consanguineis;
790 2301 846 2325 nec
870 2292 971 2334 surgit
987 2292 1028 2324 af-

73 2348 177 2380 finitas
201 2357 241 2380 ex
266 2347 535 2389 consanguinitate
558 2350 589 2379 et
605 2346 772 2385 affinitate,
790 2346 845 2378 sed
862 2345 963 2378 solum
986 2354 1025 2377 ex

1084 334 1352 377 consanguinitate
1369 338 1398 366 et
1414 334 1518 367 carnis
1543 333 1777 365 commixtione.
1792 351 1835 356 —
1851 333 1885 364 Et
1902 332 2039 364 rationes

1084 389 1123 421 ad
1149 389 1207 421 hoc
1232 388 1378 420 inductae
1402 390 1476 420 sunt
1500 387 1726 419 concedendae.

1175 442 1201 473 1.
1227 442 1256 472 2.
1282 440 1324 472 Ad
1352 440 1428 472 illud
1454 449 1528 481 ergo
1553 439 1637 481 quod
1654 439 1801 471 obiicitur
1818 439 1857 471 de
1879 438 1940 470 illis
1964 438 2039 470 dua·
2066 444 2198 475 soiutioop-

1085 494 1144 526 bus
1161 493 1418 531 auctoritatibus,
1436 492 1604 525 dicendum
1616 518 1625 529 ‚
1643 492 1726 533 quod
1747 495 1931 523 retractatae
1949 494 2038 528 sunt,
2053 472 2180 498 ‘mmmm'

1085 556 1142 579 nec
1166 546 1236 578 illae
1261 546 1428 587 prohibent
1445 545 1696 578 coniunctionem
1715 544 1807 577 talem
1825 548 1954 586 propter
1970 543 2038 575 vin-

1085 598 1197 630 cutum
1226 597 1419 641 affinitatis,
1443 597 1497 630 sed
1532 601 1660 639 propter
1692 596 1857 629 iustitiam
1886 595 2037 637 publicae

1085 650 1272 683 honestatis.

1174 704 1203 736 3.
1229 704 1271 736 Ad
1298 704 1376 736 illud
1400 704 1484 745 quod
1517 703 1681 742 obiicitur,
1706 702 1787 744 quod
1823 702 1926 734 caruis
1958 710 2039 734 com-

1087 756 1197 788 mixtio
1221 756 1300 788 adeo
1324 756 1441 797 iungit,
1467 760 1501 788 ut
1525 757 1725 797 propagatim
1743 755 1930 793 dicendum,
1951 753 2036 796 quod
2052 760 2179 782 Notandum-

1086 809 1111 840 si
1136 808 1276 849 loqueris
1300 808 1335 839 in.
1357 817 1391 839 se
1412 811 1443 840 et
1463 818 1523 849 pei·
1548 818 1600 846 sc,
1626 808 1739 840 falsum
1765 811 1821 839 est.
1846 807 1921 838 Nam
1951 809 2040 848 pater

1086 870 1147 893 non
1172 864 1273 902 potest
1298 861 1484 893 contrahere
1509 870 1583 893 cum
1609 861 1689 899 filia,
1714 869 1808 902 quam
1831 858 2042 902 yeneravit⁴;

1088 914 1143 946 sed
1167 913 1214 946 vir
1239 917 1341 955 potest
1365 914 1550 946 contrahere
1584 923 1656 946 cnm
1691 914 1841 952 muliere,
1866 921 1961 955 quam
1995 921 2042 944 co-

1085 966 1207 1009 ynooit.
1239 966 1336 998 Habet
1367 969 1470 998 tamen
1504 966 1562 999 hoc
1593 966 1755 998 veritatem
1787 976 1845 1007 per
1877 965 2041 1002 accidens,

1088 1019 1328 1061 praesupposita
1345 1019 1728 1060 consanguinitate3quod
1748 1023 1849 1060 patet:
1869 1018 1942 1060 quia
1959 1026 2043 1050 uxor

1089 1071 1146 1104 viri
1173 1072 1216 1103 ita
1241 1071 1419 1113 propinqua
1443 1071 1578 1103 efficitur
1603 1071 1842 1112 consanguineis
1867 1071 1944 1110 viri,
1962 1071 2043 1103 sicut

1088 1128 1119 1156 et
1143 1124 1227 1166 ipse;
1251 1128 1281 1156 et
1305 1124 1379 1165 quia
1411 1128 1457 1156 est
1490 1124 1652 1156 vinculum
1683 1134 1741 1165 per
1774 1124 1945 1162 accidens,
1971 1123 2042 1156 ideo

1089 1187 1150 1210 non
1168 1177 1368 1219 protenditur
1385 1177 1442 1209 nisi
1462 1177 1636 1209 secundum
1660 1177 1890 1219 protensionem
1917 1185 2044 1209 consan-

1089 1231 1268 1272 guinitatis;
1292 1234 1322 1263 et
1347 1231 1417 1263 ideo
1442 1240 1502 1262 non
1535 1231 1689 1272 sequitur,
1713 1231 1795 1272 quod
1829 1230 1964 1262 affinitas
1996 1238 2044 1271 ge-

1090 1288 1178 1316 neret
1202 1284 1402 1323 affinitatem,
1428 1284 1508 1316 sicut
1540 1284 1794 1325 consanguinitas
1830 1282 2044 1324 consanguini-

1090 1341 1196 1370 tatem.

1179 1391 1208 1421 lt.
1234 1390 1276 1422 Ad
1304 1390 1380 1422 illud
1406 1389 1489 1431 quod
1515 1389 1679 1427 obiicitur,
1697 1389 1780 1430 quod
1799 1388 1900 1420 simile
1917 1390 2045 1430 generat

1091 1443 1208 1481 simile;
1228 1443 1416 1481 dicendum,
1434 1442 1518 1484 quod
1537 1451 1646 1474 verum
1666 1445 1729 1479 est,
1748 1450 1803 1482 per
1821 1450 1853 1473 se
1870 1440 2044 1482 loquendo,

1091 1497 1115 1529 si
1141 1496 1220 1528 illud
1252 1505 1314 1538 quo
1338 1496 1552 1533 assimilatur,
1579 1495 1657 1527 inest
1692 1495 1737 1532 ei,
1759 1494 1935 1526 secundum
1960 1493 2044 1535 quod

1088 1554 1240 1591 yeneno&
1265 1549 1349 1581 unde
1375 1549 1519 1590 leprosus
1544 1551 1674 1589 generat
1699 1547 1878 1589 leprosum,
1895 1551 1926 1579 et
1947 1546 2046 1578 calcu-

1091 1603 1177 1634 losus
1202 1602 1413 1640 calculosnm,
1431 1601 1505 1642 quia
1529 1604 1577 1633 est
1602 1600 1641 1632 ibi
1665 1600 1826 1641 corruptio
1851 1600 1897 1632 vis
1921 1608 2046 1641 genera-

1092 1655 1183 1687 tivae.
1200 1654 1260 1686 Sed
1278 1658 1381 1686 tamen
1400 1663 1531 1686 mancus
1549 1663 1608 1685 non
1629 1653 1804 1685 necessario
1822 1656 1950 1694 generat
1964 1661 2047 1683 man-

1091 1717 1182 1747 cum,
1207 1708 1281 1749 quia
1314 1707 1454 1739 desectus
1492 1707 1543 1739 ille
1574 1716 1633 1738 non
1667 1706 1793 1747 respicit
1824 1709 2046 1747 generantem,

1091 1760 1267 1793 secundum
1302 1760 1387 1801 quod
1412 1762 1459 1791 est
1482 1768 1647 1801 generans.
1673 1759 1707 1790 Et
1731 1759 1807 1800 quia
1830 1757 1965 1789 affinitas
1986 1767 2047 1799 per

1091 1812 1244 1845 accidens
1269 1812 1395 1853 respicit
1419 1812 1575 1853 aliquem,
1600 1811 1671 1843 ideo
1703 1820 1764 1843 non
1798 1810 1946 1843 diffundit
1978 1819 2046 1842 eam

1090 1866 1122 1898 in
1146 1865 1300 1904 alterum,
1327 1873 1382 1897 nec
1406 1864 1435 1896 in
1453 1874 1524 1896 eum
1543 1865 1595 1906 qui
1616 1868 1826 1906 propagatur,
1844 1872 1900 1896 nec
1925 1863 1955 1894 in
1974 1872 2047 1895 eum

1091 1919 1144 1961 qui
1162 1918 1330 1951 carnaliter
1347 1918 1579 1950 commiscetur.
1597 1917 1683 1950 Unde
1700 1926 1761 1949 non
1778 1921 1825 1949 est
1842 1916 1935 1949 modo
1954 1925 2048 1948 verus

1091 1972 1143 2004 ille
1167 1972 1313 2004 versus⁵z

1252 2053 1329 2077 Mutat
1349 2056 1427 2083 nupta
1448 2058 1539 2083 genus,
1559 2051 1605 2076 sed
1625 2054 1745 2082 generata
1771 2050 1896 2081 gradum,

1092 2131 1210 2164 scilicet
1233 2131 1425 2174 affinitatis,-
1449 2130 1506 2163 nisi
1533 2131 1604 2172 quis
1636 2130 1710 2162 velit
1742 2130 1845 2171 ipsum
1871 2129 2048 2161 distrahere

1092 2189 1123 2218 et
1146 2193 1325 2227 exponere,
1350 2184 1524 2217 secundum
1558 2183 1642 2226 quod
1672 2183 1820 2224 competit
1852 2182 2047 2223 proximitati

1092 2238 1281 2276 modernae,
1305 2241 1341 2269 ut
1365 2246 1422 2279 per
1447 2237 1599 2269 rationem
1627 2235 1816 2268 matrimonii
1842 2235 2047 2267 contrahatur

1090 2300 1194 2333 penas
1211 2290 1402 2334 affinitatis,
1420 2294 1450 2322 et
1467 2299 1523 2332 per
1546 2289 1776 2331 generationem
1792 2298 1896 2330 penus
1913 2297 2046 2320 consan-

1090 2344 1281 2387 guinitatis.
1306 2343 1430 2375 Primus
1454 2348 1556 2375 tamen
1583 2346 1629 2374 est
1654 2341 1831 2374 intellectus
1849 2341 1953 2373 verior
1965 2340 1985 2372 ⁶.

933 2482 1117 2525 QUAsssno
1143 2483 1187 2514 in.

567 2596 685 2628 Utrum
710 2595 858 2638 affinitas
877 2598 1023 2637 praestet
1045 2594 1261 2627 matrimonio
1286 2593 1562 2635 impedimentuin.

165 2723 269 2754 Tertio
293 2722 469 2764 quaeritur,
490 2724 599 2754 utrum
621 2720 757 2753 affinitas
773 2724 910 2762 praestet
926 2720 1031 2752 matri-

79 2775 182 2807 monio
206 2775 478 2816 impedimentum.
506 2774 540 2806 Et
563 2776 649 2815 quod
674 2773 735 2812 sic,
760 2773 896 2805 videtur.

168 2830 195 2860 1.
225 2829 325 2861 Causa
350 2827 511 2869 trigesima
535 2827 662 2869 quinta,
687 2827 870 2869 quaestione
899 2826 1030 2859 tertia⁷:

0 2889 73 2908 menta.
87 2893 101 2910 «
117 2881 294 2923 Aequaliter
311 2881 520 2922 coniungatur
538 2879 609 2921 quis
625 2879 812 2921 propinquis
829 2879 895 2911 suis
913 2882 942 2911 et
955 2887 1032 2911 uxo-

80 2934 124 2966 ris
142 2943 217 2967 suae
244 2933 484 2975 consanguineis
500 2945 529 2964 ».

1184 2720 1214 2751 Ξ.
1240 2719 1332 2757 ltem,
1351 2717 1474 2750 Levitici
1489 2717 1610 2749 decimo
1624 2715 1768 2747 octavo⁸z
1795 2714 2047 2756 thrpitndinem

1095 2772 1214 2804 uxoris
1235 2771 1346 2813 patris
1373 2770 1422 2802 tui
1444 2780 1508 2801 non
1533 2767 1710 2800 revelabis:
1728 2777 1802 2809 ergo
1821 2767 1928 2799 nullus
1946 2771 2047 2808 potest

1094 2825 1281 2858 contrahere
1313 2833 1385 2856 cum
1411 2832 1512 2855 uxore
1537 2822 1651 2864 patris3
1677 2821 1730 2853 sed
1757 2821 1815 2853 hoc
1840 2830 1899 2852 non
1932 2824 1979 2853 est
2006 2820 2046 2852 ob

1095 2878 1181 2910 aliud
1207 2877 1264 2909 nisi
1290 2877 1329 2908 ob
1354 2876 1515 2908 vinculum
1542 2874 1716 2906 affinitatis:
1741 2882 1816 2914 ergo
1840 2876 1897 2905 etc.

1186 2930 1215 2962 3.
1242 2930 1315 2961 item
1328 2955 1335 2968 ,
1353 2929 1412 2961 hoc
1430 2929 1531 2970 ipsum
1550 2927 1695 2968 arguitur
1704 2936 1765 2968 pei·
1778 2926 1959 2958 rationein:
1974 2926 2048 2968 quia

148 3129 156 3145 ¹
178 3129 329 3154 Secundum
348 3129 463 3161 Aristot.‚
486 3129 511 3154 ll.
532 3129 608 3159 Phys.
621 3131 680 3154 text.
696 3129 738 3153 66.
755 3129 788 3157 (0.
804 3128 848 3160 6.).
863 3127 912 3153 Csr.
929 3130 990 3152 tom.
1006 3127 1032 3151 11.

79 3181 139 3205 pag.
159 3174 224 3204 638,
244 3176 302 3198 nota
323 3174 346 3198 3.

150 3217 160 3233 ²
180 3218 268 3242 Plures
286 3217 363 3242 codd.
383 3216 513 3251 definitio,
536 3217 593 3242 cod.
613 3217 633 3241 U
653 3215 793 3242 distinctio.

149 3260 160 3276 ³
180 3260 260 3286 Codd.
281 3260 331 3285 LY
349 3267 397 3293 per
416 3267 587 3293 consequens.

152 3304 162 3321 ⁴
181 3306 214 3330 lta
235 3305 310 3330 codd.
340 3305 419 3329 ELY
449 3305 477 3336 (1«Ἰ
506 3306 531 3329 in
559 3305 705 3336 margine);
735 3303 776 3328 alii
801 3302 878 3327 codd.
898 3301 1031 3334 coqnovz't,

82 3349 140 3374 cod.
161 3349 184 3374 K
205 3348 229 3380 (1
249 3356 261 3374 a
282 3348 395 3374 secunda
416 3348 508 3380 manu)
537 3348 614 3380 legit:
634 3354 697 3374 cum
723 3346 793 3380 filia,
816 3345 892 3372 cuins
916 3346 1031 3371 matrem

82 3392 210 3425 coqnovit.

1166 3125 1177 3141 ⁵
1198 3125 1261 3149 Vide
1282 3130 1361 3154 supra
1381 3122 1552 3148 Pmenotata.
1572 3135 1607 3140 —
1632 3122 1737 3146 Inferius
1765 3124 1823 3152 post
1851 3119 2048 3154 qenerationent

1096 3177 1124 3195 ex
1146 3169 1204 3194 cod.
1225 3169 1242 3193 Ε
1263 3168 1387 3197 (secunda
1406 3167 1509 3198 manus)
1528 3166 1709 3191 substituimus
1726 3172 1810 3198 yemis
1830 3164 2049 3198 consangyuinita-

1096 3213 1127 3239 lis
1148 3220 1194 3244 pro
1214 3218 1298 3245 actius
1317 3210 1467 3245 affinitatis,
1484 3211 1508 3234 in
1529 3210 1586 3235 cod.
1606 3210 1642 3235 bb
1662 3209 1765 3242 praeliis
1784 3208 1929 3243 affinitatis.
1943 3223 1976 3226 —
1990 3209 2049 3233 Sen-

1095 3264 1140 3282 sus
1158 3261 1210 3281 est:
1231 3256 1277 3280 nisi
1297 3262 1381 3288 penus
1400 3258 1518 3279 sumatur
1540 3253 1615 3287 larye
1636 3261 1683 3285 pro
1703 3257 1813 3285 utroque
1833 3253 2028 3285 impedimento.

1166 3300 1177 3316 6
1196 3300 1261 3324 Vide
1282 3299 1395 3324 scholion
1416 3299 1448 3323 ad
1468 3298 1665 3329 praecedentem
1686 3300 1786 3329 quaest.

1165 3343 1176 3360 ⁷
1195 3343 1256 3368 Can.
1278 3344 1317 3368 13.
1338 3342 1388 3368 Cir.
1409 3343 1450 3367 hic
1470 3342 1505 3367 lit.
1527 3342 1654 3373 Magistri,
1674 3349 1696 3367 c.
1722 3342 1741 3366 1.

1165 3387 1175 3403 s
1195 3387 1267 3412 Vers.
1289 3387 1312 3411 8.
1334 3387 1444 3418 Vulgata
1463 3385 1637 3419 discooperies
1657 3393 1704 3417 pro
1724 3384 1862 3412 revelabis.
