2483 3882
0 1822 21 1841 le.

706 237 799 268 DIST.
824 237 921 268 XXIII.
944 237 1026 268 An'r.
1051 237 1082 269 ΙΙ.
1108 238 1260 278 QUAEST.
1285 239 1330 270 111.

890 378 1072 418 QUAESTIO
1097 379 1141 410 111.

721 473 761 505 In
785 483 847 515 quo
872 474 939 505 loco
964 474 1074 507 debeat
1096 475 1172 517 sieri
1194 477 1314 508 unctio.

125 597 226 630 Tertio
250 596 423 638 quaeritur,
455 596 484 627 in
511 604 573 637 quo
597 595 664 628 loco
694 596 806 628 debeat
837 596 905 628 fieri
930 606 985 628 un-

40 651 105 685 ctio.
130 651 165 683 Et
188 649 271 691 quod
291 652 391 680 totum
416 658 537 690 corpus
554 648 666 681 debeat
690 648 816 690 inungi,
841 648 981 681 videtur:

126 704 153 734 1.
177 701 329 743 Quoniam
354 701 424 733 talis
448 701 554 733 unctio
577 704 632 733 aut
656 704 702 733 est
723 704 831 733 contra
856 701 984 732 infirmi-

0 772 26 799 ¹1.
41 759 130 789 tatem
148 753 367 795 corporalem,
384 757 439 785 aut
464 756 571 785 contra
588 753 802 785 infirmitatem
825 753 984 794 spiritua-

41 809 106 841 tem.
131 807 158 839 Si
184 810 292 839 contra
320 806 525 848 corporalem
535 818 551 844 ;v
570 815 642 838 cnm
668 814 742 847 ergo
776 806 916 837 mortalis
941 805 984 837 in-

38 859 166 893 firmitas
189 868 246 900 per
278 862 376 890 toturn
402 867 518 900 corpus
549 858 663 890 diffusa
687 858 740 895 sit,
767 861 865 890 totum
891 857 984 890 debet

38 912 150 954 inungi.
175 912 204 943 Si
229 914 337 944 contra
360 910 569 952 spirituatem
578 922 590 948 ;
614 911 668 943 sed
694 910 867 952 spiritualis
898 911 983 942 infir-

38 966 124 999 mitas
146 973 209 997 non
240 964 398 996 concernit
429 963 567 1005 aliquam
601 967 724 1005 partem
753 963 980 996 determinate:

36 1027 106 1060 ergo
129 1021 184 1050 etc.

120 1072 149 1103 2.
173 1070 267 1108 Item,
291 1069 396 1102 unctio
420 1068 656 1101 sacramentalis
680 1069 834 1110 significat
864 1069 982 1102 unctio-

35 1132 104 1157 nem
127 1122 294 1164 gratuitam
320 1125 350 1154 et
374 1121 588 1163 spiritualem,
621 1131 701 1164 quae
726 1125 772 1154 est
804 1122 834 1154 in
858 1122 980 1161 anima;

36 1176 88 1209 sed
121 1176 224 1207 anima
255 1178 302 1207 est
334 1175 363 1206 in
399 1174 538 1216 qualibet
569 1178 657 1216 parte
693 1175 835 1216 corporis
870 1175 979 1207 tota¹z

35 1238 105 1271 ergo
125 1231 181 1260 etc.

119 1281 147 1314 3.
171 1281 264 1319 Item,
289 1280 394 1313 unctio
419 1280 592 1312 devotionis
617 1280 744 1321 respicit
767 1280 914 1312 animam·
937 1289 980 1313 se-

35 1334 170 1368 cundum
195 1333 363 1375 potentiam
392 1333 632 1371 intellectivam;
657 1333 711 1365 sed
743 1345 757 1362 α
781 1333 835 1365 illa
859 1333 980 1365 nullius

35 1387 128 1430 partis
151 1386 322 1428 corporalis
340 1390 385 1419 est
402 1390 490 1418 actus
504 1385 559 1417 2»ς
579 1395 654 1427 ergo
671 1386 758 1418 nulla
775 1395 849 1427 pars
873 1395 980 1428 corpo-

33 1441 75 1473 ris
106 1440 310 1472 determinate
343 1439 435 1471 debet
466 1439 590 1480 inungi:
624 1448 698 1481 ergo
731 1442 831 1471 totum
864 1448 979 1480 corpus

33 1493 243 1535 inungendum
268 1497 323 1525 est.

117 1547 146 1578 [ι.
172 1546 261 1584 item,
285 1554 357 1577 cum
382 1545 453 1587 quis
476 1545 663 1586 purificatur
687 1545 727 1577 ab
752 1545 909 1586 originali,
939 1548 981 1577 to-

34 1603 82 1632 tus
104 1597 315 1639 immergitur,
341 1597 366 1629 si
391 1597 430 1630 sit
453 1607 535 1639 aqua
565 1597 723 1630 sufficiens
741 1597 769 1628 ³:
800 1606 874 1639 ergo
899 1597 980 1629 simi-

34 1652 117 1690 liter,
141 1650 164 1684 si
190 1650 293 1683 oleum
327 1653 373 1683 est
409 1649 586 1689 sufficiens,
618 1654 701 1682 totus
735 1650 861 1682 videtur
893 1649 980 1681 inun-

35 1704 159 1747 gendus.

116 1756 174 1788 SED
198 1765 337 1788 CONTRA:
374 1757 401 1787 1.
434 1756 578 1788 Matthaei
603 1756 724 1788 decimo
756 1755 907 1797 quinto⁴:
934 1756 980 1787 De

35 1810 125 1842 eorde
147 1809 328 1851 procedunt
345 1808 556 1850 cognationes
579 1808 703 1845 malae,
719 1807 818 1850 furta
842 1811 916 1847 etc.;
936 1817 980 1840 se-

35 1863 167 1896 cundum
197 1862 276 1894 illud
305 1862 408 1893 omnia
437 1865 564 1903 peccata
591 1870 632 1893 ex
662 1861 756 1893 corde
786 1861 977 1902 procedunt:

34 1925 103 1958 ergo
119 1916 156 1948 ad
182 1915 367 1948 deletionem
387 1918 585 1956 peccatorum
604 1914 841 1956 significandam
863 1913 978 1946 sufficit

35 1968 134 2001 locum
158 1968 268 2000 cordis
292 1968 453 2009 inungere.

116 2023 144 2054 2.
169 2022 262 2060 Item,
295 2021 400 2053 unctio
431 2020 677 2052 confirmationis
701 2020 731 2052 in
764 2020 856 2052 unica
888 2024 977 2062 parte

34 2074 95 2107 sola
117 2074 164 2113 fit,
189 2074 305 2106 scilicet
330 2074 360 2105 in
384 2074 502 2106 fronte:
533 2082 609 2115 ergo
633 2073 700 2115 pari
734 2073 854 2115 ratione
878 2077 908 2105 et
932 2073 979 2105 ibi

33 2127 132 2160 unctio
155 2128 250 2160 huius
275 2127 464 2159 sacramenti
481 2126 501 2157 ⁵.

117 2180 144 2213 3.
167 2181 258 2218 Item⁷
283 2180 306 2211 si
332 2179 362 2211 in
387 2179 533 2221 pluribus
549 2179 693 2221 partibus
718 2179 876 2217 distincte;
901 2188 976 2221 ergo

34 2233 136 2275 plures
159 2236 231 2266 sunt
255 2233 432 2265 unctiones:
462 2241 537 2273 ergo
561 2232 654 2274 plura
683 2233 897 2271 Sacramenta;
921 2241 976 2274 pes

33 2287 110 2319 enim
134 2290 164 2318 et
187 2295 300 2318 manus
323 2285 426 2327 specie
450 2285 600 2317 differunt
629 2285 803 2317 secundum
829 2289 975 2317 naturam

33 2338 263 2380 organizationis
278 2338 298 2369 ⁶.

116 2392 145 2422 4.
169 2391 258 2429 Item,
283 2390 307 2423 si
325 2390 355 2422 in
373 2390 506 2422 diversis
522 2390 667 2432 partibus
688 2390 779 2422 debet
804 2390 871 2422 fieri
890 2391 977 2422 inun-

34 2442 103 2480 ctio;
119 2452 188 2474 cnm
213 2443 370 2484 contingat
386 2442 567 2484 frequenter
592 2442 693 2474 multa
711 2443 854 2474 membra
870 2452 976 2484 eorpo-

32 2495 74 2527 ris
97 2496 235 2528 amittere
252 2505 293 2528 ex
311 2497 375 2528 sola
392 2496 603 2537 aegritudine,
621 2496 757 2534 videtur,
775 2496 860 2536 quod
880 2496 977 2537 aegri-

1048 598 1125 630 tudo
1149 599 1337 640 perfectione
1354 601 1544 634 Sacramenti
1568 602 1659 635 faciat
1683 612 1805 642 carere3
1827 603 1910 645 quod
1935 613 1997 636 non

1048 654 1095 683 est
1119 652 1314 685 conveniens.

1136 704 1305 744 Quaeritur
1329 714 1417 747 ergo,
1442 716 1522 748 quae
1547 708 1690 740 membra
1714 708 1848 746 debeant
1872 709 1995 751 inungi3
2011 724 2120 751 Quaestio.

1048 757 1078 786 et
1102 758 1209 787 utrum
1235 757 1378 789 mutilata
1403 758 1537 791 debeant
1560 759 1677 801 inungi.

1401 872 1637 897 CONCLUSIO.

1047 965 1086 997 In
1110 969 1256 998 eaetremot
1280 967 1431 999 unctione
1458 978 1524 1000 non
1556 973 1657 1001 totum
1688 980 1809 1012 corpus
1841 981 1897 1004 nec
1926 977 1996 1005 unct

1135 1018 1353 1051 determinata
1381 1029 1485 1061 pare,
1514 1021 1571 1053 sed
1604 1026 1722 1063 septem
1753 1027 1867 1065 partes
1903 1024 1997 1056 imm-

1132 1074 1269 1112 ytmtur.

1135 1177 1329 1209 Rnsrormno:
1348 1178 1536 1218 Dicendum,
1554 1179 1636 1220 quod
1656 1179 1686 1211 in
1704 1180 1833 1219 talibus,
1851 1184 1886 1213 ut
1902 1191 1994 1223 saepe

1046 1228 1164 1260 dictum
1190 1232 1236 1261 est
1251 1230 1272 1268 ⁷,
1295 1242 1310 1259 «
1331 1230 1402 1262 finis
1434 1231 1566 1273 imponit
1598 1233 1812 1265 necessitatem
1843 1234 1891 1266 his
1914 1243 1994 1275 quae

1045 1285 1118 1313 sunt
1135 1282 1174 1314 ad
1199 1282 1292 1314 finem
1310 1294 1340 1314 ».
1359 1284 1511 1324 Quoniam
1537 1284 1632 1326 igitur
1649 1285 1734 1318 istud
1758 1286 1995 1319 Sacramentum

1044 1334 1259 1376 principaliter
1283 1336 1448 1368 ordinatur
1472 1337 1511 1369 ad
1537 1338 1706 1370 venialium
1732 1339 1933 1379 deletionem,
1951 1349 1996 1373 se-

1045 1387 1184 1419 cundum
1209 1388 1293 1429 quod
1326 1397 1367 1420 ex
1392 1393 1483 1421 textu
1513 1390 1595 1422 beati
1628 1391 1726 1423 lacobi
1743 1391 1753 1406 Β
1778 1392 1935 1431 innuitur;
1963 1396 1994 1425 et

1045 1439 1178 1472 venialia
1194 1444 1417 1481 perpetrantur
1433 1442 1473 1474 ab
1489 1442 1594 1474 anima
1610 1443 1783 1475 secundum
1809 1445 1995 1477 coniunctio-

1044 1502 1115 1525 nem
1142 1493 1240 1534 ipsius
1272 1494 1312 1526 ad
1345 1503 1470 1526 carnem
1496 1499 1696 1537 corruptam,
1720 1500 1750 1528 et
1781 1497 1840 1529 hoc
1868 1501 1914 1530 est
1938 1507 1994 1540 per

1041 1546 1224 1587 potentias,
1242 1555 1297 1588 per
1315 1556 1393 1588 quas
1417 1547 1526 1579 unitur
1544 1549 1666 1590 corpori
1685 1552 1720 1580 ut
1743 1550 1906 1591 organico:
1924 1551 1994 1583 ideo
2009 1565 2154 1587 00n0105101,

1046 1602 1129 1631 recte
1153 1598 1183 1630 in
1207 1599 1360 1631 deletione
1385 1599 1495 1631 talium
1520 1605 1720 1642 peccatorum
1746 1602 1839 1634 debet
1863 1603 1995 1635 medica-

1044 1654 1187 1683 mentum
1211 1651 1353 1684 exterius
1370 1652 1512 1685 adhiberi
1524 1678 1532 1692 ‚
1558 1654 1731 1686 secundum
1750 1654 1781 1687 id
1799 1655 1884 1696 quod
1901 1655 1995 1688 babet

1045 1704 1201 1742 sensibile,
1227 1704 1310 1736 circa
1342 1714 1473 1746 orgrotmt
1509 1705 1663 1747 ipsarum
1686 1707 1918 1748 potentiarum.
1946 1708 1996 1740 Est

1043 1760 1148 1788 autem
1174 1757 1291 1798 triplex
1315 1759 1453 1798 potentia
1477 1758 1599 1791 animae
1626 1778 1670 1782 —-
1698 1760 1873 1792 secundum
1898 1770 1994 1802 quam

1044 1810 1124 1851 regit
1148 1819 1263 1851 corpus
1288 1814 1318 1842 et
1342 1811 1488 1843 eruditur
1509 1815 1539 1843 et
1564 1812 1737 1844 secundum
1767 1822 1861 1854 qnam
1887 1814 1926 1845 ad
1944 1823 1996 1846 ex-

1044 1863 1143 1894 terius
1168 1866 1370 1904 comparatur
1387 1882 1430 1886 —
1447 1864 1565 1897 seilicet
1582 1865 1744 1904 sensitiva,
1769 1866 1949 1907 generativa
1965 1870 1995 1899 et

1043 1916 1243 1957 progressiva
1261 1915 1288 1947 ⁹:
1318 1919 1349 1948 et
1377 1916 1446 1948 ideo
1474 1926 1591 1958 organa
1618 1917 1750 1950 istarum
1783 1919 1995 1959 potentiarum

1043 1968 1158 2001 debent
1181 1969 1299 2010 inungi.
1326 1970 1360 2001 Et
1384 1970 1532 2011 quoniam
1550 1970 1689 2012 quinque
1707 1974 1780 2003 sunt
1804 1981 1921 2013 organa
1946 1972 1995 2004 de-

1042 2021 1210 2053 servientia
1234 2022 1373 2064 quinque
1390 2023 1549 2061 sensibus,
1567 2023 1684 2055 scilicet
1699 2033 1748 2062 os,
1765 2024 1862 2063 oculi,
1887 2034 1993 2064 nares,

1041 2083 1135 2107 aures
1159 2078 1189 2106 et
1213 2084 1342 2114 manus,
1360 2079 1390 2107 et
1407 2075 1506 2107 lumbi
1524 2076 1707 2108 deserviunt
1731 2078 1943 2118 generativae‚
1965 2081 1995 2110 et

1041 2127 1137 2169 pedes
1161 2127 1269 2159 virtuti
1294 2129 1512 2169 progressivae
1525 2141 1533 2167 3
1557 2128 1627 2161 ideo
1652 2129 1728 2161 istae
1752 2133 1871 2171 septem
1889 2134 1994 2172 partes
2009 2145 2119 2167 Conclusio
2132 2145 2152 2166 ρ,

1041 2179 1248 2220 inunguntur.
1274 2180 1308 2211 Et
1325 2180 1368 2212 sic
1392 2184 1490 2221 patet,
1508 2181 1592 2222 quod
1610 2190 1666 2213 nec
1690 2184 1788 2213 totum
1808 2191 1922 2223 corpus
1944 2182 1994 2214 de-

1040 2232 1092 2264 bet
1116 2233 1222 2274 inungi
1252 2241 1308 2265 nec
1331 2242 1395 2264 una
1419 2242 1492 2274 pars
1516 2234 1732 2266 determinata.

1132 2287 1159 2317 1.
1185 2287 1213 2317 2.
1239 2286 1267 2318 3.
1292 2286 1336 2318 Ad
1361 2286 1440 2318 illud
1465 2295 1539 2328 ergo
1564 2287 1648 2328 quod
1677 2287 1822 2319 obiicitur
1848 2287 1886 2319 de
1910 2287 1993 2319 infir·
2007 2302 2152 2329 Adasgg.pr0

1042 2338 1148 2370 mitate
1173 2338 1345 2380 spirituali,
1370 2339 1454 2380 quod
1485 2348 1545 2371 non
1570 2339 1758 2371 determinat
1787 2343 1923 2381 parterm
1950 2333 1993 2372 di·
2020 2329 2039 2349 1'
2055 2332 2122 2355 pane·

1041 2391 1191 2428 cendum,
1223 2391 1307 2432 qnod
1332 2400 1442 2423 verum
1476 2395 1536 2429 est,
1568 2392 1652 2433 quod
1684 2401 1745 2423 non
1771 2392 1958 2424 determinat
1972 2393 1991 2409 ¹⁰

1040 2447 1179 2485 partem,
1205 2444 1235 2475 in
1267 2453 1329 2485 qua
1361 2445 1421 2482 sit,
1450 2448 1668 2477 verumtamen
1701 2445 1888 2477 determinat
1923 2455 1991 2486 par-

1041 2500 1119 2535 tem,
1136 2505 1193 2538 per
1211 2506 1303 2538 quam
1323 2498 1527 2529 contrahitur.
1543 2516 1585 2520 —
1600 2498 1633 2529 Et
1650 2506 1705 2539 per
1723 2498 1781 2530 hoc
1805 2501 1912 2539 patent
1928 2498 1991 2530 duo

99 2689 108 2705 ¹
129 2690 158 2715 Ut
176 2693 306 2716 ostensum
326 2693 364 2715 est
384 2691 400 2715 1.
420 2690 489 2715 Sent.
510 2690 534 2714 d.
555 2691 578 2715 8.
599 2697 623 2721 p.
645 2690 670 2714 11.
692 2697 716 2722 q.
738 2691 760 2715 3.

98 2733 108 2750 ²
127 2735 273 2760 Secundum
294 2736 403 2763 Aristot.v
423 2736 449 2760 11.
469 2735 502 2760 de
521 2736 627 2766 Anima,
648 2737 704 2760 text.
728 2735 766 2758 11.
788 2734 820 2766 (c.
837 2734 879 2766 11.),
895 2737 919 2758 et
940 2734 974 2758 111.

33 2777 64 2803 de
81 2779 182 2811 Anima,
202 2782 259 2804 text.
280 2780 302 2804 6.
323 2779 356 2811 (c.
377 2779 420 2811 4.).
441 2793 475 2797 ——
495 2780 542 2803 Pro
562 2777 710 2811 corporalis
730 2778 786 2803 cod.
807 2785 837 2802 aa
856 2777 977 2811 corporis

32 2821 153 2853 (Aristot.:
175 2823 268 2848 nullius
296 2824 412 2854 corporis
432 2827 469 2848 est
497 2822 595 2855 actus),
617 2815 723 2847 econtrti
750 2821 825 2847 codd.
846 2822 887 2846 lK
917 2828 977 2846 mox

32 2866 174 2899 corporalis
193 2875 240 2899 pro
259 2867 387 2900 corporis.

100 2909 111 2926 ³
128 2911 193 2936 Vide
212 2919 290 2943 supra
311 2912 335 2937 d.
356 2912 378 2936 3.
399 2919 424 2943 p.
446 2912 472 2936 11.
494 2918 516 2936 a.
538 2912 560 2935 2.
582 2918 606 2943 q.
628 2912 651 2935 2.

99 2953 109 2970 ⁴
129 2955 200 2980 Vers.
226 2957 269 2981 19:
290 2956 326 2980 De
345 2956 423 2981 corde
437 2957 504 2980 enim
520 2958 612 2980 exeunt
631 2956 799 2985 cogitationes
818 2955 914 2985 malae,
935 2955 977 2979 bo·

32 2998 156 3024 inicidia...
182 3000 246 3025 turta
272 3003 319 3025 etc.
339 3014 374 3019 —
401 3000 507 3024 inferius
533 3006 580 3030 pro
609 2999 756 3025 secundam
781 2998 850 3024 illud
868 2998 939 3032 [cod.
960 2999 977 3022 F

33 3039 92 3074 hoc]
112 3042 167 3067 cod.
186 3044 206 3068 U
225 3043 371 3070 secundum
389 3043 438 3069 hoc
456 3042 575 3074 videtur,
597 3043 676 3076 quod.

103 3085 113 3102 ⁵
129 3086 209 3112 Codd.
228 3088 247 3112 R
259 3088 275 3112 S
294 3094 357 3121 erqo
384 3087 447 3121 pari
473 3086 577 3112 ratione
604 3086 723 3118 videtur,
746 3086 817 3120 quod
835 3085 871 3112 ibt
888 3085 977 3111 unctio

32 3126 113 3154 huius
130 3129 298 3156 Sacramentt
314 3130 375 3165 fieri
392 3130 471 3156 (lebet.

101 3172 111 3188 ⁶
130 3172 178 3198 Csr.
199 3175 216 3199 1.
238 3174 294 3199 Cor.
318 3176 361 3206 12,
382 3174 422 3199 14.
442 3182 495 3206 seq.

100 3215 111 3232 ⁷
130 3217 211 3248 Supra
233 3218 256 3243 d.
277 3219 300 3243 6.
321 3226 345 3250 p.
366 3219 381 3243 1.
403 3225 426 3250 q.
448 3218 471 3242 4.
492 3219 558 3243 circa
580 3218 670 3248 tinerm
692 3217 717 3241 11.
738 3218 806 3241 Sent.
828 3217 852 3242 d.
874 3218 896 3241 2.
912 3224 937 3248 p.
953 3217 978 3241 11.

34 3265 55 3283 a.
77 3260 98 3284 1.
117 3267 140 3292 q.
162 3261 185 3285 ¹l.
205 3262 228 3286 in
249 3269 333 3293 corp.;
354 3262 379 3287 d.
404 3263 443 3287 19.
463 3269 484 3286 a.
505 3263 523 3286 1.
539 3269 563 3293 q.
583 3262 602 3285 l.
617 3262 640 3285 in
661 3268 745 3292 corp.;
763 3261 798 3285 111.
816 3262 882 3286 Sent.
897 3261 921 3285 d.
937 3262 977 3285 36.

35 3309 59 3334 q.
74 3303 95 3327 1.
115 3305 181 3329 circa
200 3305 277 3330 finem
297 3313 376 3337 corp„
397 3306 488 3331 ubido
502 3306 650 3330 necessitate
671 3305 735 3329 linis.
756 3306 860 3329 Axioma
875 3306 923 3330 boe
942 3308 980 3330 est

32 3346 174 3371 secundum
195 3349 304 3380 Ariston,
326 3349 352 3373 11.
374 3349 447 3380 Phys.
469 3352 525 3374 text.
546 3349 586 3373 88.
602 3356 674 3380 seqq.
695 3348 728 3380 (c.
750 3349 793 3379 9.).

1110 2690 1121 2707 8
1140 2690 1201 2722 Cap.
1222 2691 1250 2722 5,
1275 2691 1311 2716 15.
1332 2690 1382 2716 Csr.
1397 2698 1476 2722 supra
1490 2698 1512 2715 a.
1528 2692 1550 2715 -1,
1571 2698 1595 2722 q.
1622 2692 1641 2716 1.
1656 2704 1692 2709 —
1705 2692 1752 2716 Pro
1766 2690 1890 2717 innuitur
1903 2692 1960 2717 cod.
1975 2693 1992 2717 F

1041 2734 1194 2765 coniicitur,
1214 2735 1290 2760 codd.
1310 2735 1327 2759 L
1340 2735 1360 2760 V
1381 2734 1498 2767 copitar,
1519 2735 1606 2766 plures
1626 2735 1667 2760 alii
1687 2735 1763 2760 codd.
1784 2738 1808 2759 et
1826 2735 1868 2760 ed.
1891 2736 1899 2760 1
1925 2735 1992 2761 inre-

1040 2778 1122 2803 nitur.
1142 2778 1257 2803 Subinde
1276 2786 1323 2810 pro
1343 2778 1553 2804 coniunctionem
1567 2779 1623 2803 cod.
1638 2779 1655 2803 F
1671 2778 1831 2811 unitionem,
1850 2780 1904 2804 Vnt.
1919 2780 1992 2806 runto-

1041 2829 1110 2847 nem.
1139 2823 1185 2847 Pro
1205 2822 1332 2856 orqanico
1353 2822 1408 2854 (cfr.
1433 2824 1544 2854 Ariston,
1565 2823 1590 2847 ll.
1618 2823 1649 2847 de
1678 2824 1783 2855 Anima,
1805 2826 1861 2848 text.
1883 2824 1906 2848 6.
1927 2824 1992 2856 seq.)

1042 2867 1116 2893 codd.
1137 2867 1154 2891 F
1166 2867 1171 2891 1
1184 2868 1205 2892 K
1226 2866 1399 2900 orymzzsszctw,
1421 2870 1445 2892 et
1463 2873 1512 2898 pro
1531 2866 1559 2892 in
1574 2866 1699 2892 deletione
1719 2867 1794 2892 codd.
1816 2868 1884 2892 lKZ
1904 2867 1940 2893 ad
1952 2867 1992 2893 (le-

1042 2910 1170 2936 tetdonem.

1111 2955 1122 2971 ⁹
1142 2955 1207 2979 Vide
1227 2956 1336 2986 Ari5tot.,
1356 2955 1382 2979 11.
1409 2954 1441 2979 de
1469 2955 1572 2985 Anima,
1593 2957 1650 2979 text.
1680 2955 1721 2980 27.
1741 2962 1813 2987 seqq.
1834 2955 1867 2987 (c.
1895 2956 1939 2988 3.).
1960 2970 1995 2973 -

1043 2999 1167 3030 Superius
1193 3006 1240 3030 pro
1264 2998 1332 3031 repit
1358 2999 1413 3030 (cfr.
1438 3005 1515 3029 snpra
1536 2998 1561 3023 d.
1582 2999 1622 3023 21.
1644 3006 1669 3029 p.
1690 2999 1704 3023 1.
1725 3006 1749 3024 a.
1772 3000 1794 3023 1.
1815 3007 1839 3031 q.
1863 2999 1884 3023 vl.
1905 2999 1937 3024 ad
1959 3000 1992 3031 3.)

1042 3043 1100 3068 edd.
1122 3050 1181 3067 cnm
1202 3050 1253 3068 uno
1273 3043 1404 3074 alteroque
1423 3042 1480 3067 cod.
1499 3041 1619 3075 regetur,-
1638 3049 1685 3073 pro
1705 3042 1828 3068 eruditur
1848 3043 1924 3068 codd.
1944 3043 1994 3075 BQ

1042 3087 1062 3111 R
1074 3087 1090 3111 S
1102 3087 1121 3111 T
1143 3086 1166 3111 et
1184 3086 1294 3117 unitur,
1310 3087 1351 3111 cui
1365 3086 1441 3111 codd.
1456 3086 1476 3110 R
1488 3086 1504 3110 S
1515 3086 1535 3110 T
1550 3085 1648 3110 addunt
1662 3087 1685 3111 et
1697 3085 1818 3111 nutritur
1831 3086 1902 3118 (edd.
1918 3088 1993 3112 etiem

1043 3130 1142 3155 addunt
1161 3131 1186 3155 et
1203 3130 1344 3162 nutritur).
1365 3132 1428 3154 Anto
1447 3129 1593 3155 seeundum
1612 3136 1693 3162 quam
1713 3137 1742 3155 ex
1762 3131 1821 3155 cod.
1843 3131 1864 3155 K
1886 3130 1903 3162 (t
1924 3139 1937 3155 a
1958 3139 1994 3156 se-

1043 3174 1126 3199 cunda
1147 3176 1236 3206 mann)
1256 3174 1438 3204 supplevimus
1451 3174 1488 3204 et,
1505 3173 1600 3198 cod..B
1620 3174 1682 3204 ipsis
1701 3175 1827 3199 interserit
1845 3174 1931 3201 etiam.
1947 3176 1994 3201 Pro

1042 3219 1219 3250 comparatur
1238 3217 1314 3242 codd.
1335 3218 1356 3242 K
1369 3218 1384 3241 S
1404 3219 1538 3250 operatur.
1566 3218 1681 3243 Fortasse
1700 3218 1772 3243 locus
1791 3223 1929 3251 corruptus
1948 3223 1993 3245 est.

1115 3261 1135 3277 10
1155 3260 1216 3286 Cod.
1237 3262 1255 3285 Ε
1274 3261 1377 3292 supplet
1395 3260 1450 3286 sibi.
1480 3261 1504 3285 ln
1532 3261 1581 3286 tine
1601 3262 1674 3287 solut.
1695 3269 1744 3293 pro
1763 3262 1879 3289 incurrit
1899 3264 1955 3289 cod.
1976 3264 1994 3288 F

1043 3304 1159 3335 intrant,
1182 3303 1257 3328 codd.
1279 3304 1297 3327 R
1310 3304 1325 3327 S
1337 3304 1357 3327 T
1377 3303 1528 3329 incurrunt.
