2483 3882
715 279 808 311 DlST.
834 279 930 312 XLVt.
955 279 1036 311 ART.
1061 279 1081 311 Ι.
1107 279 1259 320 QUAEST.
1284 279 1331 312 IV.

129 368 157 399 1.
181 367 224 399 Ad
248 366 328 398 illud
352 375 427 408 ergo
451 367 536 408 quod
565 366 721 406 obiicitur,
745 367 830 408 quod
859 367 989 400 effectus

0 420 209 463 .1‚.respondet
232 419 375 458 habitui3
399 419 587 458 dicendum,
619 419 703 461 quod
736 428 847 452 verum
880 423 927 452 est
958 419 989 451 in

0 470 10 484 ¹·
39 476 148 515 agente
171 471 329 511 inferiori,
353 471 406 513 qui
432 471 504 504 facit
520 480 611 504 omne
628 472 713 513 quod
730 475 849 514 potest3
867 481 927 504 non
944 472 990 505 sic

8 520 9 523 ’
40 529 85 558 θεῖ
108 525 138 556 in
163 524 226 556 Deo
242 524 262 556 ¹.

78 581 81 582 ’
126 578 155 609 2.
180 576 224 608 Ad
256 575 336 608 illud
359 575 442 617 quod
467 575 631 614 obiicitur,
660 576 744 617 quod
768 580 913 617 peccator
945 585 990 608 re-

1941 282 1999 313 961

1054 370 1157 408 portat
1181 367 1382 399 commodum
1397 379 1404 406 3
1422 367 1606 405 dicendum,
1623 367 1707 408 quod
1725 367 1838 400 salsum
1857 371 1912 407 est,
1930 369 2004 410 quia

1054 428 1178 461 semper
1203 419 1261 451 sibi
1285 422 1428 452 remanet
1452 428 1550 461 poena
1575 420 1684 452 maior.

1143 472 1171 504 3.
1196 472 1239 504 Ad
1266 472 1344 504 illud
1368 472 1453 514 quod
1476 471 1622 504 obiicitur
1647 472 1686 505 de
1710 473 1879 514 sapientia,
1903 473 2005 506 dicen-

1053 524 1145 563 dum,
1170 524 1254 566 quod
1286 533 1347 556 non
1373 529 1419 557 est
1443 524 1562 559 simile:
1585 525 1659 566 quia
1683 525 1834 566 sapientia
1858 528 2003 557 connotat

1055 576 1222 613 ordinem,
1242 585 1300 608 non
1319 575 1464 619 effectum
1486 576 1684 615 absolutum,
1703 581 1737 610 ut
1755 578 1969 610 misericordia
1983 578 2004 609 ².

897 726 1080 767 QUAESTIO
1105 726 1151 759 IV.

504 835 621 867 Utrum
646 836 733 867 Deus
756 839 838 878 apat
861 836 983 868 iustius
1007 845 1082 868 cum
1106 846 1172 868 11110
1196 847 1297 879 quam
1323 847 1398 869 cum
1422 838 1534 870 altero.

124 961 242 1002 Quarto
266 960 447 1002 quaeritur,
469 963 578 992 utrum
595 960 680 992 Deus
696 963 767 1001 agat
784 959 897 992 iustius
914 969 986 992 cum

37 1023 99 1047 uno
123 1022 216 1055 quam
243 1022 313 1046 cum
339 1012 448 1044 altero.
475 1013 508 1044 Et
531 1012 616 1054 quod
641 1012 709 1050 sic,
735 1012 876 1045 videtur:

127 1068 152 1098 i.
178 1066 256 1107 Quia
268 1092 275 1105 ‚
293 1065 373 1098 sicut
389 1065 525 1098 iustitiae
542 1069 588 1098 est
606 1065 732 1107 punire‚
750 1066 792 1097 ita
812 1065 988 1098 misericor-

0 1118 105 1163 ¹radiae
136 1121 183 1151 est
213 1126 364 1160 parcere:
397 1126 472 1159 ergo
503 1126 576 1149 cum
610 1117 710 1159 magis
741 1117 852 1159 puniat
885 1126 985 1150 unum

0 1163 129 1214 *quam
160 1171 318 1209 alterum,
350 1179 425 1211 ergo
458 1170 571 1202 iustius
603 1171 667 1212 agit
699 1179 771 1203 cum
796 1179 860 1202 11110
890 1180 987 1212 quam

36 1233 105 1257 cum
131 1224 239 1256 altero.
891 1246 893 1249 .

121 1278 150 1308 2.
176 1276 268 1314 item,
293 1279 447 1318 quantum
472 1275 647 1307 intenditur
672 1275 905 1314 misericordia,
925 1280 984 1307 ian-

35 1334 99 1362 tum
127 1329 280 1362 minuitur
314 1329 399 1370 rigor
432 1329 584 1367 iustitiae,
614 1332 644 1360 et
667 1337 684 1360 e
708 1337 880 1361 converso:
912 1337 987 1369 ergo

33 1391 103 1415 cum
129 1386 200 1423 agat
222 1382 458 1414 misericordius
476 1391 548 1414 cum
566 1390 630 1413 uno
647 1390 742 1423 quam
760 1390 832 1414 cum
850 1381 950 1413 altero
965 1381 986 1419 ³,

34 1444 107 1477 ergo
131 1438 161 1467 et
184 1435 309 1467 iustius.

123 1487 151 1519 3.
177 1487 251 1519 ltem
263 1513 270 1525 ‚
287 1491 442 1528 quantum
459 1488 516 1519 iste
534 1487 651 1519 meruit
667 1487 847 1528 praemiari,
864 1490 985 1519 tantum

34 1541 152 1573 iustum
176 1544 240 1578 est,
265 1540 359 1572 istum
391 1540 581 1581 praemia1⁷i3
607 1540 661 1572 sed
688 1548 770 1571 unus
795 1540 894 1581 magis
927 1549 988 1572 me-

36 1593 122 1626 ruit*
155 1602 249 1635 quam
282 1592 378 1625 alter:
412 1602 487 1634 ergo
519 1592 634 1625 iustius
666 1597 729 1631 est,
755 1592 853 1634 magis
885 1601 985 1625 uuum

35 1646 200 1688 praemiari
226 1654 321 1687 quam
346 1645 493 1678 alterum.
518 1645 577 1677 Sed
594 1645 678 1677 Deus
695 1645 863 1687 praemiat,
881 1654 989 1678 secun-

35 1698 109 1730 dum
126 1698 208 1739 quod
229 1698 363 1730 meruit:
382 1706 457 1739 ergo
476 1697 588 1730 iustius
605 1697 758 1739 praemiat
775 1706 874 1729 unum
892 1707 986 1739 quam

34 1750 177 1783 alterum.
353 1763 356 1766 ⁴

119 1803 150 1835 [ι.
175 1803 269 1842 item,
302 1803 525 1835 demonstratis
557 1803 701 1841 duobus,
733 1812 870 1845 quorum
903 1813 986 1836 unus

34 1859 140 1898 peccat
164 1855 262 1897 duplo
288 1856 387 1897 magis
411 1865 507 1897 quam
531 1855 628 1894 alter,
652 1856 830 1897 quintinus
846 1857 987 1898 peccavit

34 1908 149 1941 meruit
173 1917 247 1947 sex,
272 1908 326 1950 qui
351 1908 451 1950 magis
482 1908 623 1950 peccavit
656 1908 771 1940 meruit
802 1909 969 1941 duodecim
979 1921 987 1948 ;

35 1964 108 1993 tunc
131 1965 215 1999 est0‚
241 1961 325 2003 quod
357 1961 510 1993 Dominus
536 1961 674 1993 remittat
698 1961 762 1993 duo
786 1961 831 1993 illi
855 1962 908 2003 qui
933 1962 988 1994 mi-

34 2022 93 2046 nus
117 2014 272 2055 peccavit,
290 2022 425 2055 quaero:
443 2018 596 2055 quantum
622 2014 666 2045 illi
687 2014 836 2053 remittit,
853 2014 906 2056 qui
925 2024 987 2047 ma-

35 2066 80 2108 gis
102 2066 270 2108 peccavit?
295 2067 324 2098 Si
349 2066 495 2108 amplius
526 2076 627 2110 quam
656 2067 744 2098 duo:
769 2075 844 2108 ergo
868 2067 987 2099 miseri-

35 2119 160 2152 cordius
183 2120 246 2161 agit
270 2128 342 2152 cum
367 2128 403 2152 eo
427 2119 481 2161 qui
506 2119 607 2161 magis
631 2119 789 2161 peccavit,
813 2123 844 2152 et
867 2120 909 2151 ita
942 2129 988 2152 re-

35 2175 136 2213 portat
159 2172 360 2205 commodum
386 2172 424 2204 de
450 2172 592 2204 malitia⁵
607 2185 614 2211 3
648 2173 732 2214 quod
765 2176 812 2205 est
844 2173 985 2205 inconve-

35 2224 130 2256 niens.
156 2224 184 2256 Si
210 2228 315 2257 autem
341 2224 472 2256 remittit
495 2225 579 2263 (luo,
605 2225 751 2265 arguitur
776 2225 836 2257 sic:
862 2224 914 2256 ille
932 2234 987 2266 pu-

35 2276 118 2308 nitur
142 2277 214 2318 pius
239 2277 336 2318 duplo
361 2280 391 2308 et
416 2286 475 2308 non
503 2276 617 2309 meruit
641 2277 698 2309 nisi
717 2277 830 2318 duplo:
849 2286 924 2318 ergo
940 2282 987 2310 est

37 2330 132 2371 magis
157 2330 271 2372 dignus
295 2334 449 2372 quatuor,
467 2339 562 2372 quam
587 2330 639 2362 ille
665 2331 704 2362 sit
728 2331 842 2372 diguus
867 2331 986 2369 decem7

36 2382 107 2424 quia
131 2383 172 2414 ita
196 2383 310 2423 dignus
334 2386 381 2415 est
405 2391 479 2421 sex,
506 2383 588 2414 sicut
616 2383 666 2414 ille
698 2383 884 2415 duodecim:
912 2392 987 2425 ergo

36 2435 77 2467 ita
100 2439 245 2477 quatuor,
263 2436 344 2468 sicut
368 2435 420 2468 ille
445 2440 529 2468 octo:
553 2445 627 2477 ergo
652 2436 676 2468 si
705 2436 786 2469 Deus
808 2437 858 2468 isti
876 2436 987 2477 infligit

38 2491 180 2529 quatuor,
205 2488 249 2519 illi
282 2488 409 2527 decem3
436 2488 549 2520 iustius
573 2489 637 2530 agit
661 2497 733 2521 cum
759 2488 811 2520 ilio
836 2489 889 2530 qui
912 2488 987 2521 reci-

38 2539 82 2581 pit
104 2540 222 2573 decem.

123 2593 265 2625 CONTRA:
294 2594 321 2625 l.
347 2593 435 2634 Quod
461 2603 526 2625 11011
550 2594 690 2631 iustius,
718 2594 861 2626 videtur:
895 2594 987 2635 quia,

0 2645 115 2681 riesicut
138 2646 221 2678 Deus
245 2650 292 2679 est
315 2646 470 2688 optimus,
496 2647 538 2679 ita
558 2651 589 2679 et
606 2647 816 2685 iustissimus3
842 2647 897 2679 sed
914 2647 988 2688 quia

0 2692 25 2708 ’δ’
38 2699 171 2741 optimus
195 2704 258 2738 θεῖ,
290 2700 407 2741 optime
438 2699 548 2741 agitss:
573 2708 648 2741 ergo
678 2700 752 2742 quia
776 2700 987 2738 iustissimus,

40 2750 215 2785 iustissime.

125 2806 153 2836 2.
178 2805 270 2844 item,
294 2808 412 2847 quanto
435 2805 549 2847 aliquis
570 2810 617 2837 est
634 2805 760 2844 iustior>
786 2809 871 2837 tanto
889 2805 987 2846 magis

39 2857 154 2889 accedit
183 2858 223 2889 ad
256 2857 394 2890 medium
421 2858 452 2889 in
476 2858 644 2890 iudicando
660 2859 690 2889 ⁷:
717 2867 791 2899 ergo
816 2858 840 2890 si
866 2862 913 2890 est
945 2858 990 2889 iu-

40 2908 208 2949 stissimus,
237 2919 360 2942 summe
392 2911 511 2943 accedit
543 2911 582 2943 ad
617 2911 777 2943 medium:
810 2919 882 2942 cum
914 2919 988 2951 ergo

41 2969 177 3000 summe,
200 2972 261 2994 non
287 2966 333 2995 est
357 2963 398 2995 ibi
425 2964 524 3005 magis
547 2967 578 2995 θῖ
602 2964 716 2996 11111111ε.

1140 960 1168 992 3.
1194 961 1287 999 ltem‚
1312 962 1393 994 sicut
1417 962 1526 995 Petrus
1543 967 1589 996 θεῖ
1606 964 1720 1005 dignus
1744 965 1843 1006 gloria
1867 976 1941 1006 sua,
1960 968 2001 999 ita

1051 1016 1082 1045 et
1106 1013 1201 1046 Linus
1224 1023 1298 1046 sua:
1323 1023 1398 1056 ergo
1422 1016 1566 1048 similiter
1590 1026 1630 1048 ex
1656 1021 1743 1058 parte
1768 1027 1959 1060 poenarum:
1979 1021 2003 1052 si

1051 1074 1126 1107 ergo
1150 1066 1327 1099 considerat
1344 1068 1525 1109 dignitatem
1543 1070 1747 1108 meritorum,
1769 1080 1844 1112 ergo
1861 1081 1921 1104 non
1939 1082 2000 1104 ma-

1051 1118 1097 1159 gis
1125 1119 1204 1151 iuste
1228 1119 1292 1160 agit
1315 1128 1387 1152 cum
1411 1129 1475 1152 uno
1498 1130 1593 1163 quam
1619 1131 1692 1154 cum
1717 1123 1787 1155 alio.

1407 1234 1646 1259 CONCLUSIO.

1053 1329 1171 1368 Quoad
1206 1329 1355 1361 ordinem
1383 1330 1418 1362 in
1449 1332 1693 1364 remunerando
1725 1333 1809 1365 Deus
1833 1344 1898 1366 'non
1934 1336 2004 1377 ayt't

1139 1382 1261 1414 iustius
1285 1392 1360 1415 cum
1384 1393 1450 1415 uuo
1476 1394 1577 1426 quam
1602 1394 1677 1416 cum
1701 1386 1787 1424 alio,
1812 1387 1869 1418 sed
1892 1388 2000 1420 iustis-

1138 1435 1219 1467 sime
1243 1445 1319 1467 cum
1343 1436 1514 1470 cuntibus:
1540 1441 1647 1468 tamon
1665 1439 1776 1480 quoad
1797 1440 2001 1472 Severitatem

1138 1496 1259 1528 poeitae
1283 1488 1353 1529 a'qt't
1376 1489 1522 1519 severius
1540 1498 1615 1520 cum
1632 1500 1698 1521 11110
1715 1500 1815 1533 quam
1833 1502 1909 1524 cum
1926 1493 2003 1525 alio.

1140 1592 1341 1625 RESPONnno:
1368 1593 1560 1631 Dicendum,
1588 1596 1671 1636 quod
1695 1596 1824 1628 iustitia
1849 1598 1884 1629 iit
1908 1608 2002 1639 opere
2016 1605 2131 1628 Distinetio

1052 1653 1114 1677 uno
1146 1645 1239 1676 modo
1271 1645 1346 1677 dicit
1377 1647 1600 1684 seueritatem,
1625 1648 1686 1679 alio
1712 1649 1803 1681 modo
1828 1650 2000 1688 ordinem,-
2030 1632 2114 1658 duple*

1052 1697 1133 1730 sicut
1156 1702 1186 1729 et
1211 1697 1284 1729 bene
1307 1696 1419 1739 facere
1447 1708 1510 1730 uno
1543 1700 1635 1731 modo
1666 1701 1847 1741 qualitatem
1878 1702 2004 1735 absolu-

1053 1753 1140 1787 tam,
1164 1749 1225 1781 alio
1250 1750 1344 1782 modo
1368 1751 1526 1782 ordinem.
1552 1752 1580 1783 Si
1606 1752 1735 1784 iustitia
1760 1754 1795 1785 ἰἠ
1811 1747 1905 1796 opere
1921 1756 2003 1788 dicat

1051 1802 1254 1834 severitatem
1279 1803 1344 1835 sive
1369 1804 1552 1844 qualitatem
1576 1805 1775 1845 absolutam;
1800 1807 1885 1846 dico,
1918 1810 2002 1850 quod
2017 1816 2127 1838 Conciusio
2143 1819 2162 1839 1.

1052 1854 1096 1887 sic
1120 1854 1235 1886 iustius
1259 1855 1322 1896 agit
1351 1864 1422 1887 cnm
1448 1865 1511 1888 uno
1536 1866 1631 1898 quam
1656 1867 1729 1890 cum
1753 1859 1831 1895 alio,
1856 1860 1929 1901 quia
1959 1871 2003 1892 se·

1050 1906 1183 1944 veritts;
1212 1910 1242 1939 et
1266 1908 1310 1939 sic
1333 1908 1450 1939 metius
1475 1909 1546 1941 facit
1571 1918 1670 1942 unum
1695 1919 1789 1952 quam
1815 1912 1901 1944 aliud
1917 1913 1938 1944 Β.
1962 1932 2005 1937 —

1052 1959 1116 1991 Alio
1140 1960 1234 1992 modo
1266 1960 1383 1992 iustitia
1412 1961 1488 1993 dicit
1512 1962 1660 1994 ordinem
1681 1964 1828 2004 praemii
1850 1965 1889 1996 ad
1914 1966 2162 1998 meri-Conclusioa.

1052 2016 1141 2052 tumg
1173 2013 1270 2045 etsie
1295 2013 1381 2052 dico,
1413 2015 1496 2055 quod
1532 2015 1700 2047 iustissime
1733 2017 1887 2049 retribuit.
1921 2019 2005 2051 Sicut

1051 2066 1134 2098 enim
1159 2075 1239 2107 quae
1262 2066 1418 2108 producit
1440 2067 1556 2108 optime
1590 2068 1736 2106 ordinat,
1773 2070 1816 2101 sic
1845 2071 1874 2102 in
1900 2081 2005 2103 remu-

1031 2119 1199 2151 ἠθναηάο
1230 2119 1347 2161 optime
1379 2123 1409 2152 et
1433 2121 1621 2162 aequissime
1646 2122 1770 2154 ordinat
1794 2125 1933 2164 praemia
1964 2125 2003 2156 ad

1051 2171 1162 2203 merita
1176 2171 1197 2202 ⁹.
1223 2190 1266 2195 —-
1291 2172 1513 2205 Com-edendae
1546 2174 1651 2215 igitur
1673 2179 1746 2206 sunt
1778 2176 1859 2208 duae
1883 2178 2003 2218 primae
2057 2185 2089 2205 Ad
2104 2190 2163 2211 areg-

1051 2224 1189 2256 rationes
1209 2225 1418 2264 ostendentes)
1436 2226 1519 2266 quod
1539 2226 1651 2259 iustius
1668 2228 1740 2268 agit,
1758 2229 1831 2269 quia
1847 2229 2002 2261 severius.
2018 2213 2165 2257 ffifflwess‘

1141 2276 1170 2308 3.
1195 2277 1284 2318 Quod
1303 2286 1376 2309 vero
1401 2277 1565 2316 obiicitur,
1583 2279 1666 2320 quod
1685 2284 1838 2321 [plantum
1856 2282 1926 2322 quis
1944 2291 2004 2314 me-

1052 2329 1132 2367 ruit,
1158 2333 1279 2361 tantum
1302 2329 1418 2361 iustum
1437 2334 1484 2362 θεῖ
1501 2331 1690 2371 praemiari3
1716 2332 1803 2367 dico„
1828 2334 1911 2373 quod
1936 2343 2004 2366 con·
2020 2340 2150 2363 Notandum.

1051 2381 1226 2414 cedendum
1252 2386 1315 2420 θεῖ,
1341 2387 1370 2414 et
1394 2382 1453 2415 hoc
1478 2383 1641 2415 similiter:
1668 2384 1782 2416 iustius
1806 2390 1869 2421 θεῖ,
1902 2396 2001 2419 unum

1051 2434 1218 2476 praemiari
1245 2443 1339 2476 quam
1357 2435 1493 2466 alterum
1505 2461 1512 2471 ,
1529 2436 1741 2476 comparando
1758 2437 1796 2469 ad
1817 2438 1896 2470 idem
1915 2448 2002 2479 prae-

1052 2488 1170 2525 mium;
1188 2487 1271 2519 unde
1296 2487 1321 2519 si
1347 2487 1430 2519 Deus
1455 2492 1576 2519 tantum
1595 2489 1769 2529 praemium
1788 2490 1878 2522 daret
1895 2491 2002 2529 Petro,

1051 2542 1204 2580 qnantum
1238 2539 1329 2573 Lino;
1354 2539 1440 2577 dico,
1465 2540 1549 2581 quod
1580 2540 1692 2572 iustius
1717 2542 1779 2582 agit
1804 2551 1877 2574 cum
1903 2543 2001 2575 Petro.

1052 2591 1108 2623 Sed
1138 2592 1238 2623 maius
1262 2592 1436 2633 praemium
1463 2593 1515 2624 dat
1540 2592 1628 2624 Petro
1653 2596 1682 2625 et
1718 2593 1822 2626 minus
1847 2595 1938 2633 Lino,
1963 2596 2004 2627 ita

1052 2645 1135 2686 quod
1162 2645 1269 2677 Petrus
1288 2654 1347 2677 nou
1365 2649 1411 2677 θεῖ
1429 2646 1526 2686 magis
1543 2646 1657 2687 dignus
1674 2655 1731 2678 sno
1749 2647 1889 2687 praemio
1906 2657 2002 2688 quam

1052 2698 1146 2729 Linus
1170 2706 1236 2729 suo.
1262 2698 1413 2738 Quoniam
1438 2706 1512 2739 ergo
1536 2698 1664 2730 iustitia
1681 2699 1755 2731 dicit
1772 2699 2001 2732 ordinationem

1052 2751 1226 2782 secundum
1238 2751 1450 2782 diversitatem
1465 2751 1688 2792 praemiorum„
1703 2752 1999 2792 correspondentem

1052 2803 1223 2835 diversitati
1260 2804 1465 2842 meritorum;
1492 2803 1560 2835 ideo
1586 2813 1649 2834 11011
1681 2804 1802 2835 iustius
1834 2805 1897 2845 agit
1929 2814 2000 2837 cum

1052 2865 1115 2888 uno
1139 2864 1233 2896 quam
1260 2864 1330 2887 eum
1357 2855 1426 2886 alio.

1141 2909 1170 2939 li.
1196 2908 1237 2939 Ad
1264 2907 1341 2939 iilud
1366 2908 1448 2949 quod
1475 2908 1620 2939 obiicitur
1638 2908 1676 2939 de
1694 2908 1893 2946 remissione,
1919 2909 2005 2947 dico,

1054 2962 1137 3003 quod
1155 2962 1178 2993 εἰ
1204 2961 1335 2992 remittit
1352 2961 1415 2992 duo
1432 2960 1457 2991 ei
1484 2961 1535 3002 qui
1557 2961 1670 2992 meruit
1688 2970 1762 2995 sex.
1784 2962 1914 2993 remittit
1931 2972 2004 3004 qua-

110 3181 116 3198 ¹
137 3182 198 3208 Cod.
218 3190 248 3209 aa
268 3184 350 3209 addit:
373 3184 442 3210 Deus
461 3184 530 3210 enim
549 3185 587 3210 est
605 3190 687 3217 nuens
706 3183 885 3210 voluntarius.

109 3226 119 3242 ²
139 3227 203 3252 Vide
221 3229 334 3253 scholion
356 3228 388 3253 ad
413 3229 433 3253 1.
456 3229 533 3253 huius
552 3228 650 3253 articuli
672 3231 771 3260 quaest.

108 3269 119 3286 ³
137 3269 187 3296 Csr.
207 3274 305 3303 quaest.
326 3272 445 3303 praeced.

111 3311 121 3328 ⁴
138 3312 200 3339 Cod.
220 3315 236 3339 S
256 3316 359 3347 supplet
377 3314 533 3348 praemiari.

109 3357 120 3373 ⁵
138 3358 203 3383 Vide
221 3365 300 3390 supra
320 3366 381 3390 pag.
408 3359 470 3390 103,
492 3361 551 3383 nota
572 3359 581 3383 ri
594 3359 614 3383 1.

109 3400 120 3417 ⁶
138 3400 188 3427 Cfr.
208 3409 287 3434 supra
306 3409 365 3434 pag.
387 3402 450 3433 916,
472 3405 529 3426 nota
551 3402 574 3426 4.

180 3453 208 3480 S.
230 3455 329 3481 Bonav.
350 3469 385 3474 —
405 3455 479 3480 Tom.
500 3455 542 3480 lV.

1123 3183 1134 3199 ⁷
1155 3182 1219 3207 Vide
1239 3182 1353 3213 Aristot.y
1376 3182 1405 3206 V.
1427 3182 1504 3206 131111‘0.
1525 3189 1546 3206 0.
1568 3182 1591 3206 3.

1124 3225 1135 3242 8
1154 3226 1232 3257 Quia,
1255 3229 1283 3250 ut
1301 3227 1334 3250 ait
1354 3227 1461 3257 August.
1489 3226 1520 3250 83
1541 3226 1588 3257 Qq.
1609 3233 1634 3258 q.
1656 3225 1703 3252 41.
1729 3233 1779 3251 11011
1810 3229 1893 3251 essent
1920 3228 2005 3251 omnia

1054 3270 1082 3304 [i.
1103 3278 1124 3295 o.
1145 3276 1231 3295 rerum
1252 3270 1372 3301 general,
1387 3270 1407 3294 si
1421 3273 1506 3294 essent
1520 3270 1645 3302 aequalia.

1123 3314 1134 3330 9
1153 3313 1202 3339 Cn».
1222 3313 1342 3344 Dionys..
1363 3313 1394 3338 ‹lc
1415 3314 1469 3337 Div.
1490 3313 1562 3338 Nom.
1583 3321 1604 3338 c.
1625 3314 1648 3338 8.
1669 3314 1683 3345 [3
1703 3314 1726 3338 7.
1748 3321 1820 3346 seqq.
1842 3329 1875 3332 —
1896 3314 2001 3339 inferius

1055 3365 1102 3389 pro
1121 3357 1185 3390 qula
1203 3357 1319 3382 severius
1341 3358 1427 3389 plures
1446 3357 1520 3381 codd.
1536 3361 1560 3382 ct
1573 3357 1615 3382 ed.
1632 3358 1640 3382 l
1660 3364 1742 3390 quant
1761 3357 1895 3389 severius;
1910 3358 1967 3384 cod.
1982 3359 2004 3383 K

1054 3401 1072 3433 (l
1088 3408 1102 3426 a
1115 3401 1227 3426 secunda
1243 3402 1331 3432 manu)
1347 3401 1419 3432 legit:
1434 3400 1505 3433 quod
1516 3402 1568 3426 lum
1583 3400 1679 3427 iustius
1693 3401 1761 3434 uqit,
1779 3408 1861 3435 quam
1879 3401 2004 3428 severius.

1816 3455 1856 3479 121
