2483 3882
785 254 878 287 DIST.
903 254 1003 287 XXIV.
1027 254 1056 286 P.
1081 254 1102 286 Ι.
1126 254 1208 286 ART.
1233 254 1266 286 lt.

45 343 192 378 nandis¹:
224 342 315 374 «Non
348 341 440 373 liceat
467 342 523 373 ulli
556 342 701 383 episcopo
732 342 813 374 ullos
844 342 991 374 ordinare

44 397 171 431 clericos
195 399 225 428 et
248 395 351 427 nullas
375 394 539 427 alimonias
562 395 607 427 eis
630 395 829 434 ministrare3
846 395 899 427 sed
918 396 993 427 duo-

45 457 115 482 rum
138 456 238 480 unum
272 447 381 488 eligat:
415 446 466 478 vel
497 455 558 478 nou
590 446 682 479 faciat
713 447 859 485 clericos,
884 447 934 479 vel
966 448 991 479 si

43 500 166 538 fecerit,
190 500 242 531 det
273 499 351 537 illis,
376 498 461 530 unde
493 499 599 530 vivere
631 499 792 539 possint».
818 499 903 531 Unde
931 499 992 531 alia

44 551 206 586 decretalis
229 550 396 583 innocentii
421 550 451 582 in
476 550 586 582 eodem
603 550 734 582 titulo²:
757 551 918 583 «Tamdiu
935 560 992 592 per

44 604 254 642 ordinatores,
278 603 328 635 vel
353 612 409 644 per
426 603 598 635 eorundem
617 612 815 635 successores
831 603 991 644 provideri

43 657 188 689 volumus
211 656 380 695 ordinatiS,
405 657 503 688 donec
528 665 584 697 per
608 665 661 688 eos
678 655 887 688 ecclesiastica
902 655 993 687 bene-

43 709 111 742 ficia
134 712 409 750 consequantur».

128 760 270 792 CoN'rua:
307 761 334 792 1.
359 760 468 792 Clerici
494 769 556 792 non
587 763 734 793 tenentur
766 760 990 802 patrimonium

2 830 31 849 m,
44 812 236 846 dimittere³z
262 821 337 854 ergo
360 821 416 845 nec
442 813 578 845 Ecclesia
601 816 726 845 tenetur
743 813 787 845 eis
805 813 836 844 in
852 821 992 845 necessa-

0 860 30 875 v³'
43 865 96 898 riis
118 865 295 906 providere.

129 918 157 949 2.
183 917 274 955 Item,
299 917 457 958 simplices
473 917 577 949 clerici
595 926 656 949 non
674 920 821 949 tenentur
838 916 992 949 Ecclesiae

42 970 215 1003 deservire:
249 978 323 1011 ergo
347 978 403 1002 nec
435 970 565 1011 praelati
599 970 753 1002 Ecclesiae
777 973 924 1002 tenentur
948 970 993 1002 eis

44 1022 217 1055 necessaria
242 1022 429 1054 ministrare.

129 1075 220 1107 quta
243 1075 302 1107 hoc
326 1075 508 1117 quaeritur,
533 1079 643 1108 utrum
668 1075 790 1114 clerici,
815 1075 869 1117 qui
887 1075 926 1107 de
943 1075 993 1107 bo-

0 1128 90 1163 tionis
115 1127 268 1160 Ecclesiae
292 1131 528 1166 sustentantur,
552 1131 660 1170 utpote
685 1128 739 1170 qui
763 1128 880 1160 habent
904 1128 993 1160 bene-

0 1169 11 1190 ¹'
42 1180 145 1213 ficium
171 1180 398 1221 praebendale,
431 1184 597 1212 teneantur
620 1181 660 1213 ad
693 1181 787 1213 horas
818 1181 992 1213 canonicas.

45 1233 76 1264 Et
101 1233 184 1274 quod
210 1232 270 1271 sic,
300 1232 441 1264 videtur:
468 1233 559 1274 quia,
585 1242 657 1265 cum
690 1234 797 1265 vivant
821 1233 859 1265 de
883 1233 992 1271 altari,

44 1284 155 1317 debent
178 1285 268 1316 altari
301 1285 461 1317 deservire
472 1297 479 1323 ;
512 1285 567 1317 sed
600 1285 765 1318 servitium
799 1285 952 1317 Ecclesiae
976 1295 994 1317 a

44 1336 185 1369 Patribus
209 1340 361 1369 statutum
387 1340 433 1369 est
456 1337 487 1368 in
515 1337 599 1370 boris
624 1338 781 1370 canonicis
813 1337 992 1370 dicendis⁴¹z

43 1397 115 1430 ergo
139 1393 195 1421 etc.
220 1408 264 1411 —
282 1389 311 1421 ln
329 1389 507 1430 oppositum
526 1398 601 1422 vero
618 1390 715 1421 huius
732 1393 795 1428 est,
813 1389 903 1431 quia,
921 1397 993 1421 cum

43 1451 102 1473 non
127 1442 187 1474 sint
211 1442 242 1473 in
267 1442 365 1474 sacris
389 1442 554 1474 ordinibus
572 1442 749 1481 constituti,
767 1451 828 1474 non
847 1442 994 1474 videntur

43 1495 81 1527 ad
105 1495 163 1527 hoc
188 1495 303 1533 teneri,
333 1504 405 1527 cuin
430 1499 501 1527 ante
525 1495 644 1536 possint
668 1496 773 1527 omnia
797 1505 878 1537 quae
903 1505 994 1538 posse

42 1547 168 1582 libertas
193 1547 386 1589 dignoscitur
410 1548 538 1580 laicalis.

394 1645 633 1668 CONCLUSIO.

45 1722 177 1755 Cleriez's
194 1723 239 1755 ad
253 1733 369 1755 sacros
387 1724 519 1756 ordines
531 1724 704 1766 promotis,
718 1734 783 1756 non
801 1724 994 1756 habentibus

132 1775 218 1808 unde
238 1776 370 1814 vivant,
389 1776 570 1818 episcopiis,
595 1777 654 1819 qni
676 1786 728 1808 eos
752 1777 939 1815 ordinavit,
958 1782 996 1809 te-

132 1832 228 1860 netur
249 1829 424 1870 providere
442 1829 474 1861 in
492 1829 701 1867 necessarii&
718 1839 812 1861 Sectis
835 1839 899 1860 non
920 1839 995 1870 pro-

134 1882 230 1913 motis
251 1883 297 1914 ad
316 1892 432 1914 Sacros
456 1883 599 1920 ordines,
616 1882 665 1914 vel
680 1892 745 1914 non
761 1883 992 1925 indigentibus.

131 1970 329 2002 RESPONDEO:
355 1971 548 2009 Dicendum,
566 1971 650 2013 quod
675 1971 809 2003 clericus
830 1971 995 2004 ordinatus

0 2026 99 2056 aaut
122 2027 168 2055 est
191 2023 231 2055 ad
254 2033 371 2055 sacros
389 2021 528 2055 'ordines
558 2028 740 2065 promotus,
773 2027 828 2056 aut
860 2034 933 2056 non.
966 2024 995 2056 Si

0 2087 32 2108 .1.
47 2075 84 2107 sit
106 2075 145 2107 ad
169 2085 285 2107 sacros
310 2075 442 2107 ordines
459 2080 623 2117 promotus
648 2080 678 2108 et
702 2085 763 2108 non
781 2077 895 2109 habeat
911 2077 996 2109 unde

46 2128 145 2167 vivat;
174 2137 245 2160 cum
270 2128 297 2160 ei
328 2132 470 2161 teneatur
503 2129 638 2161 Ecclesia
670 2132 820 2170 tanquam
854 2130 996 2162 ministro

46 2181 84 2212 ad
108 2181 271 2213 servitium
306 2181 458 2213 Ecclesiae
491 2182 657 2223 deputato,
682 2186 712 2214 et
742 2183 809 2223 ipse
841 2182 993 2224 indigeat:

48 2232 131 2271 dico,
163 2232 247 2274 quod
272 2231 457 2274 episcopus,
490 2233 543 2275 qui
568 2242 641 2265 eum
673 2234 847 2275 promovit,
881 2234 938 2266 sibi
963 2234 994 2266 in

1944 255 2006 287 613

1056 341 1240 374 necessariis
1264 341 1431 383 providere
1455 344 1589 374 tenetur.
1607 341 1637 373 Si
1661 344 1767 374 autem
1791 351 1857 373 non
1877 345 1923 374 est
1940 351 2007 383 pro·
2023 354 2134 376 Conclusio
2146 354 2169 375 2.

1057 398 1161 426 motus
1184 394 1224 426 ad
1247 403 1353 427 sacros
1376 394 1521 433 ordines,
1538 394 1588 426 vel
1606 394 1630 426 si
1649 394 1873 436 patrimonium
1899 395 2008 434 habet3

1056 456 1117 478 non
1142 450 1266 479 tenetur
1297 447 1354 479 sibi
1388 447 1522 479 Ecclesia
1551 446 1600 479 vel
1625 447 1790 488 episcopus
1820 447 2006 488 providere:

1054 499 1184 541 prime,
1216 501 1290 542 quia
1314 509 1375 532 non
1400 503 1446 532 est
1469 500 1626 541 obligatus
1658 500 1698 532 ad
1730 499 1933 532 serviendum
1959 500 2009 532 Ec-

1057 552 1188 589 clesiae;
1211 552 1353 584 seeundo
1378 561 1469 591 vero,
1494 552 1568 593 quia
1590 561 1649 583 non
1667 552 1794 593 indiget.
1813 552 1848 584 Et
1864 552 2010 593 quamvis

1057 612 1149 636 nemo
1173 608 1316 636 teneatur
1333 605 1405 636 suis
1420 605 1591 646 stipendiis
1612 605 1757 636 militare
1768 605 1790 642 ⁵,
1807 604 1882 646 quia
1906 608 2009 637 tamen

1058 656 1123 697 ipse
1154 656 1333 697 promoveri
1367 656 1483 695 voluit,
1508 657 1669 689 deservire
1702 660 1825 689 tenetur
1858 657 2010 689 Ecclesiae

1058 708 1177 740 ratione
1201 709 1331 740 ordinis
1340 721 1351 746 ;
1383 718 1439 741 uec
1465 712 1589 741 tenetur
1616 709 1673 741 sibi
1699 709 1867 751 providere
1892 709 2010 751 praela-

1057 764 1109 793 tus
1133 761 1328 799 necessario,
1353 770 1426 793 cum
1450 771 1510 793 non
1528 762 1625 803 possit
1642 762 1844 803 indigentiam
1863 762 2008 803 allegare.

1060 832 1100 836 -
1124 814 1159 845 Et
1183 817 1283 845 totum
1309 814 1367 845 hoc
1392 813 1597 846 confirmatur
1621 823 1678 856 per
1696 815 1774 847 illud
1792 815 1873 856 quod
1894 815 2009 846 dicitur
2019 826 2168 848 confirmatur.

1058 865 1087 897 in
1113 865 1166 897 illa
1191 865 1339 897 decretali
1364 865 1545 905 Alexandri,
1572 866 1650 898 libro
1676 867 1767 899 tertio
1798 867 1837 899 de
1862 867 2011 899 Praeben-

1057 918 1146 950 dis⁶z
1176 918 1393 959 «Episcopus,
1419 918 1443 950 si
1476 919 1613 960 aliquem
1639 919 1705 952 sine
1729 923 1815 951 certo
1841 919 1948 957 titulo,
1973 920 2012 952 de

1057 980 1120 1013 quo
1152 971 1329 1003 necessaria
1361 971 1442 1003 vitae
1478 972 1645 1013 percipiat,
1682 972 1711 1003 in
1745 972 1931 1012 diaconum,
1963 972 2013 1005 vel

1057 1023 1278 1065 presbyterum
1311 1024 1485 1062 ordinavit,
1518 1024 1639 1056 tamdiu
1671 1024 1699 1056 ei
1732 1025 1907 1057 necessaria
1931 1025 2013 1057 vitae

1058 1076 1292 1115 subministret,
1317 1076 1417 1108 donec
1441 1076 1469 1108 ei
1494 1076 1525 1107 in
1549 1076 1655 1118 aliqua
1678 1076 1813 1108 Ecclesia
1830 1078 2013 1109 convenien-

1058 1129 1100 1160 tia
1124 1128 1279 1169 stipendia
1303 1127 1432 1160 militiae
1457 1127 1610 1160 clericalis
1627 1128 1782 1169 assignet,
1804 1129 1862 1160 nisi
1881 1129 1950 1161 talis
1967 1138 2014 1161 or-

1058 1181 1185 1213 dinatus
1209 1181 1247 1213 de
1272 1189 1329 1213 sua
1354 1180 1403 1213 vel
1427 1184 1558 1222 paterna
1582 1181 1756 1213 hereditate
1774 1181 1915 1213 subsidia
1933 1182 2014 1213 vitae

1058 1234 1155 1274 possit
1179 1233 1340 1265 habere».
1364 1252 1409 1256 —
1433 1234 1468 1265 Et
1492 1234 1518 1265 si
1542 1237 1715 1275 quaeratur
1737 1234 1816 1265 ratio
1834 1234 1946 1272 huius,
1964 1235 2013 1267 ius

1059 1286 1201 1318 divinum
1220 1286 1341 1325 reddit,
1359 1286 1450 1328 quia,
1468 1295 1541 1318 cum
1558 1286 1628 1318 talis
1645 1287 1802 1328 obligetur
1823 1287 1861 1319 ad
1881 1287 2015 1319 servien-

1059 1339 1136 1371 dum
1170 1339 1339 1378 Ecclesiae,
1372 1339 1466 1371 debet
1497 1340 1590 1371 etiam
1623 1339 1759 1372 Ecclesia
1790 1344 1917 1372 econtra
1941 1340 2016 1372 obli-

1059 1391 1125 1433 gari
1151 1392 1190 1424 ad
1214 1392 1446 1433 providendum
1472 1392 1499 1424 ei
1524 1392 1555 1424 in
1579 1392 1773 1425 necessariis.
1790 1411 1834 1415 —
1851 1393 1885 1425 Et
1902 1393 1945 1425 sic
1970 1394 2061 1427 in-Aa
2075 1412 2133 1433 argg.

1061 1445 1246 1486 telligendae
1271 1448 1343 1477 sunt
1368 1446 1587 1484 auctoritates,
1612 1454 1693 1487 quae
1722 1446 1761 1477 de
1793 1446 1851 1478 bac
1883 1447 2015 1478 materia

1059 1498 1251 1539 loquuntur3
1276 1502 1306 1530 et
1337 1501 1443 1539 patent
1472 1498 1607 1531 rationes
1639 1498 1679 1530 ad
1712 1499 1908 1540 oppositum,
1941 1499 2014 1541 quia

1058 1551 1234 1591 procedunt
1259 1550 1297 1582 de
1322 1551 1454 1592 simplici
1481 1551 1603 1583 clerico.

1148 1603 1235 1643 Quod
1263 1612 1337 1634 vero
1361 1603 1525 1644 quaeritur
1557 1604 1686 1643 ultimo,
1712 1609 1820 1637 utrum
1850 1605 1889 1636 ad
1915 1605 2016 1637 dicen-
2030 1617 2063 1648 aa
2078 1620 2162 1648 quaest.

1059 1656 1135 1687 dum
1162 1656 1256 1687 boras
1280 1656 1445 1688 canonicas
1462 1660 1646 1695 teneantur3
1664 1666 1721 1698 per
1739 1658 1817 1689 illud
1835 1658 1918 1689 idem
1936 1657 2015 1689 solvi
2043 1644 2108 1665 ¹⁰⁰¹d'

1058 1710 1169 1748 potest.
1195 1708 1329 1748 Quidam
1355 1708 1439 1740 euim
1464 1708 1643 1750 obligantur
1670 1709 1840 1748 Ecclesiae,
1867 1710 1941 1751 quia
1966 1710 2017 1742 Ec-

1058 1760 1153 1792 clesia
1177 1760 1221 1792 eis
1245 1760 1420 1801 obligatur,
1454 1764 1562 1801 utpote
1594 1761 1648 1802 qui
1682 1762 1833 1794 beneficia
1858 1763 2015 1803 recipiunt

1060 1812 1222 1845 Ecclesiae.
1248 1813 1280 1844 In
1305 1813 1465 1854 aliquibus
1489 1817 1536 1845 est
1560 1822 1576 1845 e
1601 1823 1770 1853 converso,
1789 1815 1863 1856 quia
1881 1815 2017 1847 Ecclesia

1059 1865 1104 1897 eis
1127 1865 1303 1906 obligatur,
1336 1866 1411 1907 quia
1442 1866 1502 1907 ipsi
1528 1866 1629 1907 primo
1662 1876 1718 1908 per
1748 1876 1910 1899 sacrorum
1936 1868 2017 1899 ordi-

1060 1926 1137 1949 num
1162 1917 1393 1959 susceptionem
1417 1918 1597 1960 obligantur
1622 1919 1785 1951 Ecclesiae.
1818 1919 1903 1952 Unde
1926 1929 2019 1961 appa-

1061 1974 1108 2003 ret
1132 1971 1308 2003 secundum
1333 1971 1382 2003 ius
1407 1980 1591 2011 commune,
1609 1972 1693 2013 quod
1719 1972 1824 2005 clerici
1851 1973 1881 2004 in
1905 1973 2016 2005 sacris

1060 2023 1234 2055 ordinibus
1258 2024 1418 2056 constituti
1444 2028 1591 2056 tenentur
1615 2025 1655 2056 ad
1680 2025 1775 2057 horas
1792 2026 1957 2057 canonicas
1974 2034 2015 2057 ex

1061 2076 1186 2119 officim
1219 2075 1315 2118 infra
1338 2086 1413 2109 vero
1438 2086 1544 2110 sacros
1568 2078 1695 2110 ordines
1726 2082 1872 2111 tenentur
1906 2079 2019 2111 benefi-

1061 2129 1132 2161 ciati
1156 2138 1197 2161 ex
1223 2129 1394 2171 beneficio;
1418 2130 1449 2162 in
1472 2130 1583 2162 saeris
1608 2130 1781 2162 ordinibus
1804 2131 1974 2163 constituti
1989 2135 2017 2163 et

1062 2181 1244 2223 beneficiali
1272 2186 1418 2215 tenentur
1450 2192 1490 2215 ex
1523 2187 1676 2225 utroque3
1701 2187 1731 2215 et
1764 2184 1822 2216 hoc
1847 2184 1943 2216 dictat
1966 2184 2016 2216 ius

1059 2235 1244 2267 canonicum
1256 2236 1276 2274 ⁷,
1301 2239 1331 2267 et
1355 2235 1523 2268 concordat
1547 2235 1690 2267 divinum
1706 2236 1726 2267 Β.

861 2384 1126 2423 ARTICULUS
1156 2386 1198 2422 ΙΙ.

694 2500 739 2531 De
764 2500 892 2531 ordinis
918 2500 1133 2532 Sctcrctincnlo
1158 2501 1192 2532 in
1215 2501 1373 2542 generali.

134 2622 365 2664 Consequenter
389 2627 543 2664 quantum
569 2623 609 2655 ad
635 2623 810 2655 secundum
828 2624 997 2656 articulum

50 2675 211 2715 quaeritur
235 2675 274 2707 de
298 2671 498 2707 Sacramento
523 2675 642 2707 ordinis
661 2676 689 2707 in
708 2675 864 2716 generali,
882 2676 921 2708 de
938 2685 1000 2717 quo

52 2731 246 2768 quaeruntur
270 2732 415 2770 quatuor.

136 2781 237 2813 Primo
261 2781 443 2823 quaeritur,
468 2785 577 2813 utrum
602 2781 680 2813 ordo
705 2781 744 2813 sit
768 2781 798 2813 in
825 2781 968 2813 Ecclesia.

1155 2625 1313 2662 Secundo,
1341 2629 1450 2656 utrum
1475 2625 1514 2657 sit
1538 2625 1784 2657 Sacramentum.

1155 2677 1276 2715 Tertio,
1301 2680 1408 2708 utrum
1428 2677 1466 2709 sit
1483 2678 1719 2709 Sacramentum
1741 2686 1840 2710 novae
1859 2678 1934 2719 legis
1951 2687 2019 2720 pro-

1067 2730 1182 2770 prium.

1157 2782 1292 2822 Quarto,
1317 2785 1425 2813 utrum
1450 2782 1489 2814 sit
1512 2783 1749 2815 Sacramentum
1775 2792 1884 2815 unum.

119 2974 127 2990 ¹
148 2975 220 3001 Extra
239 2976 271 3001 de
292 2976 447 3002 Praebendis
466 2980 491 3002 et
510 2977 678 3008 dignitatibus
693 2976 739 3008 (tit.
754 2976 798 3009 5.),
813 2984 835 3002 c.
858 2978 883 3002 2.
905 2978 1000 3003 Textus

51 3020 180 3050 originalis
199 3022 288 3046 omittit
308 3021 378 3046 ullos
397 3024 422 3046 et
441 3021 571 3047 substituit
589 3021 706 3047 alterum
726 3028 774 3053 pro
793 3029 887 3047 tinum.

120 3063 131 3079 ²
151 3063 213 3089 ibid.
233 3064 259 3090 C.
280 3063 346 3090 Cum
366 3065 512 3091 secundum
532 3065 688 3098 Apostolum
708 3066 784 3097 (te),
804 3066 847 3091 ubi
872 3065 1001 3091 substitui-

53 3110 92 3132 tur
110 3114 202 3134 eorum
222 3117 269 3141 pro
288 3109 449 3141 coimidem;
470 3110 557 3141 plures
577 3110 654 3134 codd.
670 3112 693 3134 ct
712 3110 753 3134 ed.
769 3110 777 3134 1
795 3109 934 3143 providere
954 3117 1001 3141 pro

51 3151 191 3183 provideri.
210 3167 243 3171 —
264 3154 311 3178 Pro
333 3153 405 3179 Unde
425 3153 484 3178 edd.
505 3160 564 3178 cum
584 3154 713 3178 nonnullis
732 3153 808 3178 codd.
829 3154 902 3179 Item.

121 3195 131 3212 ³
150 3196 180 3221 Ut
198 3201 329 3222 ostensum
349 3201 387 3222 cst
406 3200 504 3229 quaest.
524 3197 645 3228 praeced.

123 3237 133 3254 ⁴
152 3239 201 3265 Ct'r.
221 3240 246 3266 C.
267 3240 408 3274 Presbyter
426 3247 505 3266 mane
525 3241 580 3272 (l.)‚
601 3240 633 3265 X.
658 3240 691 3265 dc
719 3239 896 3265 Celebratioue
916 3241 1003 3266 Missa-

53 3287 110 3306 rum
129 3285 175 3308 etc.
196 3284 250 3313 (lib.
271 3285 306 3309 111.
327 3286 361 3309 tit.
383 3284 443 3316 41.).
465 3284 534 3309 idem
556 3284 692 3315 proposuit
721 3287 808 3315 postea
834 3283 951 3310 Clemens
971 3286 1001 3309 V.

53 3324 138 3351 Gravi
163 3326 292 3353 nimirum
318 3328 372 3360 (1.),
393 3328 515 3353 Clement.
545 3328 576 3352 de
606 3327 782 3353 Celebratione
801 3328 934 3353 Missurum
955 3332 1002 3354 etc.

53 3367 107 3399 (lib.
127 3370 163 3395 111.
185 3372 220 3396 tit.
242 3371 301 3403 ta).
315 3371 364 3397 Ctr.
380 3371 406 3397 C.
422 3370 586 3397 Generaliter
599 3370 736 3397 sancimus
750 3371 824 3404 (40.)‚
839 3371 865 3397 C.
885 3373 922 3397 16.
939 3380 963 3404 q.
982 3373 1002 3397 1.

1065 2977 1118 3009 Sl,
1141 2977 1185 3002 ubi
1207 2977 1311 3008 (licitur,
1332 2977 1403 3009 quod
1423 2984 1474 3002 non
1494 2977 1569 3002 detur
1591 2977 1746 3002 beneficium
1773 2979 1820 3002 nisi
1840 2981 1945 3010 propter
1966 2979 2019 3004 offi-

1066 3022 1142 3046 cium.
1162 3035 1197 3039 —
1217 3022 1322 3046 turoi-ius
1341 3029 1388 3053 pro
1408 3022 1477 3053 ante,
1500 3021 1571 3053 quod
1590 3021 1647 3046 cod.
1668 3022 1687 3045 Α
1708 3022 1807 3053 omittit,
1828 3022 1853 3046 in
1874 3022 1930 3047 cod.
1952 3023 1969 3047 E
1982 3030 2020 3048 se-

1066 3066 1150 3091 cunda
1171 3073 1264 3091 manus
1283 3065 1413 3091 substituit
1431 3065 1527 3091 adhuc.

1137 3109 1148 3126 ⁵
1167 3110 1243 3141 Epist.
1265 3110 1280 3134 l.
1300 3109 1357 3135 Cor.
1379 3110 1407 3141 9,
1429 3110 1460 3134 7:
1481 3109 1543 3141 Quis
1561 3109 1650 3134 militat
1663 3110 1716 3134 suis
1730 3109 1864 3141 stipendiis
1883 3113 2018 3143 unquam?

1070 3169 1100 3172 —
1120 3155 1227 3179 Interius
1246 3161 1293 3185 pro
1313 3153 1461 3179 necessario
1481 3153 1538 3178 cod.
1560 3160 1589 3178 aa
1609 3153 1768 3179 necessaria.

1137 3197 1148 3214 6
1168 3199 1240 3222 Extra
1262 3199 1296 3223 tit.
1318 3198 1341 3222 5.
1362 3205 1383 3222 c.
1406 3197 1428 3222 4.
1455 3198 1550 3222 Textus
1576 3198 1707 3228 originalis
1726 3197 1891 3225 ordinaverit
1911 3207 1959 3231 pro
1979 3206 2020 3226 or-

1068 3241 1168 3267 dinarit
1187 3245 1211 3266 ct
1230 3240 1379 3266 subsidium
1398 3248 1446 3272 pro
1465 3240 1591 3266 subsidia.

1139 3285 1150 3301 ⁷
1170 3285 1220 3310 Ctr.
1241 3292 1351 3310 canones
1371 3292 1448 3316 supra
1470 3288 1527 3310 nota
1549 3285 1571 3309 4.
1592 3285 1701 3317 allegati.

1140 3328 1151 3344 3
1171 3328 1235 3353 Vide
1255 3329 1367 3354 scholion
1388 3329 1420 3354 ad
1445 3330 1465 3354 t.
1486 3330 1562 3354 huius
1581 3329 1679 3354 articuli
1700 3333 1798 3362 quaest.
