2483 3882
456 283 518 314 956
1217 277 1501 309 SENTENTIARUM
1525 277 1592 308 [ΑΒ.
1618 276 1665 307 iv,

769 478 1263 533 COMMENTARIUS
1302 478 1371 531 IN
1405 477 1903 532 DISTINGTIONEM
1940 477 2109 532 XLVI.

965 609 1015 646 De
1043 615 1134 646 statu
1163 615 1195 646 et
1223 607 1415 646 conditione
1443 607 1637 645 animarum
1667 607 1918 645 damnatarum.

1085 728 1148 760 Sed
1171 728 1346 771 quaeritur
1371 726 1423 759 liic
1447 727 1484 759 de
1508 727 1603 759 valde
1626 727 1725 759 malis
1749 731 1806 760 etc.

1284 851 1423 884 DIVISIO
1447 852 1602 885 TEXTUS.

320 3042 353 3064 Ad
367 3042 450 3068 opposi-

361 3070 412 3088 tum.

545 968 647 1008 Supra
672 966 734 1007 egit
758 965 903 1007 Magister
928 966 967 998 de
991 968 1075 997 statu
1099 968 1129 997 et
1153 964 1331 997 conditione
1348 963 1410 995 ani-

457 1029 582 1052 marum
607 1020 773 1052 honarum.
797 1019 829 1051 In
855 1019 914 1051 hac
937 1023 1026 1060 parte
1050 1018 1114 1059 agit
1138 1017 1177 1050 de
1194 1020 1278 1050 statu
1295 1020 1325 1049 et
1342 1025 1410 1049 con-

456 1073 572 1105 ditione
596 1072 775 1104 animarum
799 1072 1021 1104 damnatarum
1035 1071 1053 1102 ¹.
1079 1071 1166 1103 Unde
1190 1070 1220 1102 in
1247 1070 1305 1102 hac
1322 1073 1411 1111 parte

457 1125 601 1167 Magister
626 1125 765 1167 quaerit,
787 1128 896 1157 utrum
921 1124 1044 1156 animae
1068 1123 1235 1155 damnatae
1259 1123 1412 1164 recipiant

457 1187 597 1219 unquam
621 1177 847 1219 mitigationem
872 1177 902 1208 in
928 1185 1027 1218 poena
1043 1185 1099 1217 per
1117 1176 1339 1217 benignitatem
1359 1176 1412 1207 mi-

458 1230 657 1268 sericordiae,
673 1239 712 1262 an
731 1229 930 1262 solummodo
947 1229 1120 1271 puniantur
1137 1238 1194 1271 per
1211 1229 1411 1261 severitatem

457 1282 603 1315 iustitiae.
631 1283 664 1314 Et
689 1283 765 1314 haec
789 1291 864 1323 pars
889 1281 1042 1314 dividitur
1075 1282 1106 1313 in
1139 1281 1229 1314 duas.
1253 1281 1285 1313 ln
1309 1281 1412 1322 prima

459 1335 582 1377 quaerit
605 1339 635 1367 et
659 1335 858 1367 determinat.
882 1335 914 1366 ln
939 1334 1079 1367 secunda
1102 1334 1255 1373 ostendit,
1277 1334 1412 1376 qualiter

460 1388 677 1421 misericordia
697 1388 750 1420 Dei
769 1388 800 1419 in
817 1387 901 1419 omni
914 1387 924 1403 ²
941 1396 1036 1429 opere
1058 1387 1159 1419 currit
1178 1396 1251 1419 cum
1276 1386 1411 1425 iustitia,

459 1441 521 1472 ibi:
546 1440 610 1473 Sed
632 1440 792 1483 quomodo
818 1440 982 1472 iustitiam
1010 1439 1068 1472 Dei
1090 1444 1119 1471 el
1138 1439 1291 1481 pietatem
1317 1444 1374 1472 etc.

546 1493 649 1525 Prima
673 1502 747 1535 pars
770 1493 866 1525 habet
889 1493 978 1525 duas.
1003 1493 1034 1524 In
1060 1493 1164 1534 prima
1192 1492 1359 1534 investigat
1382 1496 1412 1524 et

457 1546 594 1588 opponit.
620 1546 652 1578 In
677 1545 816 1578 secunda
840 1545 1028 1578 determinat
1052 1548 1083 1577 et
1107 1544 1216 1584 solvit,
1234 1544 1292 1577 ibi:
1324 1544 1412 1577 Unde

459 1609 524 1630 ozon
548 1599 729 1641 ineonyrue
753 1598 821 1630 dici
842 1602 944 1640 potest
967 1602 1025 1631 etc.

1563 963 1712 995 Similiter
1747 963 1886 996 secunda
1915 972 1989 1005 pars
2024 963 2120 996 habet
2151 964 2240 996 duas.
2265 964 2298 996 In
2326 964 2429 1006 prima

1475 1019 1637 1057 comparat
1660 1016 1909 1048 misericordiam
1934 1019 1965 1048 et
1989 1016 2140 1049 iustitiam
2164 1017 2205 1049 ad
2228 1017 2372 1050 invicem.
2396 1017 2428 1050 In

1476 1069 1616 1101 secunda
1638 1077 1714 1101 vero
1738 1073 1899 1111 comparat
1923 1069 1964 1102 ad
1995 1069 2226 1111 operationem,
2251 1069 2310 1102 ibi:
2338 1070 2430 1111 Quod

1477 1125 1588 1153 mitem
1619 1122 1784 1165 quaedam
1816 1131 1917 1164 opera
1949 1122 2199 1155 misericordiae
2227 1127 2284 1155 etc.
2310 1124 2345 1155 Et
2376 1123 2429 1156 illa

1477 1175 1616 1208 secunda
1639 1184 1713 1216 pars
1745 1175 1840 1208 habet
1872 1176 1960 1208 duas.
1986 1175 2018 1207 In
2042 1176 2145 1217 prima
2168 1177 2321 1215 ostendit,
2346 1177 2430 1218 quod

1477 1228 1633 1269 quaedam
1650 1237 1745 1269 opera
1768 1232 1917 1270 aptantur
1934 1228 2183 1268 misericordiae,
2206 1229 2363 1271 quaedam
2387 1229 2431 1261 iu-

1477 1281 1589 1313 stitiae.
1612 1281 1644 1312 ln
1669 1281 1809 1313 secunda
1833 1290 1908 1313 vero
1933 1281 2138 1321 determinat,
2162 1282 2320 1323 quomodo
2352 1282 2430 1315 illud

1478 1334 1679 1375 intelligitur:
1711 1334 1889 1366 Universae
1909 1334 1984 1366 viae
2003 1334 2138 1366 Domini
2153 1334 2385 1371 misericordia
2402 1339 2431 1367 et

1476 1387 1601 1420 veritas
1612 1387 1634 1425 ³,
1650 1388 1708 1420 ibi:
1723 1388 1803 1419 Post
1820 1386 1899 1419 liaeo
1916 1387 2126 1419 considerari
2138 1392 2269 1429 oportet.
2282 1406 2327 1411 —
2340 1389 2374 1420 Et
2387 1389 2430 1422 sic

1478 1440 1541 1472 duo
1566 1440 1754 1473 determinat
1773 1441 1824 1473 hic
1847 1441 2072 1482 principaliter,
2096 1441 2213 1473 scilicet
2235 1444 2343 1473 utrum
2362 1450 2430 1483 poe-

1477 1501 1535 1525 nae
1560 1493 1716 1525 malorum
1743 1493 1894 1535 recipiant
1917 1493 2153 1535 mitigationem.
2170 1493 2314 1526 Secundo
2337 1502 2430 1533 vero,

1477 1545 1636 1587 quomodo
1662 1545 1877 1578 misericordia
1902 1550 1932 1578 et
1956 1545 2072 1578 veritas
2096 1546 2228 1578 eandem
2265 1546 2431 1588 respiciant

1477 1598 1700 1639 operationem.

1197 1736 1406 1769 TRACTATIO
1430 1737 1703 1779 QUAESTIONUM.

548 1862 592 1894 Ad
617 1862 854 1903 intelligentiam
879 1863 1054 1903 praesentis
1078 1862 1285 1894 distinctionis
1309 1871 1417 1895 secun-

461 1915 539 1947 dum
563 1915 644 1954 duo,
669 1924 750 1957 quae
774 1915 961 1947 determinat
985 1915 1131 1956 Magister
1154 1915 1185 1947 in
1210 1915 1331 1954 littera,
1352 1915 1416 1947 duo

461 1968 675 2009 principaliter
698 1971 907 2010 quaeruntur.

549 2021 654 2053 Primo
678 2021 853 2062 quaeritur,
885 2025 994 2053 utrum
1019 2029 1120 2063 poena
1151 2020 1308 2053 malorum
1341 2020 1416 2053 reci-

463 2074 528 2116 piat
552 2074 786 2116 mitigationem.

549 2127 693 2160 Secundo
713 2128 888 2169 quaeritur,
905 2127 1064 2169 quomodo
1084 2126 1300 2159 misericordia
1320 2130 1351 2159 et
1367 2135 1416 2159 ve-

462 2180 538 2212 ritas
561 2180 693 2212 eandem
718 2179 887 2221 respiciant
909 2179 1132 2221 operationem.

550 2233 638 2265 Circa
661 2232 799 2274 primum
826 2236 1024 2275 quaeruntur
1047 2237 1194 2275 quatuor.

1570 1862 1673 1894 Primo
1697 1862 1872 1905 quaeritur,
1890 1866 1998 1895 utrum
2023 1863 2128 1905 aliqua
2145 1863 2296 1905 mitigatio
2316 1872 2432 1905 poenae

1482 1915 1536 1947 fiat
1560 1916 1716 1948 damnatis
1740 1919 1868 1957 propter
1893 1915 2043 1957 suffragia
2067 1915 2230 1948 Ecclesiae.

1570 1969 1730 2007 Secundo,
1755 1972 1864 2001 utrum
1884 1968 1939 2000 fiat
1963 1968 2114 2010 mitigatio
2134 1973 2263 2010 propter
2287 1968 2432 2010 pietatem

1480 2021 1725 2054 misericordiae.

1570 2074 1688 2113 Tertio,
1705 2078 1813 2107 utrum
1832 2074 1916 2107 Deus
1932 2077 2004 2117 agat
2021 2074 2258 2107 misericordius
2282 2083 2354 2107 cum
2371 2083 2433 2107 uno

1480 2136 1575 2169 quam
1600 2136 1673 2159 cum
1697 2127 1805 2160 altero.

1569 2181 1704 2221 Quarto,
1722 2186 1831 2212 utrum
1856 2184 1927 2222 agat
1943 2181 2057 2213 iustius
2078 2190 2151 2213 cum
2168 2190 2231 2214 uno
2248 2190 2344 2223 quam
2361 2189 2431 2214 cum

1479 2233 1588 2265 altero.

1291 2370 1557 2410 ARTICULUS
1586 2372 1611 2409 I.

1143 2473 1188 2505 De
1211 2473 1416 2515 mitigatione
1438 2483 1561 2515 poenae
1584 2473 1761 2506 malorum.

1338 2598 1522 2639 QUAEsrio
1546 2599 1566 2630 i.

855 2695 973 2727 Uirum
995 2705 1054 2737 per
1077 2695 1246 2738 sufflaqia
1272 2695 1434 2728 Ecclesiae
1457 2696 1573 2739 aliqua
1597 2697 1760 2738 mitiyatio
1784 2696 1845 2738 fiat
1869 2697 2049 2729 damnatis.

554 2821 712 2861 Quantum
745 2830 820 2862 ergo
852 2821 890 2853 ad
924 2821 1063 2862 primum
1096 2821 1140 2854 sic
1172 2821 1363 2863 proceditur,
1389 2825 1420 2854 et

464 2873 650 2912 ostenditur,
676 2873 761 2915 quod
786 2883 842 2915 per
867 2873 1017 2915 suffragia
1042 2874 1195 2906 Ecclesiae
1212 2874 1318 2916 aliqua
1342 2873 1420 2905 miti-

465 2927 546 2968 gatio
570 2927 624 2959 fiat
648 2926 820 2959 damnatis:

557 2981 584 3011 l.
610 2979 713 3011 Primo
746 2988 803 3020 per
835 2979 1043 3021 Augustinum
1070 2979 1099 3011 in
1126 2980 1304 3012 Eucliiridio
1321 2980 1340 3018 ⁴,
1365 2980 1419 3021 qui

466 3032 558 3071 dicit,
583 3032 666 3074 quod
698 3032 845 3073 «quibus
870 3036 1002 3074 prosunt
1033 3032 1083 3064 vel
1111 3032 1150 3064 ad
1182 3033 1240 3065 hoc
1269 3035 1418 3074 prosunt,

1483 2825 1519 2853 ut
1554 2821 1646 2863 plena
1682 2822 1735 2853 fiat
1759 2821 1919 2859 remissio,
1956 2822 2004 2854 vel
2030 2826 2065 2854 ut
2100 2822 2292 2855 tolerabilior
2321 2823 2360 2854 sit
2390 2821 2431 2854 eis

1484 2874 1642 2906 damnatio
1658 2886 1688 2904 »:
1714 2883 1789 2915 ergo
1813 2874 1837 2906 si
1863 2874 2022 2906 damuatio
2038 2878 2085 2906 est
2109 2875 2139 2906 in
2164 2875 2336 2913 damnatis,
2353 2873 2432 2906 vide-

1484 2931 1545 2965 tur,
1570 2927 1653 2968 quod
1679 2926 1731 2958 illa
1755 2927 1852 2968 possit
1877 2927 2020 2968 mitigari.

1572 2980 1600 3011 Ξ).
1627 2979 1720 3018 ltem,
1738 2979 1930 3020 Augustinus
1942 2980 1952 2996 ⁵
1970 2979 2061 3018 dicit,
2078 2980 2161 3021 quod
2179 2988 2279 3021 poena
2295 2979 2355 3011 Arii
2372 2986 2430 3010 non

1484 3036 1531 3064 est
1555 3032 1779 3071 determinata,
1804 3032 1877 3073 quia
1902 3036 2046 3074 augetur,
2072 3033 2246 3065 secundum
2268 3032 2350 3074 quod
2367 3039 2431 3073 pec-

538 3235 544 3251 1
566 3235 646 3261 Codd.
667 3238 685 3261 Λ
698 3237 715 3261 F
726 3237 744 3261 G
758 3237 765 3261 1
778 3237 798 3261 K
811 3237 832 3261 V
852 3236 1051 3262 daomzaiormn.

537 3279 547 3295 ἵ
566 3279 627 3304 Fide
646 3280 721 3305 codd.
743 3279 853 3312 BCGQ
873 3288 901 3305 aa
923 3280 971 3312 (bb
995 3288 1008 3305 a
1038 3281 1151 3306 secunda
1180 3281 1269 3313 manu)
1290 3281 1419 3312 supplevi-

469 3329 527 3347 mus
547 3329 626 3348 omni.

537 3365 548 3381 3
568 3366 658 3391 Psalm.
680 3367 726 3398 24,
748 3368 788 3391 lo.
810 3382 842 3385 —
863 3369 988 3399 Superius
1007 3372 1066 3399 post
1093 3367 1208 3394 iustitiae
1235 3369 1295 3393 edd.
1320 3368 1419 3394 addunt

469 3408 601 3440 quaedum
619 3409 716 3441 pietati.

1555 3236 1565 3252 ⁴
1584 3236 1646 3268 Cap.
1669 3237 1676 3261 ’1
1687 3237 1731 3268 to,
1752 3244 1775 3261 n.
1797 3237 1837 3261 29.
1860 3237 1924 3261 Vide
1945 3243 2023 3268 supra
2044 3237 2077 3261 lit.
2100 3237 2226 3268 Magistri,
2242 3236 2265 3261 d.
2280 3235 2356 3260 XLV.
2370 3242 2392 3260 c.
2407 3234 2430 3259 2.

1483 3294 1517 3298 —
1538 3281 1642 3305 lnserius
1663 3288 1710 3311 pro
1730 3287 1792 3313 erqo
1811 3280 1836 3306 si
1853 3280 1990 3306 damuatio
2010 3280 2069 3305 edd.
2090 3287 2152 3313 erqo
2172 3279 2196 3305 si
2213 3279 2323 3312 punitio.

1553 3324 1564 3340 ⁵
1584 3325 1653 3349 Hanc
1673 3326 1839 3356 sententiam,
1862 3332 1929 3357 quae
1953 3326 2028 3350 etiam
2059 3325 2159 3349 Hieron.
2185 3324 2318 3354 tribuitur,
2344 3321 2429 3347 Guliel.

1483 3369 1635 3400 Autissiod„
1657 3370 1681 3393 S.
1702 3376 1726 3400 p.
1746 3369 1786 3393 lV.
1808 3372 1836 3393 tr.
1862 3368 1898 3393 lsi.
1920 3376 1944 3401 q.
1966 3369 1994 3400 sl,
2014 3370 2051 3394 sic
2070 3368 2188 3393 exhibet:
2213 3377 2224 3390 α
2239 3369 2299 3392 ltem
2313 3367 2373 3392 dicit
2384 3366 2428 3390 Au·

1483 3413 1616 3444 gustiuus⁷
1639 3412 1708 3444 quod
1730 3413 1823 3437 incerta
1844 3415 1882 3437 est
1901 3419 1983 3443 poena
1999 3412 2064 3443 Arii,
2080 3412 2139 3443 quia
2153 3412 2279 3436 incertum
2297 3414 2349 3442 est,
2370 3410 2431 3441 quot
