2483 3882
354 262 374 293 8
694 291 697 292 .
1111 260 1393 294 SENTENTIARUM
1416 261 1484 294 LIB.
1508 261 1575 294 lv.·

427 350 453 374 11.
473 350 498 374 Si
518 349 582 382 quid
600 348 636 374 ibi
655 349 819 380 cognoscitur
837 348 870 373 ab
889 349 990 381 atiquo,
1002 348 1073 381 quod
1091 355 1141 374 non
1161 349 1303 381 intelligant

532 408 629 427 omnes.

416 454 452 478 lli.
471 453 508 478 De
527 453 634 484 paritate
654 452 750 484 gaudii.

410 506 450 531 lV.
471 506 496 530 Si
515 506 598 530 maior
616 508 654 530 est
673 504 805 530 beatitudo
825 506 977 530 Sanctorum
997 508 1056 536 post
1074 504 1208 531 iudicium.

733 557 873 583 Dis'riacrio
892 558 919 582 L.

355 610 412 636 CAr.
434 610 449 635 1.
469 610 495 634 Si
513 610 574 634 mali
593 610 618 634 in
638 610 737 634 inferno
756 609 909 640 peccabunt.

424 662 450 688 11.
471 662 556 694 Quare
575 661 696 687 dicuntur
716 661 837 687 tenebrae
855 663 1002 687 exteriores.

1428 350 1463 374 111.
1483 350 1509 374 Si
1538 349 1719 374 damnatorum
1747 349 1849 374 animae.
1870 349 1985 374 notitiam
2011 348 2105 374 habent
2128 357 2219 375 eorum
2248 357 2316 383 quae

1545 403 1586 427 hie
1607 402 1679 427 fiunt.

1424 455 1464 480 iV.
1484 456 1520 480 De
1539 455 1634 480 Lazaro
1653 457 1678 480 et
1697 454 1784 479 divite.

1432 507 1462 531 V.
1482 507 1508 531 Si
1527 506 1588 531 boni
1607 508 1632 531 et
1650 506 1710 531 mali
1730 507 1841 531 invicem
1861 513 1888 531 se
1907 506 2003 531 vident.

1424 558 1463 583 Vl.
1484 559 1519 584 De
1538 559 1617 583 chaos
1635 559 1700 584 inter
1719 557 1802 583 bonos
1821 561 1846 583 et
1864 558 1955 583 malos.

1412 610 1462 635 Vll.
1483 610 1572 635 Utrum
1592 611 1647 635 visa
1667 611 1808 641 impiorum
1828 616 1911 641 poena
1930 611 2039 640 minuat,
2060 610 2101 635 vel
2126 614 2220 641 augeat
2238 609 2316 636 bono-

1543 669 1602 688 rum
1622 662 1739 694 gloriam.

1142 816 1468 858 DISTINOTIO
1500 817 1532 857 I.

1275 976 1355 1007 PARS
1378 976 1398 1006 l.

768 1064 836 1094 Car.
858 1064 878 1093 I.

681 1161 723 1190 De
746 1159 959 1190 Sciet-camenus.

429 1256 636 1286 Samaritanus
669 1256 765 1291 enim,
795 1255 951 1285 vulnerato
983 1254 1184 1292 appropians,
1217 1262 1301 1283 cura-

355 1305 426 1334 tioni
449 1304 512 1334 eius
533 1303 794 1333 Sacramentorum
823 1303 1013 1340 alligamenta
1035 1302 1174 1331 adhibuit
1187 1302 1207 1337 ¹,
1229 1302 1301 1340 quia

196 1355 338 1376 Prooemium·
354 1355 457 1382 contra
481 1353 599 1390 peccati
621 1351 774 1388 originalis
797 1354 826 1380 et
847 1351 973 1380 actualis
989 1350 1111 1380 vulnera
1128 1350 1301 1380 Sacramen-

351 1403 448 1429 tornm
471 1399 605 1429 remedia
628 1400 706 1428 Deus
723 1399 856 1428 instituit.
874 1398 915 1427 De
931 1397 1042 1435 quibus
1057 1400 1186 1435 quatuor
1202 1398 1300 1435 primo

351 1447 568 1478 consideranda
592 1450 770 1477 occurrunt:
793 1446 866 1485 qaid
889 1446 925 1475 sit
947 1446 1189 1481 Sacramentum;
1205 1453 1299 1484 quarc

350 1496 533 1530 Institutum3
558 1495 585 1524 in
608 1495 718 1533 quibus
741 1495 884 1524 consistat
906 1497 934 1523 et
956 1493 1148 1529 constentiam
1172 1496 1199 1523 et
1222 1502 1299 1532 quae

350 1544 388 1573 sit
409 1543 548 1574 distantia
571 1544 647 1573 inter
670 1543 864 1573 Sacramenta
889 1542 998 1572 veteris
1015 1545 1043 1571 et
1058 1550 1154 1572 novae
1176 1542 1258 1579 legis.

763 1639 831 1669 Car.
854 1639 885 1668 II.

622 1735 701 1772 Quid
721 1735 760 1765 είι
782 1735 1019 1765 Sam-(mmmmm.

435 1832 686 1862 «Sacramentum
709 1835 752 1861 est
781 1839 886 1861 sacrae
915 1831 957 1860 rei
980 1831 1160 1868 signum2».
1183 1831 1299 1860 Dicitur

208 1884 299 1905 Dubium
314 1885 333 1905 1-
350 1885 448 1911 tamen
470 1884 690 1910 sacramentum
720 1881 809 1910 etiam
831 1888 952 1909 sacrum
974 1884 1135 1914 secretam,
1158 1880 1237 1910 sicut
1259 1880 1300 1909 di-

349 1930 427 1959 eitur
449 1932 670 1959 sacramentum
692 1928 871 1963 divinitatis,
894 1931 926 1957 ut
948 1931 1170 1957 sacramentum
1192 1928 1230 1958 sit
1251 1937 1299 1957 sct—

350 1987 436 2008 crum
459 1977 584 2016 sifyncms
614 1980 642 2006 et
664 1985 786 2006 sacrum
811 1975 988 2014 mammon,-
1011 1976 1062 2005 sed
1094 1984 1173 2005 nunc
1200 1977 1298 2013 agitur

349 2026 385 2056 tle
406 2028 610 2061 sacramento,
633 2025 797 2054 secundum
820 2024 902 2063 quod
924 2027 968 2054 est
990 2023 1121 2063 sicariam.
1138 2041 1177 2045 —
1192 2024 1265 2053 Item
1278 2024 1298 2060 ³,

207 2078 300 2099 Dubium
314 2078 334 2098 2·
357 2074 606 2104 «Sacramentum
629 2076 673 2103 est
696 2073 853 2102 invisibilis
874 2073 988 2111 gratiae
1016 2072 1142 2102 visibilis
1164 2073 1259 2102 forma
1272 2085 1298 2101 ».

752 2169 819 2198 Car.
843 2169 886 2198 lli.

676 2264 756 2302 Qm'ct
776 2264 815 2295 sit
836 2264 967 2304 sianum.

433 2364 578 2401 «Signum
602 2371 672 2393 vero
695 2366 739 2392 est
762 2370 808 2392 res
830 2365 951 2400 praeter
973 2361 1123 2400 speciem.
1143 2369 1233 2399 quam
1258 2361 1298 2390 in-

193 2419 329 2446 Augustinus.
347 2413 423 2451 gerit
444 2412 594 2447 sensibus,
617 2411 699 2441 aliud
722 2410 836 2449 aliquid
859 2419 895 2440 ex
917 2418 948 2440 se
964 2410 1076 2440 faciens
1092 2410 1120 2439 in
1144 2409 1298 2446 cogitatio-

347 2469 415 2491 nem
439 2460 540 2490 venire
553 2459 563 2474 ⁴
575 2472 602 2488 n.

753 2556 821 2586 Car.
843 2556 889 2586 lv.

480 2654 541 2690 Quo
564 2653 710 2693 differant
730 2652 853 2691 sz'ffltwn
875 2656 901 2681 ec
924 2651 1162 2682 Sacramenctmz.

431 2751 613 2789 «Signorum
636 2759 706 2780 vero
739 2750 797 2780 alia
826 2753 895 2779 sunt
926 2747 1104 2782 naturalia,
1139 2750 1170 2777 ut
1197 2747 1295 2777 suiuus

193 2805 330 2832 Augustinus·
347 2800 518 2837 significans
545 2800 657 2836 igneum
688 2798 746 2828 alia
768 2797 861 2827 dczffl
880 2810 892 2823 υ
911 2809 924 2832 ,-
947 2800 976 2827 et
997 2805 1102 2827 corum
1125 2805 1203 2834 quae
1224 2796 1296 2825 data

347 2851 431 2885 sunt,
453 2848 600 2886 quaedam
624 2850 693 2877 sunt
715 2846 923 2879 Sacramenta,
946 2845 1094 2884 quaedam
1118 2853 1184 2875 non.
1202 2845 1295 2874 Omne

348 2896 425 2925 enim
447 2895 674 2926 Sacramentum
701 2898 744 2924 est
777 2895 910 2931 signum,
943 2893 996 2924 sed
1019 2902 1077 2923 non
1100 2901 1116 2923 c
1138 2900 1294 2923 converso,

1366 1062 1592 1092 Sacramentum
1624 1062 1689 1092 eius
1720 1062 1762 1091 rei
1795 1062 2020 1092 similitudinem
2053 1063 2142 1100 gerit,
2170 1063 2257 1092 cuius
2278 1063 2315 1092 si·
2329 1069 2420 1090 Dubium
2434 1069 2455 1090 3.

1365 1118 1455 1148 gnum
1478 1114 1530 1140 est.
1560 1110 1612 1140 «Si
1637 1111 1714 1140 enim
1738 1110 1931 1140 Sacramenta
1954 1118 2012 1140 non
2044 1110 2191 1140 haberent
2213 1110 2315 1140 simili-

1367 1158 1499 1187 tudinem
1521 1166 1638 1194 rerum,
1661 1166 1789 1196 quarum
1812 1157 2005 1188 Sacramenta
2027 1161 2110 1194 sunt,
2122 1157 2251 1197 proprie
2267 1158 2316 1188 Sa-

1365 1209 1516 1235 cramenta
1546 1214 1603 1235 non
1636 1206 1850 1235 dicerentur».
1878 1205 2103 1235 Sacramentum
2138 1206 2216 1235 enim
2249 1214 2314 1244 pro-

1365 1254 1431 1292 prie
1452 1254 1562 1283 dicitur
1584 1254 1665 1292 quod
1688 1254 1728 1283 ita
1749 1254 1867 1290 signum
1890 1257 1934 1282 est
1953 1255 2066 1291 gratiae
2086 1255 2137 1284 Dei
2161 1259 2189 1284 et
2213 1255 2314 1284 invisi·
2328 1260 2435 1282 Definitio.

1366 1301 1434 1330 bilis
1455 1302 1568 1338 gratIae
1591 1302 1699 1337 forma,
1723 1304 1755 1330 ut
1779 1302 1872 1338 ipsius
1889 1302 2046 1339 imaginem
2067 1306 2150 1338 ¹cerat
2173 1306 2200 1332 et
2222 1311 2313 1333 eausa

1366 1349 1482 1377 existat.
1511 1348 1576 1378 Non
1606 1349 1696 1386 igitur
1723 1349 1913 1385 significandi
1944 1352 2057 1378 tantum
2087 1350 2182 1386 gratia
2211 1350 2314 1380 Sacra-

1365 1400 1464 1425 menta
1480 1396 1613 1425 instituta
1629 1400 1712 1431 sunt,
1733 1396 1785 1425 secl
1801 1396 1889 1425 etiam
1906 1397 2122 1426 sanctificandi.
2139 1396 2219 1431 Quae
2236 1398 2313 1427 enim

1364 1443 1552 1480 significandi
1575 1445 1670 1481 gratia
1694 1447 1808 1473 tantum
1836 1444 1968 1474 instituta
1999 1448 2083 1479 sunt,
2105 1445 2201 1474 solum
2231 1445 2316 1482 signa

1364 1496 1448 1529 sunt,
1472 1495 1500 1521 et.
1523 1500 1579 1521 non
1602 1492 1814 1529 Sacramenta;
1837 1493 1916 1522 sicut
1938 1492 2057 1522 suerunt
2079 1493 2228 1523 sacrificia
2254 1501 2316 1523 car-

1365 1541 1442 1579 nalia
1466 1544 1495 1570 et
1517 1540 1727 1570 observandae
1748 1541 1977 1570 caerimonialcs
1994 1541 2103 1570 veteris
2126 1541 2215 1579 legis,
2237 1550 2315 1580 quae

1364 1597 1516 1627 nunquam
1549 1592 1687 1627 poterant
1711 1589 1803 1618 iustos
1834 1589 1932 1618 facere
1961 1589 2137 1625 offerentes;
2167 1590 2253 1628 quia,
2284 1593 2316 1619 ut

1364 1638 1406 1666 ait
1427 1637 1588 1675 Apostolus
1600 1636 1620 1672 ὅ,
1634 1636 1759 1675 sctitqtfz's
1781 1636 1939 1666 lan-comma
1960 1641 1986 1666 ec
2008 1641 2168 1667 taurorum
2190 1642 2216 1666 et
2237 1637 2314 1667 ez'm's
2330 1643 2421 1664 Dubium
2435 1643 2455 1664 [ι.

1363 1684 1477 1715 vitulae
1498 1694 1638 1723 aspersus
1661 1684 1836 1724 inquinatos
1856 1684 2062 1724 sanctificabat
2076 1685 2116 1714 act
2130 1685 2316 1715 emundatio-

1363 1741 1432 1762 nem
1454 1732 1575 1767 σαν-φικῖς,
1599 1741 1656 1762 non
1679 1733 1805 1761 animae.
1829 1732 1903 1761 Nam
1920 1732 2085 1771 inquinatio
2103 1733 2150 1762 illa
2168 1736 2232 1763 erat
2247 1741 2315 1762 con—

1365 1784 1461 1810 taetus
1490 1781 1609 1810 mortui.
1639 1780 1724 1810 Unde
1745 1780 1969 1817 Augustinus⁷:
1997 1781 2105 1810 «Nihil
2127 1780 2209 1810 aliud
2232 1781 2313 1810 intel-
2328 1787 2466 1813 Augustinus.

1363 1829 1421 1867 ligo
1444 1828 1708 1867 inquinationem,
1732 1837 1821 1867 quam
1838 1829 1898 1858 Lex
1914 1829 2053 1864 mundat,
2070 1829 2124 1858 nisi
2142 1832 2313 1859 contactum

1364 1878 1472 1908 mortui
1496 1878 1640 1912 hominis,
1664 1885 1752 1916 quem
1770 1877 1819 1914 qui
1838 1877 1975 1914 tetigerat
1990 1876 2171 1907 summulas
2193 1882 2257 1907 erat
2276 1887 2315 1907 se-

1361 1930 1442 1964 ptem
1463 1925 1592 1961 (liebus,-
1621 1925 1674 1955 sed
1697 1925 1915 1963 purificabatur
1936 1926 2101 1955 secundum
2126 1926 2234 1963 Legem
2264 1926 2312 1956 die
2327 1932 2420 1952 Dubium
2435 1931 2455 1961 5.

1364 1975 1449 2004 tertio
1472 1978 1499 2004 et
1522 1974 1666 2012 septimo,
1696 1977 1724 2003 et
1753 1973 1883 2003 mundus
1912 1978 2017 2009 erat»,
2049 1978 2081 2003 ut
2109 1974 2165 2003 iam
2191 1974 2314 2004 intraret

1365 2023 1517 2061 templum.
1539 2023 1723 2052 Mundabant
1745 2023 1834 2052 etiam
1858 2023 2007 2056 interdum
2023 2031 2038 2052 a
2055 2023 2204 2060 corporali
2229 2023 2311 2061 lepra
2328 2028 2419 2049 Dubium
2434 2027 2454 2048 13-

1364 2072 1411 2101 illa
1435 2071 1561 2110 legalia3
1588 2071 1640 2100 sed
1671 2078 1824 2109 nimquam
1855 2078 1892 2100 ex
1922 2069 2062 2109 operibus
2090 2070 2175 2110 Leqz's
2204 2071 2313 2110 aliquis

1364 2120 1542 2149 iustificatus
1564 2122 1623 2154 est,
1647 2122 1677 2148 ut
1700 2119 1740 2148 ait
1762 2118 1962 2157 Apostolusss,
1993 2120 2080 2148 etiam
2105 2120 2129 2148 si
2154 2120 2182 2148 in
2205 2120 2263 2149 fide
2285 2124 2313 2149 et

1363 2168 1487 2198 caritate
1509 2168 1623 2197 fierent.
1646 2167 1764 2202 Quare?
1787 2168 1858 2205 quia
1882 2168 2024 2205 imposuit
2046 2176 2081 2197 ea
2103 2168 2182 2197 Deus
2205 2168 2232 2197 in
2255 2177 2314 2198 ser-

1363 2217 1503 2252 vitutem,
1526 2224 1584 2245 non
1607 2216 1636 2244 in
1660 2215 1917 2251 iustificationem,
1941 2219 1968 2245 et
1990 2219 2023 2245 ut
2041 2215 2258 2254 fiyztras‘tctm·2'
2273 2225 2314 2246 es-

1362 2267 1442 2299 sent,
1466 2263 1583 2299 volens,
1606 2271 1640 2292 ea
1663 2263 1719 2292 sibi
1737 2263 1792 2300 ipsi
1810 2263 1910 2300 potius
1926 2263 2025 2292 offerri
2041 2271 2130 2301 quam
2149 2263 2245 2293 idolis.
2261 2264 2313 2294 Illa

1363 2319 1433 2350 ergo
1454 2310 1542 2350 siqua
1565 2314 1664 2345 erant,
1686 2311 1738 2340 sed
1762 2314 1859 2340 tamen
1881 2314 1909 2340 et
1932 2310 2144 2345 Sacramenta,
2168 2311 2237 2340 licet
2259 2312 2313 2341 mi—

1363 2369 1418 2389 nus
1439 2360 1578 2397 proprie,
1601 2359 1630 2388 in
1652 2359 1817 2396 ScripturIs
1836 2367 1926 2397 saepe
1950 2362 2111 2394 vocantur,
2135 2359 2205 2397 quia
2228 2360 2312 2397 signa

1362 2412 1446 2437 erant
1469 2408 1510 2437 rei
1534 2415 1654 2442 sacrae,
1684 2415 1775 2445 quam
1804 2407 1909 2445 utique
1938 2415 1996 2436 non
2026 2407 2228 2445 praestabant.
2259 2408 2311 2438 Illa

1362 2459 1462 2485 autem
1486 2454 1667 2493 Apostolus⁰
1697 2450 1788 2492 opera
1814 2453 1900 2493 Leyz's
1921 2453 2009 2489 dicit,
2033 2462 2111 2492 quae
2134 2458 2248 2485 tantum
2277 2456 2313 2485 si-

1361 2503 1522 2542 gnificandi
1544 2503 1657 2540 gratia,
1681 2502 1723 2531 vel
1749 2503 1777 2531 in
1801 2511 1876 2532 onus
1899 2502 2033 2532 instituta
2055 2506 2132 2532 sant.

1774 2599 1843 2629 CAP.
1865 2599 1900 2629 V.

1552 2697 1651 2733 Quare
1672 2695 1811 2726 instituta
1831 2695 1894 2725 82*ch
1916 2695 2119 2725 Sacramenta.

1438 2794 1562 2832 Triplici
1584 2797 1684 2823 autem
1707 2801 1744 2822 ex
1760 2801 1850 2822 causa
1868 2792 2061 2822 Sacramenta
2077 2792 2210 2822 instituta
2226 2796 2310 2822 sunt:
2326 2804 2417 2826 Dubium
2432 2804 2451 2824 7.

1359 2846 1483 2881 propter
1509 2840 1774 2874 humiliationem,
1805 2839 2026 2874 eruditionem,
2056 2839 2308 2870 exercitationem.

1358 2892 1483 2928 Propter
1506 2887 1752 2919 lzzcmilc'att'onem
1772 2888 1911 2927 quidem,
1935 2891 1967 2917 ut
1989 2888 2059 2917 dum
2084 2888 2172 2917 homo
2197 2889 2226 2918 in
2249 2897 2311 2919 sen-

418 2988 425 3004 ¹
447 2988 496 3014 Cir.
516 2989 576 3013 Luc.
602 2989 643 3019 10,
665 2989 705 3013 30.

418 3032 428 3048 2
446 3033 568 3063 August.‚
588 3032 619 3056 X.
640 3031 673 3056 de
691 3030 745 3057 Civ.
766 3032 809 3056 Dei
830 3039 851 3057 c.
871 3031 900 3063 5,
920 3031 1084 3056 et11.contra
1099 3030 1236 3055 Adversar.
1252 3030 1294 3054 Le-

348 3077 387 3107 gis
404 3079 428 3101 et
449 3077 566 3107 Prophet.
587 3082 607 3100 e.
629 3076 651 3100 5).
673 3082 696 3100 n.
717 3075 758 3099 34.
779 3089 813 3092 —-
833 3075 909 3099 Paulo
929 3074 1035 3099 inferius
1060 3076 1117 3105 post
1142 3073 1211 3099 sicut
1235 3073 1293 3098 Vat.

346 3123 371 3145 ct
390 3120 516 3152 plurimae
535 3119 594 3144 edd.
615 3120 735 3144 omittunt
753 3117 864 3150 (licitur,
886 3117 1076 3149 refragantibus
1095 3116 1170 3141 codd.

417 3164 428 3180 3
446 3164 568 3195 Attgust.‚
588 3164 623 3187 lli.
644 3164 789 3194 QuaestiOn.
810 3163 835 3186 in
856 3163 1018 3187 Pentateueli.
1039 3168 1063 3192 q.
1084 3160 1125 3185 84.

417 3206 427 3222 4
446 3208 568 3238 August.y
590 3207 615 3231 11.
636 3207 668 3231 (le
687 3207 772 3231 Doctr.
792 3207 879 3231 christ.
903 3212 924 3230 c.
950 3206 968 3229 1.
993 3212 1016 3229 n.
1038 3205 1066 3236 Ἰ1;
1090 3205 1113 3228 in
1144 3210 1195 3235 quo
1224 3205 1292 3228 textu

346 3250 403 3276 eod.
430 3250 448 3275 C
473 3253 498 3275 et
518 3250 591 3282 edd„
614 3254 721 3281 excepta
746 3250 775 3280 6,
797 3249 890 3274 liabent
918 3247 1093 3282 manitionem
1122 3254 1170 3279 pro
1199 3247 1293 3279 copita-

347 3293 451 3326 tlonem,
468 3295 614 3325 refragante
633 3294 709 3318 etiam
729 3293 854 3324 originali.

417 3337 428 3354 5
447 3338 505 3363 Loc.
526 3339 566 3362 cit.
581 3344 604 3361 n.
620 3338 642 3361 2.
658 3337 719 3368 ch.
732 3337 803 3361 locus
816 3340 853 3362 est
867 3337 989 3368 August„
1005 3337 1082 3367 Epist.
1097 3336 1138 3360 98.
1153 3335 1226 3367 (alias
1239 3334 1292 3367 23.)

347 3381 379 3406 ad
400 3381 558 3406 Bonisacium
573 3381 651 3412 episc.
667 3387 690 3404 n.
706 3381 728 3404 9.

1428 2984 1438 3000 6
1458 2983 1534 3008 Hebr.
1550 2983 1579 3014 9,
1605 2982 1646 3014 13;
1662 2982 1783 3012 superius
1797 2980 1829 3005 de
1843 2981 1975 3006 sacrificiis
1991 2984 2014 3006 et
2028 2981 2192 3006 caerimoniis
2209 2981 2254 3006 esr.
2269 2981 2311 3006 Le-

1358 3028 1402 3051 x'it.
1429 3027 1471 3057 16,
1493 3026 1533 3051 15.

1427 3070 1438 3087 7
1457 3069 1525 3094 LilJr.
1546 3069 1586 3094 tv.
1607 3069 1753 3100 Quaestion.
1774 3069 1799 3093 in
1820 3068 1981 3093 Pentateueii.
2002 3075 2026 3100 q.
2047 3068 2079 3093 33
2100 3075 2123 3092 n.
2153 3068 2190 3092 10.
2209 3066 2311 3099 (secun-

1358 3114 1420 3139 dum
1441 3114 1571 3145 sensum),
1592 3113 1636 3137 ubi
1656 3114 1793 3143 respicitur
1812 3112 1885 3137 Num.
1912 3112 1952 3141 19,
1979 3112 2014 3136 ll.
2036 3125 2069 3128 —
2090 3111 2124 3136 lbi
2149 3113 2206 3135 ante
2231 3117 2311 3135 mun-

1357 3157 1407 3182 dus
1426 3157 1501 3182 codd.
1522 3156 1540 3181 C
1552 3156 1571 3180 D
1591 3160 1614 3181 et
1635 3156 1760 3187 plurimae
1779 3155 1837 3180 edd.
1859 3155 1957 3180 addunt
1975 3154 2021 3179 ila.
2217 3167 2235 3175 s

1428 3200 1438 3216 3
1459 3201 1531 3225 Rom.
1553 3200 1581 3231 3,
1603 3200 1648 3231 203
1669 3200 1722 3224 Gal.
1744 3200 1771 3230 2,
1800 3200 1835 3223 16.
1855 3199 1952 3223 Deinde
1967 3199 2103 3229 respicitur
2117 3198 2189 3222 Rom.
2211 3197 2240 3228 5,
2262 3197 2309 3222 tt:

1357 3245 1441 3276 Adae,
1462 3245 1506 3276 qui
1526 3248 1563 3269 est
1583 3244 1665 3268 forma
1685 3244 1772 3269 futuri.

1429 3288 1438 3301 ⁰
1459 3289 1517 3313 Loe.
1538 3289 1577 3314 cit.
1597 3290 1622 3313 et
1640 3288 1693 3313 Act.
1720 3288 1761 3319 15,
1787 3288 1828 3318 lO,
1846 3287 1889 3312 ubi
1909 3286 2015 3312 dieitur:
2030 3285 2097 3317 Quid
2112 3286 2210 3310 tentatis
2224 3285 2306 3309 Deum

1357 3334 1492 3364 imponere
1511 3333 1661 3363 iugum....
1682 3331 1753 3364 quod
1773 3338 1856 3363 neque
1876 3333 1961 3362 patres
1976 3330 2059 3357 ‚nostri
2080 3336 2165 3361 neque
2182 3335 2228 3353 nos
2248 3335 2308 3360 por-

1358 3381 1410 3402 tare
1431 3376 1571 3408 potuimus.
