2483 3882
260 612 293 634 Ad
308 611 391 639 opposi-

301 640 352 659 tum.

271 2133 391 2155 Distinctio.

408 253 470 285 990

495 340 524 371 li.
549 338 642 375 [tem.
667 336 816 369 habitatio
841 335 933 367 debet
964 341 1138 374 congruere
1169 331 1353 364 habitatori:

406 401 480 433 ergo
504 391 528 423 si
554 391 664 426 homo.
689 392 817 430 propter
841 395 934 428 quem
956 386 1057 418 factus
1073 389 1120 417 est
1136 384 1292 422 mundus,
1310 386 1357 415 est

405 443 537 475 nobilior
561 442 679 478 factus;
704 449 779 481 ergo
803 443 833 471 et
857 442 939 470 totus
964 437 1118 469 mundus:
1145 445 1220 478 ergo
1244 440 1275 468 et
1291 445 1355 468 cor-

404 504 481 537 pora
506 493 614 526 mundi
640 492 842 524 nobilissima.

494 546 636 578 Conna:
658 545 684 575 l.
701 543 783 575 Nihil
801 543 884 584 quod
905 542 995 583 perit,
1013 541 1284 579 remunerabitur3
1301 539 1356 572 sed

405 599 479 632 caeli
504 598 668 639 peribunt:
695 605 769 637 ergo
794 604 927 637 corpora
951 594 1195 636 supercaelestia
1225 603 1287 625 non
1312 602 1358 625 re-

405 650 669 683 munerabuntur.
692 648 801 680 Minor
829 651 913 689 patet
945 656 986 679 ex
1018 647 1140 678 Psalmo
1172 650 1202 678 et
1233 646 1273 678 ad
1305 645 1358 677 He-

404 703 517 735 braeos
540 702 642 743 primo
659 701 684 732 ¹:
712 701 771 732 Et.-
798 704 832 732 tu
862 700 896 732 in
924 699 1093 741 principio
1117 702 1192 736 etc.;
1217 702 1247 730 et
1271 701 1355 739 post:

405 755 475 797 Ipsi
496 754 657 796 peribunt.

495 809 523 839 Q.
549 808 641 845 Item,
666 806 795 838 ratione
824 806 965 837 videtur:
992 805 1065 847 quia
1096 804 1174 836 nihil
1208 804 1358 846 praemia-

405 866 467 898 tur,
492 860 550 892 nisi
575 859 658 901 quod
686 862 834 897 meretur,
860 862 889 890 et
914 857 992 889 nibil
1017 862 1166 895 meretur,
1191 856 1249 888 nisi
1273 856 1357 898 quod

405 913 582 945 voluntarie
599 912 712 950 servit,
729 915 759 944 et
776 911 854 943 nibil
871 910 1048 942 voluntarie
1065 910 1179 949 servit,
1198 909 1254 941 nisi
1273 909 1357 950 quod

405 965 499 997 habet
524 965 658 996 liberum
683 964 849 996 arbitrium
865 963 894 1001 ²3
913 963 985 994 talia
1002 966 1107 995 autem
1124 971 1186 993 non
1203 965 1276 994 sunt
1293 970 1359 993 cor-

405 1026 482 1059 pora
507 1016 766 1058 supercaelestia:
792 1025 866 1057 ergo
891 1019 947 1047 etc.

496 1070 524 1102 3.
550 1070 642 1108 item,
667 1069 835 1110 dupliciter
858 1067 1007 1108 contingit
1041 1066 1154 1099 mereri
1180 1075 1220 1098 ex
1246 1074 1356 1107 opere:

405 1127 460 1155 aut
483 1123 557 1164 quia
580 1121 708 1164 factum
733 1131 771 1152 cx
796 1121 954 1157 caritate,
972 1123 1027 1151 aut
1044 1119 1117 1160 quia
1135 1118 1359 1155 laborzoszmu

405 1185 462 1217 per
478 1184 558 1216 opus
582 1175 664 1207 enim
684 1174 874 1205 laboriosum
893 1176 1033 1204 meretur
1051 1172 1121 1213 quis
1138 1172 1175 1203 cle
1192 1180 1359 1213 congrum·

407 1229 460 1261 sed
486 1236 617 1268 corpora
641 1226 884 1268 supercaelestia
908 1234 968 1257 non
990 1224 1108 1257 faciunt
1125 1224 1299 1266 quidquam
1317 1232 1357 1255 ex

406 1281 534 1313 caritate
566 1289 622 1312 nec
655 1282 821 1311 moventur
849 1287 920 1310 cum
947 1277 1071 1315 labore,
1096 1277 1170 1318 quia
1194 1276 1268 1309 dicit
1294 1276 1359 1307 Phi-

406 1332 592 1375 losophtis³,
616 1332 700 1374 quod
731 1335 926 1363 «moventur
952 1331 1018 1362 sine
1043 1329 1150 1362 labore
1167 1333 1197 1362 et
1213 1338 1355 1371 poenam

406 1395 479 1428 ergo
504 1389 560 1418 etc.

494 1440 524 1470 [1.
549 1439 643 1475 [tem.
667 1446 739 1469 cum
765 1436 884 1478 duplex
910 1436 949 1469 sit
966 1444 1135 1477 corporum
1158 1435 1357 1476 superiorum

406 1491 598 1534 proprietas,
623 1490 740 1522 scilicet
765 1489 849 1521 calor
877 1492 907 1521 et
939 1488 1015 1527 lux,
1039 1492 1069 1520 et
1101 1488 1239 1520 serviant
1270 1488 1360 1520 nobis

406 1548 558 1586 quantum
576 1543 615 1575 ad
634 1547 817 1583 utramque:
836 1550 910 1582 ergo
925 1541 1119 1573 remunerari
1135 1541 1250 1573 debent
1263 1549 1359 1582 quan-

406 1602 474 1629 tum
498 1597 536 1629 ad
563 1600 747 1637 utramque:
774 1603 848 1636 ergo
872 1603 943 1626 cum
974 1603 1034 1625 non
1068 1596 1290 1626 remuneretur
1314 1593 1360 1625 sol

407 1650 437 1682 in
462 1649 581 1683 calore.
606 1657 662 1681 nec
688 1648 762 1679 luna
786 1647 815 1679 in
842 1647 1010 1686 frigiditate
1025 1646 1052 1677 ⁴:
1076 1655 1150 1688 ergo
1171 1655 1228 1678 nec
1245 1646 1360 1678 debent

407 1702 604 1735 remunerari
630 1701 660 1732 in
686 1701 795 1732 maiori
820 1700 948 1732 lumine.

763 1796 999 1820 CONCLUSIO.

411 1878 559 1920 Corpora
584 1877 735 1909 caelestia
759 1876 870 1918 aliquo
895 1875 989 1907 modo
1014 1874 1297 1917 praemiabuutm'
1326 1874 1361 1906 in

497 1933 671 1971 (augmento
696 1929 779 1961 lucis
803 1933 831 1960 et
853 1928 1049 1970 splendoris,
1074 1932 1235 1971 qztaceuus
1267 1926 1360 1959 bomo

493 1982 710 2025 praemiacur‘
732 1982 766 2013 iu
790 1981 864 2013 illis.

497 2072 694 2103 RuspoNnno:
721 2070 912 2106 DIcendum,
937 2069 1021 2110 quod
1046 2068 1210 2110 tripliciter
1239 2072 1286 2101 est
1309 2068 1361 2100 ali-

408 2123 481 2165 quid
509 2122 756 2156 remunerabile:
783 2122 885 2164 primo
916 2122 1026 2161 modo,
1051 2121 1134 2163 quod
1168 2124 1214 2153 est
1245 2125 1360 2162 aptum

407 2181 524 2209 uamtm
549 2175 687 2214 mereri,
713 2179 743 2208 et
768 2175 826 2207 linc
850 2178 897 2207 est
921 2174 1057 2206 liberum
1089 2173 1276 2212 arbitrium3
1299 2173 1361 2205 alio

1166 244 1451 278 SENTENTIARUM
1474 243 1541 275 LIB.
1565 244 1613 275 IV.

1420 331 1530 369 modo,
1555 330 1640 371 quod
1664 334 1710 362 est
1733 330 1800 371 ipsi
1823 330 1961 362 merenti
1992 330 2221 369 coniuuctum,
2247 335 2281 363 ut
2305 340 2371 363 cor-

1420 392 1480 424 pus
1504 384 1679 415 humanum
1690 395 1698 421 ;
1725 383 1814 415 tertio
1839 382 1951 421 modo,
1967 383 2052 424 quod
2070 387 2116 415 est
2133 384 2179 415 aa
2194 383 2303 424 ipsum
2321 393 2370 414 or-

1420 435 1573 467 dinatum
1602 435 1682 468 sicut
1710 435 1749 467 ad
1773 435 1972 476 obsequium.
1998 435 2177 467 Secundum
2202 435 2261 468 hoc
2285 445 2372 477 prae-

1420 488 1538 520 miatur
1564 488 1655 519 bomo
1679 487 1848 529 aliquando
1874 487 1904 519 in
1921 497 1954 518 se
1971 487 2053 529 ipso,
2070 487 2238 529 aliquando
2257 487 2286 519 in
2303 497 2370 519 cor-

1419 550 1516 582 pore,
1542 540 1711 581 aliquando
1735 549 1776 572 ex
1791 539 1801 554 ⁵
1826 539 1872 571 cis
1896 549 1980 582 quae
2003 539 2068 571 siba·
2089 543 2167 571 sunt
2190 539 2307 577 utilia;
2328 540 2372 572 sic
2386 551 2469 581 princip.

1422 594 1515 626 etiam
1541 593 1734 635 praemiatur
1760 593 1788 624 in
1824 602 1857 624 se
1892 593 1981 634 ipso,
2007 592 2037 624 in
2072 602 2209 633 corpore
2245 602 2320 631 suo,
2344 596 2374 624 et
2401 583 2469 604 ΜΨ

1422 646 1515 678 etiam
1542 645 1571 677 in
1601 645 1671 687 ipso
1705 645 1847 682 mundo,
1872 645 1926 687 qui
1961 645 2029 677 eius
2064 648 2111 677 est
2149 645 2372 677 habitaculum.

1423 698 1508 730 Unde
1541 698 1628 736 dico,
1652 697 1738 739 quod
1769 706 1901 738 corpora
1932 697 2174 738 supercaelestia
2206 697 2373 738 praemiari
2388 708 2483 735 eoncius,

1422 760 1482 782 non
1509 754 1555 782 est
1583 750 1687 789 aliud,
1712 759 1806 791 quam
1839 749 2000 781 hominem
2032 750 2199 790 praemiari
2233 750 2263 781 in
2296 750 2374 789 illis,

1423 803 1497 845 quia
1520 803 1672 835 Dominus
1699 807 1796 834 totum
1822 802 1977 834 mundum
2004 802 2138 834 hominis
2161 811 2268 835 amore
2284 802 2375 835 saciet

1424 856 1624 898 pulcriorem.
1655 856 1689 887 Et
1721 856 1807 894 ideo⁷
1832 855 1906 897 quia
1937 859 2065 897 propter
2099 855 2256 887 hominem
2289 864 2375 896 prae-

1426 909 1562 940 miantur
1587 917 1720 949 corpora
1745 907 2005 949 supercaelestia,
2031 907 2205 939 secundum
2223 916 2290 939 eam
2308 916 2377 948 pro-

1425 962 1586 1003 prietatem
1613 961 1846 1002 praemiantur.
1872 960 2046 992 secundum
2079 968 2172 1001 quam
2206 963 2279 991 sunt
2308 968 2376 991 con-

1425 1023 1495 1046 sona
1523 1014 1709 1054 corporibus
1733 1013 1893 1054 glormsis3
1919 1013 1996 1044 haec
2028 1016 2134 1044 autem
2167 1015 2213 1044 est
2245 1012 2318 1044 lux:
2344 1015 2374 1043 et
2390 1023 2473 1046 ennoias

1424 1066 1494 1098 ideo
1519 1067 1547 1097 in
1574 1066 1643 1098 luce
1667 1070 1697 1097 et
1725 1065 1892 1106 splendore
1923 1065 2126 1106 augebuntur
2158 1068 2188 1096 et
2220 1068 2376 1102 crescent,

1425 1123 1459 1150 ut
1484 1118 1616 1159 probant
1641 1118 1761 1158 primae
1786 1118 1932 1149 rationes.
2478 1123 2481 1137 ¹

1517 1173 1542 1202 1.
1569 1171 1609 1202 Ad
1637 1170 1713 1202 illud
1732 1179 1806 1211 ergo
1824 1170 1908 1211 quod
1930 1170 2088 1208 obiicitur,
2105 1169 2187 1210 quod
2212 1169 2374 1210 peribunt3
2404 1180 2483 1212 solutio«

1425 1224 1611 1262 dicendum,
1629 1223 1712 1264 quod
1738 1223 1804 1264 ipse
1831 1226 1935 1254 textus
1958 1227 2186 1264 consequenter
2201 1222 2211 1236 ⁶
2229 1222 2373 1263 exponit:
2392 1209 2476 1234 posnam

1423 1277 1509 1308 velut
1536 1276 1696 1308 [mactum
1729 1275 1872 1307 mutabis
1897 1284 1959 1313 eos,
1985 1279 2015 1306 ct
2041 1274 2281 1312 mutabumum
2306 1275 2375 1306 ideo

1426 1339 1485 1361 non
1514 1329 1663 1361 dicuntur
1694 1328 1814 1370 perire,
1840 1328 1913 1369 qnia
1945 1328 2107 1364 desinant,
2131 1327 2184 1359 sed
2212 1327 2284 1369 quia
2308 1327 2376 1369 pul-

1425 1383 1527 1415 criora
1550 1381 1730 1413 efficiuntur
1755 1385 1785 1412 et
1809 1381 2009 1412 innovantur.

1513 1436 1542 1466 9.
1569 1434 1609 1466 Ad
1637 1434 1714 1465 illud
1747 1433 1831 1475 quod
1864 1433 2026 1471 obiicitur,
2052 1433 2136 1474 quod
2168 1442 2228 1464 non
2262 1433 2377 1464 habent
2403 1454 2406 1457 -

1426 1488 1636 1523 voluntatem;
1654 1486 1840 1524 dicendum,
1858 1485 1940 1527 quod
1960 1486 2027 1527 ipsa
2045 1494 2104 1517 non
2128 1489 2290 1517 merentur
2303 1494 2378 1526 pro·
2392 1480 2483 1520 uetando}

1421 1540 1513 1582 prie,
1539 1539 1593 1571 sed
1619 1540 1713 1570 homo
1737 1543 1877 1570 meretur
1902 1542 1932 1570 et
1957 1538 1986 1569 in
2012 1538 2056 1570 eis
2081 1541 2313 1570 remuneratur.

1515 1593 1543 1625 3.
1569 1593 1612 1624 Ad
1638 1592 1714 1624 illud
1740 1591 1823 1633 quod
1849 1591 2012 1629 obiicitur,
2037 1591 2121 1632 quod
2140 1600 2200 1623 non
2218 1591 2377 1629 laborant3

1426 1646 1612 1683 dicendum,
1637 1644 1721 1686 quod
1747 1644 1839 1676 labor
1864 1644 1979 1676 dicitur
1997 1644 2181 1685 dupliciter:
2205 1653 2268 1676 uno
2286 1644 2378 1676 modo
2393 1654 2470 1681 Duplex

1424 1699 1577 1741 proprie,
1602 1701 1632 1730 et
1656 1698 1700 1729 sic
1724 1697 1840 1729 dicitur
1865 1706 1944 1738 opus
1968 1696 2098 1738 poenale
2113 1697 2133 1734 ⁷,
2151 1701 2181 1728 et
2202 1697 2260 1728 hoc
2287 1696 2378 1728 modo
2433 1681 2474 1702 Μ’

1425 1761 1482 1784 nec
1507 1759 1639 1792 corpora
1663 1749 1907 1791 supercaelestia
1930 1758 1987 1781 nec
2004 1749 2109 1790 Angeli
2128 1749 2199 1781 boni
2217 1749 2376 1787 laborant3

1426 1804 1486 1836 alio
1520 1803 1612 1835 modo
1636 1802 1863 1840 communiter,
1888 1806 1919 1834 et
1943 1802 1986 1834 sic
2016 1801 2132 1834 dicitur
2163 1801 2250 1833 labor
2283 1801 2379 1843 quod-

1426 1866 1562 1899 cumque
1586 1856 1791 1898 obsequium,
1816 1855 1990 1888 secundum
2013 1864 2105 1896 quem
2125 1855 2254 1886 modum
2272 1855 2377 1895 Angeli

1426 1910 1575 1942 dicuntur
1600 1909 1744 1940 laborare
1770 1909 1798 1940 in
1820 1908 1911 1940 vinea
1930 1908 2051 1939 Domini
2069 1911 2099 1940 et
2116 1908 2199 1939 circa
2216 1916 2288 1946 nos,
2305 1907 2379 1949 quia

1427 1962 1515 1993 nobis
1539 1962 1776 2003 obsequunt11r3
1801 1961 1844 1992 sic
1870 1963 1899 1992 et
1924 1969 2056 2001 corpora
2081 1960 2235 1992 caelestia.

1514 2014 1543 2046 [ι.
1568 2014 1611 2046 Ad
1636 2013 1802 2051 ultimum,
1827 2021 1926 2054 quare
1943 2022 2004 2044 non
2023 2016 2266 2045 remunerentur
2283 2012 2313 2044 in
2332 2021 2379 2044 ca-

1426 2067 1508 2106 lore,
1526 2071 1610 2108 patet
1624 2067 1652 2098 ⁵³:
1670 2067 1744 2108 quia
1767 2067 1799 2097 in
1817 2066 1865 2098 liis
1883 2065 2128 2107 proprietatibus
2145 2065 2260 2097 debent
2276 2073 2378 2097 remu-

1426 2119 1547 2159 nerari,
1564 2128 1645 2161 quae
1669 2119 1859 2151 conveniunt
1876 2118 2062 2159 corporibus
2085 2117 2198 2150 nostris
2215 2121 2244 2149 et
2262 2117 2378 2149 iaciunt

1425 2173 1464 2204 ad
1490 2172 1622 2213 gloriam
1648 2174 1796 2203 nostram.

1245 2320 1540 2361 SCHOLION.

478 2453 496 2477 1.
518 2452 553 2477 De
582 2452 681 2483 origine
710 2451 868 2476 locutionum
898 2451 1071 2481 dopmni-um,
1103 2449 1173 2481 quod
1201 2449 1238 2474 sol
1269 2449 1359 2480 recipit

407 2496 552 2523 mercedem
570 2502 619 2529 pro
640 2494 743 2521 labore.
763 2495 804 2520 vel
825 2494 895 2527 quod
915 2495 977 2519 caeli
1006 2492 1272 2524 remunerabantur,
1294 2493 1355 2518 vide

406 2541 440 2566 lit.
460 2541 572 2572 Magistri
591 2540 645 2571 (liic
664 2546 685 2564 c.
706 2538 750 2570 5.).
773 2538 887 2563 Eandem
906 2538 1101 2569 explicationem
1121 2537 1195 2562 affert
1214 2537 1238 2562 S.
1259 2537 1354 2562 Thom.

408 2586 458 2616 (hic
478 2592 502 2617 q.
522 2585 545 2609 2.
566 2591 588 2609 a.
615 2584 634 2608 1.
655 2583 688 2608 ad
708 2583 737 2614 53
757 2583 848 2614 Suppl.
868 2590 893 2614 q.
914 2583 955 2607 91.
977 2589 999 2606 a.
1021 2582 1043 2606 1.
1064 2581 1097 2606 ad
1117 2581 1163 2613 5.).

477 2629 514 2653 De
535 2629 558 2653 1.
580 2628 744 2660 quaestione:
762 2627 830 2652 Alex.
850 2627 913 2656 Hal„
934 2627 958 2650 S.
980 2633 1004 2657 p.
1026 2625 1062 2650 111.
1083 2632 1107 2657 q.
1128 2625 1169 2650 25.
1189 2632 1224 2650 m.
1251 2625 1268 2650 Ι.
1289 2632 1312 2650 a.
1334 2626 1356 2650 1.

407 2687 440 2691 —
460 2673 484 2698 S.
506 2673 608 2704 Tltorn„
631 2679 654 2704 q.
676 2673 716 2697 cit.
736 2679 758 2696 a.
781 2672 802 2696 1.
823 2672 846 2696 3.
866 2684 901 2689 —-
921 2671 946 2695 Β.
967 2669 1072 2699 ΑΙῠεΓῑ.,
1092 2671 1133 2695 hic
1152 2677 1174 2695 a.
1195 2671 1218 2695 8.
1241 2684 1274 2687 —
1295 2670 1358 2695 Petr.

407 2724 420 2742 a
442 2717 510 2748 Tar„
530 2717 571 2741 liic
590 2724 616 2749 q.
635 2717 658 2741 2.
678 2723 700 2741 a.
726 2717 744 2741 l.
765 2730 799 2734 —
819 2715 938 2740 Ricbnrd.
959 2723 972 2740 a
992 2715 1066 2747 Med„
1086 2715 1127 2740 liic
1146 2722 1169 2740 a.
1190 2715 1213 2739 2.
1234 2721 1259 2747 q.
1282 2715 1303 2739 ι1.
1326 2728 1360 2732 —-

408 2761 443 2786 De
461 2763 513 2785 toto
532 2760 638 2785 articulo
658 2760 763 2790 Dionys.
785 2759 879 2790 Carth,
900 2760 941 2784 liis:
961 2766 984 2791 q.
1007 2759 1030 2783 3.

479 2803 503 2828 11.
523 2802 588 2829 Cum
608 2803 740 2828 communi
760 2802 896 2828 doctorum
922 2803 1045 2827 sententia
1071 2801 1184 2826 Durand.
1207 2800 1258 2831 (hic
1278 2808 1302 2833 q.
1323 2801 1358 2833 3.)

408 2847 480 2873 dicit:
504 2856 515 2869 «
527 2847 680 2872 Tenendum
700 2850 737 2872 cst
756 2846 887 2878 absolute,
903 2845 974 2878 quod
995 2849 1080 2871 motus
1099 2845 1161 2870 caeli
1177 2844 1288 2870 cessabit
1301 2848 1360 2876 post

406 2891 636 2921 resurrectionem,
658 2891 780 2922 quamvis
808 2889 869 2914 illud
899 2896 949 2915 non
978 2890 1059 2921 possit
1084 2889 1152 2914 clare
1179 2889 1284 2920 probari
1310 2894 1358 2913 nec

408 2940 455 2965 per
474 2935 649 2959 auctoritatem
665 2934 811 2965 scripturae
826 2940 873 2958 nec
886 2933 969 2966 aliqua
985 2933 1128 2958 necessaria
1142 2928 1239 2957 ratione
1249 2941 1273 2957 ».
1288 2931 1358 2957 {dem

1425 2450 1511 2474 nititur
1531 2448 1655 2480 probare,
1676 2448 1747 2480 quod
1767 2449 1849 2472 textus
1869 2454 1888 2472 s.
1909 2447 2057 2478 Scripturae
2077 2447 2158 2478 vulgo
2178 2446 2277 2477 allegati
2297 2446 2375 2470 etiam

1424 2493 1474 2518 alio
1494 2492 1572 2517 modo
1592 2493 1689 2523 possint
1709 2492 1817 2523 exponi;
1838 2491 1950 2523 denique
1970 2491 2081 2516 rationes
2096 2490 2236 2515 Aristotelis
2258 2496 2305 2520 pro
2320 2495 2377 2514 con-

1424 2538 1563 2562 tinuatione
1584 2539 1670 2561 motus
1688 2539 1823 2567 oppugnat
1842 2539 1867 2560 et
1882 2534 2007 2566 quasdem
2028 2534 2138 2559 rationes
2152 2534 2317 2565 persuasivas
2331 2539 2377 2564 pro
2429 2562 2433 2563 ⁷

1423 2581 1555 2605 communi
1584 2580 1707 2605 sententia
1736 2579 1817 2604 affert.
1846 2579 1911 2604 Ante
1941 2579 2009 2603 hunc
2038 2578 2191 2609 magistrum
2211 2577 2304 2602 eodem
2324 2577 2377 2601 sere

1423 2631 1499 2649 sensu
1520 2628 1544 2649 et
1564 2623 1642 2648 modo
1662 2624 1737 2648 etiam
1758 2624 1824 2648 Scot.
1846 2622 1900 2655 (liic
1919 2630 1944 2654 q.
1965 2623 1998 2653 ⁴2.)
2019 2621 2169 2653 disputavit.
2183 2634 2219 2638 —-
2237 2622 2261 2645 S.
2283 2620 2374 2645 Thom.

1424 2668 1497 2699 (locis
1516 2669 1566 2693 citt.
1587 2675 1608 2692 a.
1631 2668 1665 2699 Ξ.)
1687 2667 1754 2699 dicit,
1775 2667 1847 2699 quod
1862 2668 1925 2692 haec
1944 2669 2030 2691 motus
2050 2665 2157 2690 cessatio
2172 2664 2228 2696 fiat,
2247 2674 2257 2687 α
2270 2671 2320 2689 non
2340 2666 2377 2689 est

1422 2712 1508 2744 aliqua
1528 2711 1636 2736 naturali
1657 2717 1748 2741 causa,
1769 2710 1815 2735 sed
1843 2710 1932 2736 divina
1960 2710 2091 2735 voluntate
2118 2709 2258 2740 faciente»,
2280 2711 2305 2733 ct
2324 2709 2375 2740 opi-

1422 2757 1525 2781 nionem
1546 2756 1670 2786 aliorum,
1691 2756 1735 2787 qui
1755 2755 1804 2779 noc
1823 2753 1989 2780 naturaliter
2018 2753 2072 2778 fieri
2093 2753 2225 2785 dicebant,
2246 2752 2375 2784 improbat

1422 2803 1546 2832 tanquam
1566 2799 1655 2823 salsam
1675 2801 1700 2823 et
1719 2797 1915 2830 impossibilem.
1936 2797 2029 2823 Notum
2049 2801 2134 2822 tamen
2155 2801 2207 2828 est,
2230 2799 2314 2821 nostra
2336 2803 2377 2821 ae-

1422 2846 1472 2868 tate
1491 2850 1541 2868 non
1560 2842 1651 2868 deesse
1671 2843 1805 2874 physicos,
1826 2843 1871 2874 qui
1890 2848 1920 2866 ex
1941 2841 2036 2873 niodo,
2057 2848 2109 2873 quo
2138 2841 2207 2866 calor
2232 2841 2257 2865 in
2277 2844 2375 2865 motum

1422 2891 1610 2918 commutatur,
1633 2891 1656 2911 et
1675 2893 1690 2911 e
1718 2892 1860 2918 converso,
1883 2889 2010 2917 arguunt,
2031 2885 2136 2910 tandem
2164 2883 2304 2916 aliquando
2324 2890 2376 2908 mo-

1422 2934 1477 2956 tum
1496 2937 1636 2962 corporum
1656 2930 1805 2955 caelestium
1826 2930 1975 2955 naturaliter
1995 2931 2164 2954 cessaturum.

480 3109 487 3126 ¹
508 3110 583 3135 Vers.
604 3111 644 3135 10.
664 3118 728 3143 seq,
751 3114 775 3136 et
794 3111 886 3136 Psalm.
913 3111 973 3143 101,
997 3111 1037 3135 26.
1057 3117 1111 3142 seq.

480 3153 491 3169 ²
510 3154 646 3186 Bernard.‚
667 3155 692 3179 in
712 3154 807 3180 Cantic.
827 3161 905 3179 serm.
925 3155 966 3179 81.
987 3161 1011 3179 n.
1032 3154 1064 3179 6:
1078 3153 1127 3179 Ubi
1146 3156 1232 3179 autem
1252 3160 1303 3178 non
1322 3156 1362 3178 est

409 3196 527 3229 libertas,
549 3204 597 3223 nec
617 3199 745 3223 meritum.
765 3211 800 3216 —
820 3199 945 3230 Superius
967 3198 1023 3223 Vat.
1044 3198 1136 3223 omittit
1153 3197 1208 3223 uisi
1225 3196 1297 3231 quod
1308 3204 1362 3223 me-

409 3241 499 3272 retur,
521 3243 544 3266 et
563 3240 631 3267 m'lu‘l
650 3243 775 3267 meretur.

482 3283 493 3299 ³
510 3283 578 3310 Libr.
599 3285 625 3310 ll.
647 3285 678 3310 de
698 3284 773 3310 Caelo
793 3290 818 3310 et
837 3286 952 3317 mundo,
968 3288 1025 3311 text.
1045 3286 1068 3310 3.
1088 3285 1122 3318 (c.
1148 3285 1188 3318 1.),
1208 3288 1233 3311 et
1252 3285 1294 3310 IX.
1314 3285 1362 3310 Me-

412 3327 481 3358 taph.
503 3332 559 3352 text.
583 3328 620 3353 17.
642 3329 712 3360 (Vlll.
733 3336 754 3354 c.
775 3330 818 3361 8.).

481 3369 491 3385 ⁴
511 3369 560 3395 Cl'r.
581 3378 658 3402 supra
680 3372 793 3397 fundam.
819 3374 838 3398 1.

1494 3109 1506 3125 ⁵
1526 3109 1582 3134 Vat.
1602 3108 1637 3134 in.
1658 3109 1714 3133 Mox
1734 3115 1781 3139 pro
1805 3107 1843 3133 sic
1867 3106 1946 3132 etiam
1966 3105 2041 3131 codd.
2062 3105 2113 3130 KZ
2133 3104 2169 3130 bb
2187 3103 2257 3130 sicut
2283 3103 2372 3135 etlam,

1425 3153 1482 3178 cod.
1497 3153 1517 3177 G
1530 3154 1554 3178 et
1572 3152 1617 3178 sic.
1632 3152 1747 3177 Subinde
1758 3151 1865 3176 sortasse
1876 3155 1925 3176 stat
1933 3149 2102 3183 praemiatur
2113 3155 2160 3180 pro
2171 3146 2373 3181 praemiabitur.

1495 3197 1506 3213 ⁶
1525 3197 1584 3222 Loc.
1604 3197 1645 3222 cit.
1670 3196 1747 3221 Hebr.
1769 3197 1790 3227 vl,
1814 3196 1854 3220 12.
1874 3199 1899 3220 et
1925 3195 1962 3220 Ps.
1984 3194 2042 3224 101,
2063 3193 2104 3218 27.
2126 3207 2159 3210 -—
2178 3191 2241 3217 Edd.
2270 3189 2373 3224 amponi-

1426 3242 1472 3267 ίαν
1488 3248 1536 3274 per
1555 3239 1635 3271 illud,
1659 3239 1734 3265 codd.
1749 3239 1789 3265 lli
1810 3238 1918 3272 eoeponz‘t
1935 3245 1971 3264 se.

1496 3285 1508 3301 ⁷
1526 3285 1588 3310 Gen.
1609 3285 1639 3317 3,
1663 3284 1711 3309 ¹¹7:
1732 3284 1757 3308 ln
1777 3282 1910 3308 laboribus
1929 3281 2051 3307 comedes
2070 3287 2099 3306 ex
2118 3287 2147 3305 ea
2162 3283 2208 3305 etc.
2224 3293 2257 3297 —
2270 3278 2374 3304 interius

1425 3332 1485 3360 post
1503 3327 1658 3361 obsequium
1679 3328 1734 3353 Vat.
1754 3326 1825 3353 addit
1843 3325 2003 3359 praestitum
2022 3323 2180 3350 hominibus.

1498 3371 1508 3389 ⁸
1528 3371 1592 3397 Edd.
1612 3371 1735 3403 supplent
1753 3369 1897 3403 responsio.
