<?xml version="1.0" encoding="UTF-8"?>
<!DOCTYPE html PUBLIC "-//W3C//DTD XHTML 1.0 Transitional//EN"
    "http://www.w3.org/TR/xhtml1/DTD/xhtml1-transitional.dtd">
<html xmlns="http://www.w3.org/1999/xhtml" xml:lang="en" lang="en">
 <head>
  <title>
</title>
<meta http-equiv="Content-Type" content="text/html;charset=utf-8" />
  <meta name='ocr-system' content='tesseract 3.04.00' />
  <meta name='ocr-capabilities' content='ocr_page ocr_carea ocr_par ocr_line ocrx_word'/>
</head>
<body>
  <div class='ocr_page' id='page_1' title='image "./doctorisseraphic04bona_0555.png"; bbox 0 0 2483 3882; ppageno 0'>
   <div class='ocr_carea' id='block_1_1' title="bbox 612 243 1994 285">
    <p class='ocr_par' dir='ltr' id='par_1_1' title="bbox 612 243 1994 285">
     <span class='ocr_line' id='line_1_1' title="bbox 612 243 1994 285; baseline -0.001 -8"><span class='ocrx_word' id='word_1_1' title='bbox 612 245 706 277; x_wconf 86' lang='lat' dir='ltr'>DlST.</span> <span class='ocrx_word' id='word_1_2' title='bbox 731 245 791 277; x_wconf 91' lang='lat' dir='ltr'>XX.</span> <span class='ocrx_word' id='word_1_3' title='bbox 815 245 846 277; x_wconf 91' lang='lat' dir='ltr'>P.</span> <span class='ocrx_word' id='word_1_4' title='bbox 871 245 903 276; x_wconf 86' lang='lat'>11.</span> <span class='ocrx_word' id='word_1_5' title='bbox 928 244 1010 277; x_wconf 73' lang='grc' dir='ltr'><strong>ΛΒΤ.</strong></span> <span class='ocrx_word' id='word_1_6' title='bbox 1035 243 1165 277; x_wconf 89' lang='lat' dir='ltr'>UNICUS</span> <span class='ocrx_word' id='word_1_7' title='bbox 1190 244 1342 285; x_wconf 80' lang='lat' dir='ltr'>QUAEST.</span> <span class='ocrx_word' id='word_1_8' title='bbox 1367 243 1412 275; x_wconf 87' lang='lat'>111.</span> <span class='ocrx_word' id='word_1_9' title='bbox 1933 243 1994 275; x_wconf 74' lang='lat'>535</span> 
     </span>
    </p>
   </div>
   <div class='ocr_carea' id='block_1_2' title="bbox 0 332 980 1060">
    <p class='ocr_par' dir='ltr' id='par_1_2' title="bbox 30 332 980 534">
     <span class='ocr_line' id='line_1_2' title="bbox 116 332 980 375; baseline -0.003 -8"><span class='ocrx_word' id='word_1_10' title='bbox 116 334 355 367; x_wconf 87' lang='lat' dir='ltr'>Concedendum</span> <span class='ocrx_word' id='word_1_11' title='bbox 381 333 477 375; x_wconf 85' lang='lat' dir='ltr'>igitur</span> <span class='ocrx_word' id='word_1_12' title='bbox 501 336 566 372; x_wconf 87' lang='lat' dir='ltr'>est,</span> <span class='ocrx_word' id='word_1_13' title='bbox 590 333 675 374; x_wconf 89' lang='lat' dir='ltr'>quod</span> <span class='ocrx_word' id='word_1_14' title='bbox 704 333 914 374; x_wconf 77' lang='lat' dir='ltr'>indulgentias</span> <span class='ocrx_word' id='word_1_15' title='bbox 939 332 980 364; x_wconf 86' lang='lat' dir='ltr'>fa-</span> 
     </span>
     <span class='ocr_line' id='line_1_3' title="bbox 32 385 978 424; baseline -0.005 -2"><span class='ocrx_word' id='word_1_16' title='bbox 32 397 100 423; x_wconf 87' lang='lat' dir='ltr'>cere</span> <span class='ocrx_word' id='word_1_17' title='bbox 123 396 184 419; x_wconf 92' lang='lat' dir='ltr'>non</span> <span class='ocrx_word' id='word_1_18' title='bbox 200 389 322 418; x_wconf 83' lang='lat' dir='ltr'>tantum</span> <span class='ocrx_word' id='word_1_19' title='bbox 340 395 401 418; x_wconf 91' lang='lat' dir='ltr'>non</span> <span class='ocrx_word' id='word_1_20' title='bbox 418 385 601 418; x_wconf 74' lang='lat' dir='ltr'>conceditur</span> <span class='ocrx_word' id='word_1_21' title='bbox 617 385 722 424; x_wconf 88' lang='lat' dir='ltr'>laicis,</span> <span class='ocrx_word' id='word_1_22' title='bbox 739 386 793 418; x_wconf 88' lang='lat' dir='ltr'>sed</span> <span class='ocrx_word' id='word_1_23' title='bbox 812 394 868 418; x_wconf 85' lang='lat' dir='ltr'>nec</span> <span class='ocrx_word' id='word_1_24' title='bbox 885 385 978 417; x_wconf 90' lang='lat' dir='ltr'>etiam</span> 
     </span>
     <span class='ocr_line' id='line_1_4' title="bbox 31 437 979 479; baseline -0.006 -4"><span class='ocrx_word' id='word_1_25' title='bbox 31 439 244 479; x_wconf 82' lang='lat' dir='ltr'>sacerdotibus</span> <span class='ocrx_word' id='word_1_26' title='bbox 267 447 324 471; x_wconf 87' lang='lat' dir='ltr'>nec</span> <span class='ocrx_word' id='word_1_27' title='bbox 349 438 496 479; x_wconf 86' lang='lat' dir='ltr'>praelatis</span> <span class='ocrx_word' id='word_1_28' title='bbox 519 437 739 476; x_wconf 86' lang='lat' dir='ltr'>inferioribus,</span> <span class='ocrx_word' id='word_1_29' title='bbox 756 442 791 470; x_wconf 89' lang='lat' dir='ltr'>ut</span> <span class='ocrx_word' id='word_1_30' title='bbox 811 437 979 470; x_wconf 86' lang='lat' dir='ltr'>abbatibus</span> 
     </span>
     <span class='ocr_line' id='line_1_5' title="bbox 30 491 291 534; baseline -0.019 -7"><span class='ocrx_word' id='word_1_31' title='bbox 30 493 79 527; x_wconf 84' lang='lat' dir='ltr'>vel</span> <span class='ocrx_word' id='word_1_32' title='bbox 102 491 260 534; x_wconf 85' lang='lat' dir='ltr'>prioribus</span> <span class='ocrx_word' id='word_1_33' title='bbox 274 491 291 522; x_wconf 93' lang='lat'>¹.</span> 
     </span>
    </p>

    <p class='ocr_par' dir='ltr' id='par_1_3' title="bbox 119 542 977 585">
     <span class='ocr_line' id='line_1_6' title="bbox 119 542 977 585; baseline -0.003 -9"><span class='ocrx_word' id='word_1_34' title='bbox 119 547 145 577; x_wconf 84' lang='lat'>1.</span> <span class='ocrx_word' id='word_1_35' title='bbox 168 544 211 576; x_wconf 84' lang='lat' dir='ltr'>Ad</span> <span class='ocrx_word' id='word_1_36' title='bbox 236 543 315 576; x_wconf 90' lang='lat' dir='ltr'>illud</span> <span class='ocrx_word' id='word_1_37' title='bbox 340 543 424 585; x_wconf 90' lang='lat' dir='ltr'>quod</span> <span class='ocrx_word' id='word_1_38' title='bbox 452 543 599 575; x_wconf 83' lang='lat' dir='ltr'>obiicitur</span> <span class='ocrx_word' id='word_1_39' title='bbox 623 542 654 574; x_wconf 93' lang='lat' dir='ltr'>in</span> <span class='ocrx_word' id='word_1_40' title='bbox 679 542 891 580; x_wconf 85' lang='lat' dir='ltr'>contrarium,</span> <span class='ocrx_word' id='word_1_41' title='bbox 916 542 977 573; x_wconf 88' lang='lat' dir='ltr'>iam</span> 
     </span>
    </p>

    <p class='ocr_par' dir='ltr' id='par_1_4' title="bbox 0 595 980 642">
     <span class='ocr_line' id='line_1_7' title="bbox 0 595 980 642; baseline -0.005 -11"><span class='ocrx_word' id='word_1_42' title='bbox 0 619 18 640; x_wconf 67' lang='grc' dir='ltr'><strong>ρ.</strong></span> <span class='ocrx_word' id='word_1_43' title='bbox 30 601 112 642; x_wconf 88' lang='lat' dir='ltr'>patet</span> <span class='ocrx_word' id='word_1_44' title='bbox 135 596 311 638; x_wconf 80' lang='lat' dir='ltr'>responsio:</span> <span class='ocrx_word' id='word_1_45' title='bbox 336 595 410 637; x_wconf 92' lang='lat' dir='ltr'>quia</span> <span class='ocrx_word' id='word_1_46' title='bbox 434 604 495 627; x_wconf 93' lang='lat' dir='ltr'>non</span> <span class='ocrx_word' id='word_1_47' title='bbox 520 599 566 627; x_wconf 90' lang='lat' dir='ltr'>est</span> <span class='ocrx_word' id='word_1_48' title='bbox 591 598 654 627; x_wconf 88' lang='lat' dir='ltr'>tota</span> <span class='ocrx_word' id='word_1_49' title='bbox 678 595 758 626; x_wconf 88' lang='lat' dir='ltr'>ratio</span> <span class='ocrx_word' id='word_1_50' title='bbox 782 595 908 627; x_wconf 89' lang='lat' dir='ltr'>virtutis</span> <span class='ocrx_word' id='word_1_51' title='bbox 937 595 980 626; x_wconf 92' lang='lat' dir='ltr'>in-</span> 
     </span>
    </p>

    <p class='ocr_par' dir='ltr' id='par_1_5' title="bbox 0 646 980 957">
     <span class='ocr_line' id='line_1_8' title="bbox 0 646 979 692; baseline -0.007 -7"><span class='ocrx_word' id='word_1_52' title='bbox 0 650 204 692; x_wconf 66' lang='lat' dir='ltr'>..dulgentias</span> <span class='ocrx_word' id='word_1_53' title='bbox 235 648 385 686; x_wconf 80' lang='lat' dir='ltr'>faciendi,</span> <span class='ocrx_word' id='word_1_54' title='bbox 418 647 534 680; x_wconf 87' lang='lat' dir='ltr'>scilicet</span> <span class='ocrx_word' id='word_1_55' title='bbox 565 647 687 685; x_wconf 71' lang='lat' dir='ltr'>clavis,</span> <span class='ocrx_word' id='word_1_56' title='bbox 719 647 775 679; x_wconf 90' lang='lat' dir='ltr'>sed</span> <span class='ocrx_word' id='word_1_57' title='bbox 805 646 979 689; x_wconf 78' lang='lat' dir='ltr'>requiritur</span> 
     </span>
     <span class='ocr_line' id='line_1_9' title="bbox 30 699 980 746; baseline -0.004 -11"><span class='ocrx_word' id='word_1_58' title='bbox 30 705 164 746; x_wconf 84' lang='lat' dir='ltr'>potestas</span> <span class='ocrx_word' id='word_1_59' title='bbox 196 701 299 733; x_wconf 71' lang='lat' dir='ltr'>clavis</span> <span class='ocrx_word' id='word_1_60' title='bbox 330 710 406 732; x_wconf 80' lang='lat' dir='ltr'>cam</span> <span class='ocrx_word' id='word_1_61' title='bbox 441 699 671 732; x_wconf 72' lang='lat' dir='ltr'>iurisdictione</span> <span class='ocrx_word' id='word_1_62' title='bbox 705 703 735 732; x_wconf 88' lang='lat' dir='ltr'>et</span> <span class='ocrx_word' id='word_1_63' title='bbox 767 699 907 732; x_wconf 78' lang='lat' dir='ltr'>thesauri</span> <span class='ocrx_word' id='word_1_64' title='bbox 937 699 980 731; x_wconf 92' lang='lat' dir='ltr'>di-</span> 
     </span>
     <span class='ocr_line' id='line_1_10' title="bbox 29 752 979 798; baseline -0.005 -10"><span class='ocrx_word' id='word_1_65' title='bbox 29 754 193 798; x_wconf 86' lang='lat' dir='ltr'>spensandi</span> <span class='ocrx_word' id='word_1_66' title='bbox 217 753 426 791; x_wconf 71' lang='lat' dir='ltr'>auctoritate,</span> <span class='ocrx_word' id='word_1_67' title='bbox 451 761 532 794; x_wconf 88' lang='lat' dir='ltr'>quae</span> <span class='ocrx_word' id='word_1_68' title='bbox 556 753 715 785; x_wconf 80' lang='lat' dir='ltr'>ordinarie</span> <span class='ocrx_word' id='word_1_69' title='bbox 740 753 815 785; x_wconf 92' lang='lat' dir='ltr'>solis</span> <span class='ocrx_word' id='word_1_70' title='bbox 831 752 979 793; x_wconf 87' lang='lat' dir='ltr'>competit</span> 
     </span>
     <span class='ocr_line' id='line_1_11' title="bbox 30 805 980 850; baseline -0.005 -9"><span class='ocrx_word' id='word_1_71' title='bbox 30 807 189 850; x_wconf 80' lang='lat' dir='ltr'>episcopis.</span> <span class='ocrx_word' id='word_1_72' title='bbox 213 806 289 838; x_wconf 88' lang='lat' dir='ltr'>Nam</span> <span class='ocrx_word' id='word_1_73' title='bbox 314 814 371 847; x_wconf 91' lang='lat' dir='ltr'>per</span> <span class='ocrx_word' id='word_1_74' title='bbox 395 805 657 837; x_wconf 77' lang='lat' dir='ltr'>commissionem</span> <span class='ocrx_word' id='word_1_75' title='bbox 674 805 807 847; x_wconf 84' lang='lat' dir='ltr'>quilibet</span> <span class='ocrx_word' id='word_1_76' title='bbox 832 805 980 837; x_wconf 80' lang='lat' dir='ltr'>sacerdos</span> 
     </span>
     <span class='ocr_line' id='line_1_12' title="bbox 29 857 979 903; baseline -0.004 -10"><span class='ocrx_word' id='word_1_77' title='bbox 29 863 127 903; x_wconf 88' lang='lat' dir='ltr'>potest</span> <span class='ocrx_word' id='word_1_78' title='bbox 150 860 226 891; x_wconf 88' lang='lat' dir='ltr'>dare</span> <span class='ocrx_word' id='word_1_79' title='bbox 261 859 489 900; x_wconf 74' lang='lat' dir='ltr'>indulgentiam</span> <span class='ocrx_word' id='word_1_80' title='bbox 525 867 566 890; x_wconf 88' lang='lat' dir='ltr'>ex</span> <span class='ocrx_word' id='word_1_81' title='bbox 601 861 690 899; x_wconf 86' lang='lat' dir='ltr'>parte</span> <span class='ocrx_word' id='word_1_82' title='bbox 714 857 869 900; x_wconf 82' lang='lat' dir='ltr'>episcopi,</span> <span class='ocrx_word' id='word_1_83' title='bbox 899 857 979 889; x_wconf 90' lang='lat' dir='ltr'>sicut</span> 
     </span>
     <span class='ocr_line' id='line_1_13' title="bbox 29 911 691 957; baseline -0.006 -11"><span class='ocrx_word' id='word_1_84' title='bbox 29 917 111 957; x_wconf 87' lang='lat' dir='ltr'>patet</span> <span class='ocrx_word' id='word_1_85' title='bbox 134 913 165 944; x_wconf 91' lang='lat' dir='ltr'>in</span> <span class='ocrx_word' id='word_1_86' title='bbox 189 912 385 953; x_wconf 81' lang='lat' dir='ltr'>simplicibus</span> <span class='ocrx_word' id='word_1_87' title='bbox 408 911 691 953; x_wconf 76' lang='lat' dir='ltr'>praedicatoribus.</span> 
     </span>
    </p>

    <p class='ocr_par' dir='ltr' id='par_1_6' title="bbox 30 963 980 1060">
     <span class='ocr_line' id='line_1_14' title="bbox 114 963 980 1006; baseline -0.002 -9"><span class='ocrx_word' id='word_1_88' title='bbox 114 967 143 998; x_wconf 70' lang='lat'>2.</span> <span class='ocrx_word' id='word_1_89' title='bbox 166 965 211 997; x_wconf 91' lang='lat' dir='ltr'>Ad</span> <span class='ocrx_word' id='word_1_90' title='bbox 235 964 313 997; x_wconf 91' lang='lat' dir='ltr'>illud</span> <span class='ocrx_word' id='word_1_91' title='bbox 340 964 424 1006; x_wconf 89' lang='lat' dir='ltr'>quod</span> <span class='ocrx_word' id='word_1_92' title='bbox 448 963 595 996; x_wconf 87' lang='lat' dir='ltr'>obiicitur</span> <span class='ocrx_word' id='word_1_93' title='bbox 616 964 655 996; x_wconf 92' lang='lat' dir='ltr'>de</span> <span class='ocrx_word' id='word_1_94' title='bbox 672 963 733 996; x_wconf 90' lang='lat' dir='ltr'>illis</span> <span class='ocrx_word' id='word_1_95' title='bbox 749 963 803 1005; x_wconf 91' lang='lat' dir='ltr'>qui</span> <span class='ocrx_word' id='word_1_96' title='bbox 828 966 980 1005; x_wconf 82' lang='lat' dir='ltr'>praesunt</span> 
     </span>
     <span class='ocr_line' id='line_1_15' title="bbox 30 1016 980 1060; baseline -0.004 -8"><span class='ocrx_word' id='word_1_97' title='bbox 30 1018 180 1060; x_wconf 80' lang='lat' dir='ltr'>collegiis3</span> <span class='ocrx_word' id='word_1_98' title='bbox 205 1017 392 1055; x_wconf 80' lang='lat' dir='ltr'>dicendum,</span> <span class='ocrx_word' id='word_1_99' title='bbox 417 1017 501 1058; x_wconf 89' lang='lat' dir='ltr'>quod</span> <span class='ocrx_word' id='word_1_100' title='bbox 526 1016 622 1055; x_wconf 87' lang='lat' dir='ltr'>tales,</span> <span class='ocrx_word' id='word_1_101' title='bbox 647 1016 701 1058; x_wconf 89' lang='lat' dir='ltr'>qui</span> <span class='ocrx_word' id='word_1_102' title='bbox 733 1020 885 1058; x_wconf 78' lang='lat' dir='ltr'>praesunt</span> <span class='ocrx_word' id='word_1_103' title='bbox 909 1016 980 1048; x_wconf 89' lang='lat' dir='ltr'>sub-</span> 
     </span>
    </p>
   </div>
   <div class='ocr_carea' id='block_1_3' title="bbox 0 1068 1003 1112">
    <p class='ocr_par' dir='ltr' id='par_1_7' title="bbox 0 1068 1003 1112">
     <span class='ocr_line' id='line_1_16' title="bbox 0 1068 1003 1112; baseline -0.005 -7"><span class='ocrx_word' id='word_1_104' title='bbox 0 1090 18 1105; x_wconf 77' lang='lat' dir='ltr'>n.</span> <span class='ocrx_word' id='word_1_105' title='bbox 32 1072 118 1111; x_wconf 80' lang='lat' dir='ltr'>ditis,</span> <span class='ocrx_word' id='word_1_106' title='bbox 142 1071 280 1112; x_wconf 82' lang='lat' dir='ltr'>aliquam</span> <span class='ocrx_word' id='word_1_107' title='bbox 304 1070 524 1102; x_wconf 86' lang='lat' dir='ltr'>auctoritatem</span> <span class='ocrx_word' id='word_1_108' title='bbox 547 1069 665 1101; x_wconf 89' lang='lat' dir='ltr'>habent</span> <span class='ocrx_word' id='word_1_109' title='bbox 681 1070 837 1101; x_wconf 90' lang='lat' dir='ltr'>bonorum</span> <span class='ocrx_word' id='word_1_110' title='bbox 855 1069 902 1101; x_wconf 93' lang='lat' dir='ltr'>sui</span> <span class='ocrx_word' id='word_1_111' title='bbox 921 1068 980 1101; x_wconf 89' lang='lat' dir='ltr'>col·</span> <span class='ocrx_word' id='word_1_112' title='bbox 1001 1071 1003 1076; x_wconf 84' lang='grc'><strong>“</strong></span> 
     </span>
    </p>
   </div>
   <div class='ocr_carea' id='block_1_4' title="bbox 0 1121 982 2543">
    <p class='ocr_par' dir='ltr' id='par_1_8' title="bbox 0 1121 982 2543">
     <span class='ocr_line' id='line_1_17' title="bbox 31 1121 979 1167; baseline -0.004 -10"><span class='ocrx_word' id='word_1_113' title='bbox 31 1125 117 1167; x_wconf 84' lang='lat' dir='ltr'>legii,</span> <span class='ocrx_word' id='word_1_114' title='bbox 141 1132 202 1155; x_wconf 93' lang='lat' dir='ltr'>non</span> <span class='ocrx_word' id='word_1_115' title='bbox 227 1127 331 1155; x_wconf 89' lang='lat' dir='ltr'>tamen</span> <span class='ocrx_word' id='word_1_116' title='bbox 356 1126 503 1164; x_wconf 84' lang='lat' dir='ltr'>respectu</span> <span class='ocrx_word' id='word_1_117' title='bbox 520 1122 623 1155; x_wconf 88' lang='lat' dir='ltr'>meriti</span> <span class='ocrx_word' id='word_1_118' title='bbox 641 1122 773 1160; x_wconf 83' lang='lat' dir='ltr'>Christi,</span> <span class='ocrx_word' id='word_1_119' title='bbox 790 1122 876 1163; x_wconf 88' lang='lat' dir='ltr'>quod</span> <span class='ocrx_word' id='word_1_120' title='bbox 893 1121 979 1154; x_wconf 81' lang='lat' dir='ltr'>dedit</span> 
     </span>
     <span class='ocr_line' id='line_1_18' title="bbox 31 1175 979 1219; baseline -0.004 -9"><span class='ocrx_word' id='word_1_121' title='bbox 31 1176 273 1219; x_wconf 85' lang='lat' dir='ltr'>dispensandum</span> <span class='ocrx_word' id='word_1_122' title='bbox 311 1175 464 1208; x_wconf 84' lang='lat' dir='ltr'>Ecclesiae</span> <span class='ocrx_word' id='word_1_123' title='bbox 500 1179 530 1207; x_wconf 89' lang='lat' dir='ltr'>et</span> <span class='ocrx_word' id='word_1_124' title='bbox 554 1175 622 1207; x_wconf 88' lang='lat' dir='ltr'>eius</span> <span class='ocrx_word' id='word_1_125' title='bbox 657 1175 797 1217; x_wconf 74' lang='lat' dir='ltr'>sponsis,</span> <span class='ocrx_word' id='word_1_126' title='bbox 824 1175 893 1207; x_wconf 90' lang='lat' dir='ltr'>ideo</span> <span class='ocrx_word' id='word_1_127' title='bbox 917 1183 979 1207; x_wconf 91' lang='lat' dir='ltr'>non</span> 
     </span>
     <span class='ocr_line' id='line_1_19' title="bbox 31 1225 981 1270; baseline -0.002 -7"><span class='ocrx_word' id='word_1_128' title='bbox 31 1225 143 1263; x_wconf 85' lang='lat' dir='ltr'>habent</span> <span class='ocrx_word' id='word_1_129' title='bbox 165 1229 384 1261; x_wconf 87' lang='lat' dir='ltr'>auctoritatem</span> <span class='ocrx_word' id='word_1_130' title='bbox 408 1228 583 1270; x_wconf 82' lang='lat' dir='ltr'>plenariam</span> <span class='ocrx_word' id='word_1_131' title='bbox 607 1231 752 1270; x_wconf 87' lang='lat' dir='ltr'>respectu</span> <span class='ocrx_word' id='word_1_132' title='bbox 771 1228 911 1260; x_wconf 81' lang='lat' dir='ltr'>thesauri</span> <span class='ocrx_word' id='word_1_133' title='bbox 930 1229 981 1261; x_wconf 81' lang='lat' dir='ltr'>Ec-</span> 
     </span>
     <span class='ocr_line' id='line_1_20' title="bbox 31 1281 981 1323; baseline -0.002 -8"><span class='ocrx_word' id='word_1_134' title='bbox 31 1283 156 1321; x_wconf 86' lang='lat' dir='ltr'>clesiae,</span> <span class='ocrx_word' id='word_1_135' title='bbox 174 1285 203 1314; x_wconf 84' lang='lat' dir='ltr'>et</span> <span class='ocrx_word' id='word_1_136' title='bbox 220 1282 290 1314; x_wconf 91' lang='lat' dir='ltr'>ideo</span> <span class='ocrx_word' id='word_1_137' title='bbox 307 1281 409 1314; x_wconf 89' lang='lat' dir='ltr'>solum</span> <span class='ocrx_word' id='word_1_138' title='bbox 428 1281 512 1313; x_wconf 78' lang='lat' dir='ltr'>bona</span> <span class='ocrx_word' id='word_1_139' title='bbox 528 1282 584 1313; x_wconf 71' lang='lat' dir='ltr'>sut</span> <span class='ocrx_word' id='word_1_140' title='bbox 599 1281 727 1323; x_wconf 70' lang='lat' dir='ltr'>eollegyz&#39;z&#39;</span> <span class='ocrx_word' id='word_1_141' title='bbox 745 1285 882 1322; x_wconf 75' lang='lat' dir='ltr'>possam</span> <span class='ocrx_word' id='word_1_142' title='bbox 899 1291 981 1313; x_wconf 84' lang='lat' dir='ltr'>eom-</span> 
     </span>
     <span class='ocr_line' id='line_1_21' title="bbox 31 1333 980 1375; baseline -0.003 -7"><span class='ocrx_word' id='word_1_143' title='bbox 31 1335 219 1373; x_wconf 56' lang='lat' dir='ltr'>maniearffl</span> <span class='ocrx_word' id='word_1_144' title='bbox 243 1344 304 1366; x_wconf 88' lang='lat' dir='ltr'>non</span> <span class='ocrx_word' id='word_1_145' title='bbox 334 1338 437 1366; x_wconf 87' lang='lat' dir='ltr'>tamen</span> <span class='ocrx_word' id='word_1_146' title='bbox 468 1337 598 1375; x_wconf 85' lang='lat' dir='ltr'>possunt</span> <span class='ocrx_word' id='word_1_147' title='bbox 627 1334 799 1372; x_wconf 73' lang='lat' dir='ltr'>relaoeare,</span> <span class='ocrx_word' id='word_1_148' title='bbox 824 1333 899 1375; x_wconf 88' lang='lat' dir='ltr'>quia</span> <span class='ocrx_word' id='word_1_149' title='bbox 931 1343 980 1366; x_wconf 92' lang='lat' dir='ltr'>ne-</span> 
     </span>
     <span class='ocr_line' id='line_1_22' title="bbox 32 1386 981 1429; baseline -0.004 -8"><span class='ocrx_word' id='word_1_150' title='bbox 32 1389 147 1426; x_wconf 82' lang='lat' dir='ltr'>sciunt,</span> <span class='ocrx_word' id='word_1_151' title='bbox 172 1391 281 1420; x_wconf 86' lang='lat' dir='ltr'>utrum</span> <span class='ocrx_word' id='word_1_152' title='bbox 307 1387 585 1429; x_wconf 82' lang='lat' dir='ltr'>superabundent,</span> <span class='ocrx_word' id='word_1_153' title='bbox 610 1387 684 1428; x_wconf 90' lang='lat' dir='ltr'>quia</span> <span class='ocrx_word' id='word_1_154' title='bbox 705 1390 897 1428; x_wconf 75' lang='lat' dir='ltr'>potestatem</span> <span class='ocrx_word' id='word_1_155' title='bbox 917 1386 981 1428; x_wconf 82' lang='lat' dir='ltr'>ple-</span> 
     </span>
     <span class='ocr_line' id='line_1_23' title="bbox 30 1440 980 1483; baseline -0.003 -9"><span class='ocrx_word' id='word_1_156' title='bbox 30 1452 107 1474; x_wconf 76' lang='lat' dir='ltr'>nam</span> <span class='ocrx_word' id='word_1_157' title='bbox 131 1450 226 1483; x_wconf 88' lang='lat' dir='ltr'>super</span> <span class='ocrx_word' id='word_1_158' title='bbox 251 1442 310 1473; x_wconf 87' lang='lat' dir='ltr'>hoc</span> <span class='ocrx_word' id='word_1_159' title='bbox 344 1450 406 1472; x_wconf 91' lang='lat' dir='ltr'>non</span> <span class='ocrx_word' id='word_1_160' title='bbox 443 1440 568 1472; x_wconf 83' lang='lat' dir='ltr'>habent.</span> <span class='ocrx_word' id='word_1_161' title='bbox 607 1440 640 1472; x_wconf 88' lang='lat' dir='ltr'>Et</span> <span class='ocrx_word' id='word_1_162' title='bbox 672 1449 749 1472; x_wconf 86' lang='lat' dir='ltr'>voco</span> <span class='ocrx_word' id='word_1_163' title='bbox 774 1440 862 1481; x_wconf 88' lang='lat' dir='ltr'>largo</span> <span class='ocrx_word' id='word_1_164' title='bbox 886 1440 980 1471; x_wconf 88' lang='lat' dir='ltr'>modo</span> 
     </span>
     <span class='ocr_line' id='line_1_24' title="bbox 0 1493 981 1538; baseline -0.001 -13"><span class='ocrx_word' id='word_1_165' title='bbox 0 1511 17 1526; x_wconf 74' lang='lat' dir='ltr'>n.</span> <span class='ocrx_word' id='word_1_166' title='bbox 26 1495 155 1538; x_wconf 78' lang='lat' dir='ltr'>plenam</span> <span class='ocrx_word' id='word_1_167' title='bbox 176 1498 385 1536; x_wconf 75' lang='lat' dir='ltr'>potestatem,</span> <span class='ocrx_word' id='word_1_168' title='bbox 411 1497 505 1535; x_wconf 89' lang='lat' dir='ltr'>prout</span> <span class='ocrx_word' id='word_1_169' title='bbox 537 1493 612 1525; x_wconf 90' lang='lat' dir='ltr'>dicit</span> <span class='ocrx_word' id='word_1_170' title='bbox 643 1493 872 1535; x_wconf 84' lang='lat' dir='ltr'>plenitudinem</span> <span class='ocrx_word' id='word_1_171' title='bbox 897 1493 981 1525; x_wconf 85' lang='lat' dir='ltr'>suffi-</span> 
     </span>
     <span class='ocr_line' id='line_1_25' title="bbox 30 1546 980 1589; baseline -0.004 -8"><span class='ocrx_word' id='word_1_172' title='bbox 30 1549 170 1587; x_wconf 86' lang='lat' dir='ltr'>cientiae,</span> <span class='ocrx_word' id='word_1_173' title='bbox 194 1556 251 1589; x_wconf 90' lang='lat' dir='ltr'>per</span> <span class='ocrx_word' id='word_1_174' title='bbox 274 1556 369 1589; x_wconf 90' lang='lat' dir='ltr'>quem</span> <span class='ocrx_word' id='word_1_175' title='bbox 395 1547 523 1579; x_wconf 90' lang='lat' dir='ltr'>modum</span> <span class='ocrx_word' id='word_1_176' title='bbox 549 1550 596 1579; x_wconf 88' lang='lat' dir='ltr'>est</span> <span class='ocrx_word' id='word_1_177' title='bbox 620 1547 649 1578; x_wconf 89' lang='lat' dir='ltr'>in</span> <span class='ocrx_word' id='word_1_178' title='bbox 667 1546 821 1588; x_wconf 89' lang='lat' dir='ltr'>episcopis</span> <span class='ocrx_word' id='word_1_179' title='bbox 838 1546 980 1578; x_wconf 88' lang='lat' dir='ltr'>adhunc</span> 
     </span>
     <span class='ocr_line' id='line_1_26' title="bbox 30 1599 981 1641; baseline -0.004 -7"><span class='ocrx_word' id='word_1_180' title='bbox 30 1605 146 1640; x_wconf 88' lang='lat' dir='ltr'>actum,</span> <span class='ocrx_word' id='word_1_181' title='bbox 171 1610 231 1632; x_wconf 93' lang='lat' dir='ltr'>non</span> <span class='ocrx_word' id='word_1_182' title='bbox 257 1604 350 1641; x_wconf 88' lang='lat' dir='ltr'>prout</span> <span class='ocrx_word' id='word_1_183' title='bbox 374 1600 449 1632; x_wconf 80' lang='lat' dir='ltr'>dicit</span> <span class='ocrx_word' id='word_1_184' title='bbox 469 1599 704 1641; x_wconf 71' lang='lat' dir='ltr'>plenitudinem</span> <span class='ocrx_word' id='word_1_185' title='bbox 730 1599 981 1641; x_wconf 57' lang='lat' dir='ltr'>superefficellen-</span> 
     </span>
     <span class='ocr_line' id='line_1_27' title="bbox 31 1652 981 1694; baseline -0.003 -7"><span class='ocrx_word' id='word_1_186' title='bbox 31 1655 111 1692; x_wconf 76' lang='lat' dir='ltr'>tiae;</span> <span class='ocrx_word' id='word_1_187' title='bbox 136 1655 179 1686; x_wconf 88' lang='lat' dir='ltr'>sic</span> <span class='ocrx_word' id='word_1_188' title='bbox 203 1654 286 1686; x_wconf 90' lang='lat' dir='ltr'>enim</span> <span class='ocrx_word' id='word_1_189' title='bbox 311 1656 358 1685; x_wconf 88' lang='lat' dir='ltr'>est</span> <span class='ocrx_word' id='word_1_190' title='bbox 382 1653 412 1684; x_wconf 92' lang='lat' dir='ltr'>in</span> <span class='ocrx_word' id='word_1_191' title='bbox 438 1653 504 1685; x_wconf 90' lang='lat' dir='ltr'>solo</span> <span class='ocrx_word' id='word_1_192' title='bbox 535 1653 665 1684; x_wconf 84' lang='lat' dir='ltr'>Summo</span> <span class='ocrx_word' id='word_1_193' title='bbox 697 1652 861 1691; x_wconf 84' lang='lat' dir='ltr'>Pontifice‚</span> <span class='ocrx_word' id='word_1_194' title='bbox 885 1652 981 1694; x_wconf 91' lang='lat' dir='ltr'>pleni-</span> 
     </span>
     <span class='ocr_line' id='line_1_28' title="bbox 30 1705 734 1748; baseline -0.003 -9"><span class='ocrx_word' id='word_1_195' title='bbox 30 1707 104 1740; x_wconf 87' lang='lat' dir='ltr'>tudo</span> <span class='ocrx_word' id='word_1_196' title='bbox 128 1707 245 1739; x_wconf 88' lang='lat' dir='ltr'>scilicet</span> <span class='ocrx_word' id='word_1_197' title='bbox 268 1706 430 1748; x_wconf 86' lang='lat' dir='ltr'>potestatis</span> <span class='ocrx_word' id='word_1_198' title='bbox 453 1709 483 1738; x_wconf 90' lang='lat' dir='ltr'>et</span> <span class='ocrx_word' id='word_1_199' title='bbox 507 1705 734 1738; x_wconf 70' lang='lat' dir='ltr'>auctoritatis2.</span> 
     </span>
     <span class='ocr_line' id='line_1_29' title="bbox 117 1758 981 1800; baseline -0.003 -8"><span class='ocrx_word' id='word_1_200' title='bbox 117 1760 145 1793; x_wconf 87' lang='lat'>3.</span> <span class='ocrx_word' id='word_1_201' title='bbox 169 1760 200 1791; x_wconf 68' lang='lat' dir='ltr'>lt.</span> <span class='ocrx_word' id='word_1_202' title='bbox 224 1760 268 1792; x_wconf 87' lang='lat' dir='ltr'>Ad</span> <span class='ocrx_word' id='word_1_203' title='bbox 301 1759 381 1791; x_wconf 90' lang='lat' dir='ltr'>illud</span> <span class='ocrx_word' id='word_1_204' title='bbox 417 1759 502 1800; x_wconf 89' lang='lat' dir='ltr'>quod</span> <span class='ocrx_word' id='word_1_205' title='bbox 538 1758 701 1797; x_wconf 84' lang='lat' dir='ltr'>obiicitur,</span> <span class='ocrx_word' id='word_1_206' title='bbox 727 1758 812 1799; x_wconf 85' lang='lat' dir='ltr'>quod</span> <span class='ocrx_word' id='word_1_207' title='bbox 847 1758 981 1799; x_wconf 85' lang='lat' dir='ltr'>quilibet</span> 
     </span>
     <span class='ocr_line' id='line_1_30' title="bbox 30 1811 979 1855; baseline -0.004 -9"><span class='ocrx_word' id='word_1_208' title='bbox 30 1814 121 1846; x_wconf 88' lang='lat' dir='ltr'>homo</span> <span class='ocrx_word' id='word_1_209' title='bbox 146 1816 247 1855; x_wconf 86' lang='lat' dir='ltr'>potest</span> <span class='ocrx_word' id='word_1_210' title='bbox 271 1813 352 1844; x_wconf 84' lang='lat' dir='ltr'>bona</span> <span class='ocrx_word' id='word_1_211' title='bbox 377 1821 434 1845; x_wconf 89' lang='lat' dir='ltr'>sua</span> <span class='ocrx_word' id='word_1_212' title='bbox 458 1811 549 1844; x_wconf 89' lang='lat' dir='ltr'>alteri</span> <span class='ocrx_word' id='word_1_213' title='bbox 573 1811 762 1848; x_wconf 69' lang='lat' dir='ltr'>concedere,</span> <span class='ocrx_word' id='word_1_214' title='bbox 792 1811 979 1849; x_wconf 88' lang='lat' dir='ltr'>dicendum,</span> 
     </span>
     <span class='ocr_line' id='line_1_31' title="bbox 4 1864 981 1909; baseline -0.004 -10"><span class='ocrx_word' id='word_1_215' title='bbox 4 1874 21 1895; x_wconf 83' lang='lat'>1.</span> <span class='ocrx_word' id='word_1_216' title='bbox 32 1867 112 1909; x_wconf 85' lang='lat' dir='ltr'>quod</span> <span class='ocrx_word' id='word_1_217' title='bbox 136 1865 300 1898; x_wconf 70' lang='lat' dir='ltr'>relaxatio</span> <span class='ocrx_word' id='word_1_218' title='bbox 325 1865 397 1907; x_wconf 88' lang='lat' dir='ltr'>plus</span> <span class='ocrx_word' id='word_1_219' title='bbox 421 1865 496 1897; x_wconf 87' lang='lat' dir='ltr'>dicit</span> <span class='ocrx_word' id='word_1_220' title='bbox 520 1873 616 1906; x_wconf 87' lang='lat' dir='ltr'>quam</span> <span class='ocrx_word' id='word_1_221' title='bbox 641 1864 913 1901; x_wconf 78' lang='lat' dir='ltr'>eommaniealz&#39;o;</span> <span class='ocrx_word' id='word_1_222' title='bbox 938 1864 981 1896; x_wconf 87' lang='lat' dir='ltr'>di-</span> 
     </span>
     <span class='ocr_line' id='line_1_32' title="bbox 30 1917 981 1960; baseline -0.004 -8"><span class='ocrx_word' id='word_1_223' title='bbox 30 1920 69 1952; x_wconf 83' lang='lat' dir='ltr'>cit</span> <span class='ocrx_word' id='word_1_224' title='bbox 91 1919 172 1952; x_wconf 86' lang='lat' dir='ltr'>enim</span> <span class='ocrx_word' id='word_1_225' title='bbox 205 1918 364 1960; x_wconf 87' lang='lat' dir='ltr'>quandam</span> <span class='ocrx_word' id='word_1_226' title='bbox 400 1917 652 1956; x_wconf 75' lang='lat' dir='ltr'>auctoritatem,</span> <span class='ocrx_word' id='word_1_227' title='bbox 678 1917 798 1949; x_wconf 88' lang='lat' dir='ltr'>ratione</span> <span class='ocrx_word' id='word_1_228' title='bbox 822 1917 913 1950; x_wconf 86' lang='lat' dir='ltr'>cuius</span> <span class='ocrx_word' id='word_1_229' title='bbox 937 1917 981 1949; x_wconf 92' lang='lat' dir='ltr'>di-</span> 
     </span>
     <span class='ocr_line' id='line_1_33' title="bbox 32 1970 980 2012; baseline -0.001 -8"><span class='ocrx_word' id='word_1_230' title='bbox 32 1973 109 2005; x_wconf 87' lang='lat' dir='ltr'>citur</span> <span class='ocrx_word' id='word_1_231' title='bbox 134 1972 182 2004; x_wconf 90' lang='lat' dir='ltr'>isti</span> <span class='ocrx_word' id='word_1_232' title='bbox 207 1971 436 2012; x_wconf 84' lang='lat' dir='ltr'>indulgentiam</span> <span class='ocrx_word' id='word_1_233' title='bbox 459 1973 638 2012; x_wconf 76' lang='lat' dir='ltr'>praestare3</span> <span class='ocrx_word' id='word_1_234' title='bbox 663 1973 694 2002; x_wconf 90' lang='lat' dir='ltr'>et</span> <span class='ocrx_word' id='word_1_235' title='bbox 722 1970 810 2009; x_wconf 87' lang='lat' dir='ltr'>ideo,</span> <span class='ocrx_word' id='word_1_236' title='bbox 834 1970 980 2011; x_wconf 87' lang='lat' dir='ltr'>quamvis</span> 
     </span>
     <span class='ocr_line' id='line_1_34' title="bbox 31 2023 982 2067; baseline -0.003 -10"><span class='ocrx_word' id='word_1_237' title='bbox 31 2025 158 2067; x_wconf 87' lang='lat' dir='ltr'>quilibet</span> <span class='ocrx_word' id='word_1_238' title='bbox 182 2025 301 2056; x_wconf 86' lang='lat' dir='ltr'>hahens</span> <span class='ocrx_word' id='word_1_239' title='bbox 325 2024 485 2056; x_wconf 89' lang='lat' dir='ltr'>caritatem</span> <span class='ocrx_word' id='word_1_240' title='bbox 512 2023 592 2055; x_wconf 87' lang='lat' dir='ltr'>bona</span> <span class='ocrx_word' id='word_1_241' title='bbox 609 2032 667 2056; x_wconf 90' lang='lat' dir='ltr'>sua</span> <span class='ocrx_word' id='word_1_242' title='bbox 683 2023 781 2064; x_wconf 86' lang='lat' dir='ltr'>possit</span> <span class='ocrx_word' id='word_1_243' title='bbox 802 2023 982 2055; x_wconf 77' lang='lat' dir='ltr'>commani-</span> 
     </span>
     <span class='ocr_line' id='line_1_35' title="bbox 32 2076 979 2117; baseline -0.003 -6"><span class='ocrx_word' id='word_1_244' title='bbox 32 2088 124 2117; x_wconf 82' lang='lat' dir='ltr'>care,</span> <span class='ocrx_word' id='word_1_245' title='bbox 149 2087 210 2109; x_wconf 93' lang='lat' dir='ltr'>non</span> <span class='ocrx_word' id='word_1_246' title='bbox 246 2080 350 2109; x_wconf 85' lang='lat' dir='ltr'>tamen</span> <span class='ocrx_word' id='word_1_247' title='bbox 385 2076 487 2109; x_wconf 89' lang='lat' dir='ltr'>omnis</span> <span class='ocrx_word' id='word_1_248' title='bbox 522 2080 624 2117; x_wconf 87' lang='lat' dir='ltr'>potest</span> <span class='ocrx_word' id='word_1_249' title='bbox 648 2076 820 2114; x_wconf 70' lang='lat' dir='ltr'>relaxare,</span> <span class='ocrx_word' id='word_1_250' title='bbox 846 2076 900 2108; x_wconf 87' lang='lat' dir='ltr'>sed</span> <span class='ocrx_word' id='word_1_251' title='bbox 926 2076 979 2117; x_wconf 86' lang='lat' dir='ltr'>qui</span> 
     </span>
     <span class='ocr_line' id='line_1_36' title="bbox 32 2128 980 2167; baseline -0.003 -4"><span class='ocrx_word' id='word_1_252' title='bbox 32 2131 121 2163; x_wconf 87' lang='lat' dir='ltr'>babet</span> <span class='ocrx_word' id='word_1_253' title='bbox 145 2131 184 2163; x_wconf 92' lang='lat' dir='ltr'>ad</span> <span class='ocrx_word' id='word_1_254' title='bbox 209 2131 268 2162; x_wconf 84' lang='lat' dir='ltr'>hoc</span> <span class='ocrx_word' id='word_1_255' title='bbox 292 2138 472 2162; x_wconf 83' lang='lat' dir='ltr'>concessam</span> <span class='ocrx_word' id='word_1_256' title='bbox 498 2128 555 2161; x_wconf 89' lang='lat' dir='ltr'>sibi</span> <span class='ocrx_word' id='word_1_257' title='bbox 580 2129 809 2161; x_wconf 85' lang='lat' dir='ltr'>auctoritatem.</span> <span class='ocrx_word' id='word_1_258' title='bbox 834 2147 878 2152; x_wconf 90' lang='lat'>—</span> <span class='ocrx_word' id='word_1_259' title='bbox 894 2129 980 2167; x_wconf 86' lang='lat' dir='ltr'>item,</span> 
     </span>
     <span class='ocr_line' id='line_1_37' title="bbox 0 2182 982 2224; baseline -0.003 -7"><span class='ocrx_word' id='word_1_260' title='bbox 0 2191 22 2211; x_wconf 71' lang='lat'>2·</span> <span class='ocrx_word' id='word_1_261' title='bbox 32 2185 133 2217; x_wconf 84' lang='lat' dir='ltr'>differt</span> <span class='ocrx_word' id='word_1_262' title='bbox 156 2183 411 2216; x_wconf 64' lang='lat' dir='ltr'>communicatio</span> <span class='ocrx_word' id='word_1_263' title='bbox 435 2192 453 2214; x_wconf 89' lang='lat' dir='ltr'>a</span> <span class='ocrx_word' id='word_1_264' title='bbox 476 2182 700 2219; x_wconf 72' lang='lat' dir='ltr'>relaxatione,</span> <span class='ocrx_word' id='word_1_265' title='bbox 725 2182 874 2224; x_wconf 87' lang='lat' dir='ltr'>quoniam</span> <span class='ocrx_word' id='word_1_266' title='bbox 899 2182 982 2214; x_wconf 74' lang='lat' dir='ltr'>rela-</span> 
     </span>
     <span class='ocr_line' id='line_1_38' title="bbox 32 2235 981 2278; baseline -0.003 -8"><span class='ocrx_word' id='word_1_267' title='bbox 32 2237 120 2275; x_wconf 71' lang='lat' dir='ltr'>xatio</span> <span class='ocrx_word' id='word_1_268' title='bbox 144 2237 177 2269; x_wconf 87' lang='lat' dir='ltr'>fit</span> <span class='ocrx_word' id='word_1_269' title='bbox 201 2237 239 2269; x_wconf 87' lang='lat' dir='ltr'>de</span> <span class='ocrx_word' id='word_1_270' title='bbox 263 2236 442 2278; x_wconf 87' lang='lat' dir='ltr'>praeteritis</span> <span class='ocrx_word' id='word_1_271' title='bbox 467 2235 557 2267; x_wconf 87' lang='lat' dir='ltr'>malis</span> <span class='ocrx_word' id='word_1_272' title='bbox 582 2244 638 2277; x_wconf 90' lang='lat' dir='ltr'>per</span> <span class='ocrx_word' id='word_1_273' title='bbox 662 2236 776 2267; x_wconf 86' lang='lat' dir='ltr'>merita</span> <span class='ocrx_word' id='word_1_274' title='bbox 799 2235 913 2268; x_wconf 86' lang='lat' dir='ltr'>Christi</span> <span class='ocrx_word' id='word_1_275' title='bbox 931 2235 981 2267; x_wconf 76' lang='lat' dir='ltr'>vel</span> 
     </span>
     <span class='ocr_line' id='line_1_39' title="bbox 33 2288 982 2332; baseline -0.004 -9"><span class='ocrx_word' id='word_1_276' title='bbox 33 2291 200 2329; x_wconf 85' lang='lat' dir='ltr'>Ecclesiae,</span> <span class='ocrx_word' id='word_1_277' title='bbox 232 2298 313 2332; x_wconf 86' lang='lat' dir='ltr'>quae</span> <span class='ocrx_word' id='word_1_278' title='bbox 343 2293 615 2331; x_wconf 70' lang='lat' dir='ltr'>praeeesserant,·</span> <span class='ocrx_word' id='word_1_279' title='bbox 644 2288 900 2321; x_wconf 75' lang='lat' dir='ltr'>eommum&#39;eacz&#39;o</span> <span class='ocrx_word' id='word_1_280' title='bbox 929 2298 982 2320; x_wconf 87' lang='lat' dir='ltr'>au-</span> 
     </span>
     <span class='ocr_line' id='line_1_40' title="bbox 33 2340 980 2384; baseline -0.003 -9"><span class='ocrx_word' id='word_1_281' title='bbox 33 2346 91 2375; x_wconf 89' lang='lat' dir='ltr'>tem</span> <span class='ocrx_word' id='word_1_282' title='bbox 117 2343 243 2384; x_wconf 81' lang='lat' dir='ltr'>propiie</span> <span class='ocrx_word' id='word_1_283' title='bbox 275 2342 402 2383; x_wconf 87' lang='lat' dir='ltr'>respicit</span> <span class='ocrx_word' id='word_1_284' title='bbox 436 2340 593 2384; x_wconf 64' lang='lat' dir='ltr'>fatui-am</span> <span class='ocrx_word' id='word_1_285' title='bbox 629 2341 766 2379; x_wconf 90' lang='lat' dir='ltr'>bonum,</span> <span class='ocrx_word' id='word_1_286' title='bbox 791 2349 852 2372; x_wconf 91' lang='lat' dir='ltr'>non</span> <span class='ocrx_word' id='word_1_287' title='bbox 877 2340 980 2373; x_wconf 89' lang='lat' dir='ltr'>solum</span> 
     </span>
     <span class='ocr_line' id='line_1_41' title="bbox 33 2393 979 2438; baseline -0.004 -10"><span class='ocrx_word' id='word_1_288' title='bbox 33 2396 244 2438; x_wconf 87' lang='lat' dir='ltr'>praeteritum.</span> <span class='ocrx_word' id='word_1_289' title='bbox 271 2396 305 2427; x_wconf 91' lang='lat' dir='ltr'>Et</span> <span class='ocrx_word' id='word_1_290' title='bbox 328 2395 473 2436; x_wconf 84' lang='lat' dir='ltr'>quamvis</span> <span class='ocrx_word' id='word_1_291' title='bbox 491 2394 588 2436; x_wconf 83' lang='lat' dir='ltr'>possit</span> <span class='ocrx_word' id='word_1_292' title='bbox 604 2394 681 2426; x_wconf 89' lang='lat' dir='ltr'>dare</span> <span class='ocrx_word' id='word_1_293' title='bbox 698 2394 790 2426; x_wconf 85' lang='lat' dir='ltr'>alicui</span> <span class='ocrx_word' id='word_1_294' title='bbox 816 2393 901 2435; x_wconf 88' lang='lat' dir='ltr'>quod</span> <span class='ocrx_word' id='word_1_295' title='bbox 919 2393 979 2425; x_wconf 85' lang='lat' dir='ltr'>iam</span> 
     </span>
     <span class='ocr_line' id='line_1_42' title="bbox 33 2446 981 2485; baseline -0.003 -5"><span class='ocrx_word' id='word_1_296' title='bbox 33 2457 91 2480; x_wconf 91' lang='lat' dir='ltr'>non</span> <span class='ocrx_word' id='word_1_297' title='bbox 116 2452 161 2481; x_wconf 91' lang='lat' dir='ltr'>est</span> <span class='ocrx_word' id='word_1_298' title='bbox 186 2448 293 2480; x_wconf 87' lang='lat' dir='ltr'>datum</span> <span class='ocrx_word' id='word_1_299' title='bbox 320 2456 376 2479; x_wconf 84' lang='lat' dir='ltr'>nec</span> <span class='ocrx_word' id='word_1_300' title='bbox 394 2447 638 2479; x_wconf 87' lang='lat' dir='ltr'>determinatum</span> <span class='ocrx_word' id='word_1_301' title='bbox 656 2446 768 2485; x_wconf 88' lang='lat' dir='ltr'>alicui,</span> <span class='ocrx_word' id='word_1_302' title='bbox 786 2446 868 2478; x_wconf 85' lang='lat' dir='ltr'>sicut</span> <span class='ocrx_word' id='word_1_303' title='bbox 884 2455 981 2477; x_wconf 90' lang='lat' dir='ltr'>unam</span> 
     </span>
     <span class='ocr_line' id='line_1_43' title="bbox 33 2500 980 2543; baseline -0.002 -10"><span class='ocrx_word' id='word_1_304' title='bbox 33 2501 171 2541; x_wconf 77' lang='lat' dir='ltr'>Missam,</span> <span class='ocrx_word' id='word_1_305' title='bbox 195 2510 290 2543; x_wconf 87' lang='lat' dir='ltr'>quam</span> <span class='ocrx_word' id='word_1_306' title='bbox 315 2504 419 2533; x_wconf 84' lang='lat' dir='ltr'>cantat</span> <span class='ocrx_word' id='word_1_307' title='bbox 443 2509 500 2541; x_wconf 87' lang='lat' dir='ltr'>pro</span> <span class='ocrx_word' id='word_1_308' title='bbox 524 2500 630 2541; x_wconf 88' lang='lat' dir='ltr'>aliquo</span> <span class='ocrx_word' id='word_1_309' title='bbox 655 2504 798 2538; x_wconf 77' lang='lat' dir='ltr'>mortuo3</span> <span class='ocrx_word' id='word_1_310' title='bbox 822 2503 937 2538; x_wconf 85' lang='lat' dir='ltr'>tamen,</span> <span class='ocrx_word' id='word_1_311' title='bbox 956 2500 980 2531; x_wconf 89' lang='lat' dir='ltr'>si</span> 
     </span>
    </p>
   </div>
   <div class='ocr_carea' id='block_1_5' title="bbox 1011 1874 1014 2536">
    <p class='ocr_par' dir='ltr' id='par_1_9' title="bbox 1011 1874 1014 2536">
     <span class='ocr_line' id='line_1_44' title="bbox 1011 1874 1014 2536; baseline 0 0"><span class='ocrx_word' id='word_1_312' title='bbox 1011 1874 1014 2536; x_wconf 95' lang='lat' dir='ltr'> </span> 
     </span>
    </p>
   </div>
   <div class='ocr_carea' id='block_1_6' title="bbox 1043 330 2149 2532">
    <p class='ocr_par' dir='ltr' id='par_1_10' title="bbox 1043 330 1993 373">
     <span class='ocr_line' id='line_1_45' title="bbox 1043 330 1993 373; baseline -0.002 -9"><span class='ocrx_word' id='word_1_313' title='bbox 1043 332 1179 364; x_wconf 87' lang='lat' dir='ltr'>cantavit</span> <span class='ocrx_word' id='word_1_314' title='bbox 1202 340 1271 364; x_wconf 89' lang='lat' dir='ltr'>eam</span> <span class='ocrx_word' id='word_1_315' title='bbox 1294 340 1352 373; x_wconf 91' lang='lat' dir='ltr'>pro</span> <span class='ocrx_word' id='word_1_316' title='bbox 1376 331 1442 363; x_wconf 91' lang='lat' dir='ltr'>suis</span> <span class='ocrx_word' id='word_1_317' title='bbox 1476 330 1628 373; x_wconf 86' lang='lat' dir='ltr'>peccatis,</span> <span class='ocrx_word' id='word_1_318' title='bbox 1654 330 1703 362; x_wconf 90' lang='lat' dir='ltr'>vel</span> <span class='ocrx_word' id='word_1_319' title='bbox 1728 330 1814 362; x_wconf 88' lang='lat' dir='ltr'>dedit</span> <span class='ocrx_word' id='word_1_320' title='bbox 1837 330 1907 369; x_wconf 91' lang='lat' dir='ltr'>alii,</span> <span class='ocrx_word' id='word_1_321' title='bbox 1931 339 1993 362; x_wconf 90' lang='lat' dir='ltr'>non</span> 
     </span>
    </p>

    <p class='ocr_par' dir='ltr' id='par_1_11' title="bbox 1043 382 2140 479">
     <span class='ocr_line' id='line_1_46' title="bbox 1043 382 2140 426; baseline 0.001 -10"><span class='ocrx_word' id='word_1_322' title='bbox 1043 388 1144 426; x_wconf 89' lang='lat' dir='ltr'>potest</span> <span class='ocrx_word' id='word_1_323' title='bbox 1172 393 1229 417; x_wconf 89' lang='lat' dir='ltr'>sua</span> <span class='ocrx_word' id='word_1_324' title='bbox 1254 384 1439 416; x_wconf 85' lang='lat' dir='ltr'>auctoritate</span> <span class='ocrx_word' id='word_1_325' title='bbox 1463 386 1659 416; x_wconf 87' lang='lat' dir='ltr'>commutare</span> <span class='ocrx_word' id='word_1_326' title='bbox 1671 382 1690 414; x_wconf 86' lang='lat'>³.</span> <span class='ocrx_word' id='word_1_327' title='bbox 1715 383 1790 415; x_wconf 90' lang='lat' dir='ltr'>Hinc</span> <span class='ocrx_word' id='word_1_328' title='bbox 1822 386 1885 422; x_wconf 87' lang='lat' dir='ltr'>est,</span> <span class='ocrx_word' id='word_1_329' title='bbox 1910 382 1995 425; x_wconf 90' lang='lat' dir='ltr'>quod</span> <span class='ocrx_word' id='word_1_330' title='bbox 2010 395 2140 417; x_wconf 71' lang='lat' dir='ltr'>Notandum.</span> 
     </span>
     <span class='ocr_line' id='line_1_47' title="bbox 1043 435 1994 479; baseline -0.003 -10"><span class='ocrx_word' id='word_1_331' title='bbox 1043 436 1096 479; x_wconf 88' lang='lat' dir='ltr'>qui</span> <span class='ocrx_word' id='word_1_332' title='bbox 1122 436 1232 478; x_wconf 88' lang='lat' dir='ltr'>recipit</span> <span class='ocrx_word' id='word_1_333' title='bbox 1256 436 1468 469; x_wconf 86' lang='lat' dir='ltr'>relaxationes</span> <span class='ocrx_word' id='word_1_334' title='bbox 1491 445 1549 477; x_wconf 89' lang='lat' dir='ltr'>pro</span> <span class='ocrx_word' id='word_1_335' title='bbox 1573 444 1606 468; x_wconf 90' lang='lat' dir='ltr'>se</span> <span class='ocrx_word' id='word_1_336' title='bbox 1641 444 1701 467; x_wconf 92' lang='lat' dir='ltr'>non</span> <span class='ocrx_word' id='word_1_337' title='bbox 1727 438 1827 477; x_wconf 84' lang='lat' dir='ltr'>potest</span> <span class='ocrx_word' id='word_1_338' title='bbox 1851 435 1928 467; x_wconf 87' lang='lat' dir='ltr'>dare</span> <span class='ocrx_word' id='word_1_339' title='bbox 1952 435 1994 466; x_wconf 88' lang='lat' dir='ltr'>al-</span> 
     </span>
    </p>

    <p class='ocr_par' dir='ltr' id='par_1_12' title="bbox 1043 488 1997 584">
     <span class='ocr_line' id='line_1_48' title="bbox 1043 488 1995 531; baseline -0.002 -9"><span class='ocrx_word' id='word_1_340' title='bbox 1043 490 1120 528; x_wconf 85' lang='lat' dir='ltr'>teri;</span> <span class='ocrx_word' id='word_1_341' title='bbox 1145 490 1236 531; x_wconf 89' lang='lat' dir='ltr'>quia,</span> <span class='ocrx_word' id='word_1_342' title='bbox 1261 489 1286 522; x_wconf 92' lang='lat' dir='ltr'>si</span> <span class='ocrx_word' id='word_1_343' title='bbox 1324 489 1458 522; x_wconf 84' lang='lat' dir='ltr'>Ecclesia</span> <span class='ocrx_word' id='word_1_344' title='bbox 1490 489 1582 522; x_wconf 89' lang='lat' dir='ltr'>solvit</span> <span class='ocrx_word' id='word_1_345' title='bbox 1613 488 1755 523; x_wconf 87' lang='lat' dir='ltr'>debitum</span> <span class='ocrx_word' id='word_1_346' title='bbox 1792 497 1885 521; x_wconf 90' lang='lat' dir='ltr'>suum</span> <span class='ocrx_word' id='word_1_347' title='bbox 1910 488 1995 529; x_wconf 88' lang='lat' dir='ltr'>apud</span> 
     </span>
     <span class='ocr_line' id='line_1_49' title="bbox 1043 540 1997 584; baseline -0.002 -10"><span class='ocrx_word' id='word_1_348' title='bbox 1043 542 1161 581; x_wconf 88' lang='lat' dir='ltr'>Deum,</span> <span class='ocrx_word' id='word_1_349' title='bbox 1187 552 1248 574; x_wconf 92' lang='lat' dir='ltr'>non</span> <span class='ocrx_word' id='word_1_350' title='bbox 1273 546 1401 584; x_wconf 84' lang='lat' dir='ltr'>propter</span> <span class='ocrx_word' id='word_1_351' title='bbox 1426 543 1484 575; x_wconf 87' lang='lat' dir='ltr'>hoc</span> <span class='ocrx_word' id='word_1_352' title='bbox 1508 542 1595 574; x_wconf 89' lang='lat' dir='ltr'>dedit</span> <span class='ocrx_word' id='word_1_353' title='bbox 1619 545 1819 583; x_wconf 90' lang='lat' dir='ltr'>potestatem,</span> <span class='ocrx_word' id='word_1_354' title='bbox 1838 541 1923 583; x_wconf 89' lang='lat' dir='ltr'>quod</span> <span class='ocrx_word' id='word_1_355' title='bbox 1940 540 1997 573; x_wconf 91' lang='lat' dir='ltr'>sol-</span> 
     </span>
    </p>

    <p class='ocr_par' dir='ltr' id='par_1_13' title="bbox 1043 593 1997 636">
     <span class='ocr_line' id='line_1_50' title="bbox 1043 593 1997 636; baseline -0.001 -10"><span class='ocrx_word' id='word_1_356' title='bbox 1043 598 1132 627; x_wconf 87' lang='lat' dir='ltr'>veret</span> <span class='ocrx_word' id='word_1_357' title='bbox 1154 594 1221 636; x_wconf 88' lang='lat' dir='ltr'>ipse</span> <span class='ocrx_word' id='word_1_358' title='bbox 1244 604 1302 636; x_wconf 89' lang='lat' dir='ltr'>pro</span> <span class='ocrx_word' id='word_1_359' title='bbox 1326 595 1404 633; x_wconf 87' lang='lat' dir='ltr'>alio;</span> <span class='ocrx_word' id='word_1_360' title='bbox 1429 598 1459 627; x_wconf 92' lang='lat' dir='ltr'>et</span> <span class='ocrx_word' id='word_1_361' title='bbox 1475 595 1498 627; x_wconf 92' lang='lat' dir='ltr'>si</span> <span class='ocrx_word' id='word_1_362' title='bbox 1525 595 1610 626; x_wconf 91' lang='lat' dir='ltr'>Deus</span> <span class='ocrx_word' id='word_1_363' title='bbox 1634 594 1752 626; x_wconf 89' lang='lat' dir='ltr'>dimisit</span> <span class='ocrx_word' id='word_1_364' title='bbox 1769 594 1818 626; x_wconf 91' lang='lat' dir='ltr'>isti</span> <span class='ocrx_word' id='word_1_365' title='bbox 1844 593 1997 632; x_wconf 89' lang='lat' dir='ltr'>debitum,</span> 
     </span>
    </p>

    <p class='ocr_par' dir='ltr' id='par_1_14' title="bbox 1044 646 1998 793">
     <span class='ocr_line' id='line_1_51' title="bbox 1044 646 1997 689; baseline 0 -11"><span class='ocrx_word' id='word_1_366' title='bbox 1044 656 1104 679; x_wconf 89' lang='lat' dir='ltr'>nou</span> <span class='ocrx_word' id='word_1_367' title='bbox 1129 650 1259 689; x_wconf 89' lang='lat' dir='ltr'>propter</span> <span class='ocrx_word' id='word_1_368' title='bbox 1283 648 1342 679; x_wconf 88' lang='lat' dir='ltr'>hoc</span> <span class='ocrx_word' id='word_1_369' title='bbox 1366 650 1467 689; x_wconf 87' lang='lat' dir='ltr'>potest</span> <span class='ocrx_word' id='word_1_370' title='bbox 1491 647 1547 679; x_wconf 90' lang='lat' dir='ltr'>iste</span> <span class='ocrx_word' id='word_1_371' title='bbox 1564 646 1721 679; x_wconf 86' lang='lat' dir='ltr'>dimittere</span> <span class='ocrx_word' id='word_1_372' title='bbox 1745 646 1797 678; x_wconf 88' lang='lat' dir='ltr'>alii</span> <span class='ocrx_word' id='word_1_373' title='bbox 1821 646 1905 688; x_wconf 89' lang='lat' dir='ltr'>quod</span> <span class='ocrx_word' id='word_1_374' title='bbox 1933 646 1997 678; x_wconf 90' lang='lat' dir='ltr'>Deo</span> 
     </span>
     <span class='ocr_line' id='line_1_52' title="bbox 1044 699 1998 741; baseline -0.001 -10"><span class='ocrx_word' id='word_1_375' title='bbox 1044 699 1187 731; x_wconf 89' lang='lat' dir='ltr'>debetur.</span> <span class='ocrx_word' id='word_1_376' title='bbox 1212 718 1256 723; x_wconf 90' lang='lat'>--</span> <span class='ocrx_word' id='word_1_377' title='bbox 1279 699 1340 732; x_wconf 88' lang='lat' dir='ltr'>Nec</span> <span class='ocrx_word' id='word_1_378' title='bbox 1373 700 1457 732; x_wconf 90' lang='lat' dir='ltr'>valet</span> <span class='ocrx_word' id='word_1_379' title='bbox 1492 699 1571 732; x_wconf 89' lang='lat' dir='ltr'>illud</span> <span class='ocrx_word' id='word_1_380' title='bbox 1606 703 1828 741; x_wconf 83' lang='lat' dir='ltr'>argumentum</span> <span class='ocrx_word' id='word_1_381' title='bbox 1854 699 1893 731; x_wconf 89' lang='lat' dir='ltr'>de</span> <span class='ocrx_word' id='word_1_382' title='bbox 1917 707 1998 731; x_wconf 88' lang='lat' dir='ltr'>com-</span> 
     </span>
     <span class='ocr_line' id='line_1_53' title="bbox 1045 751 1998 793; baseline 0 -10"><span class='ocrx_word' id='word_1_383' title='bbox 1045 752 1255 784; x_wconf 89' lang='lat' dir='ltr'>municatione</span> <span class='ocrx_word' id='word_1_384' title='bbox 1280 752 1451 790; x_wconf 81' lang='lat' dir='ltr'>materiali3</span> <span class='ocrx_word' id='word_1_385' title='bbox 1476 752 1550 793; x_wconf 87' lang='lat' dir='ltr'>quia</span> <span class='ocrx_word' id='word_1_386' title='bbox 1573 752 1687 793; x_wconf 86' lang='lat' dir='ltr'>aliquis</span> <span class='ocrx_word' id='word_1_387' title='bbox 1704 752 1830 784; x_wconf 89' lang='lat' dir='ltr'>omnino</span> <span class='ocrx_word' id='word_1_388' title='bbox 1855 751 1934 783; x_wconf 87' lang='lat' dir='ltr'>liber</span> <span class='ocrx_word' id='word_1_389' title='bbox 1951 754 1998 784; x_wconf 89' lang='lat' dir='ltr'>est</span> 
     </span>
    </p>

    <p class='ocr_par' dir='ltr' id='par_1_15' title="bbox 1044 804 1998 899">
     <span class='ocr_line' id='line_1_54' title="bbox 1044 804 1998 846; baseline 0.001 -11"><span class='ocrx_word' id='word_1_390' title='bbox 1044 804 1074 835; x_wconf 93' lang='lat' dir='ltr'>in</span> <span class='ocrx_word' id='word_1_391' title='bbox 1110 804 1299 845; x_wconf 89' lang='lat' dir='ltr'>possidendo</span> <span class='ocrx_word' id='word_1_392' title='bbox 1334 804 1536 846; x_wconf 81' lang='lat' dir='ltr'>temporalia,</span> <span class='ocrx_word' id='word_1_393' title='bbox 1571 804 1764 846; x_wconf 87' lang='lat' dir='ltr'>quicumque</span> <span class='ocrx_word' id='word_1_394' title='bbox 1798 808 1846 836; x_wconf 89' lang='lat' dir='ltr'>est</span> <span class='ocrx_word' id='word_1_395' title='bbox 1880 804 1998 837; x_wconf 86' lang='lat' dir='ltr'>liberae</span> 
     </span>
     <span class='ocr_line' id='line_1_55' title="bbox 1044 856 1997 899; baseline 0.002 -12"><span class='ocrx_word' id='word_1_396' title='bbox 1044 856 1229 888; x_wconf 84' lang='lat' dir='ltr'>conditionis</span> <span class='ocrx_word' id='word_1_397' title='bbox 1253 860 1284 888; x_wconf 89' lang='lat' dir='ltr'>et</span> <span class='ocrx_word' id='word_1_398' title='bbox 1307 857 1332 888; x_wconf 91' lang='lat' dir='ltr'>si</span> <span class='ocrx_word' id='word_1_399' title='bbox 1357 856 1455 888; x_wconf 88' lang='lat' dir='ltr'>libere</span> <span class='ocrx_word' id='word_1_400' title='bbox 1478 857 1634 898; x_wconf 82' lang='lat' dir='ltr'>possidet,</span> <span class='ocrx_word' id='word_1_401' title='bbox 1660 857 1757 889; x_wconf 86' lang='lat' dir='ltr'>libere</span> <span class='ocrx_word' id='word_1_402' title='bbox 1781 860 1883 899; x_wconf 90' lang='lat' dir='ltr'>potest</span> <span class='ocrx_word' id='word_1_403' title='bbox 1907 857 1997 889; x_wconf 88' lang='lat' dir='ltr'>alteri</span> 
     </span>
    </p>

    <p class='ocr_par' dir='ltr' id='par_1_16' title="bbox 1044 908 1999 952">
     <span class='ocr_line' id='line_1_56' title="bbox 1044 908 1999 952; baseline 0.002 -12"><span class='ocrx_word' id='word_1_404' title='bbox 1044 909 1139 947; x_wconf 88' lang='lat' dir='ltr'>dare;</span> <span class='ocrx_word' id='word_1_405' title='bbox 1162 908 1215 950; x_wconf 90' lang='lat' dir='ltr'>qui</span> <span class='ocrx_word' id='word_1_406' title='bbox 1241 912 1345 941; x_wconf 89' lang='lat' dir='ltr'>autem</span> <span class='ocrx_word' id='word_1_407' title='bbox 1372 918 1484 941; x_wconf 91' lang='lat' dir='ltr'>servus</span> <span class='ocrx_word' id='word_1_408' title='bbox 1508 913 1569 948; x_wconf 88' lang='lat' dir='ltr'>est,</span> <span class='ocrx_word' id='word_1_409' title='bbox 1593 919 1654 941; x_wconf 92' lang='lat' dir='ltr'>non</span> <span class='ocrx_word' id='word_1_410' title='bbox 1679 913 1780 952; x_wconf 90' lang='lat' dir='ltr'>potest</span> <span class='ocrx_word' id='word_1_411' title='bbox 1804 910 1870 942; x_wconf 91' lang='lat' dir='ltr'>sine</span> <span class='ocrx_word' id='word_1_412' title='bbox 1894 913 1999 942; x_wconf 87' lang='lat' dir='ltr'>aucto-</span> 
     </span>
    </p>

    <p class='ocr_par' dir='ltr' id='par_1_17' title="bbox 1044 960 2143 1056">
     <span class='ocr_line' id='line_1_57' title="bbox 1044 960 2143 1000; baseline 0.004 -7"><span class='ocrx_word' id='word_1_413' title='bbox 1044 962 1136 994; x_wconf 88' lang='lat' dir='ltr'>ritate</span> <span class='ocrx_word' id='word_1_414' title='bbox 1160 960 1296 1000; x_wconf 67' lang='lat' dir='ltr'>domini,</span> <span class='ocrx_word' id='word_1_415' title='bbox 1320 962 1424 993; x_wconf 87' lang='lat' dir='ltr'>omnia</span> <span class='ocrx_word' id='word_1_416' title='bbox 1448 965 1554 994; x_wconf 88' lang='lat' dir='ltr'>autem</span> <span class='ocrx_word' id='word_1_417' title='bbox 1590 966 1696 994; x_wconf 86' lang='lat' dir='ltr'>nostra</span> <span class='ocrx_word' id='word_1_418' title='bbox 1721 966 1794 994; x_wconf 89' lang='lat' dir='ltr'>sunt</span> <span class='ocrx_word' id='word_1_419' title='bbox 1817 962 1931 995; x_wconf 88' lang='lat' dir='ltr'>Christi</span> <span class='ocrx_word' id='word_1_420' title='bbox 1968 966 1998 995; x_wconf 82' lang='lat' dir='ltr'>et</span> <span class='ocrx_word' id='word_1_421' title='bbox 2013 975 2143 997; x_wconf 74' lang='lat' dir='ltr'>Notandum.</span> 
     </span>
     <span class='ocr_line' id='line_1_58' title="bbox 1044 1014 1997 1056; baseline 0.002 -11"><span class='ocrx_word' id='word_1_422' title='bbox 1044 1014 1149 1046; x_wconf 91' lang='lat' dir='ltr'>omnia</span> <span class='ocrx_word' id='word_1_423' title='bbox 1173 1014 1285 1046; x_wconf 89' lang='lat' dir='ltr'>merita</span> <span class='ocrx_word' id='word_1_424' title='bbox 1309 1014 1503 1056; x_wconf 84' lang='lat' dir='ltr'>spiritualia,</span> <span class='ocrx_word' id='word_1_425' title='bbox 1527 1018 1558 1046; x_wconf 88' lang='lat' dir='ltr'>et</span> <span class='ocrx_word' id='word_1_426' title='bbox 1580 1024 1637 1047; x_wconf 92' lang='lat' dir='ltr'>nos</span> <span class='ocrx_word' id='word_1_427' title='bbox 1654 1024 1765 1047; x_wconf 88' lang='lat' dir='ltr'>sumus</span> <span class='ocrx_word' id='word_1_428' title='bbox 1782 1016 1850 1048; x_wconf 90' lang='lat' dir='ltr'>eius</span> <span class='ocrx_word' id='word_1_429' title='bbox 1875 1016 1956 1048; x_wconf 84' lang='lat' dir='ltr'>servi</span> <span class='ocrx_word' id='word_1_430' title='bbox 1971 1016 1997 1047; x_wconf 76' lang='lat'>⁴¹:</span> 
     </span>
    </p>

    <p class='ocr_par' dir='ltr' id='par_1_18' title="bbox 1044 1067 1998 1109">
     <span class='ocr_line' id='line_1_59' title="bbox 1044 1067 1998 1109; baseline 0.002 -10"><span class='ocrx_word' id='word_1_431' title='bbox 1044 1071 1075 1099; x_wconf 88' lang='lat' dir='ltr'>et</span> <span class='ocrx_word' id='word_1_432' title='bbox 1109 1067 1179 1100; x_wconf 91' lang='lat' dir='ltr'>ideo</span> <span class='ocrx_word' id='word_1_433' title='bbox 1216 1076 1277 1099; x_wconf 92' lang='lat' dir='ltr'>non</span> <span class='ocrx_word' id='word_1_434' title='bbox 1313 1076 1483 1109; x_wconf 89' lang='lat' dir='ltr'>possumus</span> <span class='ocrx_word' id='word_1_435' title='bbox 1518 1067 1549 1099; x_wconf 92' lang='lat' dir='ltr'>in</span> <span class='ocrx_word' id='word_1_436' title='bbox 1586 1068 1723 1100; x_wconf 88' lang='lat' dir='ltr'>alterum</span> <span class='ocrx_word' id='word_1_437' title='bbox 1752 1069 1923 1101; x_wconf 76' lang='lat' dir='ltr'>transferre</span> <span class='ocrx_word' id='word_1_438' title='bbox 1948 1069 1998 1101; x_wconf 90' lang='lat' dir='ltr'>vel</span> 
     </span>
    </p>

    <p class='ocr_par' dir='ltr' id='par_1_19' title="bbox 1044 1120 1999 1215">
     <span class='ocr_line' id='line_1_60' title="bbox 1044 1120 1999 1163; baseline 0.002 -11"><span class='ocrx_word' id='word_1_439' title='bbox 1044 1120 1138 1159; x_wconf 86' lang='lat' dir='ltr'>dare,</span> <span class='ocrx_word' id='word_1_440' title='bbox 1163 1120 1220 1152; x_wconf 91' lang='lat' dir='ltr'>nisi</span> <span class='ocrx_word' id='word_1_441' title='bbox 1246 1120 1285 1153; x_wconf 89' lang='lat' dir='ltr'>sit</span> <span class='ocrx_word' id='word_1_442' title='bbox 1309 1120 1381 1152; x_wconf 89' lang='lat' dir='ltr'>data</span> <span class='ocrx_word' id='word_1_443' title='bbox 1404 1120 1575 1153; x_wconf 85' lang='lat' dir='ltr'>auctoritas</span> <span class='ocrx_word' id='word_1_444' title='bbox 1600 1130 1618 1152; x_wconf 86' lang='lat' dir='ltr'>a</span> <span class='ocrx_word' id='word_1_445' title='bbox 1643 1121 1776 1153; x_wconf 90' lang='lat' dir='ltr'>Christo.</span> <span class='ocrx_word' id='word_1_446' title='bbox 1803 1122 1837 1153; x_wconf 91' lang='lat' dir='ltr'>Et</span> <span class='ocrx_word' id='word_1_447' title='bbox 1853 1122 1999 1163; x_wconf 26' lang='lat' dir='ltr'>sicrpatet</span> 
     </span>
     <span class='ocr_line' id='line_1_61' title="bbox 1044 1182 1188 1215; baseline -0.014 -9"><span class='ocrx_word' id='word_1_448' title='bbox 1044 1182 1188 1215; x_wconf 88' lang='lat' dir='ltr'>sequens.</span> 
     </span>
    </p>

    <p class='ocr_par' dir='ltr' id='par_1_20' title="bbox 1043 1219 2149 2532">
     <span class='ocr_line' id='line_1_62' title="bbox 1132 1219 2146 1271; baseline 0.003 -13"><span class='ocrx_word' id='word_1_449' title='bbox 1132 1219 1182 1259; x_wconf 44' lang='lat' dir='ltr'>Ad*</span> <span class='ocrx_word' id='word_1_450' title='bbox 1201 1226 1280 1258; x_wconf 90' lang='lat' dir='ltr'>illud</span> <span class='ocrx_word' id='word_1_451' title='bbox 1305 1226 1389 1268; x_wconf 88' lang='lat' dir='ltr'>quod</span> <span class='ocrx_word' id='word_1_452' title='bbox 1414 1227 1579 1268; x_wconf 86' lang='lat' dir='ltr'>quaeritur</span> <span class='ocrx_word' id='word_1_453' title='bbox 1604 1226 1732 1265; x_wconf 85' lang='lat' dir='ltr'>ultimo,</span> <span class='ocrx_word' id='word_1_454' title='bbox 1758 1230 1866 1259; x_wconf 89' lang='lat' dir='ltr'>utrum</span> <span class='ocrx_word' id='word_1_455' title='bbox 1885 1227 1999 1269; x_wconf 86' lang='lat' dir='ltr'>episco-</span> <span class='ocrx_word' id='word_1_456' title='bbox 2013 1240 2047 1271; x_wconf 67' lang='lat' dir='ltr'>aa</span> <span class='ocrx_word' id='word_1_457' title='bbox 2064 1242 2146 1270; x_wconf 76' lang='lat' dir='ltr'>quaest.</span> 
     </span>
     <span class='ocr_line' id='line_1_63' title="bbox 1044 1267 2095 1321; baseline 0.001 -10"><span class='ocrx_word' id='word_1_458' title='bbox 1044 1289 1105 1321; x_wconf 89' lang='lat' dir='ltr'>pus</span> <span class='ocrx_word' id='word_1_459' title='bbox 1140 1279 1238 1320; x_wconf 90' lang='lat' dir='ltr'>possit</span> <span class='ocrx_word' id='word_1_460' title='bbox 1271 1279 1482 1320; x_wconf 83' lang='lat' dir='ltr'>indulgentias</span> <span class='ocrx_word' id='word_1_461' title='bbox 1518 1279 1619 1312; x_wconf 86' lang='lat' dir='ltr'>facere</span> <span class='ocrx_word' id='word_1_462' title='bbox 1656 1280 1686 1311; x_wconf 91' lang='lat' dir='ltr'>in</span> <span class='ocrx_word' id='word_1_463' title='bbox 1722 1279 1823 1312; x_wconf 87' lang='lat' dir='ltr'>aliena</span> <span class='ocrx_word' id='word_1_464' title='bbox 1848 1280 2000 1319; x_wconf 81' lang='lat' dir='ltr'>dioecesi3</span> <span class='ocrx_word' id='word_1_465' title='bbox 2028 1267 2095 1287; x_wconf 46' lang='grc' dir='ltr'>Μὰ·</span> 
     </span>
     <span class='ocr_line' id='line_1_64' title="bbox 1045 1332 2125 1374; baseline 0.002 -10"><span class='ocrx_word' id='word_1_466' title='bbox 1045 1333 1154 1365; x_wconf 90' lang='lat' dir='ltr'>dicunt</span> <span class='ocrx_word' id='word_1_467' title='bbox 1177 1332 1291 1374; x_wconf 84' lang='lat' dir='ltr'>aliqui,</span> <span class='ocrx_word' id='word_1_468' title='bbox 1328 1332 1412 1374; x_wconf 86' lang='lat' dir='ltr'>quod</span> <span class='ocrx_word' id='word_1_469' title='bbox 1448 1332 1529 1364; x_wconf 85' lang='lat' dir='ltr'>sicut</span> <span class='ocrx_word' id='word_1_470' title='bbox 1565 1336 1666 1374; x_wconf 88' lang='lat' dir='ltr'>potest</span> <span class='ocrx_word' id='word_1_471' title='bbox 1702 1333 1799 1374; x_wconf 85' lang='lat' dir='ltr'>ligare</span> <span class='ocrx_word' id='word_1_472' title='bbox 1823 1336 1853 1365; x_wconf 91' lang='lat' dir='ltr'>et</span> <span class='ocrx_word' id='word_1_473' title='bbox 1876 1333 1998 1365; x_wconf 90' lang='lat' dir='ltr'>solvere</span> <span class='ocrx_word' id='word_1_474' title='bbox 2014 1345 2090 1373; x_wconf 85' lang='lat' dir='ltr'>Opinio</span> <span class='ocrx_word' id='word_1_475' title='bbox 2105 1346 2125 1366; x_wconf 84' lang='grc'>1.</span> 
     </span>
     <span class='ocr_line' id='line_1_65' title="bbox 1045 1385 2001 1425; baseline 0.001 -8"><span class='ocrx_word' id='word_1_476' title='bbox 1045 1386 1074 1417; x_wconf 93' lang='grc'>111</span> <span class='ocrx_word' id='word_1_477' title='bbox 1112 1385 1214 1417; x_wconf 88' lang='lat' dir='ltr'>aliena</span> <span class='ocrx_word' id='word_1_478' title='bbox 1250 1385 1383 1418; x_wconf 88' lang='lat' dir='ltr'>dioecesi</span> <span class='ocrx_word' id='word_1_479' title='bbox 1421 1395 1461 1418; x_wconf 88' lang='lat' dir='ltr'>ex</span> <span class='ocrx_word' id='word_1_480' title='bbox 1499 1395 1653 1418; x_wconf 86' lang='lat' dir='ltr'>consensu</span> <span class='ocrx_word' id='word_1_481' title='bbox 1686 1386 1878 1425; x_wconf 85' lang='lat' dir='ltr'>dioecesani,</span> <span class='ocrx_word' id='word_1_482' title='bbox 1904 1387 1946 1418; x_wconf 89' lang='lat' dir='ltr'>ita</span> <span class='ocrx_word' id='word_1_483' title='bbox 1970 1390 2001 1419; x_wconf 88' lang='lat' dir='ltr'>et</span> 
     </span>
     <span class='ocr_line' id='line_1_66' title="bbox 1044 1438 2000 1477; baseline 0.001 -7"><span class='ocrx_word' id='word_1_484' title='bbox 1044 1438 1272 1471; x_wconf 83' lang='lat' dir='ltr'>relaxationem</span> <span class='ocrx_word' id='word_1_485' title='bbox 1297 1439 1417 1477; x_wconf 79' lang='lat' dir='ltr'>facere3</span> <span class='ocrx_word' id='word_1_486' title='bbox 1435 1442 1465 1471; x_wconf 92' lang='lat' dir='ltr'>et</span> <span class='ocrx_word' id='word_1_487' title='bbox 1490 1439 1531 1470; x_wconf 91' lang='lat' dir='ltr'>ita</span> <span class='ocrx_word' id='word_1_488' title='bbox 1556 1439 1637 1471; x_wconf 88' lang='lat' dir='ltr'>duae</span> <span class='ocrx_word' id='word_1_489' title='bbox 1656 1439 1789 1471; x_wconf 87' lang='lat' dir='ltr'>virtutes</span> <span class='ocrx_word' id='word_1_490' title='bbox 1806 1443 2000 1471; x_wconf 86' lang='lat' dir='ltr'>concurrunt</span> 
     </span>
     <span class='ocr_line' id='line_1_67' title="bbox 1044 1492 2001 1533; baseline 0.001 -10"><span class='ocrx_word' id='word_1_491' title='bbox 1044 1492 1075 1523; x_wconf 90' lang='lat' dir='ltr'>in</span> <span class='ocrx_word' id='word_1_492' title='bbox 1100 1501 1214 1530; x_wconf 87' lang='lat' dir='ltr'>unam;</span> <span class='ocrx_word' id='word_1_493' title='bbox 1239 1495 1269 1524; x_wconf 91' lang='lat' dir='ltr'>et</span> <span class='ocrx_word' id='word_1_494' title='bbox 1293 1495 1416 1523; x_wconf 84' lang='lat' dir='ltr'>tantum</span> <span class='ocrx_word' id='word_1_495' title='bbox 1441 1495 1590 1533; x_wconf 81' lang='lat' dir='ltr'>possunt,</span> <span class='ocrx_word' id='word_1_496' title='bbox 1616 1492 1640 1524; x_wconf 86' lang='lat' dir='ltr'>si</span> <span class='ocrx_word' id='word_1_497' title='bbox 1674 1495 1747 1524; x_wconf 86' lang='lat' dir='ltr'>sunt</span> <span class='ocrx_word' id='word_1_498' title='bbox 1771 1492 1880 1529; x_wconf 83' lang='lat' dir='ltr'>multi,</span> <span class='ocrx_word' id='word_1_499' title='bbox 1905 1502 2001 1533; x_wconf 87' lang='lat' dir='ltr'>quan-</span> 
     </span>
     <span class='ocr_line' id='line_1_68' title="bbox 1044 1545 2149 1584; baseline 0.001 -7"><span class='ocrx_word' id='word_1_500' title='bbox 1044 1549 1112 1577; x_wconf 86' lang='lat' dir='ltr'>tum</span> <span class='ocrx_word' id='word_1_501' title='bbox 1137 1545 1162 1577; x_wconf 92' lang='lat' dir='ltr'>si</span> <span class='ocrx_word' id='word_1_502' title='bbox 1187 1554 1270 1577; x_wconf 93' lang='lat' dir='ltr'>unus</span> <span class='ocrx_word' id='word_1_503' title='bbox 1294 1545 1390 1577; x_wconf 89' lang='lat' dir='ltr'>solus.</span> <span class='ocrx_word' id='word_1_504' title='bbox 1414 1563 1458 1568; x_wconf 83' lang='lat'>—</span> <span class='ocrx_word' id='word_1_505' title='bbox 1481 1545 1540 1576; x_wconf 89' lang='lat' dir='ltr'>Sed</span> <span class='ocrx_word' id='word_1_506' title='bbox 1577 1548 1651 1577; x_wconf 88' lang='lat' dir='ltr'>tunc</span> <span class='ocrx_word' id='word_1_507' title='bbox 1688 1553 1748 1576; x_wconf 95' lang='lat' dir='ltr'>non</span> <span class='ocrx_word' id='word_1_508' title='bbox 1781 1545 1907 1577; x_wconf 88' lang='lat' dir='ltr'>videtur</span> <span class='ocrx_word' id='word_1_509' title='bbox 1931 1554 1999 1577; x_wconf 88' lang='lat' dir='ltr'>esse</span> <span class='ocrx_word' id='word_1_510' title='bbox 2010 1557 2149 1584; x_wconf 79' lang='lat' dir='ltr'>improbatur.</span> 
     </span>
     <span class='ocr_line' id='line_1_69' title="bbox 1043 1598 2148 1640; baseline 0.001 -10"><span class='ocrx_word' id='word_1_511' title='bbox 1043 1598 1130 1631; x_wconf 88' lang='lat' dir='ltr'>aliud</span> <span class='ocrx_word' id='word_1_512' title='bbox 1147 1607 1242 1640; x_wconf 88' lang='lat' dir='ltr'>quam</span> <span class='ocrx_word' id='word_1_513' title='bbox 1259 1598 1417 1639; x_wconf 88' lang='lat' dir='ltr'>deceptio,</span> <span class='ocrx_word' id='word_1_514' title='bbox 1435 1598 1458 1630; x_wconf 89' lang='lat' dir='ltr'>si</span> <span class='ocrx_word' id='word_1_515' title='bbox 1478 1598 1537 1630; x_wconf 88' lang='lat' dir='ltr'>hoc</span> <span class='ocrx_word' id='word_1_516' title='bbox 1557 1601 1647 1630; x_wconf 87' lang='lat' dir='ltr'>esset.</span> <span class='ocrx_word' id='word_1_517' title='bbox 1661 1617 1704 1620; x_wconf 89' lang='lat'>—</span> <span class='ocrx_word' id='word_1_518' title='bbox 1717 1598 1790 1630; x_wconf 86' lang='lat' dir='ltr'>[deo</span> <span class='ocrx_word' id='word_1_519' title='bbox 1811 1598 1998 1637; x_wconf 85' lang='lat' dir='ltr'>dicendum,</span> <span class='ocrx_word' id='word_1_520' title='bbox 2014 1610 2096 1640; x_wconf 70' lang='lat' dir='ltr'>soiuuo</span> <span class='ocrx_word' id='word_1_521' title='bbox 2111 1615 2148 1631; x_wconf 83' lang='lat' dir='ltr'>au-</span> 
     </span>
     <span class='ocr_line' id='line_1_70' title="bbox 1044 1639 2102 1693; baseline 0.001 -10"><span class='ocrx_word' id='word_1_522' title='bbox 1044 1652 1129 1693; x_wconf 85' lang='lat' dir='ltr'>quod</span> <span class='ocrx_word' id='word_1_523' title='bbox 1154 1651 1228 1693; x_wconf 86' lang='lat' dir='ltr'>quia</span> <span class='ocrx_word' id='word_1_524' title='bbox 1253 1651 1407 1683; x_wconf 85' lang='lat' dir='ltr'>relaxatio</span> <span class='ocrx_word' id='word_1_525' title='bbox 1432 1651 1506 1683; x_wconf 87' lang='lat' dir='ltr'>dicit</span> <span class='ocrx_word' id='word_1_526' title='bbox 1524 1651 1664 1683; x_wconf 85' lang='lat' dir='ltr'>thesauri</span> <span class='ocrx_word' id='word_1_527' title='bbox 1683 1652 1998 1684; x_wconf 83' lang='lat' dir='ltr'>communicationem</span> <span class='ocrx_word' id='word_1_528' title='bbox 2029 1639 2102 1657; x_wconf 55' lang='lat' dir='ltr'>cmm</span> 
     </span>
     <span class='ocr_line' id='line_1_71' title="bbox 1044 1704 2001 1746; baseline 0.002 -11"><span class='ocrx_word' id='word_1_529' title='bbox 1044 1708 1075 1736; x_wconf 89' lang='lat' dir='ltr'>et</span> <span class='ocrx_word' id='word_1_530' title='bbox 1098 1704 1233 1736; x_wconf 90' lang='lat' dir='ltr'>ulterius</span> <span class='ocrx_word' id='word_1_531' title='bbox 1256 1704 1495 1742; x_wconf 86' lang='lat' dir='ltr'>auctoritatem,</span> <span class='ocrx_word' id='word_1_532' title='bbox 1520 1704 1604 1745; x_wconf 90' lang='lat' dir='ltr'>quod</span> <span class='ocrx_word' id='word_1_533' title='bbox 1629 1705 1796 1746; x_wconf 90' lang='lat' dir='ltr'>episcopus</span> <span class='ocrx_word' id='word_1_534' title='bbox 1831 1705 1861 1736; x_wconf 92' lang='lat' dir='ltr'>in</span> <span class='ocrx_word' id='word_1_535' title='bbox 1890 1705 2001 1737; x_wconf 75' lang='lat' dir='ltr'>aliena</span> 
     </span>
     <span class='ocr_line' id='line_1_72' title="bbox 1045 1756 2002 1797; baseline 0.001 -9"><span class='ocrx_word' id='word_1_536' title='bbox 1045 1756 1178 1788; x_wconf 89' lang='lat' dir='ltr'>dioecesi</span> <span class='ocrx_word' id='word_1_537' title='bbox 1203 1759 1305 1797; x_wconf 87' lang='lat' dir='ltr'>potest</span> <span class='ocrx_word' id='word_1_538' title='bbox 1330 1756 1578 1788; x_wconf 75' lang='lat' dir='ltr'>eowmzam&#39;eare</span> <span class='ocrx_word' id='word_1_539' title='bbox 1595 1756 1680 1788; x_wconf 80' lang='lat' dir='ltr'>bona</span> <span class='ocrx_word' id='word_1_540' title='bbox 1695 1767 1760 1789; x_wconf 73' lang='lat' dir='ltr'>saa</span> <span class='ocrx_word' id='word_1_541' title='bbox 1778 1757 1913 1789; x_wconf 83' lang='lat' dir='ltr'>subditis</span> <span class='ocrx_word' id='word_1_542' title='bbox 1930 1758 2002 1790; x_wconf 88' lang='lat' dir='ltr'>alie-</span> 
     </span>
     <span class='ocr_line' id='line_1_73' title="bbox 1044 1809 2001 1851; baseline 0.002 -11"><span class='ocrx_word' id='word_1_543' title='bbox 1044 1809 1109 1847; x_wconf 89' lang='lat' dir='ltr'>nis,</span> <span class='ocrx_word' id='word_1_544' title='bbox 1135 1809 1233 1846; x_wconf 86' lang='lat' dir='ltr'>bona,</span> <span class='ocrx_word' id='word_1_545' title='bbox 1259 1809 1405 1850; x_wconf 85' lang='lat' dir='ltr'>inquam,</span> <span class='ocrx_word' id='word_1_546' title='bbox 1430 1818 1507 1841; x_wconf 88' lang='lat' dir='ltr'>suae</span> <span class='ocrx_word' id='word_1_547' title='bbox 1531 1809 1700 1848; x_wconf 86' lang='lat' dir='ltr'>dioecesis;</span> <span class='ocrx_word' id='word_1_548' title='bbox 1720 1810 1871 1851; x_wconf 64' lang='lat' dir='ltr'>prop-riis</span> <span class='ocrx_word' id='word_1_549' title='bbox 1894 1814 2001 1843; x_wconf 88' lang='lat' dir='ltr'>autem</span> 
     </span>
     <span class='ocr_line' id='line_1_74' title="bbox 1045 1861 2002 1903; baseline 0.002 -10"><span class='ocrx_word' id='word_1_550' title='bbox 1045 1861 1180 1893; x_wconf 86' lang='lat' dir='ltr'>subditis</span> <span class='ocrx_word' id='word_1_551' title='bbox 1204 1861 1361 1893; x_wconf 66' lang='lat' dir='ltr'>relaxare</span> <span class='ocrx_word' id='word_1_552' title='bbox 1385 1862 1450 1894; x_wconf 86' lang='lat' dir='ltr'>sive</span> <span class='ocrx_word' id='word_1_553' title='bbox 1475 1862 1649 1903; x_wconf 82' lang='lat' dir='ltr'>indulgere.</span> <span class='ocrx_word' id='word_1_554' title='bbox 1676 1863 1762 1895; x_wconf 88' lang='lat' dir='ltr'>Unde</span> <span class='ocrx_word' id='word_1_555' title='bbox 1787 1863 1863 1895; x_wconf 89' lang='lat' dir='ltr'>istae</span> <span class='ocrx_word' id='word_1_556' title='bbox 1880 1864 2002 1896; x_wconf 86' lang='lat' dir='ltr'>relaxa-</span> 
     </span>
     <span class='ocr_line' id='line_1_75' title="bbox 1045 1914 1999 1956; baseline 0.002 -10"><span class='ocrx_word' id='word_1_557' title='bbox 1045 1915 1144 1946; x_wconf 89' lang='lat' dir='ltr'>tiones</span> <span class='ocrx_word' id='word_1_558' title='bbox 1164 1914 1316 1956; x_wconf 71' lang='lat' dir='ltr'>propriis</span> <span class='ocrx_word' id='word_1_559' title='bbox 1339 1914 1481 1947; x_wconf 73' lang='lat' dir='ltr'>subditis</span> <span class='ocrx_word' id='word_1_560' title='bbox 1517 1924 1610 1948; x_wconf 88' lang='lat' dir='ltr'>verae</span> <span class='ocrx_word' id='word_1_561' title='bbox 1647 1919 1720 1948; x_wconf 89' lang='lat' dir='ltr'>sunt</span> <span class='ocrx_word' id='word_1_562' title='bbox 1756 1916 1999 1955; x_wconf 69' lang='lat' dir='ltr'>relaxationes,</span> 
     </span>
     <span class='ocr_line' id='line_1_76' title="bbox 1046 1967 2003 2010; baseline 0.001 -10"><span class='ocrx_word' id='word_1_563' title='bbox 1046 1968 1070 2000; x_wconf 88' lang='lat' dir='ltr'>si</span> <span class='ocrx_word' id='word_1_564' title='bbox 1095 1967 1267 2009; x_wconf 88' lang='lat' dir='ltr'>contingat,</span> <span class='ocrx_word' id='word_1_565' title='bbox 1284 1968 1428 2000; x_wconf 86' lang='lat' dir='ltr'>subditos</span> <span class='ocrx_word' id='word_1_566' title='bbox 1452 1977 1585 2010; x_wconf 84' lang='lat' dir='ltr'>pergere</span> <span class='ocrx_word' id='word_1_567' title='bbox 1609 1969 1649 2000; x_wconf 91' lang='lat' dir='ltr'>ad</span> <span class='ocrx_word' id='word_1_568' title='bbox 1673 1969 1875 2001; x_wconf 87' lang='lat' dir='ltr'>obtinendam</span> <span class='ocrx_word' id='word_1_569' title='bbox 1901 1969 2003 2002; x_wconf 90' lang='lat' dir='ltr'>indul-</span> 
     </span>
     <span class='ocr_line' id='line_1_77' title="bbox 1045 2021 2003 2064; baseline 0.002 -11"><span class='ocrx_word' id='word_1_570' title='bbox 1045 2021 1200 2063; x_wconf 77' lang='lat' dir='ltr'>gentiam,</span> <span class='ocrx_word' id='word_1_571' title='bbox 1224 2030 1320 2063; x_wconf 88' lang='lat' dir='ltr'>quam</span> <span class='ocrx_word' id='word_1_572' title='bbox 1346 2021 1386 2053; x_wconf 86' lang='lat' dir='ltr'>ibi</span> <span class='ocrx_word' id='word_1_573' title='bbox 1412 2021 1485 2054; x_wconf 86' lang='lat' dir='ltr'>facit</span> <span class='ocrx_word' id='word_1_574' title='bbox 1509 2021 1693 2063; x_wconf 70' lang='lat' dir='ltr'>episcopusg</span> <span class='ocrx_word' id='word_1_575' title='bbox 1717 2022 1827 2055; x_wconf 88' lang='lat' dir='ltr'>alienis</span> <span class='ocrx_word' id='word_1_576' title='bbox 1851 2032 1927 2055; x_wconf 85' lang='lat' dir='ltr'>vero</span> <span class='ocrx_word' id='word_1_577' title='bbox 1951 2032 2003 2064; x_wconf 89' lang='lat' dir='ltr'>po-</span> 
     </span>
     <span class='ocr_line' id='line_1_78' title="bbox 1046 2074 2002 2117; baseline 0.001 -11"><span class='ocrx_word' id='word_1_578' title='bbox 1046 2075 1131 2107; x_wconf 87' lang='lat' dir='ltr'>tius⁵</span> <span class='ocrx_word' id='word_1_579' title='bbox 1155 2079 1229 2107; x_wconf 85' lang='lat' dir='ltr'>sunt</span> <span class='ocrx_word' id='word_1_580' title='bbox 1253 2074 1568 2107; x_wconf 73' lang='lat' dir='ltr'>eonmmnz&#39;eacz&#39;ones</span> <span class='ocrx_word' id='word_1_581' title='bbox 1593 2084 1689 2117; x_wconf 87' lang='lat' dir='ltr'>quam</span> <span class='ocrx_word' id='word_1_582' title='bbox 1714 2075 1937 2108; x_wconf 68' lang='lat' dir='ltr'>relaxationes</span> <span class='ocrx_word' id='word_1_583' title='bbox 1958 2095 2002 2099; x_wconf 91' lang='lat'>—</span> 
     </span>
     <span class='ocr_line' id='line_1_79' title="bbox 1047 2128 2003 2170; baseline 0 -9"><span class='ocrx_word' id='word_1_584' title='bbox 1047 2137 1102 2170; x_wconf 90' lang='lat' dir='ltr'>per</span> <span class='ocrx_word' id='word_1_585' title='bbox 1127 2137 1220 2170; x_wconf 89' lang='lat' dir='ltr'>quem</span> <span class='ocrx_word' id='word_1_586' title='bbox 1239 2128 1369 2160; x_wconf 89' lang='lat' dir='ltr'>modum</span> <span class='ocrx_word' id='word_1_587' title='bbox 1387 2128 1533 2166; x_wconf 84' lang='lat' dir='ltr'>abbates,</span> <span class='ocrx_word' id='word_1_588' title='bbox 1557 2128 1689 2169; x_wconf 84' lang='lat' dir='ltr'>priores,</span> <span class='ocrx_word' id='word_1_589' title='bbox 1712 2129 1845 2161; x_wconf 89' lang='lat' dir='ltr'>ministri</span> <span class='ocrx_word' id='word_1_590' title='bbox 1865 2138 2003 2161; x_wconf 89' lang='lat' dir='ltr'>commu-</span> 
     </span>
     <span class='ocr_line' id='line_1_80' title="bbox 1046 2181 2002 2223; baseline 0.001 -10"><span class='ocrx_word' id='word_1_591' title='bbox 1046 2182 1151 2214; x_wconf 85' lang='lat' dir='ltr'>nicant</span> <span class='ocrx_word' id='word_1_592' title='bbox 1174 2181 1256 2213; x_wconf 82' lang='lat' dir='ltr'>bona</span> <span class='ocrx_word' id='word_1_593' title='bbox 1280 2181 1328 2213; x_wconf 89' lang='lat' dir='ltr'>sui</span> <span class='ocrx_word' id='word_1_594' title='bbox 1354 2181 1474 2223; x_wconf 87' lang='lat' dir='ltr'>collegii</span> <span class='ocrx_word' id='word_1_595' title='bbox 1492 2201 1535 2204; x_wconf 86' lang='lat'><strong>—</strong></span> <span class='ocrx_word' id='word_1_596' title='bbox 1551 2182 1610 2214; x_wconf 91' lang='lat' dir='ltr'>nisi</span> <span class='ocrx_word' id='word_1_597' title='bbox 1634 2182 1714 2214; x_wconf 84' lang='lat' dir='ltr'>forte</span> <span class='ocrx_word' id='word_1_598' title='bbox 1739 2182 1798 2214; x_wconf 88' lang='lat' dir='ltr'>hoc</span> <span class='ocrx_word' id='word_1_599' title='bbox 1815 2183 1854 2214; x_wconf 87' lang='lat' dir='ltr'>sit</span> <span class='ocrx_word' id='word_1_600' title='bbox 1871 2191 1910 2214; x_wconf 86' lang='lat' dir='ltr'>ex</span> <span class='ocrx_word' id='word_1_601' title='bbox 1933 2192 2002 2215; x_wconf 89' lang='lat' dir='ltr'>con-</span> 
     </span>
     <span class='ocr_line' id='line_1_81' title="bbox 1045 2234 2002 2276; baseline 0.001 -10"><span class='ocrx_word' id='word_1_602' title='bbox 1045 2243 1141 2267; x_wconf 89' lang='lat' dir='ltr'>sensu</span> <span class='ocrx_word' id='word_1_603' title='bbox 1165 2238 1195 2266; x_wconf 90' lang='lat' dir='ltr'>et</span> <span class='ocrx_word' id='word_1_604' title='bbox 1219 2234 1380 2266; x_wconf 88' lang='lat' dir='ltr'>voluntate</span> <span class='ocrx_word' id='word_1_605' title='bbox 1415 2234 1535 2276; x_wconf 89' lang='lat' dir='ltr'>proprii</span> <span class='ocrx_word' id='word_1_606' title='bbox 1571 2234 1718 2276; x_wconf 87' lang='lat' dir='ltr'>episcopi.</span> <span class='ocrx_word' id='word_1_607' title='bbox 1745 2235 1778 2266; x_wconf 80' lang='lat' dir='ltr'>Et</span> <span class='ocrx_word' id='word_1_608' title='bbox 1803 2236 1861 2267; x_wconf 89' lang='lat' dir='ltr'>hoc</span> <span class='ocrx_word' id='word_1_609' title='bbox 1886 2235 2002 2267; x_wconf 83' lang='lat' dir='ltr'>dicitur</span> 
     </span>
     <span class='ocr_line' id='line_1_82' title="bbox 1046 2287 2001 2328; baseline 0.002 -10"><span class='ocrx_word' id='word_1_610' title='bbox 1046 2288 1085 2320; x_wconf 86' lang='lat' dir='ltr'>de</span> <span class='ocrx_word' id='word_1_611' title='bbox 1122 2287 1319 2320; x_wconf 87' lang='lat' dir='ltr'>Poenitentiis</span> <span class='ocrx_word' id='word_1_612' title='bbox 1347 2291 1377 2320; x_wconf 93' lang='lat' dir='ltr'>et</span> <span class='ocrx_word' id='word_1_613' title='bbox 1409 2288 1685 2320; x_wconf 74' lang='lat' dir='ltr'>remissionibus⁶z</span> <span class='ocrx_word' id='word_1_614' title='bbox 1722 2300 1737 2317; x_wconf 86' lang='lat'>«</span> <span class='ocrx_word' id='word_1_615' title='bbox 1763 2288 1857 2328; x_wconf 76' lang='lat' dir='ltr'>ancl</span> <span class='ocrx_word' id='word_1_616' title='bbox 1890 2292 2001 2320; x_wconf 75' lang='lat' dir='ltr'>autem</span> 
     </span>
     <span class='ocr_line' id='line_1_83' title="bbox 1046 2340 2001 2379; baseline 0.001 -7"><span class='ocrx_word' id='word_1_617' title='bbox 1046 2340 1244 2373; x_wconf 74' lang='lat' dir='ltr'>consuluisti</span> <span class='ocrx_word' id='word_1_618' title='bbox 1255 2353 1287 2379; x_wconf 87' lang='lat'>»,</span> <span class='ocrx_word' id='word_1_619' title='bbox 1312 2344 1343 2373; x_wconf 89' lang='lat' dir='ltr'>et</span> <span class='ocrx_word' id='word_1_620' title='bbox 1372 2341 1468 2372; x_wconf 86' lang='lat' dir='ltr'>infra:</span> <span class='ocrx_word' id='word_1_621' title='bbox 1500 2341 1611 2373; x_wconf 77' lang='lat' dir='ltr'>«Cam</span> <span class='ocrx_word' id='word_1_622' title='bbox 1647 2351 1669 2373; x_wconf 84' lang='lat' dir='ltr'>a</span> <span class='ocrx_word' id='word_1_623' title='bbox 1704 2351 1770 2372; x_wconf 74' lang='grc' dir='ltr'>11οη</span> <span class='ocrx_word' id='word_1_624' title='bbox 1796 2351 1857 2373; x_wconf 73' lang='lat' dir='ltr'>suo</span> <span class='ocrx_word' id='word_1_625' title='bbox 1894 2341 2001 2373; x_wconf 71' lang='lat' dir='ltr'>iudice</span> 
     </span>
     <span class='ocr_line' id='line_1_84' title="bbox 1046 2393 2000 2435; baseline 0 -10"><span class='ocrx_word' id='word_1_626' title='bbox 1046 2394 1136 2435; x_wconf 87' lang='lat' dir='ltr'>ligari</span> <span class='ocrx_word' id='word_1_627' title='bbox 1172 2393 1281 2426; x_wconf 89' lang='lat' dir='ltr'>nullus</span> <span class='ocrx_word' id='word_1_628' title='bbox 1316 2393 1419 2426; x_wconf 87' lang='lat' dir='ltr'>valeat</span> <span class='ocrx_word' id='word_1_629' title='bbox 1454 2393 1503 2426; x_wconf 89' lang='lat' dir='ltr'>vel</span> <span class='ocrx_word' id='word_1_630' title='bbox 1539 2393 1676 2432; x_wconf 86' lang='lat' dir='ltr'>absolvi,</span> <span class='ocrx_word' id='word_1_631' title='bbox 1702 2394 1902 2426; x_wconf 82' lang='lat' dir='ltr'>remissiones</span> <span class='ocrx_word' id='word_1_632' title='bbox 1938 2394 2000 2426; x_wconf 86' lang='grc'><strong>11115</strong></span> 
     </span>
     <span class='ocr_line' id='line_1_85' title="bbox 1047 2447 2000 2489; baseline 0.001 -11"><span class='ocrx_word' id='word_1_633' title='bbox 1047 2447 1196 2488; x_wconf 89' lang='lat' dir='ltr'>prodesse</span> <span class='ocrx_word' id='word_1_634' title='bbox 1232 2447 1450 2479; x_wconf 86' lang='lat' dir='ltr'>tantummodo</span> <span class='ocrx_word' id='word_1_635' title='bbox 1486 2447 1698 2486; x_wconf 84' lang='lat' dir='ltr'>arbitramur,</span> <span class='ocrx_word' id='word_1_636' title='bbox 1728 2447 1844 2488; x_wconf 88' lang='lat' dir='ltr'>quibus</span> <span class='ocrx_word' id='word_1_637' title='bbox 1880 2447 2000 2489; x_wconf 85' lang='lat' dir='ltr'>proprii</span> 
     </span>
     <span class='ocr_line' id='line_1_86' title="bbox 1048 2499 1437 2532; baseline 0 -2"><span class='ocrx_word' id='word_1_638' title='bbox 1048 2499 1167 2531; x_wconf 88' lang='lat' dir='ltr'>iudices</span> <span class='ocrx_word' id='word_1_639' title='bbox 1192 2499 1437 2532; x_wconf 82' lang='lat' dir='ltr'>indulserunt».</span> 
     </span>
    </p>
   </div>
   <div class='ocr_carea' id='block_1_7' title="bbox 868 2629 1163 2669">
    <p class='ocr_par' dir='ltr' id='par_1_21' title="bbox 868 2629 1163 2669">
     <span class='ocr_line' id='line_1_87' title="bbox 868 2629 1163 2669; baseline 0 0"><span class='ocrx_word' id='word_1_640' title='bbox 868 2629 1163 2669; x_wconf 77' lang='lat' dir='ltr'>SOHOLION.</span> 
     </span>
    </p>
   </div>
   <div class='ocr_carea' id='block_1_8' title="bbox 35 2744 985 2954">
    <p class='ocr_par' dir='ltr' id='par_1_22' title="bbox 35 2744 985 2954">
     <span class='ocr_line' id='line_1_88' title="bbox 102 2744 984 2778; baseline -0.003 -7"><span class='ocrx_word' id='word_1_641' title='bbox 102 2746 118 2770; x_wconf 91' lang='lat' dir='ltr'>l.</span> <span class='ocrx_word' id='word_1_642' title='bbox 138 2746 213 2778; x_wconf 82' lang='lat' dir='ltr'>Quod</span> <span class='ocrx_word' id='word_1_643' title='bbox 233 2747 357 2771; x_wconf 79' lang='lat' dir='ltr'>Summus</span> <span class='ocrx_word' id='word_1_644' title='bbox 376 2746 487 2770; x_wconf 81' lang='lat' dir='ltr'>Pontifex</span> <span class='ocrx_word' id='word_1_645' title='bbox 501 2745 645 2770; x_wconf 85' lang='lat' dir='ltr'>secundum</span> <span class='ocrx_word' id='word_1_646' title='bbox 667 2744 854 2776; x_wconf 84' lang='lat' dir='ltr'>plenitudinem</span> <span class='ocrx_word' id='word_1_647' title='bbox 874 2747 984 2775; x_wconf 66' lang='lat' dir='ltr'>potesla-</span> 
     </span>
     <span class='ocr_line' id='line_1_89' title="bbox 35 2789 984 2822; baseline -0.002 -8"><span class='ocrx_word' id='word_1_648' title='bbox 35 2790 65 2814; x_wconf 83' lang='lat' dir='ltr'>tis</span> <span class='ocrx_word' id='word_1_649' title='bbox 78 2792 103 2815; x_wconf 90' lang='lat' dir='ltr'>et</span> <span class='ocrx_word' id='word_1_650' title='bbox 116 2791 213 2822; x_wconf 59' lang='lat' dir='ltr'>singuli*</span> <span class='ocrx_word' id='word_1_651' title='bbox 223 2791 338 2822; x_wconf 73' lang='lat' dir='ltr'>episcopi</span> <span class='ocrx_word' id='word_1_652' title='bbox 352 2790 496 2815; x_wconf 88' lang='lat' dir='ltr'>secundum</span> <span class='ocrx_word' id='word_1_653' title='bbox 509 2790 685 2815; x_wconf 82' lang='lat' dir='ltr'>limitationem</span> <span class='ocrx_word' id='word_1_654' title='bbox 705 2795 833 2814; x_wconf 86' lang='lat' dir='ltr'>canonum</span> <span class='ocrx_word' id='word_1_655' title='bbox 854 2789 984 2813; x_wconf 78' lang='lat' dir='ltr'>exclusive</span> 
     </span>
     <span class='ocr_line' id='line_1_90' title="bbox 36 2833 985 2865; baseline -0.003 -6"><span class='ocrx_word' id='word_1_656' title='bbox 36 2835 132 2864; x_wconf 81' lang='lat' dir='ltr'>possint</span> <span class='ocrx_word' id='word_1_657' title='bbox 151 2834 292 2859; x_wconf 82' lang='lat' dir='ltr'>concedere</span> <span class='ocrx_word' id='word_1_658' title='bbox 318 2834 503 2865; x_wconf 38' lang='lat' dir='ltr'>indulgentias</span> <span class='ocrx_word' id='word_1_659' title='bbox 524 2833 632 2858; x_wconf 80' lang='lat' dir='ltr'>docetur</span> <span class='ocrx_word' id='word_1_660' title='bbox 651 2834 728 2857; x_wconf 83' lang='lat' dir='ltr'>etiam</span> <span class='ocrx_word' id='word_1_661' title='bbox 749 2833 773 2857; x_wconf 90' lang='lat' dir='ltr'>in</span> <span class='ocrx_word' id='word_1_662' title='bbox 794 2839 870 2863; x_wconf 88' lang='lat' dir='ltr'>prop.</span> <span class='ocrx_word' id='word_1_663' title='bbox 893 2833 933 2856; x_wconf 71' lang='lat'>⁶26.</span> <span class='ocrx_word' id='word_1_664' title='bbox 960 2835 985 2857; x_wconf 88' lang='lat' dir='ltr'>et</span> 
     </span>
     <span class='ocr_line' id='line_1_91' title="bbox 36 2876 985 2909; baseline -0.002 -7"><span class='ocrx_word' id='word_1_665' title='bbox 36 2878 76 2902; x_wconf 81' lang='lat'>28.</span> <span class='ocrx_word' id='word_1_666' title='bbox 102 2879 166 2904; x_wconf 85' lang='lat' dir='ltr'>inter</span> <span class='ocrx_word' id='word_1_667' title='bbox 191 2880 242 2904; x_wconf 85' lang='lat' dir='ltr'>citt.</span> <span class='ocrx_word' id='word_1_668' title='bbox 263 2879 295 2903; x_wconf 83' lang='lat'>39</span> <span class='ocrx_word' id='word_1_669' title='bbox 329 2878 450 2903; x_wconf 81' lang='lat' dir='ltr'>articulos</span> <span class='ocrx_word' id='word_1_670' title='bbox 474 2877 660 2909; x_wconf 81' lang='lat' dir='ltr'>proponendos</span> <span class='ocrx_word' id='word_1_671' title='bbox 690 2877 793 2902; x_wconf 80' lang='lat' dir='ltr'>asseclis</span> <span class='ocrx_word' id='word_1_672' title='bbox 821 2876 936 2901; x_wconf 82' lang='lat' dir='ltr'>Wikleffi</span> <span class='ocrx_word' id='word_1_673' title='bbox 961 2878 985 2901; x_wconf 87' lang='lat' dir='ltr'>et</span> 
     </span>
     <span class='ocr_line' id='line_1_92' title="bbox 35 2920 667 2954; baseline 0.002 -9"><span class='ocrx_word' id='word_1_674' title='bbox 35 2920 131 2954; x_wconf 80' lang='lat' dir='ltr'>Hussii,</span> <span class='ocrx_word' id='word_1_675' title='bbox 151 2926 175 2947; x_wconf 97' lang='grc'>61</span> <span class='ocrx_word' id='word_1_676' title='bbox 194 2923 219 2947; x_wconf 88' lang='grc'>111</span> <span class='ocrx_word' id='word_1_677' title='bbox 239 2929 313 2954; x_wconf 87' lang='lat' dir='ltr'>prop.</span> <span class='ocrx_word' id='word_1_678' title='bbox 336 2923 375 2947; x_wconf 83' lang='grc'>13,</span> <span class='ocrx_word' id='word_1_679' title='bbox 396 2922 499 2947; x_wconf 87' lang='lat' dir='ltr'>Lutheri</span> <span class='ocrx_word' id='word_1_680' title='bbox 520 2921 667 2953; x_wconf 83' lang='lat' dir='ltr'>reprobata.</span> 
     </span>
    </p>
   </div>
   <div class='ocr_carea' id='block_1_9' title="bbox 34 3080 985 3421">
    <p class='ocr_par' dir='ltr' id='par_1_23' title="bbox 34 3080 982 3156">
     <span class='ocr_line' id='line_1_93' title="bbox 105 3080 982 3114; baseline -0.001 -8"><span class='ocrx_word' id='word_1_681' title='bbox 105 3080 112 3096; x_wconf 85' lang='lat'>¹</span> <span class='ocrx_word' id='word_1_682' title='bbox 134 3080 182 3106; x_wconf 84' lang='lat' dir='ltr'>Ct&#39;r.</span> <span class='ocrx_word' id='word_1_683' title='bbox 203 3081 229 3106; x_wconf 89' lang='lat' dir='ltr'>C.</span> <span class='ocrx_word' id='word_1_684' title='bbox 249 3081 436 3108; x_wconf 64' lang='lat' dir='ltr'>„decedentibus</span> <span class='ocrx_word' id='word_1_685' title='bbox 456 3081 492 3107; x_wconf 79' lang='lat' dir='ltr'>acl</span> <span class='ocrx_word' id='word_1_686' title='bbox 504 3088 552 3107; x_wconf 76' lang='lat' dir='ltr'>nos</span> <span class='ocrx_word' id='word_1_687' title='bbox 566 3081 638 3114; x_wconf 57' lang='lat'>(12),</span> <span class='ocrx_word' id='word_1_688' title='bbox 652 3081 685 3105; x_wconf 79' lang='lat' dir='ltr'>X.</span> <span class='ocrx_word' id='word_1_689' title='bbox 700 3081 732 3106; x_wconf 89' lang='lat' dir='ltr'>de</span> <span class='ocrx_word' id='word_1_690' title='bbox 745 3081 898 3106; x_wconf 73' lang='lat' dir='ltr'>Excessibus</span> <span class='ocrx_word' id='word_1_691' title='bbox 912 3088 982 3112; x_wconf 87' lang='lat' dir='ltr'>prae-</span> 
     </span>
     <span class='ocr_line' id='line_1_94' title="bbox 34 3123 405 3156; baseline 0.005 -8"><span class='ocrx_word' id='word_1_692' title='bbox 34 3123 143 3149; x_wconf 84' lang='lat' dir='ltr'>latorum</span> <span class='ocrx_word' id='word_1_693' title='bbox 163 3125 216 3155; x_wconf 82' lang='lat' dir='ltr'>(lib.</span> <span class='ocrx_word' id='word_1_694' title='bbox 238 3125 267 3150; x_wconf 87' lang='lat' dir='ltr'>V.</span> <span class='ocrx_word' id='word_1_695' title='bbox 288 3127 322 3150; x_wconf 85' lang='lat' dir='ltr'>tit.</span> <span class='ocrx_word' id='word_1_696' title='bbox 343 3126 405 3156; x_wconf 66' lang='lat' dir='ltr'>St).</span> 
     </span>
    </p>

    <p class='ocr_par' dir='ltr' id='par_1_24' title="bbox 35 3168 985 3333">
     <span class='ocr_line' id='line_1_95' title="bbox 105 3168 983 3202; baseline -0.001 -8"><span class='ocrx_word' id='word_1_697' title='bbox 105 3168 115 3183; x_wconf 77' lang='lat'><strong>²</strong></span> <span class='ocrx_word' id='word_1_698' title='bbox 135 3169 264 3200; x_wconf 81' lang='lat' dir='ltr'>Bernard.,</span> <span class='ocrx_word' id='word_1_699' title='bbox 286 3170 310 3194; x_wconf 92' lang='lat' dir='ltr'>ll.</span> <span class='ocrx_word' id='word_1_700' title='bbox 331 3170 363 3195; x_wconf 89' lang='lat' dir='ltr'>de</span> <span class='ocrx_word' id='word_1_701' title='bbox 383 3169 541 3195; x_wconf 85' lang='lat' dir='ltr'>Considerat.</span> <span class='ocrx_word' id='word_1_702' title='bbox 568 3176 589 3194; x_wconf 89' lang='lat' dir='ltr'>c.</span> <span class='ocrx_word' id='word_1_703' title='bbox 619 3169 642 3193; x_wconf 82' lang='lat'>8.</span> <span class='ocrx_word' id='word_1_704' title='bbox 662 3175 686 3193; x_wconf 93' lang='lat' dir='ltr'>n.</span> <span class='ocrx_word' id='word_1_705' title='bbox 709 3169 753 3193; x_wconf 74' lang='grc' dir='ltr'>Ἰθε</span> <span class='ocrx_word' id='word_1_706' title='bbox 774 3169 819 3193; x_wconf 71' lang='lat' dir='ltr'>Alii</span> <span class='ocrx_word' id='word_1_707' title='bbox 840 3168 983 3202; x_wconf 82' lang='lat' dir='ltr'>[episcopi]</span> 
     </span>
     <span class='ocr_line' id='line_1_96' title="bbox 37 3205 984 3245; baseline 0.002 -9"><span class='ocrx_word' id='word_1_708' title='bbox 37 3212 61 3236; x_wconf 91' lang='lat' dir='ltr'>in</span> <span class='ocrx_word' id='word_1_709' title='bbox 81 3205 179 3243; x_wconf 80' lang='lat' dir='ltr'>partem</span> <span class='ocrx_word' id='word_1_710' title='bbox 199 3214 387 3245; x_wconf 77' lang='lat' dir='ltr'>sollicitudinis,</span> <span class='ocrx_word' id='word_1_711' title='bbox 409 3217 434 3238; x_wconf 91' lang='lat' dir='ltr'>tu</span> <span class='ocrx_word' id='word_1_712' title='bbox 455 3215 479 3238; x_wconf 91' lang='lat' dir='ltr'>in</span> <span class='ocrx_word' id='word_1_713' title='bbox 509 3213 695 3244; x_wconf 84' lang='lat' dir='ltr'>plenitudinem</span> <span class='ocrx_word' id='word_1_714' title='bbox 725 3214 857 3243; x_wconf 83' lang='lat' dir='ltr'>potestatis</span> <span class='ocrx_word' id='word_1_715' title='bbox 876 3216 984 3238; x_wconf 77' lang='lat' dir='ltr'>vocatus</span> 
     </span>
     <span class='ocr_line' id='line_1_97' title="bbox 35 3256 985 3288; baseline 0.002 -8"><span class='ocrx_word' id='word_1_716' title='bbox 35 3261 72 3280; x_wconf 73' lang='lat' dir='ltr'>es.</span> <span class='ocrx_word' id='word_1_717' title='bbox 91 3256 204 3282; x_wconf 75' lang='lat' dir='ltr'>Aliorum</span> <span class='ocrx_word' id='word_1_718' title='bbox 225 3261 337 3288; x_wconf 77' lang='lat' dir='ltr'>potestas</span> <span class='ocrx_word' id='word_1_719' title='bbox 357 3259 432 3283; x_wconf 81' lang='lat' dir='ltr'>certis</span> <span class='ocrx_word' id='word_1_720' title='bbox 451 3260 563 3282; x_wconf 78' lang='lat' dir='ltr'>arctatur</span> <span class='ocrx_word' id='word_1_721' title='bbox 582 3257 717 3288; x_wconf 79' lang='lat' dir='ltr'>limitibus,</span> <span class='ocrx_word' id='word_1_722' title='bbox 741 3259 783 3281; x_wconf 84' lang='lat' dir='ltr'>tua</span> <span class='ocrx_word' id='word_1_723' title='bbox 803 3257 947 3282; x_wconf 85' lang='lat' dir='ltr'>extenditur</span> <span class='ocrx_word' id='word_1_724' title='bbox 960 3260 985 3282; x_wconf 84' lang='lat' dir='ltr'>ct</span> 
     </span>
     <span class='ocr_line' id='line_1_98' title="bbox 36 3300 822 3333; baseline 0.004 -10"><span class='ocrx_word' id='word_1_725' title='bbox 36 3300 63 3324; x_wconf 84' lang='lat' dir='ltr'>in</span> <span class='ocrx_word' id='word_1_726' title='bbox 82 3300 164 3332; x_wconf 87' lang='lat' dir='ltr'>ipsos,</span> <span class='ocrx_word' id='word_1_727' title='bbox 184 3302 226 3333; x_wconf 88' lang='lat' dir='ltr'>qui</span> <span class='ocrx_word' id='word_1_728' title='bbox 247 3305 398 3332; x_wconf 77' lang='lat' dir='ltr'>potestatem</span> <span class='ocrx_word' id='word_1_729' title='bbox 419 3308 498 3332; x_wconf 85' lang='lat' dir='ltr'>super</span> <span class='ocrx_word' id='word_1_730' title='bbox 517 3301 579 3326; x_wconf 86' lang='lat' dir='ltr'>alios</span> <span class='ocrx_word' id='word_1_731' title='bbox 599 3303 755 3332; x_wconf 78' lang='lat' dir='ltr'>acceperunt</span> <span class='ocrx_word' id='word_1_732' title='bbox 772 3304 822 3326; x_wconf 86' lang='lat' dir='ltr'>etc.</span> 
     </span>
    </p>

    <p class='ocr_par' dir='ltr' id='par_1_25' title="bbox 105 3343 511 3371">
     <span class='ocr_line' id='line_1_99' title="bbox 105 3343 511 3371; baseline 0.002 -3"><span class='ocrx_word' id='word_1_733' title='bbox 105 3343 117 3360; x_wconf 83' lang='lat'>³</span> <span class='ocrx_word' id='word_1_734' title='bbox 135 3343 215 3369; x_wconf 89' lang='lat' dir='ltr'>Codd.</span> <span class='ocrx_word' id='word_1_735' title='bbox 236 3345 286 3370; x_wconf 79' lang='grc' dir='ltr'>ΑΗ</span> <span class='ocrx_word' id='word_1_736' title='bbox 306 3344 511 3371; x_wconf 72' lang='lat' dir='ltr'>communicare.</span> 
     </span>
    </p>

    <p class='ocr_par' dir='ltr' id='par_1_26' title="bbox 109 3385 985 3421">
     <span class='ocr_line' id='line_1_100' title="bbox 109 3385 985 3421; baseline 0.002 -10"><span class='ocrx_word' id='word_1_737' title='bbox 109 3385 119 3402; x_wconf 87' lang='lat'>⁴</span> <span class='ocrx_word' id='word_1_738' title='bbox 137 3387 213 3419; x_wconf 85' lang='lat' dir='ltr'>Epist.</span> <span class='ocrx_word' id='word_1_739' title='bbox 234 3389 249 3413; x_wconf 90' lang='lat'>1.</span> <span class='ocrx_word' id='word_1_740' title='bbox 269 3388 326 3414; x_wconf 91' lang='lat' dir='ltr'>Cor.</span> <span class='ocrx_word' id='word_1_741' title='bbox 347 3389 375 3421; x_wconf 81' lang='lat'>3,</span> <span class='ocrx_word' id='word_1_742' title='bbox 396 3389 437 3413; x_wconf 78' lang='lat'>22.</span> <span class='ocrx_word' id='word_1_743' title='bbox 458 3395 527 3420; x_wconf 84' lang='lat' dir='ltr'>seq.:</span> <span class='ocrx_word' id='word_1_744' title='bbox 547 3387 637 3413; x_wconf 83' lang='lat' dir='ltr'>Omnia</span> <span class='ocrx_word' id='word_1_745' title='bbox 657 3388 726 3413; x_wconf 90' lang='lat' dir='ltr'>enim</span> <span class='ocrx_word' id='word_1_746' title='bbox 746 3391 831 3413; x_wconf 84' lang='lat' dir='ltr'>vestra</span> <span class='ocrx_word' id='word_1_747' title='bbox 850 3390 923 3420; x_wconf 84' lang='lat' dir='ltr'>sunt;</span> <span class='ocrx_word' id='word_1_748' title='bbox 936 3395 985 3413; x_wconf 87' lang='lat' dir='ltr'>vos</span> 
     </span>
    </p>
   </div>
   <div class='ocr_carea' id='block_1_10' title="bbox 1048 2743 2001 2953">
    <p class='ocr_par' dir='ltr' id='par_1_27' title="bbox 1048 2743 2001 2953">
     <span class='ocr_line' id='line_1_101' title="bbox 1120 2743 1999 2777; baseline 0.002 -9"><span class='ocrx_word' id='word_1_749' title='bbox 1120 2744 1154 2768; x_wconf 83' lang='lat' dir='ltr'>De</span> <span class='ocrx_word' id='word_1_750' title='bbox 1173 2743 1265 2769; x_wconf 84' lang='lat' dir='ltr'>eadem</span> <span class='ocrx_word' id='word_1_751' title='bbox 1285 2744 1448 2776; x_wconf 82' lang='lat' dir='ltr'>quaestione:</span> <span class='ocrx_word' id='word_1_752' title='bbox 1469 2744 1540 2768; x_wconf 71' lang='lat' dir='ltr'>Alex.</span> <span class='ocrx_word' id='word_1_753' title='bbox 1566 2744 1635 2775; x_wconf 64' lang='lat' dir='ltr'>Hah,</span> <span class='ocrx_word' id='word_1_754' title='bbox 1655 2744 1681 2769; x_wconf 83' lang='lat' dir='ltr'>S.</span> <span class='ocrx_word' id='word_1_755' title='bbox 1703 2752 1728 2775; x_wconf 88' lang='lat' dir='ltr'>p.</span> <span class='ocrx_word' id='word_1_756' title='bbox 1751 2745 1791 2769; x_wconf 90' lang='lat' dir='ltr'>1V.</span> <span class='ocrx_word' id='word_1_757' title='bbox 1812 2752 1835 2777; x_wconf 86' lang='lat' dir='ltr'>q.</span> <span class='ocrx_word' id='word_1_758' title='bbox 1858 2745 1899 2769; x_wconf 79' lang='lat'>23.</span> <span class='ocrx_word' id='word_1_759' title='bbox 1920 2752 1954 2770; x_wconf 78' lang='lat' dir='ltr'>ni.</span> <span class='ocrx_word' id='word_1_760' title='bbox 1975 2746 1999 2771; x_wconf 84' lang='lat'>3.</span> 
     </span>
     <span class='ocr_line' id='line_1_102' title="bbox 1048 2787 1999 2822; baseline 0.002 -10"><span class='ocrx_word' id='word_1_761' title='bbox 1048 2803 1082 2806; x_wconf 83' lang='lat'>-—</span> <span class='ocrx_word' id='word_1_762' title='bbox 1102 2789 1126 2812; x_wconf 82' lang='lat' dir='ltr'>S.</span> <span class='ocrx_word' id='word_1_763' title='bbox 1146 2788 1246 2819; x_wconf 64' lang='lat' dir='ltr'>Thom.y</span> <span class='ocrx_word' id='word_1_764' title='bbox 1266 2789 1308 2812; x_wconf 83' lang='lat' dir='ltr'>hic</span> <span class='ocrx_word' id='word_1_765' title='bbox 1327 2795 1351 2819; x_wconf 87' lang='lat' dir='ltr'>q.</span> <span class='ocrx_word' id='word_1_766' title='bbox 1375 2788 1396 2812; x_wconf 87' lang='lat' dir='ltr'>l.</span> <span class='ocrx_word' id='word_1_767' title='bbox 1417 2795 1440 2812; x_wconf 89' lang='lat' dir='ltr'>a.</span> <span class='ocrx_word' id='word_1_768' title='bbox 1463 2787 1486 2812; x_wconf 70' lang='lat'>4..</span> <span class='ocrx_word' id='word_1_769' title='bbox 1507 2789 1666 2820; x_wconf 86' lang='lat' dir='ltr'>quaestiunc.</span> <span class='ocrx_word' id='word_1_770' title='bbox 1682 2789 1705 2813; x_wconf 59' lang='grc'>11.</span> <span class='ocrx_word' id='word_1_771' title='bbox 1720 2789 1743 2813; x_wconf 73' lang='lat'>2.</span> <span class='ocrx_word' id='word_1_772' title='bbox 1759 2790 1786 2819; x_wconf 85' lang='lat'>3;</span> <span class='ocrx_word' id='word_1_773' title='bbox 1808 2790 1897 2821; x_wconf 80' lang='lat' dir='ltr'>Suppl.</span> <span class='ocrx_word' id='word_1_774' title='bbox 1918 2797 1942 2822; x_wconf 86' lang='lat' dir='ltr'>q.</span> <span class='ocrx_word' id='word_1_775' title='bbox 1959 2790 1999 2815; x_wconf 82' lang='lat'>26.</span> 
     </span>
     <span class='ocr_line' id='line_1_103' title="bbox 1048 2831 2001 2865; baseline 0.002 -9"><span class='ocrx_word' id='word_1_776' title='bbox 1048 2839 1071 2857; x_wconf 87' lang='lat' dir='ltr'>a.</span> <span class='ocrx_word' id='word_1_777' title='bbox 1095 2833 1117 2857; x_wconf 81' lang='lat' dir='ltr'>l.</span> <span class='ocrx_word' id='word_1_778' title='bbox 1139 2833 1162 2857; x_wconf 76' lang='lat'>2.</span> <span class='ocrx_word' id='word_1_779' title='bbox 1183 2832 1205 2856; x_wconf 87' lang='lat'>3.</span> <span class='ocrx_word' id='word_1_780' title='bbox 1227 2846 1260 2849; x_wconf 89' lang='lat'>—</span> <span class='ocrx_word' id='word_1_781' title='bbox 1279 2832 1305 2856; x_wconf 85' lang='grc' dir='ltr'><strong>Β.</strong></span> <span class='ocrx_word' id='word_1_782' title='bbox 1326 2831 1430 2863; x_wconf 80' lang='lat' dir='ltr'>Albert.,</span> <span class='ocrx_word' id='word_1_783' title='bbox 1450 2832 1492 2856; x_wconf 88' lang='lat' dir='ltr'>hic</span> <span class='ocrx_word' id='word_1_784' title='bbox 1521 2839 1542 2856; x_wconf 82' lang='lat' dir='ltr'>a.</span> <span class='ocrx_word' id='word_1_785' title='bbox 1569 2832 1653 2856; x_wconf 64' lang='grc' dir='ltr'><strong>20-Ξῖ.</strong></span> <span class='ocrx_word' id='word_1_786' title='bbox 1675 2846 1707 2849; x_wconf 85' lang='lat'>——</span> <span class='ocrx_word' id='word_1_787' title='bbox 1728 2833 1792 2858; x_wconf 79' lang='lat' dir='ltr'>Petr.</span> <span class='ocrx_word' id='word_1_788' title='bbox 1822 2840 1835 2857; x_wconf 90' lang='lat' dir='ltr'>a</span> <span class='ocrx_word' id='word_1_789' title='bbox 1862 2833 1930 2865; x_wconf 62' lang='lat' dir='ltr'>Tar„</span> <span class='ocrx_word' id='word_1_790' title='bbox 1960 2835 2001 2859; x_wconf 89' lang='lat' dir='ltr'>hic</span> 
     </span>
     <span class='ocr_line' id='line_1_104' title="bbox 1049 2875 1999 2908; baseline 0.002 -8"><span class='ocrx_word' id='word_1_791' title='bbox 1049 2883 1072 2908; x_wconf 88' lang='lat' dir='ltr'>q.</span> <span class='ocrx_word' id='word_1_792' title='bbox 1095 2876 1117 2900; x_wconf 83' lang='lat'>3.</span> <span class='ocrx_word' id='word_1_793' title='bbox 1138 2883 1160 2901; x_wconf 86' lang='lat' dir='ltr'>a.</span> <span class='ocrx_word' id='word_1_794' title='bbox 1181 2877 1204 2900; x_wconf 74' lang='lat'>2.</span> <span class='ocrx_word' id='word_1_795' title='bbox 1225 2876 1384 2908; x_wconf 84' lang='lat' dir='ltr'>quaestiunc.</span> <span class='ocrx_word' id='word_1_796' title='bbox 1415 2876 1435 2900; x_wconf 89' lang='grc'>1.</span> <span class='ocrx_word' id='word_1_797' title='bbox 1457 2876 1479 2900; x_wconf 82' lang='lat'>3.</span> <span class='ocrx_word' id='word_1_798' title='bbox 1506 2875 1529 2900; x_wconf 94' lang='lat'>4.</span> <span class='ocrx_word' id='word_1_799' title='bbox 1550 2890 1583 2894; x_wconf 88' lang='lat'><strong>—</strong></span> <span class='ocrx_word' id='word_1_800' title='bbox 1603 2876 1722 2901; x_wconf 76' lang='lat' dir='ltr'>Richard.</span> <span class='ocrx_word' id='word_1_801' title='bbox 1743 2884 1756 2901; x_wconf 86' lang='lat' dir='ltr'>a</span> <span class='ocrx_word' id='word_1_802' title='bbox 1778 2877 1850 2908; x_wconf 54' lang='lat' dir='ltr'>Med„</span> <span class='ocrx_word' id='word_1_803' title='bbox 1872 2878 1913 2902; x_wconf 85' lang='grc'><strong>1116</strong></span> <span class='ocrx_word' id='word_1_804' title='bbox 1932 2884 1954 2902; x_wconf 86' lang='lat' dir='ltr'>a.</span> <span class='ocrx_word' id='word_1_805' title='bbox 1975 2877 1999 2902; x_wconf 79' lang='lat'>5.</span> 
     </span>
     <span class='ocr_line' id='line_1_105' title="bbox 1049 2919 1928 2953; baseline 0.001 -9"><span class='ocrx_word' id='word_1_806' title='bbox 1049 2927 1073 2952; x_wconf 87' lang='lat' dir='ltr'>q.</span> <span class='ocrx_word' id='word_1_807' title='bbox 1099 2920 1145 2944; x_wconf 89' lang='grc'><strong>1-3.</strong></span> <span class='ocrx_word' id='word_1_808' title='bbox 1166 2933 1199 2937; x_wconf 94' lang='grc'>--</span> <span class='ocrx_word' id='word_1_809' title='bbox 1218 2919 1341 2952; x_wconf 82' lang='lat' dir='ltr'>Durand.‚</span> <span class='ocrx_word' id='word_1_810' title='bbox 1362 2920 1402 2944; x_wconf 84' lang='lat' dir='ltr'>hie</span> <span class='ocrx_word' id='word_1_811' title='bbox 1422 2927 1446 2951; x_wconf 89' lang='lat' dir='ltr'>q.</span> <span class='ocrx_word' id='word_1_812' title='bbox 1467 2919 1491 2944; x_wconf 83' lang='grc'><strong>5.</strong></span> <span class='ocrx_word' id='word_1_813' title='bbox 1510 2933 1545 2938; x_wconf 88' lang='grc'><strong>-</strong></span> <span class='ocrx_word' id='word_1_814' title='bbox 1566 2920 1668 2951; x_wconf 89' lang='lat' dir='ltr'>Dionys.</span> <span class='ocrx_word' id='word_1_815' title='bbox 1688 2920 1782 2952; x_wconf 62' lang='lat' dir='ltr'>Carth„</span> <span class='ocrx_word' id='word_1_816' title='bbox 1804 2921 1845 2945; x_wconf 87' lang='lat' dir='ltr'>hic</span> <span class='ocrx_word' id='word_1_817' title='bbox 1864 2928 1889 2953; x_wconf 87' lang='lat' dir='ltr'>q.</span> <span class='ocrx_word' id='word_1_818' title='bbox 1906 2920 1928 2945; x_wconf 92' lang='lat'>4.</span> 
     </span>
    </p>
   </div>
   <div class='ocr_carea' id='block_1_11' title="bbox 1047 3079 2002 3420">
    <p class='ocr_par' dir='ltr' id='par_1_28' title="bbox 1047 3079 2000 3201">
     <span class='ocr_line' id='line_1_106' title="bbox 1047 3079 2000 3112; baseline 0 -7"><span class='ocrx_word' id='word_1_819' title='bbox 1047 3083 1133 3105; x_wconf 85' lang='lat' dir='ltr'>autem</span> <span class='ocrx_word' id='word_1_820' title='bbox 1162 3080 1266 3111; x_wconf 75' lang='lat' dir='ltr'>Christi3</span> <span class='ocrx_word' id='word_1_821' title='bbox 1287 3079 1402 3105; x_wconf 87' lang='lat' dir='ltr'>Christus</span> <span class='ocrx_word' id='word_1_822' title='bbox 1430 3082 1515 3104; x_wconf 84' lang='lat' dir='ltr'>autem</span> <span class='ocrx_word' id='word_1_823' title='bbox 1541 3079 1594 3104; x_wconf 87' lang='lat' dir='ltr'>Dei.</span> <span class='ocrx_word' id='word_1_824' title='bbox 1615 3093 1650 3097; x_wconf 97' lang='lat'><strong>—</strong></span> <span class='ocrx_word' id='word_1_825' title='bbox 1670 3079 1732 3104; x_wconf 82' lang='lat' dir='ltr'>voci</span> <span class='ocrx_word' id='word_1_826' title='bbox 1761 3079 1915 3112; x_wconf 73' lang='lat' dir='ltr'>spiritualia</span> <span class='ocrx_word' id='word_1_827' title='bbox 1939 3080 2000 3105; x_wconf 86' lang='lat' dir='ltr'>edd.</span> 
     </span>
     <span class='ocr_line' id='line_1_107' title="bbox 1048 3122 2000 3156; baseline 0.001 -7"><span class='ocrx_word' id='word_1_828' title='bbox 1048 3126 1214 3156; x_wconf 83' lang='lat' dir='ltr'>praemittunt</span> <span class='ocrx_word' id='word_1_829' title='bbox 1232 3125 1303 3149; x_wconf 80' lang='lat' dir='ltr'>sant.</span> <span class='ocrx_word' id='word_1_830' title='bbox 1318 3125 1442 3155; x_wconf 83' lang='lat' dir='ltr'>Superius</span> <span class='ocrx_word' id='word_1_831' title='bbox 1460 3127 1517 3148; x_wconf 87' lang='lat' dir='ltr'>ante</span> <span class='ocrx_word' id='word_1_832' title='bbox 1538 3122 1616 3149; x_wconf 79' lang='lat' dir='ltr'>libere</span> <span class='ocrx_word' id='word_1_833' title='bbox 1632 3123 1750 3156; x_wconf 77' lang='lat' dir='ltr'>possidet</span> <span class='ocrx_word' id='word_1_834' title='bbox 1767 3124 1949 3155; x_wconf 76' lang='lat' dir='ltr'>supplevimus</span> <span class='ocrx_word' id='word_1_835' title='bbox 1968 3132 2000 3150; x_wconf 88' lang='lat' dir='ltr'>ex</span> 
     </span>
     <span class='ocr_line' id='line_1_108' title="bbox 1047 3164 1714 3201; baseline -0.003 -7"><span class='ocrx_word' id='word_1_836' title='bbox 1047 3169 1104 3194; x_wconf 86' lang='lat' dir='ltr'>cod.</span> <span class='ocrx_word' id='word_1_837' title='bbox 1125 3170 1143 3192; x_wconf 79' lang='grc' dir='ltr'>Α</span> <span class='ocrx_word' id='word_1_838' title='bbox 1163 3168 1199 3199; x_wconf 73' lang='grc' dir='ltr'>εἰ,</span> <span class='ocrx_word' id='word_1_839' title='bbox 1222 3168 1279 3193; x_wconf 84' lang='grc'><strong>60(1.</strong></span> <span class='ocrx_word' id='word_1_840' title='bbox 1298 3164 1319 3192; x_wconf 76' lang='lat' dir='ltr'>G</span> <span class='ocrx_word' id='word_1_841' title='bbox 1339 3169 1411 3199; x_wconf 89' lang='lat' dir='ltr'>ponit</span> <span class='ocrx_word' id='word_1_842' title='bbox 1428 3169 1454 3193; x_wconf 75' lang='lat' dir='ltr'>et</span> <span class='ocrx_word' id='word_1_843' title='bbox 1470 3171 1527 3192; x_wconf 86' lang='lat' dir='ltr'>ante</span> <span class='ocrx_word' id='word_1_844' title='bbox 1547 3167 1714 3201; x_wconf 75' lang='lat' dir='ltr'>quicumque.</span> 
     </span>
    </p>

    <p class='ocr_par' dir='ltr' id='par_1_29' title="bbox 1048 3211 2002 3333">
     <span class='ocr_line' id='line_1_109' title="bbox 1118 3211 2001 3243; baseline 0.001 -7"><span class='ocrx_word' id='word_1_845' title='bbox 1118 3212 1129 3229; x_wconf 88' lang='lat'>⁵</span> <span class='ocrx_word' id='word_1_846' title='bbox 1148 3212 1221 3243; x_wconf 60' lang='lat' dir='ltr'>Edu„</span> <span class='ocrx_word' id='word_1_847' title='bbox 1243 3212 1363 3243; x_wconf 89' lang='lat' dir='ltr'>superius</span> <span class='ocrx_word' id='word_1_848' title='bbox 1382 3215 1441 3243; x_wconf 87' lang='lat' dir='ltr'>post</span> <span class='ocrx_word' id='word_1_849' title='bbox 1458 3211 1483 3237; x_wconf 76' lang='lat' dir='ltr'>si</span> <span class='ocrx_word' id='word_1_850' title='bbox 1500 3211 1587 3236; x_wconf 87' lang='lat' dir='ltr'>addito</span> <span class='ocrx_word' id='word_1_851' title='bbox 1607 3213 1710 3243; x_wconf 73' lang='lat' dir='ltr'>autem,</span> <span class='ocrx_word' id='word_1_852' title='bbox 1734 3213 1787 3243; x_wconf 83' lang='lat' dir='ltr'>hic,</span> <span class='ocrx_word' id='word_1_853' title='bbox 1807 3215 1904 3237; x_wconf 85' lang='lat' dir='ltr'>mutata</span> <span class='ocrx_word' id='word_1_854' title='bbox 1923 3213 2001 3237; x_wconf 88' lang='lat' dir='ltr'>etiam</span> 
     </span>
     <span class='ocr_line' id='line_1_110' title="bbox 1048 3254 2002 3288; baseline 0 -7"><span class='ocrx_word' id='word_1_855' title='bbox 1048 3257 1266 3288; x_wconf 79' lang='lat' dir='ltr'>interpunctione,</span> <span class='ocrx_word' id='word_1_856' title='bbox 1287 3255 1387 3286; x_wconf 82' lang='lat' dir='ltr'>legunt:</span> <span class='ocrx_word' id='word_1_857' title='bbox 1417 3254 1553 3288; x_wconf 70' lang='lat' dir='ltr'>episcopus</span> <span class='ocrx_word' id='word_1_858' title='bbox 1582 3254 1701 3286; x_wconf 75' lang='lat' dir='ltr'>alienas,</span> <span class='ocrx_word' id='word_1_859' title='bbox 1729 3255 1830 3288; x_wconf 74' lang='lat' dir='ltr'>potius,</span> <span class='ocrx_word' id='word_1_860' title='bbox 1853 3259 1877 3281; x_wconf 83' lang='lat' dir='ltr'>et</span> <span class='ocrx_word' id='word_1_861' title='bbox 1896 3257 2002 3282; x_wconf 82' lang='lat' dir='ltr'>inferius</span> 
     </span>
     <span class='ocr_line' id='line_1_111' title="bbox 1049 3298 1805 3333; baseline 0 -8"><span class='ocrx_word' id='word_1_862' title='bbox 1049 3303 1108 3332; x_wconf 90' lang='lat' dir='ltr'>post</span> <span class='ocrx_word' id='word_1_863' title='bbox 1127 3299 1231 3332; x_wconf 67' lang='lat' dir='ltr'>colleqii</span> <span class='ocrx_word' id='word_1_864' title='bbox 1249 3299 1348 3323; x_wconf 87' lang='lat' dir='ltr'>addunt</span> <span class='ocrx_word' id='word_1_865' title='bbox 1366 3298 1412 3324; x_wconf 75' lang='lat' dir='ltr'>sed</span> <span class='ocrx_word' id='word_1_866' title='bbox 1429 3306 1484 3324; x_wconf 72' lang='grc' dir='ltr'>11οη</span> <span class='ocrx_word' id='word_1_867' title='bbox 1502 3298 1633 3325; x_wconf 74' lang='lat' dir='ltr'>relaxant</span> <span class='ocrx_word' id='word_1_868' title='bbox 1650 3299 1805 3333; x_wconf 74' lang='lat' dir='ltr'>quidquam.</span> 
     </span>
    </p>

    <p class='ocr_par' dir='ltr' id='par_1_30' title="bbox 1050 3343 2002 3420">
     <span class='ocr_line' id='line_1_112' title="bbox 1119 3343 2002 3376; baseline 0.003 -9"><span class='ocrx_word' id='word_1_869' title='bbox 1119 3344 1129 3360; x_wconf 85' lang='lat'><strong>⁶</strong></span> <span class='ocrx_word' id='word_1_870' title='bbox 1148 3344 1221 3368; x_wconf 85' lang='lat' dir='ltr'>Extra</span> <span class='ocrx_word' id='word_1_871' title='bbox 1237 3343 1279 3368; x_wconf 84' lang='lat' dir='ltr'>lib.</span> <span class='ocrx_word' id='word_1_872' title='bbox 1294 3343 1325 3368; x_wconf 86' lang='lat' dir='ltr'>V.</span> <span class='ocrx_word' id='word_1_873' title='bbox 1340 3344 1374 3368; x_wconf 90' lang='lat' dir='ltr'>tit.</span> <span class='ocrx_word' id='word_1_874' title='bbox 1396 3343 1436 3367; x_wconf 84' lang='lat'>38.</span> <span class='ocrx_word' id='word_1_875' title='bbox 1457 3350 1479 3368; x_wconf 91' lang='lat' dir='ltr'>c.</span> <span class='ocrx_word' id='word_1_876' title='bbox 1502 3343 1525 3368; x_wconf 88' lang='lat'>4.</span> <span class='ocrx_word' id='word_1_877' title='bbox 1545 3343 1632 3368; x_wconf 87' lang='lat' dir='ltr'>Finem</span> <span class='ocrx_word' id='word_1_878' title='bbox 1652 3343 1754 3369; x_wconf 82' lang='lat' dir='ltr'>exhibet</span> <span class='ocrx_word' id='word_1_879' title='bbox 1769 3346 1850 3369; x_wconf 82' lang='lat' dir='ltr'>textus</span> <span class='ocrx_word' id='word_1_880' title='bbox 1869 3345 2002 3376; x_wconf 79' lang='lat' dir='ltr'>originalis</span> 
     </span>
     <span class='ocr_line' id='line_1_113' title="bbox 1050 3387 2002 3420; baseline 0.004 -9"><span class='ocrx_word' id='word_1_881' title='bbox 1050 3389 1100 3412; x_wconf 84' lang='lat' dir='ltr'>sic:</span> <span class='ocrx_word' id='word_1_882' title='bbox 1121 3387 1216 3420; x_wconf 88' lang='lat' dir='ltr'>quibus</span> <span class='ocrx_word' id='word_1_883' title='bbox 1236 3390 1262 3412; x_wconf 90' lang='lat' dir='ltr'>ut</span> <span class='ocrx_word' id='word_1_884' title='bbox 1281 3388 1392 3418; x_wconf 83' lang='lat' dir='ltr'>prosint,</span> <span class='ocrx_word' id='word_1_885' title='bbox 1414 3388 1511 3419; x_wconf 88' lang='lat' dir='ltr'>proprii</span> <span class='ocrx_word' id='word_1_886' title='bbox 1537 3387 1635 3413; x_wconf 83' lang='lat' dir='ltr'>iudices</span> <span class='ocrx_word' id='word_1_887' title='bbox 1661 3389 1805 3420; x_wconf 87' lang='lat' dir='ltr'>specialiter</span> <span class='ocrx_word' id='word_1_888' title='bbox 1830 3389 2002 3415; x_wconf 77' lang='lat' dir='ltr'>indulserunt.</span> 
     </span>
    </p>
   </div>
  </div>
 </body>
</html>
