2483 3882
824 287 917 319 DlST.
942 286 986 317 Ill.
1011 285 1040 316 P.
1066 285 1097 316 ll.
1123 285 1204 317 ART.
1231 286 1249 317 l.
1274 286 1426 326 QUAEST.
1452 286 1471 317 i.

166 377 192 409 si
217 376 381 418 sepultura
405 374 518 407 Christi
543 374 601 406 fuit
626 375 656 406 in
680 378 781 413 terra,
805 383 867 406 non
891 374 921 405 in
950 382 1049 415 aqua,
1075 372 1116 404 vi-

167 429 281 467 detur,
314 428 398 470 quod
430 427 575 459 similiter
606 427 751 459 debuerit
783 427 958 469 baptismus
995 425 1114 458 institui

168 483 198 514 in
222 485 315 513 terra.

256 537 285 566 Ω.
310 535 399 573 Item,
424 534 623 565 Sacramenta
640 534 755 565 veteris
780 533 856 575 legis
877 533 1005 565 suerunt
1028 531 1116 572 signa

167 588 440 620 Sacramentorum
465 594 564 618 novae
589 586 686 627 legis,
709 591 740 618 et
763 586 792 618 in
819 586 879 618 illis
904 585 1115 627 praetigurata

167 643 240 672 sunt
264 640 321 672 ista
330 652 338 678 3
363 639 417 671 sed
447 639 648 670 Sacramenta
672 639 787 671 veteris
821 638 895 680 legis
926 638 1042 670 fiebant
1065 636 1114 669 vel

167 693 197 724 in
221 693 265 725 eis
290 701 370 734 quae
395 691 552 723 habebant
568 694 672 723 ortum
698 701 716 723 a
741 696 841 730 terra,
859 694 894 723 ut
918 689 1069 723 sacrificia
1086 692 1115 721 et

167 745 405 782 decimationes,
430 743 479 775 vel
505 744 535 775 in
559 743 665 785 aliquo
690 747 809 782 terreo,
843 747 877 775 ut
901 742 1114 780 circumcisio,

167 805 247 838 quae
272 796 365 828 tiebat
389 796 516 828 cultello
534 796 655 837 petrino
670 797 697 827 ¹:
724 805 798 837 ergo
815 796 839 828 si
858 796 984 828 fuerunt
1009 803 1116 827 conve-

166 849 282 881 nientia
307 849 393 890 signa
418 849 550 887 horum,
576 858 650 890 ergo
674 849 873 881 Sacramenta
897 857 995 880 novae
1020 848 1114 889 legis,

167 901 305 933 maxime
329 901 518 943 baptismus,
540 901 718 933 debuerunt
736 902 853 934 institui
879 901 909 933 in
935 904 1036 939 terra,
1054 909 1115 932 non

167 954 199 985 in
223 963 313 995 aqua.

256 1006 285 1037 3.
310 1006 403 1044 Item,
427 1006 459 1037 si
487 1006 598 1044 dicas,
631 1007 713 1048 quod
748 1007 840 1039 debet
871 1006 938 1038 fieri
972 1006 1001 1037 in
1033 1014 1115 1047 aqua

167 1061 295 1100 propter
318 1067 503 1099 expressam
527 1059 783 1100 significationem
808 1058 925 1100 gratiae
934 1070 942 1096 3
967 1058 1022 1090 sed
1046 1067 1117 1089 eon-

169 1115 241 1143 tra.-
258 1111 361 1153 liquor
384 1112 442 1144 olei
467 1112 650 1154 expressius
666 1111 819 1153 significat
835 1111 967 1153 gratiam
982 1110 1003 1150 ²,
1020 1119 1115 1152 quam

151 1174 262 1206 aqua:
277 1173 351 1206 ergo
366 1165 463 1206 magis
481 1164 590 1197 debuit
602 1164 721 1197 institui
739 1165 768 1196 in
778 1164 851 1208 oleo
868 1173 962 1206 quam
980 1163 1010 1195 in
1024 1172 1115 1205 aqua.

14 1537 112 1564 Quaestio
123 1537 154 1558 in-

46 1564 126 1585 cidens.

13 1968 15 1982 s
58 1957 119 1978 Ratio
134 1957 154 1977 1.

15 2010 99 2040 Triplex
113 2010 157 2032 effi-

42 2042 106 2058 cacia.

40 2640 159 2662 Conclusio.

254 1217 284 1248 [ι.
310 1217 401 1255 item,
426 1217 541 1249 dicitur
558 1217 757 1258 Apocalypsis
778 1217 881 1258 primo
894 1216 922 1248 ³:
947 1216 1045 1248 Lavit
1058 1225 1117 1247 nos

167 1279 189 1302 a
208 1269 350 1311 peccatis
371 1269 493 1301 nostris
510 1269 545 1301 in
560 1270 723 1312 sanquine
739 1279 815 1301 suo.-
832 1278 907 1310 ergo
931 1269 955 1301 si
973 1269 1004 1300 in
1021 1268 1118 1310 bapti-

168 1331 235 1353 smo
259 1325 306 1354 est
329 1322 443 1354 lavatio
460 1331 478 1354 a
494 1322 646 1363 peccatis,
663 1325 693 1354 et
710 1321 862 1363 significat
879 1321 964 1352 illam
988 1320 1119 1353 ablutio-

167 1384 239 1407 nem
263 1375 375 1408 factam
399 1383 456 1417 per
479 1375 662 1416 sanguinem
688 1374 819 1412 Christi,
843 1383 919 1415 ergo
943 1374 1042 1415 magis
1067 1374 1117 1406 de-

168 1427 236 1459 buit
260 1427 379 1460 institui
405 1427 435 1459 in
460 1427 621 1468 sanguine.

255 1480 351 1518 Item,
376 1479 555 1521 quaeritur:
581 1478 707 1520 quando
731 1478 883 1510 Dominus
912 1478 1046 1510 instituit
1070 1478 1119 1509 Sa-

169 1536 365 1565 cramentum
386 1532 532 1574 baptismi
547 1535 559 1563 ἱ)

520 1646 537 1668 c
547 1645 565 1669 o
573 1646 595 1668 N
605 1645 622 1668 c
632 1646 648 1668 L
658 1646 678 1668 U
689 1645 703 1668 s
712 1646 721 1667 1
730 1645 757 1668 o.

198 1742 391 1784 Baptismus
415 1741 639 1774 convenienter
663 1741 699 1772 in
722 1751 812 1783 aqna
837 1740 1008 1772 institutus
1032 1744 1087 1771 est.

255 1848 454 1879 RESPONDEO:
480 1846 672 1884 Dicendum,
696 1845 781 1887 quod
806 1846 1044 1878 Sacramentum
1068 1844 1120 1876 ba-

168 1901 273 1942 ptismi
298 1903 345 1933 est
369 1900 507 1932 maxime
530 1898 646 1942 efficax
671 1901 701 1931 et
725 1898 865 1930 maxime
893 1897 1119 1930 neeessariam

168 1955 249 1987 inter
273 1954 333 1986 alia
357 1954 572 1986 Sacramenta:
598 1951 737 1994 efficax,
762 1951 836 1993 quia
860 1950 891 1982 in
909 1960 945 1982 eo
970 1950 1120 1992 imprimi-

173 2012 223 2040 tur
247 2005 431 2043 character,
469 2005 522 2047 qui
547 2004 684 2046 disponit
718 2003 855 2035 animam
887 2003 926 2035 ad
952 2003 1121 2045 susceptio—

171 2069 241 2092 nem
274 2058 402 2091 luminis
430 2059 548 2099 gratiae
564 2057 583 2096 ⁴,
614 2060 650 2089 ut
680 2056 910 2098 transparentia
939 2055 1056 2087 vitrum
1081 2055 1121 2087 ad

171 2111 401 2153 susceptionem
424 2110 553 2142 luminis
570 2109 757 2151 corporalis3
778 2109 872 2141 datur
889 2108 981 2140 etiam
1005 2108 1122 2150 qratia

171 2164 381 2197 mundificans
404 2163 560 2201 animam;
584 2162 678 2195 datur
702 2161 794 2194 etiam
821 2161 865 2193 illi
884 2161 1002 2202 gratiae
1026 2165 1122 2192 actas

172 2217 358 2249 remittendi
381 2216 537 2248 ardorem
561 2214 852 2256 concupiscentiae.
870 2214 930 2246 Sed
954 2214 1029 2255 quia
1045 2214 1122 2245 haec

172 2270 311 2311 oportuit
334 2269 401 2301 dari
420 2268 450 2300 in
476 2277 511 2300 eo
536 2268 639 2309 signo,
656 2268 740 2310 quod
762 2276 820 2300 sua
837 2267 1028 2308 proprietate
1046 2266 1124 2297 mul-

173 2321 270 2363 tiplici
294 2321 371 2353 haec
394 2320 499 2352 omnia
523 2320 719 2361 designaret3
745 2319 805 2352 tale
829 2322 935 2351 autem
960 2322 1008 2350 est
1023 2327 1122 2360 aqua,

174 2373 247 2416 quia
271 2375 449 2414 transparet
471 2376 502 2404 et
517 2375 564 2404 est
587 2371 695 2413 pervia
712 2371 840 2410 lumini,
865 2374 896 2403 et
913 2370 982 2402 ideo
1006 2369 1124 2402 chara-

174 2431 289 2459 cterem
316 2425 485 2467 significat,
510 2428 541 2457 et
565 2425 680 2457 iterum
704 2424 805 2456 abluit
828 2427 858 2456 et
882 2423 1015 2455 mundat
1043 2423 1123 2455 inter

176 2488 284 2512 omnes
309 2479 464 2520 liquores,
482 2482 512 2510 et
528 2477 597 2510 ideo
622 2477 775 2518 significat
796 2476 947 2518 qratiam
972 2475 1123 2507 mundan-

176 2536 237 2564 tem
248 2544 256 2570 ;
273 2531 346 2563 item
372 2530 547 2571 infrigidat,
565 2530 635 2562 ideo
653 2529 805 2570 significat
828 2528 1055 2560 remissionem
1071 2537 1125 2559 ar-

175 2584 267 2617 doris
295 2582 619 2625 concnpiscentiae⁵t
645 2581 849 2614 conveniebat
879 2590 953 2622 ergo
985 2580 1124 2612 maxime

175 2646 257 2679 aqua
280 2635 477 2678 baptismatis
501 2636 701 2668 Sacramento
725 2634 765 2666 ob
789 2633 980 2676 efficaciam.

2089 289 2129 319 77

1268 373 1415 405 Similiter
1440 373 1532 405 etiam
1550 376 1679 414 propter
1702 373 1932 405 necessitatem.
1950 373 2028 414 Quia
2045 374 2128 406 enim
2148 382 2209 403 nano
2224 383 2244 403 a.

1178 425 1414 457 Sacramentum
1440 429 1503 464 est,
1528 434 1545 456 a
1562 434 1624 466 quo
1648 433 1740 456 nemo
1756 425 1945 464 absolvitur,
1971 430 1999 457 et
2016 426 2047 457 in
2066 436 2128 467 quo

1178 486 1287 510 omnes
1303 478 1550 515 communicant3
1576 486 1701 509 necesse
1725 471 1783 509 fuit
1801 478 1917 509 institui
1936 478 1967 509 in
1992 478 2126 520 liquore,

1179 530 1232 571 qui
1258 534 1304 562 est
1328 530 1504 562 communis
1525 530 1609 571 apud
1626 538 1751 568 omnes,
1776 533 1806 562 et
1829 524 1864 562 ¹in
1882 540 1943 572 quo
1968 531 2127 563 abundant

1180 591 1335 624 pauperes
1358 586 1388 614 et
1423 583 1556 620 divites;
1581 583 1651 615 talis
1681 587 1786 615 autem
1820 583 1923 625 liquor
1955 587 2001 616 est
2025 593 2126 625 aqua:

1179 634 1250 666 ideo
1275 637 1333 666 etc.

1270 688 1297 717 i.
1322 687 1365 719 Ad
1391 687 1469 719 illud
1506 696 1580 728 ergo
1604 687 1686 728 quod
1723 687 1886 725 obiicitur,
1918 688 2002 729 quod
2027 688 2128 729 signat
2157 694 2237 729 Salutio
2253 700 2289 720 or·-

1179 739 1394 780 sepulturam3
1420 739 1602 777 dicendum,
1623 740 1707 781 quod
1732 749 1792 771 non
1811 744 1931 772 tantum
1957 741 2057 781 signat
2075 741 2130 772 Do·
2145 722 2268 746 mmmm*

1179 793 1253 824 mini
1279 792 1493 833 sepulturam,
1512 793 1607 824 immo
1631 793 1723 824 etiam
1742 793 1888 833 gratiam,
1906 802 1999 834 quam
2018 793 2126 831 donutg

1179 850 1209 877 et
1233 846 1306 887 quia
1332 845 1361 876 in
1380 845 1579 877 immersione
1598 845 1626 876 in
1652 854 1764 887 aquam
1783 849 1955 886 utrumque
1978 846 2129 886 signatur,

1180 899 1209 930 in
1235 902 1320 930 terra
1342 901 1448 929 autem
1474 906 1535 928 non
1567 897 1708 938 signatur
1732 897 1832 938 gratia
1860 897 2030 936 mundans,
2057 906 2129 929 cum

1180 950 1219 983 sit
1241 950 1313 982 faex
1338 950 1582 982 elementorum:
1608 950 1679 982 ideo
1703 953 1760 982 etc.

1268 1004 1297 1034 2.
1322 1002 1365 1034 Ad
1390 1002 1469 1034 iliud
1502 1002 1586 1044 quod
1610 1001 1756 1034 obiicitur
1788 1002 1827 1034 de
1852 1002 1918 1043 lege
1948 1003 2064 1041 veteri,
2090 1002 2132 1034 di-

1180 1055 1333 1093 cendum,
1358 1054 1460 1096 quod,
1485 1054 1565 1086 sicut
1594 1054 1668 1086 dicit
1704 1053 1867 1095 Apostolus
1884 1054 1903 1093 ⁶,
1937 1062 2045 1086 omnes
2079 1054 2132 1096 qui

1180 1107 1309 1139 fuerunt
1332 1106 1368 1138 in
1392 1107 1489 1153 Leyc,
1522 1106 1650 1138 fuerunt
1673 1105 1733 1138 sub
1763 1105 1934 1137 maledicto
1966 1115 2067 1148 usque
2092 1107 2133 1139 ad

1181 1159 1352 1192 adventum
1377 1159 1506 1197 Christi,
1532 1159 1585 1201 qui
1602 1157 1714 1201 factas
1731 1163 1778 1190 cst
1796 1168 1860 1200 pro
1884 1158 1977 1190 nobis
2001 1158 2134 1191 maledi-

1182 1216 1289 1250 ctam,
1313 1216 1349 1245 ut
1370 1221 1389 1244 a
1405 1211 1622 1244 maledictione
1647 1220 1703 1243 nos
1720 1211 1886 1246 liberaret:
1904 1214 1934 1243 et
1949 1211 2023 1252 quia
2041 1215 2133 1244 terra

1181 1266 1240 1297 fuit
1265 1265 1430 1297 maledicta
1454 1264 1587 1303 homini,
1613 1273 1674 1296 nou
1699 1273 1800 1306 aqua,
1826 1263 1952 1296 Genesis
1969 1264 2078 1302 tertio;
2103 1264 2133 1296 in

1182 1318 1278 1350 huius
1302 1318 1426 1359 signum
1463 1318 1663 1349 Sacramenta
1694 1317 1747 1348 illa
1782 1320 1872 1349 erant
1906 1325 1947 1349 ex
1973 1316 2021 1349 his
2053 1326 2133 1358 quae

1183 1374 1256 1403 sunt
1281 1380 1321 1403 ex
1338 1374 1441 1409 terr33
1466 1379 1526 1402 non
1545 1370 1589 1403 sic
1605 1373 1711 1402 autem
1728 1369 1929 1402 Sacramenta
1945 1379 2040 1408 nova,
2061 1370 2135 1412 quia

1183 1425 1242 1457 ista
1267 1428 1313 1457 est
1337 1424 1388 1456 lex
1415 1423 1653 1455 benedictionis.
1678 1423 1877 1461 Praeterea,
1912 1423 1963 1455 lex
1988 1427 2079 1455 vetus
2103 1427 2133 1455 et
2148 1428 2196 1448 Alia
2212 1428 2273 1448 ratio-

1182 1477 1322 1509 maxime
1347 1477 1440 1517 Moysi
1466 1476 1525 1508 fuit
1549 1486 1687 1508 onerosa
1718 1476 1758 1508 ad
1783 1476 2044 1517 confringendum
2079 1476 2135 1508 du-

1183 1538 1252 1567 ros,
1275 1532 1305 1561 et
1330 1529 1399 1561 ideo
1425 1529 1454 1560 in
1480 1528 1583 1566 duris,
1613 1532 1648 1560 ut
1679 1528 1710 1560 in
1734 1528 1861 1560 cultello
1893 1529 2015 1570 petrino
2040 1532 2070 1560 et
2103 1529 2135 1560 in

1183 1581 1334 1614 effusione
1359 1581 1536 1622 sanguinis,
1572 1581 1749 1613 remedium
1787 1581 1961 1619 habebant3
1994 1582 2048 1614 sed
2083 1581 2133 1613 lex

1183 1643 1264 1665 nova
1288 1637 1335 1666 est
1358 1633 1537 1665 suavitatis
1568 1637 1596 1665 et
1627 1633 1772 1665 amoris:
1791 1633 1860 1665 ideo
1883 1633 1975 1666 datus
1992 1634 2022 1665 in
2040 1643 2135 1676 aqua,

1183 1695 1264 1728 quae
1288 1685 1371 1718 cedit
1394 1685 1516 1718 facite⁷.

1274 1738 1302 1770 3.
1327 1739 1357 1770 [ι.
1382 1738 1425 1770 Ad
1450 1738 1529 1770 illud
1561 1738 1645 1780 quod
1674 1738 1820 1771 obiicitur
1853 1738 1891 1770 de
1915 1738 1983 1770 oleo
2015 1741 2045 1770 et
2070 1747 2138 1770 san-

1184 1791 1294 1833 guine,
1320 1794 1404 1832 patet
1428 1791 1607 1832 responsio:
1628 1791 1703 1832 quia
1727 1800 1783 1823 nec
1799 1791 1988 1823 conveniunt
2012 1791 2136 1833 signifi-

1185 1844 1311 1876 cationi
1333 1843 1515 1886 efficaciae,
1540 1852 1612 1875 cum
1638 1852 1698 1875 non
1724 1843 1892 1882 mundent,
1926 1852 1981 1876 nec
2005 1843 2137 1875 necessi-

1185 1896 1260 1935 tati,
1286 1906 1359 1929 cum
1382 1905 1444 1928 non
1468 1905 1576 1928 omnes
1600 1897 1645 1928 eis
1670 1896 1840 1928 abundent.

1272 1949 1316 1981 Ad
1340 1949 1420 1981 illud
1442 1949 1527 1990 quod
1551 1949 1715 1990 quaeritur
1732 1949 1857 1981 ultimo:
1879 1949 2006 1990 quando
2029 1952 2076 1981 est
2092 1949 2135 1980 in·
2152 1951 2291 1999 iffeffdgssfflj

1186 2002 1354 2035 stitutum?
1378 2010 1419 2034 ex
1443 2001 1605 2043 Scriptura
1629 2004 1731 2043 potest
1754 2002 1875 2040 videri,
1900 2011 1981 2043 quae
2013 2002 2052 2034 de
2076 2003 2134 2035 hoc

1186 2055 1216 2086 in
1243 2055 1350 2086 multis
1386 2054 1460 2087 locis
1485 2054 1634 2095 loquitur.
1661 2055 1788 2096 Propter
1823 2055 1908 2096 quod
1945 2055 2136 2093 notandum,
2153 2066 2279 2087 Notandum,

1186 2108 1270 2150 quod
1289 2108 1440 2140 Dominus
1457 2107 1602 2149 baptismi
1616 2108 1854 2140 Sacramentum
1872 2108 1973 2149 primo
1991 2108 2138 2139 insinna-

1185 2161 1232 2192 vit
1247 2160 1491 2199 instituendum,
1516 2160 1654 2192 secundo
1670 2159 1831 2198 instituit,
1856 2160 1948 2192 tertio
1965 2159 2138 2202 confirma-

1185 2213 1233 2245 vit
1255 2213 1444 2245 institutum.
1480 2212 1652 2245 Insinuavit
1685 2212 1814 2254 quidem
1836 2211 1926 2253 facto
1956 2216 1986 2245 et
2017 2212 2267 2245 wicmannum,

1186 2265 1296 2308 facto,
1332 2274 1404 2298 cum
1441 2265 1617 2307 baptizatus
1645 2268 1727 2297 esset
1761 2274 1779 2296 a
1808 2265 1920 2297 Ioanne
1955 2265 1986 2296 in
2021 2266 2139 2307 aquas,
2168 2250 2255 2277 dupffl'

1187 2318 1345 2357 ostendit,
1376 2321 1496 2351 ceteros
1527 2317 1690 2350 credentes
1722 2317 1753 2349 in
1777 2326 1859 2359 aqua
1882 2317 1949 2349 fore
1981 2317 2140 2358 baptizan-

1187 2371 1253 2403 dos.
1279 2370 1451 2402 lnsinuavit
1474 2369 1592 2407 verbo,
1618 2379 1689 2402 cum
1714 2369 1874 2411 praedixit
1897 2369 2081 2407 Nicodemo,
2099 2370 2141 2401 lo-

1188 2423 1278 2455 annis
1295 2423 1385 2454 tertio
1400 2422 1425 2454 ⁰:
1452 2421 1527 2453 Nisi
1542 2422 1616 2464 qais
1636 2426 1774 2454 renatus
1790 2421 1895 2463 faerit
1910 2432 1949 2454 cx
1971 2431 2062 2464 aqna
2079 2425 2136 2454 etc.

1188 2494 1232 2498 —
1248 2475 1396 2507 Instituit
1418 2478 1542 2513 autem,
1571 2484 1643 2507 cum
1672 2475 1738 2516 ipse
1762 2475 1921 2516 baptizare
1949 2475 2049 2515 coepit
2080 2484 2136 2516 per
2152 2485 2258 2506 Institutio

1188 2527 1374 2568 discipulos,
1399 2528 1521 2559 Ioannis
1546 2528 1656 2559 tertio:
1683 2528 1762 2559 Post
1779 2527 1857 2559 ltaec
1880 2527 1967 2559 venit
1988 2528 2080 2559 Iesus
2104 2528 2138 2559 in
2169 2512 2253 2538 d⁰p¹²¹'

1189 2584 1316 2611 terrain
1349 2580 1509 2611 Iudaeam
1541 2584 1568 2610 et
1600 2579 1817 2620 baptizaban
1848 2583 1878 2611 et
1901 2583 1976 2612 tunc
2008 2580 2140 2612 instituit

1188 2630 1278 2673 facto
1302 2635 1332 2663 et
1355 2631 1473 2663 verbo:
1505 2632 1579 2673 quia
1613 2632 1729 2663 dicitur
1753 2631 1889 2663 ibidem:
1928 2632 2139 2673 baptizabat,

249 2797 256 2813 ¹
277 2797 343 2822 Vide
362 2803 441 2828 supra
462 2796 485 2821 d.
507 2796 531 2821 1,
551 2803 576 2827 p.
596 2795 622 2820 ll.
642 2802 664 2819 a.
689 2795 709 2819 l.
729 2802 754 2827 q.
776 2795 799 2819 3.
818 2797 843 2819 et
862 2794 925 2819 dub.
946 2794 968 2818 6.

247 2841 257 2857 ²
278 2839 406 2865 Arnobius
432 2840 516 2864 Iunior
537 2839 637 2867 (claruit
657 2839 722 2863 circa
749 2845 789 2862 an.
816 2837 892 2869 460),
912 2838 937 2861 in
959 2837 996 2861 tis.
1022 2836 1058 2861 17.
1078 2837 1128 2861 ait:

178 2887 248 2910 Sicut
267 2885 371 2909 lucerna
391 2885 507 2915 corporis
526 2884 628 2914 oculus,
650 2883 682 2907 ita
704 2883 805 2907 lucerna
826 2883 927 2906 animae
947 2888 1019 2905 niens
1039 2883 1088 2911 cst,
1104 2881 1128 2905 in

179 2937 228 2961 qua
250 2930 296 2954 nisi
316 2929 402 2953 oleum
422 2929 519 2959 gratiae
540 2934 603 2952 suae
622 2927 737 2952 Christus
756 2926 891 2957 infuderit,
917 2926 1019 2957 penitus
1043 2925 1128 2949 lumen

179 2973 273 2998 hahere
294 2979 344 2997 non
365 2973 464 3003 poterit.
485 2971 536 2997 Csr.
557 2971 659 3002 isidor„
680 2972 704 2995 in
724 2970 802 2995 Exod.
823 2977 844 2995 c.
865 2969 906 2994 44.

248 3016 258 3032 ³
278 3016 351 3041 Vers.
372 3016 395 3041 5

250 3059 260 3076 4
279 3059 329 3085 Csr.
350 3060 414 3084 intra
434 3059 459 3084 (l.
479 3060 503 3084 6.
525 3066 549 3090 p.
570 3060 585 3083 l.
606 3066 630 3091 q.
652 3059 675 3083 ἱ).
695 3072 729 3076 -
749 3058 854 3083 luterius
874 3062 931 3089 post
952 3058 1065 3088 primum
1084 3056 1132 3081 (la-

181 3106 226 3130 tur
245 3103 325 3129 eliam
344 3103 402 3128 cod.
424 3103 439 3127 F
459 3103 530 3128 addit
549 3103 576 3128 in
596 3102 660 3136 ipso.
681 3101 796 3127 Subinde
816 3108 863 3132 pro
881 3100 944 3134 quia,
964 3100 1027 3126 haee
1047 3100 1103 3125 cod.
1124 3101 1129 3124 l

181 3147 243 3181 quia
263 3147 353 3173 omnia
372 3147 451 3179 haec,
474 3147 530 3172 cod.
552 3147 575 3172 X
596 3146 659 3180 quia
679 3146 743 3172 hacc
762 3145 853 3171 omnia
871 3145 943 3178 facit.

252 3191 263 3207 5
282 3192 317 3215 Dc
336 3192 419 3222 prima
440 3194 465 3216 et
483 3192 555 3216 tertia
575 3197 658 3222 aquae
678 3190 835 3221 proprietate
854 3189 915 3214 vide
929 3189 1045 3220 Aristot.‚
1060 3189 1087 3214 ll.
1101 3189 1133 3214 de

181 3236 286 3265 Anium,
307 3238 364 3260 text.
385 3235 425 3259 68.
446 3234 479 3265 (c.
498 3234 552 3266 7.);
573 3234 605 3259 (lc
624 3234 695 3258 Sens.
716 3236 740 3257 et
759 3240 825 3258 sens.
845 3240 867 3257 c.
888 3233 911 3257 2.
931 3240 1022 3265 scqq.;
1048 3233 1074 3257 ll.
1101 3232 1133 3257 de

181 3280 298 3304 Gener-at.
318 3283 343 3304 et
362 3283 476 3310 corrupt.
503 3281 560 3303 text.
593 3278 629 3302 16.
655 3284 727 3309 seqq.
755 3277 787 3307 (c.
814 3277 837 3301 3.
864 3275 939 3309 seq).
965 3277 1000 3301 De
1020 3276 1132 3302 secunda

182 3324 226 3348 cfr.
247 3323 322 3354 Ilugo
341 3330 355 3347 a
376 3323 399 3347 S.
420 3323 500 3353 Vict.‚
522 3322 547 3346 ll.
568 3321 600 3346 de
620 3322 733 3346 Sacram.
754 3328 778 3352 p.
799 3320 839 3345 Vl.
866 3327 888 3345 c.
919 3320 962 3352 lli,
982 3324 1006 3346 et
1032 3322 1072 3346 hic
1099 3321 1132 3345 lit.

182 3367 308 3398 Magistri,
329 3373 350 3392 c.
370 3367 400 3398 6,
420 3366 464 3391 ubi
484 3367 562 3391 etiam
582 3365 614 3390 de
634 3366 732 3390 ratione
748 3364 911 3390 necessitatis
930 3365 1008 3396 paulo
1029 3364 1133 3389 interius

183 3410 265 3440 posita
291 3410 383 3440 agitur.
410 3409 462 3434 Csr.
486 3409 563 3433 etiam
589 3408 708 3439 Tertult,
729 3408 761 3433 de
781 3408 925 3439 Baptismo,
946 3415 967 3432 c.
988 3408 1012 3432 3.
1031 3420 1067 3425 —
1087 3407 1133 3431 Pro

1192 2794 1217 2818 et
1234 2791 1332 2817 iteruin
1353 2791 1428 2817 codd.
1449 2792 1487 2816 tJ'l
1507 2792 1531 2817 et
1550 2790 1692 2824 quonium,
1714 2791 1771 2816 cod.
1792 2791 1808 2815 F
1828 2798 1891 2816 vero
1911 2792 1972 2823 legit
1993 2791 2053 2817 ilem
2073 2799 2143 2825 aqna

1193 2837 1231 2861 est
1249 2835 1393 2866 mundans,
1410 2837 1434 2860 et
1442 2836 1553 2868 propter
1572 2835 1620 2861 hoc
1639 2835 1773 2869 siynificut
1791 2835 1908 2868 qratiam
1927 2839 1974 2860 etc.

1264 2879 1274 2895 6
1294 2879 1347 2904 Gal.
1362 2880 1386 2910 3,
1405 2879 1440 2903 10.
1455 2883 1479 2904 ct
1498 2880 1538 2903 13:
1554 2879 1716 2911 Quicumque
1730 2880 1797 2903 enim
1811 2886 1841 2903 ex
1855 2879 1979 2910 operibus
1992 2879 2067 2910 Legis
2078 2883 2144 2906 sunt,

1194 2923 1243 2948 sul)
1257 2923 1394 2948 maledicto
1408 2926 1492 2947 sunt...
1507 2922 1623 2947 Christus
1638 2929 1684 2947 nos
1697 2923 1805 2947 redemit
1819 2923 1851 2947 de
1864 2923 1999 2947 maledicto
2014 2923 2095 2953 Legis,
2111 2923 2145 2947 sa-

1195 2970 1250 2992 ctus
1264 2974 1311 2998 pro
1323 2967 1396 2992 nobis
1407 2966 1579 2991 maledictum.
1592 2980 1623 2983 —
1636 2967 1693 2998 ch.
1706 2969 1786 2991 textus
1800 2969 1838 2990 est
1848 2966 1910 2990 Gen.
1923 2966 1946 2997 3,
1962 2966 2003 2990 17:
2015 2966 2145 2991 Maledicta

1196 3015 1260 3037 terra
1282 3013 1306 3036 in
1326 3019 1404 3043 opere
1424 3014 1466 3036 tuo
1486 3014 1580 3036 otc.—
1593 3010 1674 3035 Codd.
1694 3011 1713 3034 Α
1725 3010 1785 3035 Haa
1805 3009 1853 3035 snb
1873 3010 1938 3043 Leqe
1958 3017 2005 3041 pro
2025 3009 2052 3035 in
2071 3010 2144 3042 Leyc.

1265 3056 1275 3072 ⁷
1294 3055 1330 3081 Cf.
1351 3062 1429 3086 supra
1449 3054 1473 3079 (l.
1500 3055 1517 3079 l.
1538 3061 1563 3085 p.
1585 3054 1609 3078 ll.
1629 3061 1651 3078 a.
1672 3055 1695 3078 2.
1716 3061 1740 3086 q.
1765 3055 1785 3078 l.
1805 3054 1838 3079 ad
1862 3054 1881 3078 l.
1906 3057 1931 3078 ct
1959 3053 2021 3078 dub.
2043 3055 2070 3084 6,
2100 3061 2145 3078 nec

1197 3107 1246 3125 non
1268 3100 1303 3124 lll.
1324 3100 1391 3124 Sent.
1411 3099 1436 3123 (l.
1458 3099 1497 3123 to.
1518 3105 1542 3130 q.
1562 3098 1582 3122 l.
1595 3101 1620 3123 ct
1634 3098 1656 3122 3.
1672 3112 1705 3115 -
1719 3098 1835 3128 aristot,
1857 3097 1897 3122 lV.
1913 3098 2016 3122 llletcor.
2032 3100 2088 3122 text.
2105 3097 2144 3122 45.

1197 3144 1230 3175 (c.
1251 3144 1303 3176 9.):
1323 3144 1395 3175 Aqua
1416 3142 1483 3167 cedit
1502 3141 1620 3173 quidem,
1641 3141 1686 3166 sed
1714 3148 1762 3166 non
1789 3141 1933 3166 secundum
1960 3144 2073 3172 partem,
2101 3141 2145 3166 scd

1197 3190 1284 3212 contra
1305 3186 1408 3211 secedit.

1267 3229 1278 3246 Β
1298 3230 1381 3255 Matth.
1402 3230 1431 3259 3,
1457 3229 1493 3253 13.
1514 3228 1563 3253 Cl‘r.
1583 3228 1704 3259 August„
1721 3228 1744 3252 in
1761 3227 1826 3252 loun.
1847 3228 1944 3259 livang.
1965 3230 1995 3252 tr.
2017 3226 2039 3252 4.
2061 3235 2083 3252 n.
2110 3228 2145 3252 13.

1197 3282 1252 3306 seq.
1274 3288 1306 3291 —
1326 3273 1389 3299 Cod.
1409 3273 1426 3297 F
1447 3272 1501 3297 voci
1522 3278 1582 3297 cnm
1604 3271 1668 3297 bene
1688 3272 1827 3302 praemittit
1845 3271 1917 3304 quia.

1266 3317 1277 3333 ⁹
1299 3317 1371 3342 Vers.
1392 3317 1414 3341 5.
1435 3331 1469 3333 —
1488 3317 1546 3347 seq.
1567 3320 1649 3341 textus
1663 3319 1700 3340 est
1720 3316 1786 3340 loon.
1807 3316 1835 3347 3,
1858 3317 1899 3340 22.
1919 3315 1970 3341 Csr.
1990 3315 2052 3341 ibid.
2074 3316 2101 3347 4,
2124 3317 2145 3340 l.

1197 3368 1270 3394 scq.:
1290 3362 1385 3386 lesus...
1405 3360 1540 3391 baptizat...
1562 3360 1726 3392 Quamquam
1753 3361 1821 3385 lesus
1848 3367 1897 3385 non
1919 3359 2073 3392 baptizaret,
2100 3361 2146 3385 sed

1199 3405 1317 3437 discipuli
1338 3406 1399 3429 eius.
