2483 3882
711 223 804 255 DlST.
830 223 903 255 XVI.
929 223 958 255 P.
983 223 1016 255 ll.
1041 223 1122 255 ART.
1148 223 1167 254 l.
1191 223 1345 264 QUAEST.
1370 223 1402 254 ll.
1974 226 2037 257 405

73 315 98 340 S.
119 313 218 338 Thoma
247 311 380 337 discedere
408 315 432 337 et
455 312 638 336 insufficienter
667 311 738 343 loqui
761 312 858 336 asserit.
879 311 929 336 Sed
949 311 1021 336 dece-

72 361 131 390 ptus
149 360 186 382 est
206 356 266 381 salsa
287 355 326 380 illa
346 356 511 387 antiquarum
540 355 683 380 editionum
712 355 836 380 lectione:
856 362 904 381 nec
924 356 961 381 est
980 362 1022 380 ne-

71 399 228 430 cessariam,
251 402 333 424 notata
354 406 415 430 pag.
437 398 501 431 404,
524 403 581 424 nota
602 398 627 424 5.
653 398 772 424 Ceterum
796 402 889 424 attente
907 399 1022 424 conside-

70 445 133 471 ranti
152 444 341 469 cohaerentiam
362 444 437 468 totius
460 444 587 468 sermonis
606 443 656 467 iam
677 445 764 474 patere
784 442 872 467 debuit
898 450 957 467 vera
979 450 1021 468 au-

71 488 146 515 ctoris
164 487 243 512 nostri
263 487 393 512 sententia.

139 532 174 556 De
195 532 242 556 bac
263 531 285 556 l.
305 531 473 563 quaestione:
493 530 562 555 Alex.
584 530 654 562 Hal,
676 530 723 555 loe.
744 530 784 555 cit.
805 532 829 554 et
848 537 872 562 q.
892 530 930 555 17.
947 537 981 554 m.
997 530 1019 555 3.

70 584 92 603 a.
112 575 136 601 4.
157 589 191 593 —
210 576 292 606 Scot.‚
316 575 356 600 liic
375 582 400 607 q.
424 575 445 599 l.
467 581 492 599 n.
514 574 538 599 6.
559 587 593 591 —
612 574 677 599 Petr.
697 581 711 598 a
725 574 794 605 Tar.,
809 574 850 599 hie
863 580 885 598 a.
901 573 925 598 4.
942 581 1021 606 quae-

70 622 159 647 stiunc.
179 620 203 645 3.
223 633 257 637 -
277 619 380 650 Dionys.
401 618 501 651 Cartlr,
524 619 565 644 liic
584 626 608 651 q.
634 619 653 643 l.

1157 312 1182 336 ll.
1203 312 1261 344 Seq.
1283 312 1331 343 (2.)
1352 312 1467 344 quaestio
1487 311 1520 336 ab
1540 311 1595 336 aliis
1614 311 1765 337 doctoribus
1783 312 1876 337 eodem
1897 319 1973 337 sensu
1993 313 2040 337 sol-

1085 356 1168 387 vitur,
1190 355 1237 380 sed
1257 355 1425 388 plerumque,
1447 355 1510 380 dum
1530 358 1637 380 tractant
1666 355 1698 380 de
1726 356 1917 381 conditionibus
1946 356 1979 380 ad
1998 355 2041 381 ba-

1086 399 1211 430 ptismum
1224 406 1253 424 ex
1269 402 1341 430 parte
1352 398 1497 430 baptizandi
1512 399 1591 424 adulti
1603 400 1742 431 requisitis.
1760 398 1809 424 Ct'r.
1825 400 1894 424 Alex.
1911 400 1975 432 Hal„
1991 401 2038 426 loc.

1086 443 1127 467 cit.
1148 449 1172 474 q.
1198 442 1236 468 15.
1258 450 1292 467 m.
1314 444 1336 467 sl.
1357 450 1380 468 a.
1403 444 1425 468 2.
1440 457 1475 461 —
1489 444 1567 474 Seot.‚
1588 444 1612 468 in
1633 447 1743 476 utroque
1764 444 1864 475 Scripto
1884 444 1999 475 suprad.
2015 444 2037 469 4.

1085 494 1110 518 q.
1131 486 1154 511 5.
1176 501 1208 504 -—
1228 487 1254 512 S.
1276 487 1379 519 Tuom„
1402 488 1444 512 liic
1464 495 1489 520 q.
1517 488 1535 512 l.
1556 495 1578 512 a.
1599 488 1623 512 2.
1644 488 1803 519 quaestiunc.
1823 488 1847 518 l;
1868 489 1892 512 S.
1909 487 1944 512 lll.
1959 495 1983 520 q.
1999 488 2040 513 68.

1085 537 1109 555 a.
1132 530 1154 555 4.
1175 531 1199 555 5.
1220 532 1243 555 6.
1264 545 1298 548 —
1317 532 1343 556 B.
1364 531 1477 562 Albai-t..
1498 532 1538 556 liic
1558 539 1580 556 a.
1602 531 1644 557 48.
1664 545 1700 550 —
1719 532 1783 556 Petr.
1809 539 1821 556 a
1843 532 1911 563 Tar.,
1931 532 1978 557 loe.
1999 532 2039 557 cit.

1085 575 1244 606 quaestiunc.
1267 575 1289 600 «l.
1310 576 1333 599 9..
1353 588 1388 593 —
1407 575 1527 600 Ricliard.
1548 582 1562 600 a
1583 576 1657 607 Med„
1680 575 1705 601 d.
1728 576 1749 601 4.
1770 583 1792 601 a.
1815 576 1837 600 l.
1858 583 1882 608 q.
1904 577 1970 601 2.—
1984 576 2041 601 Dio-

1085 625 1141 649 nys.
1161 618 1260 649 Cat-tn,
1281 619 1322 643 liic
1341 626 1365 651 q.
1386 620 1408 643 2.

937 720 1121 762 Quaesrio
1146 721 1177 752 n.

316 819 432 851 Utrum
461 818 631 856 aduttum,
656 818 858 851 accedentem
882 818 928 850 ad
952 818 1152 860 baptismum
1177 828 1253 850 cttm
1277 818 1406 850 actttatz'
1425 823 1574 860 peccato,
1599 829 1725 851 necesse
1749 820 1792 851 sit

654 880 753 908 antea
777 876 1034 908 Sacramentum
1054 875 1273 917 poenitentiae
1296 876 1454 917 accipere.

154 980 297 1013 Secundo
321 980 496 1022 quaeritur,
514 983 622 1012 utrum
640 979 802 1017 adultum,
819 978 1018 1011 accedentem

69 1035 108 1067 ad
131 1033 322 1075 baptismum
352 1042 424 1065 cum
449 1032 580 1071 actuali,
605 1040 732 1064 necesse
757 1032 796 1064 sit
820 1035 892 1063 ante
916 1032 1022 1063 Sacra-

69 1090 208 1120 mentum
234 1086 442 1128 poenitentiae
464 1086 608 1127 accipere
632 1094 727 1127 quam
757 1084 959 1126 baptismum.
988 1084 1021 1115 Et

69 1141 150 1183 quod
175 1140 236 1178 sic,
262 1140 398 1171 videtur.

158 1194 184 1225 i.
210 1194 340 1226 Actnum
366 1192 544 1225 secundo¹t
571 1191 807 1228 Poenitemz'm',
833 1195 861 1222 et
878 1190 1020 1232 baptize-

42 1251 124 1279 '-tttr
155 1246 382 1289 unusquisque
416 1249 578 1282 vestrttm;
611 1244 735 1277 Glossa:
767 1244 948 1276 «Dicturus
981 1243 1020 1275 de

0 1286 19 1347 3
69 1299 253 1342 baptismate
279 1298 440 1340 praemisit
465 1299 601 1330 lamenta
624 1297 846 1339 poenitentiae,
871 1301 906 1329 ut
930 1297 1021 1338 prius

69 1362 100 1386 se
123 1362 205 1394 aqua
229 1351 405 1383 afflictionis
429 1350 657 1392 perfunderent
681 1354 711 1382 et
728 1353 798 1391 post
818 1350 1020 1381 sacramento

67 1405 261 1448 baptismatis
287 1404 474 1436 lavarent».
766 1407 768 1410 ’

154 1459 183 1490 2.
202 1458 292 1493 item.
310 1456 455 1488 Matthaei
476 1456 596 1488 tertio‘2:
614 1455 757 1487 Exibant
773 1456 820 1487 ad
835 1455 928 1487 ittam
946 1458 1019 1493 etc.;

68 1512 189 1545 Glossa:
221 1524 236 1540 «
254 1511 314 1542 lam
342 1513 415 1542 tunc
439 1509 622 1551 exemplum
656 1509 852 1550 baptizandis
884 1509 1019 1541 dabatur

67 1564 230 1598 confitendi
263 1567 391 1605 peccata
422 1566 452 1595 et
483 1562 686 1604 promittendi
720 1561 910 1594 meliorant
945 1570 1019 1603 ergo

67 1618 91 1650 si
109 1617 222 1650 debent
246 1616 405 1654 confiteri,
423 1616 567 1648 similiter
584 1620 615 1648 et
638 1616 757 1648 conteri
775 1619 805 1647 et
830 1614 1019 1647 satisfacere.

154 1670 182 1702 3.
208 1670 300 1708 Item,
325 1670 455 1701 ratione
472 1669 617 1701 videtur:
644 1668 718 1710 quia
735 1668 887 1700 Dominus
904 1671 934 1700 et
951 1667 1020 1700 bea-

68 1728 118 1757 tus
141 1724 269 1756 Ioannes
295 1723 480 1765 inceperunt
504 1722 769 1764 praedicationem
792 1730 883 1753 suam
908 1731 925 1752 a
950 1730 1019 1762 poe-

68 1777 236 1815 nitentia³;
261 1776 313 1808 sed
340 1777 380 1808 ab
405 1785 441 1808 eo
471 1776 650 1808 debuerunt
674 1775 833 1816 incipere,
863 1774 948 1816 quod
972 1777 1019 1806 est

68 1830 176 1863 saluti-s
201 1830 339 1861 initium:
367 1838 441 1870 ergo
466 1829 490 1861 si
516 1829 558 1860 ita
583 1829 784 1869 inceperunt,
809 1830 908 1868 patet,
933 1825 1018 1868 quod

66 1884 166 1926 primo
191 1883 284 1915 debet
306 1882 449 1924 accipere
473 1881 706 1924 poenitentiam.

153 1937 182 1968 4.
208 1937 297 1975 item,
323 1936 425 1977 primo
443 1944 577 1976 persona
598 1934 740 1975 corrupit
765 1933 945 1971 naturam&
963 1933 1018 1965 sed

67 1989 185 2022 actuale
210 1993 257 2021 est
288 1988 450 2029 corruptio
483 1995 653 2029 personae,
686 1990 716 2018 et
748 1985 900 2027 originale
932 1989 1019 2017 natu-

66 2052 133 2082 rae,
157 2047 187 2074 et
218 2045 325 2074 contra
350 2040 473 2073 actuale
505 2044 551 2072 est
576 2039 785 2082 poenitentia:
819 2048 894 2080 ergo
918 2038 1020 2080 praeit

67 2096 267 2138 baptismum.

154 2150 182 2180 5.
207 2148 302 2186 ltem,
328 2146 483 2189 parvulus
499 2156 559 2178 non
585 2146 680 2178 habet
697 2145 754 2178 nisi
780 2145 945 2186 originale,
963 2145 1018 2178 sed

67 2201 193 2234 adultus
217 2200 340 2233 actuale
372 2209 443 2232 cnm
469 2199 632 2241 originali3
665 2199 718 2231 sed
752 2199 806 2240 qui
831 2198 926 2231 babet
957 2207 1020 2230 am-

67 2255 196 2297 pliorem
222 2254 368 2286 morbum
401 2253 494 2285 debet
518 2253 635 2285 babere
664 2252 801 2294 amplius
826 2251 1018 2284 remedium:

69 2317 137 2340 cum
162 2317 236 2349 ergo
261 2308 438 2349 baptismus
454 2307 652 2339 necessarius
669 2306 708 2338 sit
726 2305 874 2347 parvulo,
898 2305 1019 2347 aliquid

69 2361 150 2393 ultra
172 2361 364 2403 baptismum
397 2360 457 2393 erit
481 2359 693 2392 necessarium
727 2358 846 2391 adulto.
875 2358 934 2390 Sed
961 2359 1019 2391 boc

67 2423 126 2446 non
150 2418 196 2447 est
220 2414 278 2447 nisi
304 2414 507 2456 poenitentia:
535 2422 610 2454 ergo
634 2416 691 2445 etc.

153 2467 296 2500 CONTRA:
333 2469 360 2499 i.
393 2467 571 2508 Baptismus
607 2470 653 2498 est
677 2466 772 2497 ianua
807 2465 1021 2497 Sacramentu-

3 2521 177 2559 nenta.rum⁵3
209 2521 263 2553 sed
290 2521 382 2552 ianua
418 2523 465 2552 est
494 2519 612 2561 prii‘no,
646 2523 677 2551 et
700 2522 772 2550 ante
807 2517 909 2559 ipsam
941 2517 1019 2548 nibil

68 2573 157 2606 debet
180 2574 354 2615 praemitti:
380 2582 455 2615 ergo
480 2577 536 2605 etc.

1174 980 1203 1011 02.
1228 979 1322 1018 Item,
1352 979 1573 1020 «poenitentia
1604 982 1651 1012 est
1675 980 1814 1012 secunda
1840 980 1946 1012 tabula
1970 983 2040 1021 post

1085 1031 1339 1073 naufragium»,
1363 1035 1399 1063 ut
1423 1031 1498 1063 dicit
1530 1031 1754 1073 Hieronymus,
1779 1036 1809 1064 et
1840 1033 1976 1064 babetur
2008 1033 2040 1064 iu

1086 1083 1189 1116 littera
1218 1093 1316 1126 supra
1348 1084 1546 1117 distinctione
1579 1084 1700 1117 decima
1731 1085 1884 1126 quarta⁰;
1909 1085 1963 1117 sed
1997 1094 2041 1117 se-

1084 1137 1188 1169 cunda
1205 1137 1320 1170 dicitur
1339 1141 1485 1179 respectu
1502 1138 1662 1179 baptismi:
1681 1146 1756 1179 ergo
1779 1138 1854 1170 baec
1875 1147 1936 1170 non
1954 1147 2042 1179 prae-

1085 1191 1167 1222 cedit
1192 1191 1306 1232 ipsum.

1175 1243 1203 1275 3.
1230 1243 1322 1280 Item,
1341 1243 1517 1285 baptismus
1540 1252 1665 1276 omnem
1692 1243 1817 1285 culpam
1843 1243 1940 1282 delet,
1959 1244 2040 1276 sicut

1085 1297 1205 1338 supra⁷
1227 1300 1437 1329 monstratum
1468 1300 1514 1329 est
1532 1315 1575 1319 —
1592 1297 1676 1329 unde
1700 1296 1893 1338 Augustinus
1921 1296 1961 1328 ad
1986 1297 2041 1328 Va-

1085 1350 1216 1383 lerium:
1248 1362 1262 1379 «
1281 1351 1417 1382 Lavacro
1442 1349 1687 1391 regenerationis
1712 1349 1817 1381 omnia
1837 1352 1964 1391 peccata
1988 1349 2041 1381 bo-

1085 1405 1204 1436 minum
1232 1404 1427 1436 mundantur
1460 1407 1555 1445 atque
1584 1407 1766 1435 sanantur»
1790 1422 1832 1425 —
1854 1403 1908 1435 sed
1934 1411 2041 1444 super-

1084 1456 1185 1488 fluum
1218 1460 1265 1489 est
1289 1457 1391 1489 facere
1416 1466 1472 1498 per
1504 1456 1597 1498 plura
1629 1456 1714 1498 quod
1747 1459 1848 1497 potest
1883 1455 1951 1488 lieri
1984 1464 2040 1496 per

1084 1519 1201 1541 unum:
1235 1518 1310 1551 ergo
1341 1509 1382 1541 ad
1406 1510 1663 1542 emundationem
1696 1518 1757 1541 non
1782 1512 1829 1541 est
1864 1508 2041 1541 necessaria

1084 1562 1286 1604 poenitentia.

1440 1685 1680 1709 CONCLUSIO.

1084 1800 1309 1838 Poem'tentia,
1325 1804 1426 1842 ‘prout
1442 1804 1487 1832 est
1506 1800 1613 1832 virtus
1629 1805 1657 1832 et
1673 1800 1843 1838 contritio,
1862 1800 1896 1831 tn
1913 1799 2038 1831 adultis

1168 1855 1365 1896 praecedere
1396 1853 1485 1885 debet
1510 1853 1727 1895 baptismam,
1752 1854 1808 1886 sed
1831 1863 1915 1891 oto-n,
1938 1858 2039 1895 preat

1172 1912 1218 1939 est
1249 1907 1505 1940 Sacramentum
1530 1910 1559 1938 et
1582 1906 1744 1938 absolutio
1773 1910 1802 1937 et
1831 1904 2040 1947 satisfactt'0;

1172 1959 1333 2003 consessio
1357 1964 1467 1992 (tatem
1492 1960 1530 1992 de
1554 1969 1700 2002 congruo
1722 1959 1896 2001 praemitte?
1914 1963 2027 2001 potest.

1173 2094 1372 2126 RESPONDEO:
1398 2092 1591 2132 Dicendum,
1616 2093 1701 2134 quod
1727 2096 1773 2125 est
1798 2092 1882 2135 loqui
1909 2092 1948 2125 de
1972 2101 2042 2134 poe-

1083 2147 1230 2186 nitentia,
1253 2150 1289 2179 ut
1312 2150 1359 2179 est
1383 2146 1492 2178 virtus
1517 2150 1546 2179 et
1575 2149 1610 2178 ut
1635 2150 1682 2179 est
1714 2146 1981 2178 Sacramentum.
2013 2146 2042 2178 Si

1084 2199 1255 2241 loquamur
1280 2199 1319 2231 de
1336 2199 1540 2241 poenitentia,
1564 2203 1600 2231 ut
1624 2203 1671 2232 est
1688 2199 1815 2237 virtus,
1841 2199 1932 2231 cuius
1953 2203 2043 2232 actus
2057 2211 2201 2233 conclusioi.

1083 2257 1131 2284 est
1147 2251 1310 2290 contriti03
1327 2260 1455 2284 necesse
1480 2255 1543 2290 est,
1561 2251 1645 2293 quod
1664 2251 1832 2293 praecedat
1849 2251 2043 2293 baptismum

1084 2305 1114 2337 in
1132 2305 1256 2344 adulto,
1282 2305 1336 2346 qui
1355 2305 1448 2337 babet
1465 2305 1588 2337 actuale
1606 2308 1788 2346 peccatum3
1818 2316 1832 2333 «
1850 2313 1941 2336 nemo
1959 2304 2043 2336 enim

1084 2358 1233 2390 inchoare
1264 2362 1366 2399 potest
1402 2367 1516 2390 novam
1553 2357 1666 2394 vitam,
1692 2358 1751 2390 nisi
1788 2358 1945 2399 poeniteat
1968 2366 2041 2389 eum

1084 2411 1200 2443 veteris
1217 2411 1321 2443 vitae8
1338 2424 1367 2442 ».
1385 2430 1429 2434 —
1445 2411 1473 2443 Si
1499 2415 1605 2443 autem
1632 2411 1801 2452 loquamur
1823 2411 1862 2442 de
1886 2410 2043 2451 poeniten-

1084 2464 1142 2503 tia,
1170 2468 1203 2496 ut
1227 2468 1274 2496 est
1306 2464 1580 2502 Sacramentum,
1617 2464 1793 2496 secundum
1829 2463 1914 2505 quod
1947 2463 2042 2494 homo

1084 2517 1257 2559 confitetur
1282 2520 1312 2549 et
1336 2517 1454 2558 recipit
1477 2516 1732 2553 ctbsetzttz'onem;
1756 2516 1840 2554 dico,
1865 2516 1951 2556 quod
1976 2524 2037 2547 non
2053 2528 2165 2550 conclusio
2180 2530 2201 2550 2.

1084 2574 1131 2602 est
1155 2579 1282 2602 necesse
1310 2570 1516 2611 praecedere,
1549 2569 1602 2601 sed
1629 2569 1668 2601 de
1697 2578 1837 2610 congruo
1862 2572 1972 2610 potest.
1998 2568 2043 2601 Fit

138 2716 143 2732 ¹
166 2717 238 2742 Vers.
260 2717 309 2741 38:
331 2716 527 2747 poenitentiam,
555 2715 637 2748 inquit
663 2713 793 2748 [Petrus]y
822 2715 904 2745 agite,
929 2717 953 2739 et
971 2716 1019 2738 etc.

68 2773 102 2778 —
120 2761 223 2792 Glossa,
249 2768 327 2794 quam
357 2761 434 2786 refert
459 2761 590 2792 Lyranusy
612 2763 696 2784 sumta
717 2762 755 2784 est
774 2766 804 2784 ex
826 2758 908 2790 Beda,
931 2758 974 2790 qui
995 2758 1019 2782 in

46 2807 55 2811 ’
69 2804 137 2829 hunc
155 2805 202 2830 loc.
216 2807 261 2830 ait:
278 2805 397 2830 Dicturus
408 2804 546 2836 baptisma,
560 2804 694 2835 praemisit
709 2803 879 2833 poenitentiae
898 2802 1018 2833 lamenta,

69 2850 97 2873 ut
115 2849 239 2874 Ecclesiae
258 2856 331 2874 more
350 2849 423 2880 prius
442 2856 469 2873 se
490 2855 557 2881 aqua
577 2855 640 2873 suae
662 2847 807 2872 afflictionis
820 2846 983 2871 infunderent
998 2849 1021 2871 et

69 2893 233 2924 postmodum
249 2895 415 2919 Sat-ramento
429 2893 590 2924 baptismatis
604 2893 727 2917 lavarent.
738 2905 773 2910 —-
783 2891 837 2916 Non
853 2891 926 2922 pauci
941 2890 1019 2915 codd.

70 2936 239 2971 effunderent.

138 2982 149 2998 2
168 2982 240 3007 Vers.
260 2983 292 3007 5:
313 2983 387 3007 Tunc
406 2982 492 3007 exibat
511 2981 542 3006 ad
563 2988 623 3006 eum
650 2980 806 3011 lerosolyma
832 2984 857 3005 et
883 2980 967 3004 omnis
986 2980 1021 3004 lu-

71 3024 132 3050 daea
152 3029 198 3051 ete.
218 3040 253 3044 —
272 3026 360 3051 Glossa
390 3029 428 3051 est
452 3023 593 3050 ordinaria
613 3024 685 3056 apud
705 3023 826 3049 Strabum
847 3026 872 3048 et
890 3023 1020 3054 Lyranum

70 3074 100 3094 ex
118 3069 201 3101 Beda,
222 3070 246 3094 in
267 3070 341 3094 lllarc.
367 3070 391 3101 l,
414 3069 437 3094 4.
457 3076 511 3101 seq.

139 3112 151 3129 3
169 3112 219 3138 Cfr.
242 3114 325 3139 Mattli.
346 3114 375 3144 3,
398 3114 420 3138 il.
441 3120 495 3145 seq.
515 3116 540 3137 et.
560 3112 590 3144 4,
617 3112 654 3137 17.

139 3156 149 3172 ⁴¹
168 3157 200 3182 Ut
219 3157 295 3183 docet
313 3158 426 3182 Anselm.
453 3157 541 3182 verbis
560 3164 640 3188 supra
660 3163 721 3188 pag.
742 3156 788 3187 37,
809 3158 867 3180 nota
887 3155 910 3180 ἔτί.
931 3155 1023 3187 allega-

70 3200 109 3225 tis.
129 3215 162 3219 —
180 3200 242 3227 Cod.
264 3202 282 3226 ll
302 3208 417 3234 persona
446 3202 576 3234 corrupta
604 3200 726 3233 corrupit
749 3201 893 3231 metarum,
920 3201 1022 3225 natura

71 3246 196 3278 corrupta
215 3245 336 3277 corrupit
351 3251 505 3278 personam.
527 3245 633 3269 lnt'erius
652 3248 710 3275 post
726 3243 886 3277 poenitentia
905 3243 981 3269 codd.
1000 3244 1021 3268 R

72 3287 118 3312 ST
138 3288 235 3314 addunt
254 3291 347 3315 centra
367 3288 498 3323 orz'qinale
517 3288 672 3321 baptismus.

140 3332 151 3348 ⁵
170 3333 234 3358 Vide
253 3341 332 3365 snpra
351 3334 376 3359 d.
402 3334 422 3359 l.
442 3341 467 3365 p.
488 3334 515 3358 ll.
536 3333 599 3358 dub.
622 3333 641 3357 l.
662 3335 686 3357 et
706 3332 731 3357 d.
751 3332 775 3357 3.
796 3339 820 3364 p.
840 3332 855 3357 l.
876 3340 898 3357 a.
922 3333 941 3357 l.
956 3339 981 3364 q.
996 3333 1020 3357 3.

71 3381 96 3400 in
115 3382 184 3407 corp.

1154 2712 1165 2728 6
1185 2712 1247 2744 Cap.
1270 2713 1292 2737 l.
1313 2712 1362 2738 Cfr.
1383 2712 1445 2737 ibid.
1466 2711 1611 2737 Comment.
1633 2718 1658 2742 p.
1680 2711 1694 2735 l.
1715 2710 1778 2736 dub.
1802 2712 1823 2735 l.

1155 2756 1165 2772 ⁷
1187 2757 1246 2781 Dist.
1268 2756 1291 2781 4.
1312 2763 1337 2787 p.
1358 2757 1374 2781 l.
1396 2764 1418 2781 a.
1441 2757 1462 2780 l.
1484 2763 1508 2788 q.
1534 2756 1552 2780 l.
1572 2769 1608 2773 —
1628 2755 1713 2780 Verba
1740 2756 1848 2786 August.
1871 2755 1997 2780 habentur
2017 2756 2041 2780 in

1086 2800 1101 2824 l.
1123 2800 1155 2825 de
1174 2801 1274 2832 Nuptiis
1293 2805 1318 2826 et
1338 2801 1485 2832 concupisc.
1506 2800 1538 2825 ad
1558 2800 1691 2824 Valerium
1712 2800 1847 2830 comitem,
1862 2807 1883 2824 c.
1899 2800 1939 2824 33.
1954 2807 1977 2824 n.
1993 2800 2039 2831 38,

1086 2845 1128 2869 ubi
1152 2845 1278 2877 ostenuit,
1308 2845 1439 2876 baptismo
1469 2851 1573 2869 omnem
1599 2847 1767 2875 peccatorum
1787 2845 1966 2869 remissionem
1992 2845 2042 2875 ple-

1086 2896 1199 2921 namque
1219 2891 1243 2914 in
1264 2890 1452 2915 resurrectione
1481 2890 1641 2913 sanationem
1666 2891 1798 2919 acceptam
1819 2888 1907 2913 referri
1937 2888 2041 2914 debere.

1086 2934 1140 2964 Sic,
1161 2934 1282 2965 inquam,
1305 2934 1354 2958 hoc.
1373 2932 1450 2966 [Epli.
1472 2932 1501 2963 5,
1522 2931 1622 2965 25-27]
1641 2932 1822 2963 accipiendum
1842 2936 1892 2963 est,
1908 2932 2041 2957 uteodem

1085 2978 1190 3003 lavacro
1209 2978 1411 3009 regenerationis
1431 2980 1455 3001 et
1474 2976 1556 3001 verbo
1584 2976 1790 3002 sanctificationis
1818 2977 1904 3001 omnia
1933 2983 2042 3008 prorsus

1086 3023 1151 3047 mala
1174 3023 1308 3047 bominum
1329 3024 1541 3053 regeneratorum
1562 3020 1720 3045 mundentur
1739 3024 1815 3052 atque
1836 3024 1969 3052 sanentur,
1991 3028 2041 3045 non

1086 3067 1170 3091 solum
1192 3070 1310 3098 peccata,
1334 3073 1401 3098 quae
1420 3066 1506 3090 omnia
1526 3072 1595 3090 nunc
1614 3066 1780 3089 remittuntur
1799 3065 1824 3089 in
1844 3064 1981 3096 baptismo,
1996 3065 2042 3091 sed

1086 3112 1162 3136 etiam
1183 3118 1250 3143 qnae
1271 3111 1399 3142 posterius
1419 3111 1530 3134 bumana
1552 3110 1695 3140 ignorantia
1716 3109 1755 3133 vel
1777 3109 1922 3134 inlirmitate
1942 3112 2043 3135 contra-

1087 3155 1183 3179 buntur
1211 3158 1258 3180 etc.
1288 3155 1336 3179 l‘ro
1363 3153 1399 3179 ad
1430 3152 1568 3178 Valerium>
1597 3153 1654 3178 cod.
1679 3159 1709 3177 aa
1732 3152 1768 3177 (td
1790 3152 1978 3185 Valerianum,
2000 3154 2042 3178 alii

1087 3199 1164 3223 codd.
1185 3201 1208 3223 et
1227 3198 1286 3223 edd.
1306 3197 1342 3223 ad
1364 3196 1542 3223 Valentinum.
1556 3210 1592 3215 —
1605 3197 1641 3221 De
1660 3197 1803 3221 axiomate:
1823 3197 1986 3228 superfluum
2005 3200 2043 3223 est

1086 3243 1171 3267 facere
1191 3249 1238 3273 per
1258 3242 1330 3273 plura
1351 3246 1399 3267 etc.
1420 3241 1464 3266 cfr.
1486 3245 1547 3266 tom.
1568 3241 1603 3265 lll.
1624 3248 1683 3272 pag.
1704 3241 1768 3273 277,
1789 3244 1848 3266 nota
1871 3241 1891 3265 l.
1904 3254 1937 3258 —
1952 3241 1977 3266 In
1991 3241 2042 3267 tine

1087 3294 1142 3318 arg.
1171 3294 1219 3318 pro
1247 3285 1462 3311 emmzdutionem
1491 3286 1563 3310 multi
1592 3285 1668 3311 codd.
1697 3290 1722 3311 et
1749 3285 1810 3311 edd.
1832 3285 2041 3312 emendationem

1087 3331 1186 3363 (plures
1205 3330 1281 3355 codd.
1301 3330 1401 3355 addunt
1420 3329 1621 3362 necessariam).

1158 3373 1169 3390 ⁸
1187 3374 1219 3398 Ut.
1238 3374 1298 3399 dicit
1316 3375 1425 3405 August.
1450 3374 1575 3405 allegatus
1595 3374 1635 3399 hic
1654 3375 1679 3398 in
1700 3374 1734 3399 lit.
1754 3374 1881 3406 Magistri,
1902 3381 1923 3399 c.
1945 3373 1968 3398 4.
