2483 3882
700 246 794 277 DlST.
819 245 904 277 XXII.
929 245 1009 277 ΛΒΤ.
1036 245 1067 277 11.
1093 245 1245 286 QUAEST.
1271 245 1302 277 ll.

1 338 76 376 .tia,
101 334 273 368 secundum
306 333 390 375 quod
422 337 469 366 est
501 334 737 366 Sacramentum
763 334 967 366 reconcilians

21 391 101 427 Deo,
125 390 155 420 et
179 386 351 419 secundum
370 385 453 427 quod
472 385 652 418 reconciliat.
676 395 735 417 non
762 386 863 418 solum
882 386 966 424 Deo,

19 442 73 476 sed
96 440 188 473 etiam
213 438 375 470 Ecclesiae
390 438 398 453 ¹
408 450 420 475 ;
437 438 480 470 510
497 441 527 470 01
544 438 575 469 in
592 438 761 479 proposito.
787 438 966 470 Secundum

0 501 152 535 ,namque
168 491 251 533 quod
269 495 315 523 est
331 490 569 522 Sacramentum
593 490 798 522 reconcilians
815 491 891 528 Deo,
909 500 967 531 pro

19 557 54 580 re
76 545 168 578 habet
191 543 308 585 peccati
333 542 568 579 remissionem;
586 552 643 584 pro
659 542 754 584 siano
771 542 867 574 hahet
884 546 967 574 exte-

18 599 131 632 riorem
155 595 405 628 humiliationem
430 595 495 627 sive
517 595 548 626 in
566 594 692 633 habitu,
710 595 775 627 sive
799 595 830 626 in
856 594 966 633 verbm

19 660 74 694 pro
97 659 133 682 re
156 652 185 680 et
206 648 301 690 signo
326 647 506 679 interiorem
531 646 777 688 poenitudinem.
795 646 856 679 Nec
880 656 968 688 opor-

18 706 72 742 tet,
89 701 172 744 quod
189 701 327 743 primum
339 699 349 714 2
369 700 408 732 sit
425 709 520 732 causa
545 700 656 739 medii,
674 700 727 732 sed
745 700 849 741 potius
865 709 882 732 e
899 709 968 732 con-

19 764 124 794 verso,
141 758 172 786 et
188 754 263 792 1100,
281 753 355 795 quia
371 756 417 785 est
434 762 475 785 ex
492 753 627 785 naturali
646 752 832 790 dictamine;
850 756 880 784 et
897 752 967 784 ideo

15 807 161 851 procedit
183 806 325 839 exterius
349 806 388 837 ah
413 805 572 844 interiori,
590 815 650 837 non
669 805 811 837 exterius
834 804 918 847 facit
935 805 966 837 id

18 861 99 904 quod
123 859 255 892 interius
272 862 328 891 est.
347 877 390 882 —
406 858 463 890 Sed
483 859 512 890 in
538 862 692 900 quantum
717 861 764 890 est
788 858 968 890 Sacramen-

0 917 84 946 .tum
107 911 288 949 Ecclesiae,
318 911 544 943 institutionem
572 911 709 949 hahens,
734 911 778 943 sic
803 910 897 942 habet
921 919 967 941 ra-

17 967 128 999 tionem
154 973 277 996 causae
301 967 331 996 et
353 963 461 1005 sioni,
486 963 567 996 sicut
591 963 652 994 alia
676 962 920 1000 Sacramenta³3
937 965 967 993 et

17 1018 93 1051 ratio
116 1016 327 1049 causalitatis
356 1016 473 1048 residet
505 1024 601 1057 penes
637 1015 668 1048 id
704 1016 789 1057 quod
824 1014 967 1057 formale

16 1074 78 1110 est,
101 1070 180 1102 ratio
204 1078 280 1102 vero
303 1069 394 1111 sioni
415 1077 511 1110 penes
535 1069 567 1100 id
596 1068 678 1110 quod
713 1068 886 1100 materiale
910 1071 965 1100 est.

15 1123 182 1157 Materiale
212 1125 318 1154 autem
351 1121 382 1153 in
412 1122 470 1153 1100
494 1121 695 1153 sacramento
719 1124 766 1154 est
790 1121 966 1153 humiliatio

15 1176 197 1219 poenitentis
233 1175 298 1207 sive
335 1177 488 1216 quantum
525 1174 565 1206 ad
596 1178 709 1206 actam
738 1174 965 1212 contritionis,

16 1230 78 1263 sive
101 1232 252 1271 quantum
279 1227 317 1260 ad
342 1227 477 1259 verbam
502 1227 747 1265 accusationis,
774 1227 839 1260 sive
871 1236 967 1268 quan-

15 1286 80 1316 tum
104 1282 142 1314 ad
166 1290 305 1323 poenam
340 1279 609 1322 satisfactionis;
640 1278 783 1322 formale
812 1288 888 1312 vero
919 1283 966 1312 est

16 1334 172 1368 absolutio
204 1332 395 1365 sacerdotis.
426 1332 505 1365 Haec
529 1332 593 1364 duo
619 1332 714 1365 simul
740 1333 844 1364 iuncta
875 1332 965 1373 signi—

13 1388 105 1421 ficant
125 1386 360 1429 poenitentiam
384 1385 595 1423 interiorem,
613 1385 787 1417 secundum
807 1385 890 1426 quod
908 1393 965 1426 per

15 1442 111 1483 ipsam
135 1443 182 1472 est
206 1439 350 1471 remissio
374 1438 486 1480 culpae
510 1438 648 1480 perfecta
669 1441 822 1479 quantum
840 1437 878 1469 ad
894 1447 965 1478 poe-

15 1502 92 1525 nam
115 1496 145 1525 et
169 1495 323 1534 quantum
359 1491 397 1523 ad
430 1490 587 1532 calpam;
611 1494 641 1523 et
665 1494 818 1532 quantum
847 1490 886 1522 ad
919 1498 965 1530 re-

15 1545 190 1578 missionem
215 1543 332 1586 peccati
357 1547 511 1585 quantum
537 1543 575 1575 ad
602 1543 735 1585 culpam
760 1543 854 1575 habet
876 1542 965 1574 ratio-

15 1607 83 1631 nem
106 1597 196 1640 sioni
218 1596 358 1629 exterius
382 1596 637 1635 Sacramentum,
662 1599 816 1637 quantum
848 1595 888 1627 ad
920 1603 964 1627 re-

15 1651 190 1684 missionem
222 1659 347 1692 poenae
382 1650 477 1682 hahet
511 1649 648 1691 quodam
686 1649 779 1681 modo
811 1649 963 1680 rationem

14 1713 131 1737 causae
145 1704 167 1734 ⁴.

99 1757 133 1788 Et
156 1756 200 1788 510
223 1759 325 1797 patet,
357 1755 433 1797 quid
458 1755 489 1787 in
514 1755 573 1787 hoc
598 1755 799 1786 Sacramento
824 1753 864 1785 sit
891 1762 963 1791 res,

0 1809 128 1843 scilicet
150 1809 269 1851 peccati
293 1809 437 1841 remissio
464 1808 623 1850 perfecta;
647 1810 678 1839 et
702 1807 778 1848 quid
810 1806 963 1848 sipontin,

15 1862 127 1895 scilicet
150 1861 289 1894 exterior
313 1861 503 1903 poenitentia
520 1859 696 1892 secundum
722 1859 963 1891 ecclesiasticam

14 1915 160 1954 formam,
185 1914 215 1946 in
241 1923 303 1956 qua
327 1918 374 1946 est
398 1913 575 1946 humiliatio
599 1916 630 1945 et
654 1912 810 1944 absolutio
823 1924 831 1950 3
859 1921 913 1944 res
936 1916 966 1943 et

14 1967 142 2010 signam
166 1969 213 1999 est
238 1966 366 1998 interior
391 1965 560 2007 poenitudo
575 1964 597 1996 ⁵.
618 1984 662 1988 —
684 1965 770 1997 Unde
793 1964 964 1997 conceden-

15 2021 70 2053 dae
90 2023 165 2058 sunt
190 2019 326 2051 rationes
349 2019 389 2051 ad
413 2019 548 2060 primam
574 2022 706 2059 partem.

101 2074 127 2104 1.
151 2072 193 2104 Ad
219 2071 299 2104 illud
323 2080 398 2112 ergo
422 2071 507 2113 quod
532 2071 692 2109 obiicitur,
722 2070 807 2112 quod
832 2080 893 2102 non
918 2073 964 2103 est

0 2124 222 2164 -elementum3
245 2125 433 2163 dicendum,
458 2124 542 2165 quod
569 2124 654 2165 Hugo
678 2123 771 2156 valde
804 2123 889 2165 large
915 2132 964 2155 su-

16 2177 69 2210 mit
88 2178 273 2210 elementum
291 2178 330 2210 ad
348 2186 440 2209 omne
457 2177 537 2209 illud
553 2177 638 2219 quod
656 2177 801 2209 ecclei-ins
823 2180 965 2218 apparet

0 2231 229 2263 ,301131111ιᾶ-
250 2231 305 2264 Vel
330 2231 354 2263 si
380 2231 603 2272 approprietur
632 2230 671 2262 ad
699 2230 890 2271 corporalia
915 2231 964 2262 Sa-

17 2287 187 2323 cramenta,
212 2288 286 2317 tunc
311 2293 372 2316 non
397 2283 583 2325 intelligitur
608 2283 666 2315 nisi
692 2283 730 2315 de
755 2283 963 2316 §aeramentis

16 2338 146 2379 propriis
169 2346 268 2369 novae
293 2337 379 2379 legis.

100 2391 128 2421 Ξ.
153 2390 196 2422 Ad
220 2390 300 2422 illud
328 2389 413 2431 quod
437 2389 595 2428 obiicitur,
623 2390 707 2431 quod
732 2389 850 2431 gratiae
867 2389 964 2421 virtu·

16 2445 80 2474 tum
111 2443 260 2475 differunt
283 2452 301 2474 a
326 2443 425 2484 gratia
454 2443 728 2475 sacramentorum
742 2455 750 2482 3
776 2443 963 2482 dicendum,

83 2797 91 2813 ¹
111 2798 145 2823 Ex
165 2802 261 2831 quaest.
282 2799 411 2831 praeced.y
432 2798 465 2823 ad
485 2806 564 2831 quani
584 2802 690 2823 revocat
711 2797 768 2823 cod.
782 2798 824 2829 W,
843 2798 964 2829 superius

16 2844 71 2871 post
89 2841 119 2867 de
137 2842 299 2868 institutione
318 2842 417 2867 addens
437 2842 536 2868 (lictant
556 2843 600 2868 est.

83 2885 93 2901 2
113 2886 170 2910 Scit.
190 2888 293 2917 signum
313 2887 368 2911 six‘c
388 2887 498 2911 exterior
518 2886 669 2910 humiliatio.

84 2927 95 2944 ³
114 2928 178 2954 Vide
199 2936 278 2961 supra
299 2929 323 2954 d.
345 2930 367 2954 8.
388 2936 414 2960 1).
434 2929 459 2953 11.
480 2936 502 2953 a.
524 2930 547 2953 2.
568 2936 592 2961 (Ι.
615 2929 636 2953 Ὶ1.

83 2971 93 2987 ⁴
112 2971 160 2997 Csr.
181 2980 260 3004 supra
279 2973 304 2998 d.
330 2974 366 2997 18.
387 2980 411 3004 p.
433 2974 450 2998 1.
470 2980 493 2998 a.
514 2974 536 2998 2.
557 2980 581 3005 q.
607 2973 626 2997 1.
647 2974 671 2997 01
691 2974 712 2997 2.
729 2971 837 2997 —C0d.
860 2978 902 3003 aa,
922 2979 965 2996 su-

17 3016 102 3053 perius
114 3023 162 3047 pro
176 3016 391 3048 Sacramentum,
414 3018 498 3048 ponit:
518 3016 617 3043 scilicet
635 3015 773 3047 contritio,
795 3023 863 3049 qnae
883 3017 965 3041 osten-

16 3058 87 3085 ditur
106 3059 133 3085 z'n
151 3060 241 3094 siyno,
263 3062 293 3087 nt
318 3061 346 3087 in
364 3061 464 3094 qemita
489 3062 513 3086 et
531 3060 711 3094 satisfactione
736 3062 761 3086 et
784 3060 959 3093 consessione,

16 3104 40 3126 et
65 3104 103 3128 liic
127 3104 210 3130 addit:
236 3106 369 3138 quantam
392 3104 428 3130 ad
452 3104 645 3131 absolutionem
670 3104 825 3131 aclizcnctam
850 3104 883 3130 ab
908 3104 964 3137 ipso

17 3146 148 3173 sacerdote
167 3148 242 3174 habet
261 3149 392 3175 rationem
412 3156 525 3181 causae,
547 3149 611 3182 quia
629 3148 726 3174 *virtute
746 3148 862 3175 clavium
879 3155 965 3181 poena

17 3189 181 3217 diminuitur.

85 3233 96 3250 ⁵
115 3235 170 3260 scil.
191 3237 325 3268 contritio,
347 3238 372 3261 in
393 3240 519 3269 quantum
539 3239 577 3261 est
596 3236 670 3261 dolor
684 3236 844 3261 voluntarius
863 3235 895 3260 (10
909 3242 966 3267 pec-

19 3279 74 3302 cato
93 3285 151 3303 cum
176 3283 237 3305 voto
262 3280 400 3305 confitendi
425 3283 450 3305 et
473 3279 644 3305 satisfaciendi
671 3279 747 3311 (vide
773 3279 836 3304 infru
866 3280 889 3304 in
916 3279 966 3304 fine

19 3321 127 3354 quaest.)
147 3321 196 3348 Cir.
217 3325 257 3349 hic
276 3324 309 3349 lit.
331 3325 456 3355 Magistri,
474 3330 495 3348 c.
517 3325 539 3348 2.

87 3364 98 3381 ⁵
117 3366 177 3391 Dist.
193 3368 216 3392 ll.
238 3375 263 3399 p.
278 3368 293 3392 1.
308 3375 332 3400 q.
348 3369 371 3392 6.
386 3367 435 3393 Csr.
451 3368 475 3392 (1.
498 3367 539 3392 14.
561 3374 586 3399 p.
608 3368 624 3392 1.
645 3374 666 3392 a.
689 3367 711 3391 1.
732 3374 756 3399 q.
778 3368 800 3391 ll.
821 3370 845 3392 et
864 3367 925 3392 dub.
941 3368 964 3392 2.

1920 249 1979 280 581

1033 333 1115 375 quod
1142 342 1253 365 verum
1271 336 1317 365 est
1334 333 1439 374 aliquo
1457 333 1549 365 modo
1560 346 1567 372 3
1593 334 1647 366 sed
1672 343 1733 366 uon
1750 337 1873 375 oportet
1889 344 1985 376 quan-

1033 390 1099 418 tum
1117 386 1155 418 ad
1173 386 1366 424 essentiam,
1385 386 1439 418 sed
1465 385 1579 418 sufficit
1596 390 1749 428 quantum
1767 387 1806 419 ad
1825 386 1982 429 effectam,

1031 442 1067 470 ut
1091 448 1188 480 supra
1211 439 1455 471 determinatum
1480 443 1526 472 est
1550 439 1579 471 in
1606 439 1805 480 principio&
1832 440 1921 472 etsie
1938 443 1985 472 est

1032 491 1062 522 in
1087 492 1255 533 proposito.
1281 492 1357 524 Nam
1381 492 1571 533 poenitentia
1600 492 1728 524 interior
1753 496 1799 524 est
1822 502 1875 523 res
1899 496 1983 525 exte·
1998 504 2126 526 notandum.

1032 543 1141 581 110115,
1166 544 1340 576 secundum
1373 544 1458 585 quod
1489 544 1574 576 ultra
1603 544 1822 577 rectitudinem
1856 544 1983 577 virtutis

1032 595 1120 627 addit
1143 596 1327 628 ulteriorem
1352 597 1516 636 effectum,
1548 597 1666 630 scilicet
1697 597 1892 629 remissionis
1916 606 1985 639 per-

1031 647 1129 680 fectae
1154 653 1307 690 quantum
1332 649 1371 681 ad
1389 649 1522 690 culpam
1539 654 1567 681 et
1579 659 1739 691 poenam,
1757 650 1884 691 quando
1901 653 1985 682 exte-

1032 700 1096 732 rior
1121 704 1167 733 est
1191 702 1350 743 perfecta;
1375 706 1405 735 et
1429 706 1475 734 est
1500 703 1600 735 simile
1626 703 1655 735 in
1685 703 1858 745 baptismo,
1883 707 1918 735 ut
1943 702 1985 735 vi-

1032 761 1101 784 sum
1127 752 1174 785 est
1198 762 1296 795 supra
1311 754 1330 785 ⁷.

1121 805 1321 838 3111111110
1354 808 1438 848 quod
1471 807 1634 847 obiicitur,
1667 809 1750 850 quod
1777 809 1906 841 interior
1938 813 1985 841 est

1032 866 1126 890 causa
1149 858 1338 897 exterioris;
1364 859 1548 898 dicendum,
1581 862 1665 902 quod
1698 862 1772 903 quia
1797 862 1856 894 hoo
1880 863 1986 895 Sacra-

1032 914 1174 942 mentum
1210 912 1325 952 partim
1362 916 1409 944 est
1440 913 1610 944 naturalis
1634 914 1844 953 dictaminis,
1868 915 1984 957 partim

1032 962 1273 1000 institutionis,·
1305 963 1375 995 ideo
1407 964 1530 1005 signum
1556 966 1698 998 exterius
1722 967 1857 1008 quodam
1891 968 1985 999 modo
2000 978 2129 1000 Notandum.

1032 1020 1215 1054 causatur,
1240 1019 1270 1048 et
1294 1016 1433 1058 quodam
1457 1017 1550 1049 modo
1575 1023 1702 1050 causat.
1721 1019 1795 1050 Nam
1822 1020 1985 1052 detestatio

1032 1068 1181 1107 interior,
1207 1069 1237 1100 in
1262 1073 1417 1110 quantum
1441 1069 1606 1102 detestatio
1630 1074 1693 1108 est„
1719 1071 1885 1104 benefacit
1902 1076 1986 1105 exte-

1033 1121 1100 1153 rius
1124 1121 1283 1153 hominem
1310 1122 1473 1154 humiliari
1489 1134 1496 1161 ;
1514 1123 1568 1154 sed
1586 1124 1761 1155 secundum
1786 1125 1869 1165 quod
1887 1125 1986 1157 absol-

1031 1174 1076 1206 vit
1112 1174 1143 1205 in
1179 1174 1339 1216 integrum
1375 1184 1393 1206 a
1426 1175 1520 1216 culpa
1543 1179 1573 1208 et
1596 1184 1713 1217 poena,
1738 1176 1796 1209 hoc
1821 1177 1914 1210 habet
1945 1178 1985 1210 al]

1031 1227 1181 1259 exteriori
1214 1227 1411 1260 absolutione
1444 1232 1474 1260 et
1505 1228 1704 1270 poenitentia.
1739 1230 1772 1261 Et
1808 1230 1852 1262 sic
1886 1234 1985 1271 patet,

1031 1280 1116 1321 quod
1141 1280 1434 1313 convenientissime
1459 1285 1506 1313 est
1530 1281 1686 1314 ordinatio
1711 1282 1741 1314 in
1764 1282 1984 1325 significando

1030 1336 1061 1365 et
1085 1333 1276 1371 causando,
1302 1334 1476 1366 secundum
1502 1334 1586 1376 quod
1611 1334 1638 1366 ei
1663 1336 1821 1377 competit.

1119 1386 1149 1417 ίι.
1174 1386 1217 1417 Ad
1243 1386 1321 1418 illud
1357 1387 1442 1428 quod
1466 1386 1629 1425 obiicitur,
1654 1388 1775 1420 ratione
1799 1388 1889 1421 cuius
1920 1388 1985 1420 illo-

1031 1447 1102 1470 rum
1121 1439 1218 1470 trium
1236 1443 1283 1471 est
1299 1439 1433 1481 signam
1447 1452 1458 1477 ;
1474 1439 1561 1478 dico,
1579 1441 1662 1481 quod
1681 1441 1800 1473 ratione
1817 1441 1984 1480 omninnu
1995 1453 2144 1484 Sol-utinquae-

1031 1492 1168 1523 sumitur
1193 1492 1274 1524 enim
1301 1492 1454 1524 contritio
1483 1502 1541 1534 pro
1577 1494 1727 1525 exteriori
1764 1495 1892 1535 gemitu.
1924 1494 1985 1527 Nec
2008 1483 2106 1501 ⁵³¹⁰uum'

1030 1547 1134 1576 tamen
1160 1544 1219 1576 tria
1244 1548 1317 1577 sunt
1341 1546 1561 1585 Sacramenta,
1586 1546 1641 1578 sed
1666 1546 1719 1578 illa
1744 1547 1803 1578 tria
1828 1550 1862 1578 ut
1883 1556 1984 1579 unum

1031 1597 1204 1637 perfectum
1226 1599 1351 1639 signum
1370 1598 1545 1639 significant
1562 1599 1785 1640 poenitentiam
1803 1600 1983 1641 perfectam.

1032 1649 1066 1680 Et
1090 1650 1148 1681 hoc
1172 1650 1277 1691 patet:
1301 1651 1393 1692 quia,
1429 1651 1453 1682 si
1490 1660 1564 1684 vere
1600 1652 1737 1693 poenitet
1765 1652 1877 1690 corde,
1909 1661 1984 1694 ergo
1999 1665 2069 1687 Ratio.

1030 1701 1131 1740 dolet,
1157 1705 1186 1734 et
1211 1702 1270 1735 hoc
1295 1702 1490 1744 significatur
1506 1712 1563 1745 per
1577 1704 1736 1746 yeynitnin
1753 1705 1962 1736 contritionis
1974 1717 1985 1743 ,-

1030 1763 1105 1795 ergo
1129 1755 1309 1787 detestatur
1334 1755 1467 1797 culpam
1491 1759 1521 1788 et
1546 1765 1578 1788 se
1603 1757 1784 1798 redarguit,
1809 1760 1840 1789 et
1865 1758 1922 1789 1100
1945 1759 1987 1789 si-

1027 1806 1211 1848 gnificatur
1246 1816 1303 1848 per
1338 1808 1473 1840 verbnm
1510 1808 1749 1851 confessionis;
1785 1819 1859 1851 ergo
1891 1810 1986 1843 habet

1029 1859 1228 1891 volantatem
1252 1861 1466 1899 emendandi,
1491 1865 1521 1894 et
1546 1862 1605 1894 hoc
1630 1862 1824 1903 significatur
1845 1871 1986 1904 [1013000-

1030 1922 1109 1944 nam
1140 1911 1393 1955 satisfactionis.
1419 1914 1498 1947 Haec
1533 1914 1593 1946 tria
1628 1915 1765 1947 continet
1796 1915 1986 1957 poenitentia

1029 1965 1169 2004 interior,
1186 1975 1267 2007 quae
1288 1970 1334 1999 est
1359 1976 1422 1999 una
1439 1971 1469 1999 et
1486 1976 1560 2000 vera
1577 1968 1679 2000 virtus
1694 1968 1726 2006 ὃς
1743 1971 1773 2000 01
1790 1968 1860 2000 ideo
1881 1968 1985 2000 omnia

1029 2019 1117 2060 signa
1141 2019 1301 2051 exteriora
1325 2019 1355 2051 in
1381 2029 1480 2052 unum
1506 2021 1680 2062 perfectum
1707 2022 1831 2063 signum
1857 2031 1985 2054 concur-

1029 2075 1104 2103 runt
1121 2075 1150 2104 et
1167 2076 1240 2104 sunt
1264 2082 1364 2104 unum
1381 2073 1617 2106 Sacramentum
1637 2078 1667 2106 et
1683 2075 1801 2106 habent
1825 2075 1984 2107 unitatem

1030 2124 1249 2157 Sacramenti
1268 2145 1310 2148 —
1328 2127 1362 2158 Et
1386 2130 1432 2159 est
1456 2127 1570 2159 modus
1587 2128 1731 2169 specialis
1748 2128 1893 2167 unitatis}
1911 2137 1984 2161 cun]
2000 2139 2128 2161 Notandum.

1029 2177 1121 2210 multi
1146 2178 1230 2210 modi
1266 2178 1466 2220 assignentur
1491 2189 1509 2211 a
1534 2180 1669 2212 diversis
1683 2180 1704 2211 ⁹.
1731 2181 1765 2213 Et
1788 2181 1820 2212 si
1843 2185 1878 2213 ta
1910 2181 1986 2213 obii-

1029 2231 1119 2268 cias,
1144 2231 1229 2272 quod
1254 2241 1313 2263 non
1340 2237 1414 2264 sunt
1443 2233 1560 2272 simulg
1593 2233 1782 2271 dicendum,
1818 2234 1903 2275 quod
1928 2234 1985 2266 sal-

1029 2287 1091 2316 tem
1116 2287 1270 2325 quantum
1296 2285 1335 2316 ad
1360 2286 1567 2327 propositam
1585 2286 1650 2318 sive
1674 2287 1846 2319 voluntatis
1875 2291 1983 2319 votum

1028 2346 1128 2369 unum
1153 2341 1259 2369 manet
1282 2338 1313 2369 in
1337 2338 1415 2377 alio,
1440 2342 1476 2370 ut
1500 2339 1552 2380 qui
1578 2340 1752 2371 conteritur
1773 2348 1847 2371 vere
1872 2349 1983 2381 propo-

1028 2391 1073 2422 nit
1096 2390 1237 2422 confiteri
1262 2394 1292 2423 et
1316 2391 1495 2424 satisfacere
1509 2404 1516 2430 ;
1541 2392 1632 2424 aliter
1668 2402 1728 2424 non
1761 2396 1807 2424 est
1838 2393 1983 2425 contritio

1028 2452 1112 2475 vera.
1138 2443 1185 2475 Sic
1210 2443 1449 2485 intelligendum
1473 2447 1520 2477 051
1544 2445 1583 2477 (10
1607 2445 1719 2477 0111510.

1100 2797 1110 2814 7
1130 2798 1190 2822 Dist.
1213 2798 1236 2822 3.
1251 2805 1276 2829 p.
1297 2798 1312 2823 1.
1333 2805 1355 2822 a.
1374 2798 1393 2822 1.
1415 2805 1439 2830 q.
1465 2799 1485 2823 l.
1499 2799 1523 2823 in
1545 2798 1608 2830 lino;
1629 2799 1662 2823 lit.
1678 2799 1803 2831 Magistri,
1819 2799 1843 2824 d.
1863 2800 1904 2825 lV.
1919 2807 1941 2825 c.
1963 2801 1981 2826 1.

1029 2849 1112 2874 50011.1
1133 2845 1158 2866 ct
1177 2841 1319 2867 Comment.
1341 2842 1402 2867 ibid.
1422 2850 1447 2874 p.
1468 2843 1484 2867 l.
1506 2843 1662 2874 (praecipue
1681 2850 1702 2868 a.
1724 2844 1747 2868 2.
1774 2850 1800 2875 q.
1829 2844 1851 2868 2.
1872 2844 1938 2877 seq.)
1959 2847 1983 2869 et

1029 2893 1053 2917 p.
1074 2886 1100 2909 11.
1121 2892 1167 2910 nce
1188 2892 1237 2910 non
1258 2886 1283 2911 d.
1304 2887 1327 2910 6.
1349 2894 1373 2917 p.
1394 2886 1411 2910 1.
1432 2894 1456 2918 q.
1479 2888 1501 2911 2.

1099 2928 1110 2944 ²3
1130 2929 1195 2954 Vide
1215 2937 1292 2961 supra
1313 2930 1338 2954 d.
1361 2930 1401 2954 16.
1424 2937 1448 2961 p.
1470 2930 1486 2954 1.
1508 2937 1530 2954 a.
1556 2930 1574 2954 1.
1596 2938 1620 2962 q.
1642 2931 1666 2955 2.

1099 2973 1109 2990 9
1130 2974 1231 2999 Praeter
1250 2978 1382 3005 auctores,
1403 2975 1447 3006 qni
1468 2974 1502 2998 111.
1523 2975 1591 2999 sent
1612 2974 1636 2999 d.
1658 2976 1681 2999 6.
1702 2983 1723 2999 a.
1739 2977 1761 3000 2.
1783 2982 1807 3007 q.
1829 2976 1851 3000 2.
1873 2976 1982 3008 allegan-

1030 3019 1083 3048 tur,
1104 3018 1149 3042 cfr.
1171 3018 1288 3049 Dionys¹⁷
1309 3018 1341 3043 de
1360 3018 1417 3042 Div.
1437 3018 1511 3043 Nom.
1533 3025 1554 3043 c.
1578 3019 1616 3042 13.
1634 3018 1649 3050 {3
1669 3020 1697 3050 2;
1718 3019 1818 3050 Boetn„
1840 3020 1864 3044 in
1885 3019 1927 3045 lib.
1948 3020 1981 3046 de

1031 3061 1128 3086 Unitate
1147 3065 1255 3092 etune,
1282 3063 1326 3094 qui
1351 3063 1463 3093 assignat
1490 3062 1611 3086 unitatem
1637 3063 1774 3093 specialem
1800 3063 1856 3088 sive
1881 3063 1982 3090 Sacra-

1028 3105 1111 3130 menti
1129 3106 1190 3135 (cfr.
1210 3108 1272 3130 tom.
1293 3105 1329 3130 111.
1349 3113 1409 3137 pag.
1430 3106 1494 3137 896,
1515 3108 1573 3130 nota
1588 3107 1630 3138 2.),
1652 3113 1729 3138 quam
1745 3108 1825 3138 tangit
1837 3109 1913 3132 etiam
1933 3110 1981 3134 Au-

1030 3152 1109 3180 gust.y
1133 3149 1158 3173 ΙΙ.
1178 3152 1264 3173 contra
1285 3149 1450 3173 Maximinum
1470 3149 1607 3180 Artanum,
1627 3156 1647 3174 0.
1665 3150 1706 3174 22.
1727 3157 1751 3174 n.
1772 3150 1796 3175 3.
1819 3150 1884 3176 Vide
1903 3152 1980 3177 0110111

1030 3200 1108 3224 supra
1122 3192 1147 3216 d.
1163 3192 1185 3216 S.
1200 3199 1225 3223 p.
1240 3193 1265 3216 11.
1280 3200 1303 3217 a.
1317 3193 1341 3216 2.
1354 3200 1378 3224 q.
1391 3193 1414 3217 2.
1425 3195 1450 3217 et
1462 3193 1656 3224 explicationem
1670 3194 1725 3219 eius
1739 3194 1802 3219 intra
1817 3194 1842 3219 (1.
1854 3194 1895 3219 24.
1910 3202 1935 3227 p.
1951 3196 1978 3222 11.

1030 3243 1052 3261 a.
1075 3237 1097 3261 1.
1120 3244 1144 3267 (1.
1165 3236 1187 3260 3.
1208 3236 1240 3260 ad
1261 3236 1284 3260 3.

1100 3279 1121 3295 ¹0
1141 3279 1210 3304 idem
1230 3279 1323 3304 dicitur
1341 3287 1419 3311 supra
1440 3280 1465 3305 d.
1487 3281 1527 3305 Ἰ16.
1547 3288 1572 3312 p.
1587 3281 1601 3306 1.
1623 3281 1684 3307 dub.
1706 3282 1728 3307 sl.
1749 3283 1773 3307 in
1793 3282 1851 3309 fine.
1866 3298 1900 3302 —
1913 3284 1980 3310 Vide

1030 3323 1143 3348 scholion
1163 3323 1195 3347 ad
1216 3323 1414 3354 praecedentem
1434 3328 1532 3356 quaest.
