2483 3882
283 319 412 342 Notandum.

276 897 356 918 Solutio
373 902 408 923 op-

262 924 386 950 positorum.

275 1002 405 1024 Notandum.

272 1744 404 1766 Notandum.

274 2324 404 2351 Notandum.

430 223 493 258 806

428 313 548 355 piscopi
572 321 656 344 nunc
679 312 760 343 filios
789 311 958 348 haberent,
990 309 1095 341 omnia
1126 309 1208 340 bona
1239 307 1381 340 ecclesia-

429 365 506 397 stica
530 364 712 396 furarentur
736 366 766 395 et
790 362 980 403 diriperent,
1010 361 1051 392 ita
1075 360 1159 402 quod
1183 360 1380 402 pauperibus

427 427 528 459 pauca
552 417 601 449 vel
634 415 721 448 nulla
749 417 957 447 remanerent.
983 413 1061 445 Cum
1085 413 1168 444 enim
1193 412 1287 444 modo
1311 421 1380 444 con-

427 474 556 512 gregent
580 473 610 502 et
633 469 730 501 ditent
754 471 882 508 nepotes
907 467 996 508 quasi
1013 465 1165 507 gradibus
1187 465 1379 506 incomputa—

426 523 542 555 bilibus
566 522 605 553 ab
630 521 675 553 615
698 520 879 560 elongatos,
903 519 980 561 quid
1004 519 1159 557 facerent,
1183 518 1207 550 si
1226 517 1380 550 haberent

425 576 507 608 filios
531 574 686 615 legitimos
701 573 733 605 ¹?
750 572 972 614 Unusquisque
988 571 1145 609 attendat,
1163 574 1316 612 quantum
1335 579 1379 603 es-

425 631 472 660 set
502 626 690 668 periculum.
723 625 795 657 Ideo
826 624 965 666 providit
996 623 1131 665 Spiritus
1163 626 1290 655 sanctus
1319 623 1378 655 1106

424 679 649 712 offendiculum
673 678 816 717 auferre,
840 681 870 710 et
894 677 949 710 Dei
974 677 1103 710 consilio
1135 677 1194 709 1106
1223 679 1377 708 statutum

422 733 482 766 fuit
504 733 535 764 in
561 731 696 764 Ecclesia
720 734 827 764 sancta
850 730 923 769 Dei,
948 734 984 762 ut
1007 729 1111 762 clerici
1136 729 1176 761 ad
1201 738 1306 761 sacros
1330 738 1377 761 or-

423 786 512 818 dines
536 785 714 823 venientes,
739 783 827 816 nullo
851 783 944 815 modo
966 783 1166 815 matrimonio
1183 783 1304 824 possint
1321 783 1376 814 uti.

514 840 540 870 1.
565 838 608 870 Ad
641 837 721 869 illud
753 846 827 878 ergo
856 836 941 878 quod
973 836 1137 875 obiicitur,
1162 836 1247 877 quod
1272 835 1377 868 clerici

423 892 563 932 indigent
586 891 745 930 remedio,
770 890 957 928 dicendum,
982 889 1067 931 quod
1091 898 1204 921 verum
1228 891 1292 927 est3
1321 889 1377 921 sed

421 949 526 977 tamen
550 954 612 976 non
637 944 740 976 solum
765 948 812 976 est
829 943 1005 976 remedium
1024 942 1261 974 matrimonium
1277 943 1318 974 ad
1335 942 1378 974 vi-

420 997 548 1030 tandam
573 997 828 1035 fornicationem,
853 996 908 1028 sed
932 995 1032 1028 mult-o
1056 995 1193 1027 nobilius
1215 998 1262 1027 est
1278 1003 1377 1027 reme·

421 1050 508 1082 dium
542 1058 704 1082 macerare
737 1048 899 1082 carnem‘2.
926 1048 1012 1081 Unde
1036 1048 1162 1089 quando
1187 1047 1286 1080 otium
1311 1050 1375 1086 est,

419 1107 450 1136 et
474 1103 562 1136 nulla
594 1107 641 1136 est
672 1103 775 1135 carnis
808 1101 994 1140 maceratio,
1023 1101 1078 1133 sed
1103 1101 1244 1133 nutritur
1268 1103 1298 1133 et
1323 1100 1377 1132 im-

417 1157 589 1198 pinguatur
621 1159 751 1194 venter3
784 1160 859 1187 tunc
891 1157 1070 1195 praestatur
1105 1153 1280 1185 fomentum
1312 1153 1376 1194 igni

417 1209 583 1249 luxuriae,
617 1214 647 1241 et
679 1208 749 1240 ideo
780 1207 940 1248 aliquibus
969 1206 1096 1238 videtur
1125 1205 1252 1238 difficile
1284 1205 1377 1237 conti-

417 1271 515 1301 nere;
539 1262 593 1294 sed
619 1261 644 1293 si
669 1264 860 1302 occuparent
885 1269 917 1292 se
935 1260 1016 1292 bono
1033 1259 1185 1291 exercitio
1202 1263 1232 1291 et
1249 1267 1376 1291 carnem

417 1318 632 1353 macerarent,
656 1313 717 1346 alio
741 1313 882 1346 remedio
905 1322 967 1344 non
1000 1312 1197 1353 indigerent,
1230 1314 1259 1344 et
1291 1311 1375 1344 istud

419 1368 597 1401 remedium
631 1371 677 1400 est
705 1367 750 1399 eis
774 1375 976 1405 concessum,
1001 1366 1075 1407 quia
1097 1365 1242 1398 convenit
1265 1373 1376 1397 eorum

418 1422 531 1461 statui,
556 1421 643 1453 aliud
668 1429 743 1453 vero
768 1423 814 1452 est
835 1419 1031 1458 remedium,
1049 1419 1134 1460 quod
1151 1427 1213 1450 non
1230 1418 1378 1459 competit

418 1484 529 1507 eorum
555 1474 734 1507 caelibatui.

507 1529 537 1559 2.
561 1527 606 1559 Ad
630 1527 710 1559 illud
735 1526 821 1568 quod
848 1526 1013 1565 obiicitur,
1043 1525 1129 1567 quod
1154 1524 1378 1557 difficillimum

419 1585 466 1614 est
490 1581 648 1613 abstinere
681 1580 849 1612 iuvenibus
877 1579 917 1611 ab
941 1583 1014 1611 actu
1038 1578 1163 1617 carnis;
1189 1578 1377 1616 dicendum,

418 1634 501 1676 quod
528 1642 563 1666 re
587 1642 663 1666 vera
687 1633 746 1665 1106
770 1632 993 1665 difficillimum
1017 1635 1081 1670 est,
1106 1631 1180 1673 quia
1197 1631 1251 1672 qui
1269 1631 1378 1673 igyuem

420 1687 591 1720 abscondit
614 1686 649 1718 iu
673 1686 770 1725 sinu,
796 1686 954 1728 quomodo
980 1688 1081 1726 potest
1105 1693 1177 1717 eum
1208 1685 1309 1722 serre,
1342 1687 1378 1716 ut

420 1742 489 1774 eius
512 1741 639 1783 plantae
670 1749 732 1772 non
764 1739 944 1772 ardeant³t
967 1738 1099 1771 Difficile
1123 1741 1230 1770 autem
1255 1741 1302 1770 est
1325 1746 1379 1770 ex-

420 1795 581 1837 stinguere
613 1794 716 1835 ignem
749 1793 947 1825 immittendo
978 1792 1079 1833 ligna,
1110 1791 1166 1824 sed
1190 1791 1376 1823 facillimum

420 1851 468 1893 est
491 1846 784 1889 superinfundendo
808 1854 933 1887 aquam.
964 1845 995 1877 Si
1018 1845 1103 1877 enim
1128 1844 1175 1876 vis
1200 1843 1376 1882 continere,

419 1909 546 1933 necesse
571 1899 668 1931 habes
686 1898 836 1931 mulieres
852 1898 991 1939 effugere
1009 1901 1038 1930 et
1055 1906 1182 1929 carnem
1200 1905 1376 1934 macerare,

419 1953 559 1985 maxime
592 1953 617 1985 si
649 1952 772 1985 iuvenis
796 1960 829 1984 es
843 1964 851 1990 3
875 1951 986 1993 quodsi
1012 1951 1071 1983 hoc
1096 1950 1206 1983 seceris
1230 1953 1260 1981 et
1285 1949 1378 1981 conti-

419 2007 558 2039 nentiam
590 2014 697 2038 amare
730 2004 888 2046 coeperis,
920 2004 974 2036 fiet
1005 2003 1061 2036 tibi
1090 2012 1151 2035 non
1180 2003 1282 2035 solum
1315 2011 1376 2034 non

421 2059 566 2098 difficile,
591 2059 687 2091 immo
711 2067 767 2100 per
793 2057 898 2089 omnia
921 2056 1020 2089 facile.
1047 2056 1124 2088 Cum
1149 2056 1232 2088 enim
1251 2055 1376 2093 dicitur,

420 2113 505 2155 quod
538 2112 590 2144 lex
623 2121 705 2144 nova
737 2114 783 2143 est
815 2119 896 2142 onus
920 2110 1006 2149 leve,
1031 2110 1089 2141 1106
1114 2109 1230 2141 dicitur
1254 2109 1375 2141 ratione

420 2165 575 2204 caritatis,
599 2173 680 2206 (11166
704 2167 808 2196 cetera
832 2163 980 2195 mandata
1004 2163 1077 2194 facit
1101 2161 1221 2200 facilia,
1238 2171 1301 2203 qua
1322 2161 1376 2202 qui

420 2222 506 2251 caret
530 2217 621 2250 valde
645 2216 814 2249 difficulter
840 2219 942 2258 potest
965 2224 1045 2247 onus
1070 2219 1196 2257 portare
1210 2214 1231 2245 ⁴.

509 2272 539 2304 3.
563 2272 607 2303 Ad
632 2270 712 2303 illud
745 2269 829 2312 quod
857 2269 1005 2301 obiicitur
1030 2269 1068 2301 de
1095 2268 1302 2310 perfectione,
1334 2267 1378 2299 di-

420 2325 573 2363 cendum,
607 2324 691 2366 quod
726 2322 861 2355 Ecclesia
892 2322 1016 2354 nullum
1041 2321 1201 2363 compellit
1225 2320 1377 2352 absoluta

422 2377 630 2420 impulsione,
655 2376 711 2409 sed
734 2375 795 2408 sub
819 2375 1020 2412 conditione,
1045 2383 1126 2416 quae
1151 2376 1198 2406 est
1221 2373 1251 2404 in
1270 2372 1378 2405 volun-

421 2435 483 2464 tate
509 2430 663 2469 bominis,
688 2429 806 2462 scilicet
830 2429 855 2461 si
881 2428 955 2461 velit
972 2428 1114 2460 ordinem
1140 2427 1323 2468 suscipere,
1348 2429 1378 2458 et

1188 221 1473 254 SENTENTIARUM
1497 220 1565 252 LIB.
1588 221 1626 254 IV

1445 308 1504 340 hoc
1528 317 1590 340 11011
1614 312 1661 340 651
1684 308 1872 349 compellere
1894 309 2107 350 simpliciter,
2132 310 2186 342 sed
2211 311 2305 343 homo
2321 314 2395 344 tunc

1445 369 1478 393 se
1502 360 1635 402 obligat,
1660 361 1787 402 quando
1810 361 1987 394 voluntarie
2004 363 2100 394 sumit
2123 363 2285 401 ordine1n3
2309 372 2398 405 opor-

1445 416 1488 445 tet
1511 413 1612 452 enim,
1637 413 1722 455 quod
1746 414 1878 456 accipiat
1902 414 2006 456 ipsum
2031 424 2103 447 cum
2129 423 2186 447 suo
2210 424 2314 448 onere.

1532 467 1562 498 li.
1587 467 1630 498 Ad
1656 466 1734 499 illud
1758 467 1843 509 quod
1867 467 2030 507 obiicitur,
2063 468 2148 510 quod
2177 469 2304 501 maioris
2327 477 2395 510 per-

1444 519 1607 552 fectionis⁵
1630 523 1698 552 crat
1723 520 1857 553 Ecclesia
1881 521 2062 562 primitiva;
2094 521 2281 561 dicendum,
2310 523 2395 564 quod

1444 571 1487 602 illi
1514 580 1574 603 non
1599 572 1810 614 competebat,
1835 576 1902 605 tum
1927 576 2056 615 propter
2078 582 2287 615 personarum
2313 584 2396 616 pau-
2409 581 2458 605 nau
2468 588 2480 606 ·.

1444 624 1592 663 eitatem,
1610 628 1677 657 tum
1695 625 1788 657 etiam
1806 629 1934 667 propter
1947 630 2197 668 paupertatem,
2216 631 2283 659 tum
2300 627 2395 660 etiam

1443 681 1573 719 propter
1596 678 1789 710 modestiam
1814 682 1844 711 et
1868 679 2062 712 honestatem
2077 691 2084 711 z
2102 683 2231 721 propter
2244 681 2396 722 paucita-

1444 734 1524 768 tem,
1549 731 1623 772 quia
1648 732 1830 772 oportebat,
1855 731 1985 764 clericos
2009 732 2077 765 fieri
2102 733 2141 765 de
2167 742 2248 765 novo
2272 742 2397 766 conver-

1444 793 1510 822 sos,
1536 784 1590 825 qui
1606 787 1642 817 ut
1659 785 1833 826 plurimum
1857 794 1977 818 uxores
2000 785 2168 825 habebant,
2190 796 2274 819 nunc
2291 790 2397 820 autem

1442 846 1460 868 a
1484 836 1651 869 cunabulis
1676 837 1887 869 instruuntur.
1903 856 1949 861 —
1964 838 2137 879 Amplius,
2160 847 2220 870 non
2246 843 2335 871 erant
2352 839 2399 871 cli-

1441 889 1559 927 vitiae,
1585 893 1615 921 et
1640 890 1708 922 ideo
1732 899 1793 922 non
1820 894 1941 922 tantum
1959 891 2135 923 timendum
2152 895 2219 923 erat
2236 892 2275 924 de
2293 892 2397 930 furto;

1443 942 1498 974 sed
1522 946 1592 983 post
1616 942 1671 974 Dei
1703 943 1934 984 dispensatione
1967 943 2102 976 Ecclesia
2131 944 2315 985 temporalia
2347 945 2399 976 ba-

1442 995 1528 1034 buit,
1552 1004 1605 1034 ne,
1623 996 1752 1027 caritate
1769 996 1988 1037 refrigescente
2005 1000 2068 1028 tam
2094 997 2125 1028 in
2142 997 2229 1029 laicis
2253 1006 2348 1039 quam
2365 998 2397 1030 in

1442 1048 1578 1086 clericis,
1604 1048 1709 1081 cultus
1732 1048 1787 1081 Dei
1813 1049 1944 1090 periret,
1969 1050 2023 1091 qui
2048 1050 2173 1082 dilatari
2197 1051 2343 1090 deberet3
2367 1054 2398 1083 et

1443 1104 1516 1133 tunc
1533 1101 1672 1143 oportuit
1685 1101 1907 1134 continentiam
1924 1102 2071 1135 indicere.
2087 1122 2126 1125 —
2148 1104 2246 1142 Tum,
2267 1107 2398 1145 propter

1442 1154 1654 1192 modestiam,
1684 1163 1766 1196 quae
1795 1158 1862 1187 erat
1890 1155 1921 1187 in
1947 1155 2026 1193 illis;
2050 1156 2190 1188 sciebant
2214 1156 2297 1188 enim
2322 1166 2399 1189 uxo-

1443 1207 1532 1239 ribus
1558 1207 1670 1239 melius
1694 1211 1725 1239 et
1748 1208 1977 1249 temperantius
2001 1208 2056 1240 uti.
2081 1209 2115 1240 Et
2138 1209 2182 1241 sic
2199 1213 2284 1251 patet
2308 1209 2397 1241 illud.

1534 1261 1561 1291 5.
1586 1260 1631 1292 Ad
1652 1260 1732 1292 illud
1748 1260 1833 1302 quod
1850 1261 1996 1293 obiicitur
2021 1261 2060 1293 de
2076 1261 2277 1303 ampliatione
2294 1262 2398 1295 cultus

1443 1312 1558 1351 divini,
1584 1312 1772 1352 dicendum,
1797 1313 1882 1355 quod
1906 1316 1951 1345 tot
1974 1316 2047 1345 sunt
2071 1314 2124 1355 qui
2150 1318 2262 1346 vacant
2286 1314 2325 1347 de
2346 1314 2399 1346 lai-

1443 1365 1487 1398 cis
1519 1365 1770 1407 multiplicationi
1804 1366 1939 1405 carnali,
1972 1369 2036 1398 tam
2060 1367 2171 1408 pauci,
2204 1367 2257 1408 qui
2282 1367 2398 1407 sciant,

1444 1419 1563 1460 possint
1587 1423 1617 1451 et
1649 1418 1746 1451 velint
1769 1427 1882 1451 vacare
1914 1418 2089 1460 spirituali,
2121 1419 2206 1460 quod
2242 1419 2398 1460 oportuit,

1443 1471 1521 1503 11666
1546 1472 1609 1503 (1110
1633 1471 1735 1503 officia
1758 1472 1876 1509 dividi:
1900 1475 1930 1504 et
1962 1481 2035 1504 cum
2060 1472 2161 1504 divisa
2185 1472 2263 1511 51111,
2295 1472 2400 1504 6(111116

1444 1524 1579 1557 carnalis
1603 1525 1762 1566 generatio
1787 1525 1903 1557 multos
1928 1525 2022 1557 babet
2048 1525 2224 1564 ministros,
2250 1529 2280 1558 et
2311 1525 2401 1567 spiri-

1447 1577 1538 1609 tualis
1569 1586 1695 1618 paucos.
1720 1577 1787 1609 Non
1820 1577 1902 1609 enim
1928 1577 2105 1610 timendum
2129 1581 2192 1616 est,
2217 1577 2302 1619 quod
2327 1577 2400 1610 defi-

1444 1630 1505 1662 ciat
1529 1630 1633 1662 cultus
1657 1630 1713 1662 Dei
1734 1632 1863 1671 propter
1888 1630 2044 1663 defectum
2062 1630 2271 1672 generationis
2295 1639 2401 1662 carna-

1444 1682 1500 1721 lis;
1525 1683 1579 1716 sed
1604 1683 1742 1715 multum
1769 1683 1943 1715 timendum
1968 1686 2028 1722 est,
2053 1692 2092 1715 ne
2109 1686 2246 1725 tepescat
2270 1686 2401 1725 propter

1445 1735 1601 1768 desectum
1627 1735 1810 1777 spiritualis.

1534 1790 1561 1821 6.
1586 1789 1630 1821 Ad
1649 1788 1727 1821 illud
1745 1789 1829 1830 quod
1851 1788 1997 1821 obiicitur
2015 1789 2054 1821 (16
2074 1789 2194 1821 actione
2212 1792 2242 1821 et
2266 1792 2401 1821 contem-

1443 1842 1597 1884 platione,
1621 1842 1809 1881 dicendum,
1834 1842 1919 1884 quod
1943 1842 2108 1885 quaedam
2132 1845 2179 1874 est
2195 1842 2292 1882 actio,
2317 1850 2397 1884 quae

1444 1896 1550 1928 iuncta
1566 1895 1820 1937 contemplationi
1835 1904 1896 1927 non
1910 1904 1979 1928 eam
1996 1895 2138 1937 impedit,
2155 1895 2211 1927 sed
2227 1894 2398 1927 faciliorem

1443 1948 1525 1985 facit,
1542 1952 1577 1980 ut
1594 1952 1667 1981 sunt
1679 1957 1775 1989 opera
1789 1948 2024 1981 misericordiae
2037 1952 2067 1980 et
2080 1948 2222 1989 pietatis;
2235 1948 2399 1991 quaedam

1443 2005 1503 2040 est,
1529 2010 1609 2043 quae
1634 2005 1770 2033 mentem
1795 2001 1900 2033 deiicit
1923 2001 1962 2033 de
1986 2010 2075 2040 arce,
2100 2005 2130 2033 et
2156 2001 2225 2033 talis
2249 2004 2296 2033 est
2320 2001 2400 2033 actio

1444 2055 1629 2096 coniugalis,
1647 2055 1735 2096 quia,
1753 2054 1833 2087 sicut
1850 2055 1925 2087 dicit
1941 2054 2132 2096 Augustinus
2146 2054 2172 2093 ⁶,
2195 2066 2210 2083 «
2223 2054 2300 2086 nihil
2317 2063 2400 2086 111611-

1443 2111 1506 2139 tem
1531 2108 1655 2139 virilem
1679 2108 1758 2140 adeo
1775 2108 1814 2140 de
1838 2116 1910 2140 arce
1928 2107 2045 2146 deiicit,
2071 2110 2106 2138 ut
2127 2110 2288 2139 contactus
2306 2115 2401 2138 mem-

1443 2160 1575 2192 brorum
1601 2160 1859 2199 femineorum»,
1884 2163 1914 2192 et
1938 2160 1997 2192 hoc
2022 2168 2119 2201 supra
2136 2163 2254 2192 tactum
2277 2159 2345 2191 fuit.
2366 2158 2400 2190 Et

1443 2213 1513 2245 ideo
1546 2213 1632 2252 dico,
1666 2213 1751 2254 quod
1775 2213 1898 2245 clericis
1930 2212 2000 2244 talis
2024 2212 2103 2245 actio
2136 2221 2197 2244 non
2230 2211 2400 2253 competit,

1443 2267 1498 2299 sed
1523 2266 1603 2298 actio
1627 2270 1782 2308 quantum
1799 2266 1839 2298 ad
1863 2275 1959 2308 opera
1980 2265 2229 2304 misericordiae,
2253 2265 2337 2297 unde
2354 2264 2398 2297 eis

1443 2319 1610 2351 commissa
1627 2322 1700 2351 sunt
1724 2319 1805 2351 bona
1822 2328 2000 2361 pauperum
2026 2318 2253 2360 dispensanda,
2279 2321 2314 2350 ut
2331 2326 2400 2359 ope-

1443 2371 1532 2404 ribus
1557 2372 1680 2413 pietatis
1707 2372 1885 2411 intendant,
1910 2381 1975 2404 uon
2006 2376 2043 2403 ut
2067 2381 2187 2404 curam
2218 2370 2333 2403 caruis
2365 2370 2399 2402 iu

1444 2425 1618 2457 desideriis
1641 2424 1776 2467 saciant
1791 2425 1811 2456 ⁷.

494 2939 502 2955 ¹
523 2939 573 2965 Cir.
593 2939 620 2965 C.
640 2939 677 2964 De
696 2938 888 2973 Syracusanae
907 2938 986 2970 (113.),
1008 2937 1032 2962 d.
1054 2937 1095 2962 28.
1116 2939 1141 2962 et
1159 2936 1185 2962 C.
1201 2935 1318 2962 Diversis
1330 2934 1379 2969 fal-

424 2983 498 3010 laciis
518 2983 578 3016 (5.),
602 2983 635 3009 X.
657 2983 689 3008 de
708 2982 812 3008 Clericis
832 2983 976 3013 coniugatis
996 2981 1050 3013 (lib.
1072 2981 1109 3006 111.
1129 2981 1164 3005 tit.
1179 2981 1226 3013 3.).
1240 2994 1275 2998 —
1293 2980 1376 3011 Supe-

423 3029 477 3053 rius
489 3035 537 3059 1110
551 3026 727 3054 ecclesiastica
741 3027 829 3058 plures
842 3026 917 3052 codd.
932 3024 1120 3056 ecclesiarum,
1134 3024 1191 3050 cod.
1203 3025 1221 3048 Ε
1233 3022 1376 3050 Ecclesiae.

492 3071 504 3088 2
524 3072 588 3097 Vide
607 3079 686 3103 supra
706 3071 731 3096 d.
752 3071 792 3096 34..
814 3078 837 3096 a.
861 3071 883 3095 sl.
904 3077 928 3102 q.
951 3070 974 3095 lt.
997 3069 1030 3094 ad
1052 3069 1077 3100 sl,
1100 3072 1124 3094 et
1151 3068 1167 3093 l.
1194 3067 1252 3094 Cor.
1280 3068 1309 3100 9,
1331 3068 1376 3092 27:

423 3114 525 3146 Castigo
545 3122 641 3147 corpus
660 3122 748 3140 meum
769 3117 793 3139 et
812 3116 836 3139 in
857 3115 1008 3139 servitutem
1028 3113 1128 3144 redigo.

493 3158 597 3184 ³1³1·0v.
619 3159 647 3190 6,
678 3159 719 3184 27.
748 3166 818 3191 seq:
846 3157 969 3190 Numquid
998 3159 1081 3189 potest
1110 3158 1188 3181 homo
1216 3155 1378 3181 abscondere

424 3202 511 3233 ignem
531 3203 556 3227 in
575 3203 632 3227 sinu
652 3210 714 3234 5110,
734 3205 761 3228 111
781 3203 934 3227 vestimenta
953 3202 1020 3226 illius
1040 3208 1090 3226 non
1108 3201 1236 3226 ardeant?
1256 3200 1306 3225 Aut
1325 3206 1379 3224 am-

424 3245 514 3271 bulare
533 3254 613 3277 super
631 3254 742 3278 prunas,
764 3249 791 3272 ut
815 3254 865 3271 non
891 3246 1078 3271 comburantur
1104 3245 1205 3276 plantae
1231 3245 1306 3269 cius?
1334 3244 1377 3276 (lta

426 3290 502 3314 etiam
522 3290 578 3314 cod.
599 3290 638 3322 U).
659 3290 722 3315 lbid.
744 3291 790 3322 26,
812 3291 859 3315 20:
879 3290 944 3315 Cum
963 3290 1104 3315 defecerint
1126 3289 1210 3320 ligna,
1231 3289 1379 3319 exstingue-

424 3336 466 3358 tur
484 3334 559 3364 ignis.
578 3334 652 3359 Eccli.
674 3335 702 3365 3,
724 3335 771 3359 33:
791 3335 879 3365 Ignem
899 3334 1032 3360 ardentem
1052 3334 1189 3365 exstinguit
1209 3340 1284 3365 aqua.

496 3376 507 3393 ⁴¹
525 3376 575 3402 Csr.
596 3377 632 3402 lll.
655 3378 722 3402 Seni.
743 3377 770 3403 (l.
793 3377 834 3403 40.
856 3385 880 3410 q.
902 3378 925 3403 3.

1513 2933 1524 2950 ⁵
1543 2933 1606 2958 Edd.
1627 2931 1698 2966 quod
1715 2938 1770 2957 11011
1789 2930 1901 2957 maioris
1916 2929 2087 2964 perfectiouis
2106 2931 2145 2955 est
2162 2928 2292 2955 moderna
2311 2927 2396 2954 Eccle-

1442 2978 1483 3004 sia
1502 2984 1591 3012 quam.
1612 2976 1723 3002 Eaedem
1746 2975 1806 3001 edd.
1828 2975 1935 3000 inferius
1954 2982 2002 3006 pro
2021 2973 2159 3007 Amplius,
2180 2980 2235 2999 uon
2259 2973 2337 2999 eraut
2361 2970 2396 2997 di-

1440 3021 1518 3048 vitz'ae
1529 3020 1618 3054 [codd.
1636 3021 1642 3046 1
1654 3021 1676 3046 K
1690 3019 1792 3051 diuites]
1807 3019 1978 3045 substituunt:
1992 3018 2105 3051 Propter
2115 3018 2316 3051 paupertatem,
2333 3014 2395 3049 quia

1441 3073 1496 3092 11011
1515 3067 1620 3091 tantum
1640 3063 1814 3090 abundabant
1833 3065 1910 3096 tuuc,
1933 3064 2066 3097 quantum
2084 3069 2165 3089 nuuc.

1512 3110 1523 3126 6
1541 3109 1609 3135 Libr.
1630 3110 1646 3134 l.
1667 3109 1770 3142 Soliloq.
1791 3115 1812 3134 c.
1834 3109 1874 3133 10.
1901 3115 1925 3133 n.
1953 3107 1994 3133 Ἰ17.
2022 3106 2073 3133 Csr.
2101 3113 2178 3138 supra
2206 3106 2232 3131 d.
2260 3106 2302 3130 31.
2328 3112 2350 3129 a.
2371 3104 2393 3128 2.

1442 3162 1468 3187 q.
1491 3154 1513 3179 i.
1534 3154 1558 3178 in
1579 3160 1650 3185 corp.
1669 3167 1705 3172 —
1724 3153 1849 3185 Superius
1869 3151 1957 3177 verbis
1984 3150 2031 3177 sect
2055 3149 2121 3184 facit
2142 3157 2173 3176 ex
2192 3149 2268 3175 codd.
2293 3147 2343 3173 LY
2362 3148 2395 3172 in-

1443 3199 1613 3225 terseruimus
1630 3197 1789 3231 faciliorem.

1511 3243 1523 3259 ⁷
1543 3243 1616 3268 Rom.
1638 3243 1685 3274 113,
1707 3241 1749 3267 tt:
1764 3241 1815 3267 Sed
1834 3241 1971 3266 induimini
1990 3240 2130 3265 Dominum
2150 3240 2234 3264 lesum
2254 3237 2394 3266 Christum,

1442 3290 1467 3312 ct
1486 3288 1569 3312 carnis
1589 3293 1678 3313 curam
1698 3293 1730 3311 ne
1749 3286 1859 3311 feceritis
1878 3286 1902 3310 in
1923 3284 2065 3310 desideriis.
2085 3283 2135 3309 Cfr.
2155 3283 2210 3308 Gal.
2230 3282 2259 3314 5,
2280 3282 2320 3306 l16.
2340 3279 2395 3306 etl.

1442 3333 1507 3357 Petr.
1529 3332 1559 3363 2,
1586 3332 1623 3356 11.
1639 3345 1672 3348 -—
1686 3330 1752 3356 Vide
1772 3330 1886 3356 scholion
1907 3329 1939 3354 ad
1960 3329 1984 3354 l.
2006 3329 2082 3353 liuius
2102 3327 2200 3353 articuli
2221 3327 2318 3359 quaest.

2434 610 2458 637 111(
