2483 3882
798 232 891 263 DlST.
916 230 975 262 Xll.
1001 229 1029 261 Ρ.
1054 228 1074 260 Ι.
1098 227 1236 261 Divlsto
1260 226 1415 258 TEXTUS.

122 327 334 359 Sacramento;
357 322 437 362 quod
467 322 511 351 sic
541 320 765 359 intelligendum
789 322 847 348 est:
871 318 940 356 quia
963 317 992 346 in
1015 324 1073 345 ma-

126 374 311 405 nifestatione
332 371 470 410 corporis
490 373 519 400 et
540 369 731 399 distinctione
755 367 958 398 membrorum
981 363 1072 395 semel

122 426 236 453 tantum
261 421 290 450 in
312 427 403 450 cruce
436 417 593 457 pependit,
625 417 752 446 offerens
783 424 814 445 se
844 414 922 444 Patri
945 413 1072 443 bostiam

125 469 340 508 redemptionis
362 467 532 501 efficacem,
561 474 665 495 eorum
694 465 825 498 scilieet,
854 471 930 502 quos
951 461 1075 500 praede-

16 525 108 547 tabanus.
124 519 245 549 stinavit
261 530 285 546 n.
308 518 381 546 Item
402 514 579 545 Ambrosius
592 513 621 542 ¹:
649 526 661 539 «
676 513 705 542 In
729 512 845 542 Christo
866 510 958 541 semel
974 509 1072 539 oblata

125 570 169 597 est
190 566 286 596 hostia
309 564 345 594 ad
369 563 495 594 salutem
529 565 642 600 potens.
675 560 750 595 Quid
780 567 850 596 ergo
874 558 949 587 nos?
971 557 1074 586 Nonne

14 621 75 644 mium
87 621 109 641 2-
125 624 178 655 per
199 614 333 652 singulos
362 612 426 642 dies
455 611 629 641 offerimus?
651 609 712 638 Etsi
735 608 870 647 quotidie
899 606 1074 641 offeramus,

125 664 161 694 ad
190 661 430 692 recordationem
463 658 567 688 mortis
598 657 663 686 eius
691 656 740 691 sit;
765 660 793 686 et
816 664 873 685 una
896 658 940 684 εει
961 653 1075 687 hostia,

13 719 76 741 obium
90 718 109 738 3-
126 720 183 742 nou
207 710 325 741 multae.
348 707 504 744 Quomodo
526 714 583 736 una
608 709 634 735 et
659 714 715 735 non
737 703 960 739 multae?Quia
983 701 1074 731 semei

127 759 296 790 immolatus
318 761 361 787 est
384 756 528 786 Christus.
554 754 615 783 Hoc
638 757 738 783 autem
761 752 944 782 sacrificium
980 758 1078 780 exem-

130 808 211 847 plum
235 809 279 836 est
301 805 399 840 illius;
431 803 562 841 idipsum
586 805 614 831 et
635 810 754 839 semper
785 801 914 838 idipsum
938 799 1076 834 offertur,

127 855 254 895 proinde
274 854 333 883 hoe
355 853 433 882 idem
462 854 505 881 est
526 850 729 885 sacrificium3
762 849 912 887 alioquin,
934 847 1077 886 quoniam

131 906 158 934 in
181 903 282 933 multis
306 902 378 932 iocis
401 901 538 936 offertur,
561 899 644 928 multi
669 902 739 928 sunt
761 898 893 928 Christi?
914 896 995 931 Non,
1025 895 1077 925 sed

128 961 204 983 unus
226 951 340 988 ubique
362 953 406 980 est
428 948 580 982 Christus,
603 952 631 977 ει
653 947 702 976 bic
725 946 831 985 plenus
854 945 984 975 existens
1005 947 1033 973 et
1048 943 1079 972 it-

129 1001 167 1031 lic
189 1000 314 1039 pienus3
347 998 425 1028 sieut
446 996 526 1035 quod
550 996 664 1034 ubique
685 995 808 1024 offertur
830 1001 921 1024 unum
945 996 989 1022 est
1017 1000 1080 1021 cor-

131 1057 204 1088 pus,
228 1049 266 1078 ita
289 1051 317 1077 et
338 1054 430 1076 unum
454 1049 497 1075 est
518 1044 710 1074 sacrificium.
734 1042 869 1072 Christus
886 1041 1013 1071 hostiam
1031 1039 1080 1069 ob-

131 1097 214 1131 tulit,
238 1097 333 1134 ipsam
364 1094 516 1124 offerimus
538 1096 567 1121 et
589 1100 686 1127 nunc;
708 1091 759 1121 sed
784 1090 863 1129 quod
889 1098 941 1119 nos
963 1089 1080 1126 agimus

130 1145 299 1175 recordatio
322 1147 366 1173 est
387 1141 528 1172 sacrificii
545 1153 572 1169 n.
601 1153 612 1166 «
629 1140 690 1169 Nec
706 1147 797 1169 causa
813 1147 884 1168 suae
901 1136 1080 1167 infirmitatis

132 1192 292 1231 repetitur,
315 1192 387 1230 quia
409 1190 526 1229 perficit
559 1189 727 1225 hominem,
760 1187 811 1217 sed
843 1190 981 1220 nostrae,
1010 1185 1081 1223 quia

132 1240 267 1279 quotidie
300 1246 462 1278 peccamus
477 1250 503 1266 ».
518 1254 558 1259 —
573 1237 616 1266 Ex
640 1236 686 1265 his
709 1235 876 1272 colligitur,
898 1232 1082 1272 sucrificium

132 1297 196 1318 esse
220 1293 247 1318 et
270 1288 328 1317 dici
352 1287 432 1326 quod
463 1286 561 1324 agitur
584 1285 611 1313 in
635 1284 738 1319 altari,
761 1287 789 1313 et
811 1283 961 1312 Christum
990 1280 1082 1310 semel

132 1337 265 1367 oblatum
286 1340 315 1366 et
329 1335 464 1374 quotidie
480 1334 578 1364 offerri
589 1358 596 1370 ,
612 1333 664 1362 sed
681 1333 767 1361 aliter
784 1335 869 1365 tunc,
885 1331 971 1360 aliter
987 1338 1082 1363 nune;

133 1391 161 1416 et
174 1387 273 1421 etiam,
285 1393 362 1424 quae
378 1385 415 1414 sit
432 1384 527 1412 virtus
539 1383 629 1411 huius
644 1380 840 1414 Sacramenti,
853 1379 1028 1412 ostenditur,
1041 1386 1084 1407 re-

134 1435 235 1465 missio
248 1434 362 1463 scilicet
376 1431 535 1461 venialium
551 1433 743 1469 peccatorum
758 1432 785 1458 et
799 1428 942 1467 perfectio
957 1426 1082 1456 virtutis.

539 1513 607 1543 Car.
629 1513 677 1542 Vt.

416 1595 458 1624 De
480 1602 570 1623 causo
592 1590 801 1621 iizslt'tuciom's.

215 1677 383 1706 {nstitutum
408 1678 452 1704 est
479 1673 557 1703 enim
580 1673 637 1701 boc
659 1671 885 1701 Sacran‘ientum
909 1668 1027 1698 duabus
1049 1667 1086 1696 de

136 1726 253 1756 causis:
276 1726 305 1754 in
328 1727 521 1764 uugymeutum
546 1719 683 1754 virtutis,
706 1719 821 1749 scilicet
844 1718 993 1753 caritatis,
1015 1719 1043 1746 et
1058 1716 1085 1745 in

2025 223 2087 255 969

1137 313 1321 344 medicinam
1337 311 1533 353 quotidianae
1552 309 1750 350 infirmitatis.
1767 309 1851 339 Unde
1874 309 2050 339 Ambrosius
2062 308 2088 337 ²:
2105 315 2237 336 Ambrosius.

1145 376 1156 389 «
1172 363 1216 398 Si,
1232 362 1350 401 quoties
1369 361 1530 391 effunditur
1551 359 1673 397 sanguis
1695 358 1821 392 Christi,
1838 358 1865 387 in
1882 357 2089 387 remissionem

1138 416 1333 451 peccatorum
1367 409 1546 442 effunditur;
1569 408 1665 438 debeo
1698 415 1818 445 semper
1851 406 2008 444 accipere:
2038 406 2089 444 qui

1139 468 1259 498 semper
1277 467 1388 497 pecco,
1404 457 1499 487 debeo
1515 464 1634 494 semper
1650 455 1762 485 babere
1778 454 1957 484 medicinam
1974 466 2000 483 u.
2018 454 2089 483 [tem
2104 459 2239 480 Paschasius.

1139 506 1365 545 Augustinus³t
1403 506 1558 535 «Iteratur
1590 504 1725 543 quotidie
1755 503 1831 533 haec
1863 502 1991 537 oblatio,
2021 502 2091 531 iicet

1140 556 1275 586 Christus
1297 554 1388 585 semel
1412 562 1519 592 passus
1538 553 1594 587 sit;
1611 552 1680 590 quia
1696 551 1831 589 quotidie
1847 558 2009 588 peccamus
2024 558 2090 588 pec·
2106 551 2196 571 Dubium
2212 551 2231 570 4·

1141 604 1232 641 catis,
1255 604 1319 633 sine
1341 602 1453 641 quibus
1468 601 1603 631 mortalis
1620 600 1775 629 infirmitas
1791 599 1891 628 vivere
1910 607 1966 628 non
1984 601 2088 636 potest.

1140 654 1177 683 Et
1198 652 1268 690 qula
1292 651 1427 690 quotidie
1454 649 1599 684 labimur,
1632 648 1766 687 quotidie
1798 647 1933 676 Christus
1966 646 2092 684 mystice

1140 709 1196 740 pro
1222 700 1307 729 nobis
1329 698 1542 728 immolatur».
1570 709 1582 722 «
1600 696 1686 726 Dedit
1708 695 1786 724 enim
1810 695 1895 724 nobis
1917 695 1974 724 hoc
1990 694 2184 724 Sacra-Canon.

1143 753 1273 780 mentum
1307 747 1427 783 salutis,
1460 749 1508 781 ut,
1532 746 1602 783 quia
1625 753 1678 774 nos
1700 743 1835 782 quotidie
1858 751 2035 781 peccamus,
2065 746 2093 771 et

1144 798 1191 827 ille
1224 797 1281 826 iam
1315 796 1388 825 mori
1423 803 1480 824 nou
1503 797 1617 832 potest,
1640 801 1694 831 per
1717 792 1774 821 boc
1796 791 2022 821 Sacramentum
2052 798 2094 819 re—

1143 846 1315 876 missionem
1349 850 1579 881 consequamur.
1611 841 1749 876 Quotidie
1779 839 1948 869 comeditur
1973 839 2037 877 ipse
2066 842 2094 867 et

1143 894 1257 924 bibitur
1280 893 1307 922 in
1332 893 1472 927 veritate,
1495 890 1546 919 sed
1572 890 1684 926 integer
1701 892 1729 918 et
1745 888 1831 917 vivus
1848 891 1946 916 manet
1963 899 1988 915 ».
2005 887 2092 916 Item:

1150 956 1161 968 «
1178 941 1352 981 Mysterium
1376 940 1443 969 fidei
1467 939 1592 973 dicitur,
1617 937 1686 976 quia
1720 936 1844 966 credere
1877 935 1985 970 debes,
2013 934 2093 973 quod

1145 990 1185 1020 ibi
1209 990 1289 1019 salus
1312 992 1411 1018 nostra
1436 987 1622 1016 consistat».

1224 1038 1254 1068 Si
1278 1040 1376 1067 autem
1401 1035 1572 1074 quaeritur,
1597 1038 1695 1064 utrum
1719 1032 1854 1071 quotidie
1876 1031 2097 1061 communicau-
2112 1024 2194 1077 quem
2209 1024 2249 1045 sm·

1146 1087 1217 1116 dum
1240 1086 1293 1121 sit,
1317 1084 1404 1119 audi,
1437 1083 1508 1122 quid
1534 1082 1603 1112 inde
1626 1081 1715 1111 tradit
1739 1079 1964 1119 Augustiinis⁴1
1993 1092 2004 1104 «
2020 1079 2098 1113 Quo·
2121 1053 2249 1098 mlffiffizge

1147 1135 1235 1170 tidie,
1259 1133 1371 1172 iuquit,
1394 1131 1607 1162 eucharistiam
1631 1131 1770 1167 accipere
1793 1136 1848 1157 nec
1871 1127 1959 1157 laudo
1983 1135 2037 1156 nec
2060 1104 2250 1155 vi-giiis-Geum‘

1148 1188 1274 1221 tuper0;
1298 1181 1437 1211 omuibus
1460 1183 1557 1209 tamen
1581 1178 1740 1208 dominicis
1756 1176 1862 1206 diebus
1878 1175 2099 1205 communican-

1148 1232 1217 1261 dum
1251 1231 1363 1260 bortor.
1394 1229 1422 1259 Si
1453 1232 1550 1258 tamen
1573 1235 1657 1256 mens
1680 1227 1707 1255 iu
1732 1226 1838 1255 affectu
1862 1223 2008 1263 peccandi
2038 1227 2097 1258 est,

1148 1279 1265 1317 gravari
1290 1278 1385 1315 magis
1407 1277 1475 1306 dieo
1499 1275 1699 1305 eucharistiae
1722 1274 1916 1312 perceptione
1938 1280 2028 1310 quam
2050 1280 2100 1309 pu-

1149 1328 1269 1357 rificari.
1293 1327 1334 1356 Et·
1350 1326 1420 1355 licet
1443 1325 1509 1363 quis
1542 1327 1668 1362 peceato
1693 1322 1882 1355 mor‹teatur;
1904 1321 1927 1350 si
1952 1319 2098 1358 peccandi

1150 1381 1247 1406 tamen
1271 1375 1307 1404 de
1330 1378 1430 1404 cetero
1464 1381 1521 1402 non
1550 1372 1658 1401 babeat
1682 1371 1864 1400 voluntatem
1888 1372 1916 1398 et
1938 1368 2100 1397 satisfaciat

1149 1423 1292 1462 lacrymis
1314 1427 1342 1452 et
1364 1421 1562 1456 orationibus,
1587 1419 1711 1449 accedat
1741 1426 1882 1452 securus,
1906 1417 1956 1446 sed
1985 1417 2041 1445 hoc
2064 1415 2100 1444 de

1150 1473 1199 1502 ilio
1222 1472 1307 1505 dieo,
1330 1478 1418 1509 quem
1452 1469 1589 1499 mortalia
1621 1471 1746 1506 peccata
1779 1475 1835 1495 non
1868 1469 2035 1504 gravant».
2061 1480 2100 1485 —
2118 1464 2197 1485 Canon-

1156 1521 1207 1550 «Si
1226 1528 1283 1550 nou
1301 1517 1622 1557 frequentius,saltem
1647 1521 1691 1546 ter
1714 1517 1741 1545 in
1766 1523 1842 1544 auno
1867 1514 2002 1544 homines
2024 1520 2102 1542 com-

1151 1571 1319 1604 municent,
1350 1568 1402 1597 uisi
1436 1567 1509 1596 forte
1531 1567 1599 1604 quis
1622 1564 1829 1594 criminalibus
1852 1562 2050 1601 impediatur,
2074 1561 2101 1590 in

1150 1619 1263 1648 Pascha
1288 1617 1404 1646 scilieet
1426 1620 1454 1645 et
1477 1615 1504 1644 in
1528 1615 1702 1644 Pentecoste
1725 1616 1753 1642 et
1770 1613 1797 1641 in
1815 1611 1909 1641 Natali
1924 1624 1950 1639 n.
1973 1610 2103 1640 «Omnes

1151 1675 1221 1704 ergo
1253 1665 1493 1699 communicent,
1516 1663 1566 1701 qui
1590 1662 1740 1691 noluerint
1762 1659 1976 1690 ecclesiasticis
1999 1667 2103 1688 carere

1151 1714 1313 1744 liminibus.

483 1913 975 1972 COMMENTARIUS
1014 1911 1083 1965 {N
1121 1907 1615 1964 DISTiNe'HONEM
1653 1905 1766 1959 XM.

1063 2029 1144 2060 PAas
1169 2029 1187 2059 t

728 2131 779 2168 De
807 2128 1039 2167 accidentibus
1069 2133 1100 2165 et
1128 2126 1291 2164 fractione
1321 2124 1522 2175 specierum.

582 2239 619 2271 Si
642 2242 750 2270 autem
776 2236 952 2279 qucterz'mu·
977 2235 1014 2266 dc
1038 2233 1282 2270 accidentibus,
1306 2241 1390 2274 quac
1414 2233 1586 2262 remanent
1610 2232 1667 2260 ete.

966 2345 1104 2379 Dlvlsto
1129 2344 1284 2376 TEXTUS.

232 2454 333 2493 Supra
357 2450 419 2491 egit
449 2449 594 2490 Magister
619 2448 657 2480 de
686 2446 876 2479 confectione
901 2445 965 2477 sive
990 2452 1094 2476 eonse-

146 2505 292 2538 eratione.
318 2504 349 2535 ln
375 2503 432 2534 hac
457 2500 654 2533 distinctione
670 2499 733 2540 agit
757 2498 795 2530 de
819 2495 1093 2537 consequentibus.

149 2558 182 2590 Et
206 2556 351 2599 quoniam
378 2554 441 2586 duo
466 2557 538 2585 sunt
572 2550 812 2593 consequentia,
845 2549 963 2581 scilieet
986 2547 1096 2579 fractio

148 2614 177 2643 et
202 2609 323 2642 iteratio
347 2608 413 2640 sive
441 2605 672 2647 frequentatiog
697 2603 767 2635 ideo
792 2600 948 2634 distinctio
974 2600 1031 2631 ista.
1056 2598 1098 2630 di-

148 2663 266 2695 viditur
291 2662 319 2693 in
345 2661 426 2692 duas
458 2663 572 2701 partes.
599 2657 629 2689 {n
655 2656 757 2698 prima.
780 2655 843 2695 agit
868 2654 906 2686 de
931 2652 1097 2689 fractione,

148 2715 179 2747 in
203 2714 341 2747 secunda
366 2713 404 2745 de
430 2711 524 2743 buius
542 2708 732 2742 sacramenti
755 2705 1021 2748 frequentatione,
1038 2704 1096 2735 ibi:

150 2769 228 2800 Post
252 2766 330 2799 haec
355 2764 551 2808 quaerum,
575 2763 607 2794 si
629 2761 716 2804 quod
736 2759 824 2802 yerifft
846 2758 1010 2790 sacerdos.

239 2820 273 2851 Et
305 2819 453 2861 quoniam
485 2816 595 2848 fractio
628 2815 680 2846 iiia
714 2823 773 2845 non
806 2816 907 2854 potest
941 2820 1010 2843 esse
1042 2809 1098 2842 nisi

152 2874 234 2906 circa
257 2872 335 2904 iliud
354 2872 436 2913 quod
456 2873 598 2902 remanet
614 2871 683 2910 post
702 2865 1100 2901 transsubstantiationem3

153 2931 182 2959 et
206 2927 281 2958 baec
306 2928 379 2958 sunt
403 2922 594 2956 accidentia:
622 2921 690 2953 ideo
716 2919 818 2961 primo
835 2918 975 2960 quaerit,
993 2921 1099 2949 utrum

154 2979 195 3012 ibi
219 2980 280 3012 sint
304 2977 476 3011 accidentia
502 2976 531 3008 in
558 2983 590 3007 se
616 2974 690 3015 ipsis
714 2971 927 3005 subsistentia.
960 2969 1102 3002 Secundo

1158 2450 1233 2473 vero
1257 2441 1396 2482 quaerit,
1421 2443 1530 2472 utrum
1556 2439 1595 2470 ibi
1622 2438 1661 2470 sit
1685 2437 1794 2469 fractio
1820 2444 1913 2473 vera,
1939 2434 2001 2465 ibi:
2028 2432 2112 2465 Solet

1159 2494 1257 2526 etium
1282 2492 1401 2535 quaeri
1424 2492 1461 2523 (le
1484 2490 1657 2533 fluctione.

1251 2546 1284 2578 Et
1308 2546 1360 2577 ilia
1386 2553 1458 2586 pars
1483 2544 1576 2575 hat—et
1602 2547 1665 2574 tres
1691 2545 1804 2583 partes.
1830 2540 1861 2571 in
1887 2539 1989 2581 prima
2014 2538 2113 2570 deter-

1163 2599 1258 2630 minat
1282 2598 1497 2639 quaestionem
1522 2595 1696 2628 secundum
1721 2594 1855 2625 aliorum
1874 2592 2062 2634 opinionem.
2081 2591 2111 2622 In

1163 2651 1300 2684 secunda
1317 2650 1492 2683 secundum
1511 2649 1672 2680 veritatem
1692 2651 1722 2679 et
1738 2646 1915 2687 opinionem
1939 2644 2112 2686 propriam.

1164 2704 1222 2736 ibi:
1255 2703 1317 2735 Sed
1348 2703 1428 2745 quiet
1460 2711 1580 2743 corpus
1614 2699 1739 2732 Christi?
1768 2697 2018 2739 incorruptibile
2050 2701 2113 2734 est,

1164 2756 1348 2794 ostendens,
1373 2755 1456 2796 quod
1481 2754 1590 2786 fractio
1615 2753 1668 2784 iila
1692 2756 1738 2784 est
1763 2761 1854 2787 vera,
1880 2755 1909 2783 et
1940 2754 2043 2782 tamen
2068 2754 2114 2782 est

1164 2813 1284 2841 tamum
1311 2809 1393 2840 circa
1417 2807 1597 2840 accidentia.
1625 2807 1655 2837 ln
1673 2805 1764 2837 tertia
1782 2813 1856 2836 vero
1873 2804 2016 2842 ostendit,
2039 2803 2114 2844 quid

1167 2866 1270 2904 partes
1289 2862 1359 2893 iliae
1377 2860 1567 2902 significent,
1594 2859 1633 2890 ibi
1649 2870 1655 2889 :
1684 2858 1770 2898 Quid
1786 2862 1893 2889 autem
1912 2860 2024 2898 partes
2041 2855 2116 2887 illue

1165 2913 1358 2957 significent.
1394 2912 1629 2945 Subdivisiones
1661 2911 1797 2952 partium
1830 2909 2011 2941 manifestae
2044 2912 2115 2941 sunt

1166 2969 1195 3000 in
1224 2968 1333 3000 littera.

226 3155 232 3171 ¹
253 3155 313 3181 Can.
334 3156 365 3181 In.
395 3153 498 3180 Christo
524 3152 603 3179 semel
624 3151 696 3183 (53),
725 3149 797 3181 ibid.,
827 3152 851 3173 et
877 3148 946 3180 apud
969 3148 1104 3173 itabanum

155 3199 297 3225 Comment.
326 3200 351 3224 in
380 3200 458 3230 Epist.
487 3198 520 3223 ad
549 3196 626 3221 Hebr.
658 3195 698 3219 110.
731 3195 755 3225 1;
784 3194 829 3218 cfr.
859 3194 934 3217 etiam
964 3192 1104 3223 Cin-ysost.⁷

156 3244 226 3269 bom.
251 3244 287 3268 13.
308 3244 332 3268 in
352 3243 429 3268 eund.
451 3243 534 3267 locum
556 3248 580 3265 n.
601 3240 624 3264 3.
645 3240 703 3270 Seq.
724 3238 796 3263 loeus
815 3240 852 3262 ost
872 3236 943 3268 apud
964 3237 1103 3268 Lyianum,

157 3287 218 3313 ibid.
238 3295 263 3312 v.
285 3288 308 3312 3.

227 3331 238 3347 2
256 3331 325 3356 Libr.
344 3331 384 3355 tv.
405 3331 437 3356 de
462 3330 574 3354 Sacram.
596 3335 616 3353 c.
637 3328 660 3352 6.
682 3334 706 3352 n.
728 3327 769 3358 28,
790 3331 814 3351 et
838 3325 864 3350 (ἶ.
885 3324 916 3351 Sz'
934 3324 1106 3358 quotiescum-

158 3381 207 3408 que
226 3374 298 3407 (150),
318 3375 379 3400 ibid.

1240 3147 1251 3163 3
1270 3146 1330 3172 Can.
1352 3146 1448 3171 Utrum
1476 3143 1525 3169 sub
1551 3143 1641 3176 flaura.
1666 3142 1739 3173 (72),
1769 3141 1830 3166 ibid.
1856 3141 1871 3173 {3
1901 3141 1919 3171 1,
1940 3145 1964 3165 et
1984 3139 2053 3171 apud
2075 3139 2119 3163 Pa-

1169 3192 1261 3222 schas.,
1281 3191 1312 3215 de
1333 3189 1447 3220 Corpore
1467 3193 1492 3213 et
1510 3194 1582 3218 sang.
1604 3187 1677 3212 Dom.
1697 3193 1718 3211 c.
1739 3187 1762 3211 9.
1782 3187 1841 3217 Seq.
1861 3185 1933 3209 locus
1952 3186 1989 3209 est
2008 3182 2035 3209 C.
2051 3182 2120 3214 Quid

1169 3235 1203 3261 sit
1221 3234 1332 3267 sanquis
1351 3233 1426 3265 (73.),
1447 3232 1508 3257 ibid.
1529 3231 1544 3263 ἓ,
1565 3231 1587 3256 i.
1609 3231 1711 3256 Tertius
1730 3230 1803 3260 ibid.,
1824 3229 1972 3254 immediate
1991 3235 2077 3259 supra.

1242 3278 1250 3294 ⁴¹
1271 3277 1407 3308 (Gennad.)
1427 3276 1459 3301 de
1478 3276 1620 3300 Ecclesiast.
1650 3275 1769 3306 Dogmat.
1797 3281 1819 3299 c.
1848 3274 1888 3304 23,
1909 3277 1933 3298 et
1953 3272 1978 3298 C.
2001 3271 2120 3304 Quotidie

1169 3322 1244 3354 (13),
1265 3321 1326 3346 ibid.
1347 3321 1404 3352 Seq.
1425 3320 1497 3344 locus
1516 3323 1554 3344 est
1573 3318 1600 3344 C.
1623 3317 1681 3343 Etsi
1703 3324 1759 3343 uon
1782 3315 1948 3350 frequentius
1967 3315 2035 3348 (16),
2057 3315 2120 3340 ibid.

1172 3367 1273 3391 Tertius
1292 3365 1319 3391 C.
1339 3365 1451 3390 Peracta
1471 3362 1667 3389 consecratione
1687 3362 1760 3394 (to),
1781 3361 1842 3387 ibid.
