2483 3882
776 242 868 275 DIST.
893 242 989 276 XLIV.
1015 243 1044 275 P.
1070 242 1089 275 1.
1114 242 1234 275 DUBIA.

25 327 140 368 optima
167 327 360 368 producere3
392 327 580 368 dicendum,
604 330 687 370 quod
722 338 832 362 verum
864 334 911 362 est
943 330 972 363 in

25 379 138 417 ordine
149 379 171 417 ¹,
191 383 221 411 et
245 388 360 420 corpus
384 379 524 413 deforme
548 381 665 422 optime
689 382 854 415 ordinatur
875 383 906 416 in
932 383 974 415 in-

25 432 128 471 ferno,
153 432 234 464 sicut
257 431 405 472 pulcrum
431 432 460 463 in
486 433 581 465 caelo.

112 485 142 516 [1.
167 484 210 516 Ad
236 484 314 516 illud
339 484 423 526 quod
447 484 593 518 obiicitur
625 486 664 518 de
696 487 805 520 ordine
837 488 972 529 duplici,

27 536 212 575 dicendum,
237 536 321 578 quod
345 536 423 568 ordo
448 540 611 570 creaturae
636 543 789 580 quantum
811 541 857 572 ad
876 540 973 582 finem

0 604 11 619 ο
25 593 71 622 est
94 588 278 630 dupliciter:
304 589 353 621 vel
378 592 532 630 quantum
556 591 596 622 ad
619 590 717 632 finem
741 597 901 631 creatum,
924 593 972 625 vel

0 630 176 684 ssquantum
202 642 243 674 ad
264 641 362 683 finem
386 642 557 680 ultinmm,
582 643 635 684 qui
660 644 744 676 Deus
768 649 830 684 est,
853 646 906 687 qui
927 650 975 679 est

26 695 96 727 finis
119 695 318 727 universalis.
343 695 492 728 Similiter
515 696 594 727 ordo
606 697 759 737 partium
777 702 823 730 est
839 699 974 740 duplex,

27 747 142 781 scilicet
162 747 316 789 partium
340 748 376 780 in
400 753 481 786 toto,
506 753 536 781 et
560 758 675 781 rerum
700 750 735 782 in
758 751 921 790 universo.
940 753 975 785 Et

25 800 104 833 sicut
128 803 273 832 creatura
297 796 364 832 non'
384 803 484 842 potest
509 801 637 842 produci
663 811 681 834 a
704 803 767 835 Deo
791 803 975 836 deordinata

1923 247 1986 281 917

1038 339 1056 362 a
1078 330 1142 372 fine
1164 330 1298 369 ultimo,
1316 331 1358 363 ita
1382 331 1465 373 quod
1483 331 1569 364 illam
1587 332 1856 367 deordinationem
1875 333 1988 367 babeat

1038 393 1056 415 a
1081 384 1143 416 Deo
1152 397 1159 422 3
1185 384 1228 416 sic
1252 393 1308 417 1166
1339 384 1379 417 ab
1411 385 1637 424 ordinacione,
1662 395 1743 427 quae
1774 390 1821 419 est
1852 386 1887 418 in
1915 387 1987 418 uni-

1038 446 1151 474 verso,·
1175 440 1205 469 et
1228 437 1372 478 quamvis
1396 438 1537 471 deforme
1560 448 1676 480 corpus
1699 439 1738 471 sit
1767 439 1987 473 deordinatum

1039 489 1069 521 in
1094 498 1142 528 se,
1168 493 1214 522 est
1238 493 1341 522 tamen
1365 490 1545 523 ordinatum
1570 491 1599 524 111
1626 492 1753 524 mundo.

1078 545 1080 547 ’
1128 543 1157 573 5.
1180 542 1224 574 Ad
1249 542 1336 576 illud.
1352 543 1436 584 quod
1460 543 1624 583 obiicitur,
1649 544 1734 586 quod
1758 545 1921 578 auferetur
1938 545 1988 579 de<

1039 594 1179 627 formitas
1211 603 1267 636 per
1299 595 1554 628 diminutionem:
1587 605 1662 638 ergo
1694 601 1750 630 etc.
1761 610 1769 636 3
1801 597 1988 637 dicendum,

1039 647 1123 688 quod
1148 647 1207 679 hoc
1230 651 1278 679 est
1300 651 1429 689 propter
1453 649 1622 690 perfectam
1655 650 1849 691 punitionem
1882 650 1988 684 volun*

1040 699 1127 738 tatis,
1152 708 1250 741 quae,
1275 701 1423 742 quoniam
1447 701 1587 734 omnium
1612 702 1828 735 membrorum
1861 703 1920 736 fuit
1944 712 1989 736 re-

1039 752 1119 784 ctrix
1145 756 1174 784 et
1203 753 1308 784 omnia
1339 753 1456 786 habere
1490 754 1603 793 voluit,
1628 754 1699 787 licet
1731 764 1790 787 non
1824 756 1986 794 habuerit;

1039 804 1109 837 ideo
1134 805 1162 837 in
1188 806 1334 838 omnibus
1358 806 1464 848 puniri
1488 807 1580 840 debet
1603 811 1633 840 et
1658 809 1796 850 torqueri
1811 809 1831 840 ².

677 944 786 976 DUBIA
812 945 917 977 CIRCA
942 946 1128 979 LITTERAM
1151 947 1334 980 MAGISTRI.

437 1067 511 1099 Due.
537 1068 556 1098 Ι.

110 1173 142 1204 In
168 1176 256 1214 parte
287 1172 347 1204 ista
378 1176 452 1204 sunt
476 1173 687 1206 dubitationes
712 1174 794 1206 circa
814 1174 972 1213 litteram,

23 1229 52 1258 et
75 1225 178 1266 primo
202 1225 366 1266 quaeritur
391 1225 430 1256 de
453 1224 512 1257 boc
535 1225 620 1266 quod
646 1225 737 1264 dicit,
762 1226 846 1267 quod
864 1236 975 1258 resur-

21 1278 171 1321 9ent2'bus
194 1287 260 1309 non
284 1278 395 1310 eadem
413 1277 611 1319 assiynatur
628 1282 781 1317 statura,
798 1280 855 1310 sed
870 1284 972 1311 aetas.

0 1331 153 1364 :Videtur
177 1331 258 1363 enim
286 1331 366 1363 male
391 1328 515 1363 dicere:
541 1331 616 1372 quia.
639 1331 759 1373 duplex
784 1337 831 1364 est
854 1332 974 1373 quanti-

0 1382 8 1389 ’”
23 1387 86 1422 tas,
111 1383 228 1416 scilicet
260 1384 414 1425 temporis
438 1388 468 1416 et
490 1383 711 1416 extensionis³
725 1396 736 1421 ;
760 1384 813 1416 sed
839 1385 892 1426 qui
923 1385 974 1416 ha-

24 1437 161 1469 buerunt
184 1436 342 1468 diversam
367 1437 571 1478 quantitatem
605 1436 696 1469 molis
720 1437 750 1468 in
776 1437 901 1469 diversa
929 1446 973 1469 re-

25 1492 171 1530 surgent:
198 1498 273 1530 ergo
301 1490 354 1531 qui
380 1489 537 1521 diversam
567 1489 748 1522 habuerunt
778 1494 909 1522 aetatem
943 1490 972 1521 in

24 1543 149 1575 diversa
177 1546 351 1584 resurgent.
376 1561 419 1565 —
444 1542 536 1581 Item,
570 1542 761 1584 impossibile
793 1546 856 1582 est,
889 1543 973 1585 quod

24 1599 70 1628 est
93 1595 297 1637 praeteritum
323 1604 384 1627 non
402 1604 470 1627 esse
487 1596 694 1636 praeteritum
709 1596 737 1627 ⁴:
763 1605 838 1637 ergo
863 1597 975 1637 impos-

24 1648 112 1680 sibile
136 1652 199 1686 est,
224 1648 308 1689 quod
340 1648 471 1690 aliquis,
496 1649 548 1690 qui
574 1648 685 1680 habuit
708 1657 806 1681 annos
829 1654 971 1688 centum‚

23 1710 84 1734 non
117 1701 263 1733 habuerit
294 1705 439 1733 centum:
470 1711 545 1743 ergo
570 1701 763 1743 impossibile
794 1706 857 1741 est,
889 1703 972 1744 quod

24 1753 136 1785 habeat
160 1753 261 1785 solum
287 1753 414 1795 triginta
438 1754 519 1786 duos
541 1763 649 1786 annos.
675 1754 734 1786 Sed
753 1755 781 1786 in
801 1755 858 1786 hac
874 1759 974 1787 aetate

4 1806 200 1839 tresurrexit
223 1806 386 1839 Christus:
412 1816 487 1848 ergo
511 1807 703 1848 impossibile
728 1812 774 1840 est
798 1808 926 1840 senibus
943 1809 972 1840 in

23 1859 81 1891 hac
105 1862 205 1891 aetate
230 1868 408 1900 resurgere.
424 1878 466 1883 -
484 1860 558 1892 item
570 1886 577 1899 ‚
595 1860 619 1892 si
638 1860 877 1901 resurgentibus
895 1869 975 1893 com-

23 1915 151 1953 putatur
175 1915 278 1949 aetas,
302 1915 357 1944 aut
380 1920 455 1953 ergo
479 1912 520 1944 ab
542 1912 668 1945 instanti
694 1912 898 1951 nativitatis,
920 1917 974 1945 aut

23 1964 285 1996 resurrectionis.
302 1965 331 1996 Si
354 1965 394 1996 ab
418 1966 542 1997 instanti
569 1965 773 2003 ηαίίυὶίατίε,
791 1970 864 1998 tunc
881 1970 974 1998 erunt

23 2017 94 2058 plus
115 2026 210 2059 quam
227 2021 352 2049 centum
370 2018 461 2056 anni,
478 2018 574 2049 immo
591 2028 685 2060 quam
704 2019 789 2051 mille
812 2019 842 2051 in
867 2019 974 2061 aliqui-

24 2070 82 2102 bus
92 2083 100 2108 ;
117 2070 141 2102 si
158 2070 198 2102 ab
216 2070 340 2102 instanti
365 2071 632 2109 resurrectionis,
651 2075 725 2104 tunc
742 2081 803 2104 non
821 2072 948 2104 habebit
962 2072 972 2087 ⁵

24 2122 136 2164 aliquis
159 2131 253 2154 unam
279 2122 406 2162 horam,
430 2124 547 2156 nedum
565 2124 648 2165 quod
667 2124 794 2165 triginta
810 2133 917 2157 annos.
930 2144 974 2148 —

23 2174 115 2213 Item,
141 2175 292 2207 Dominus
324 2175 401 2207 nulli
431 2176 576 2208 detrahet
599 2177 638 2209 de
663 2177 836 2218 quantitate
859 2177 971 2216 molis,

23 2228 77 2260 sed
101 2228 195 2261 addet
221 2228 268 2261 his
292 2229 346 2270 qui
372 2229 476 2261 minus
499 2228 635 2261 habent:
661 2239 736 2272 ergo
761 2231 828 2271 pari
853 2231 973 2262 ratione

24 2280 62 2313 de
85 2285 200 2319 aetate,
225 2290 296 2313 cum
321 2286 468 2313 senectus
490 2282 534 2313 sit
556 2282 753 2314 venerabilis
767 2283 787 2314 ⁶.

5 2323 9 2326 ’
109 2334 153 2365 Ad
179 2334 255 2366 haec
278 2334 382 2366 omnia
406 2335 680 2376 respondendum,
705 2336 789 2377 quod
818 2340 904 2368 aetas
928 2345 972 2368 re-

0 2387 220 2428 nsurgentium
245 2387 412 2428 dupliciter
437 2391 538 2429 potest
562 2388 710 2429 intelligi:
735 2392 790 2420 aut
814 2397 870 2429 per
893 2397 973 2420 com-

0 2426 11 2442 ³'
23 2439 214 2481 parationem
248 2440 287 2472 ad
310 2440 517 2482 principium
548 2441 757 2478 durationis,
790 2441 871 2473 sicut
901 2441 974 2473 assi-

24 2487 135 2534 gnatur
160 2493 250 2524 nobis
274 2502 358 2525 nunc
382 2494 557 2526 secundum
574 2494 839 2535 computationem
864 2494 904 2525 ab
920 2493 974 2525 ini-

4 2544 65 2576 :tio
100 2545 196 2577 nostri
232 2543 318 2583 esse,-
352 2550 382 2578 et
412 2546 455 2578 sic
490 2555 551 2578 non
588 2550 790 2588 computatur
825 2550 910 2578 aetas
941 2546 972 2577 in

27 2599 281 2640 resurgentibus,
304 2599 377 2641 quia
401 2600 595 2632 transierunt
618 2609 742 2632 omnem
778 2603 910 2632 aetatem
943 2603 973 2631 et

26 2654 114 2682 extra
138 2654 252 2683 statum
270 2651 364 2683 talem
390 2656 472 2684 sunt.
489 2652 553 2684 Alio
578 2652 671 2684 modo
692 2656 777 2684 aetas
800 2652 974 2683 attenditur

25 2703 196 2737 secundum
229 2703 473 2745 dispositionem
502 2709 530 2736 et
561 2704 776 2737 valitudinem
803 2704 973 2745 eorporis,-

1037 1075 1067 1103 et
1092 1071 1135 1103 sic
1158 1072 1311 1113 accipitur
1335 1076 1419 1105 aetas
1444 1073 1599 1106 iuvenilis.
1617 1074 1732 1107 Omnes
1756 1075 1838 1108 enim
1864 1076 1941 1109 tales
1958 1080 1988 1109 et

1038 1124 1114 1155 tanti
1138 1128 1305 1166 resurgent
1330 1126 1359 1157 in
1377 1134 1522 1167 corpore,
1547 1127 1656 1168 quales
1678 1128 1809 1161 fuissent
1833 1129 1863 1160 in
1888 1134 1987 1163 aetate

1038 1176 1184 1215 iuvenili3
1209 1180 1239 1209 et
1262 1177 1304 1209 ita
1320 1182 1413 1210 aetas
1436 1187 1498 1210 non
1522 1180 1661 1212 nominat
1678 1181 1906 1219 durationem,
1931 1183 1985 1215 sed
2002 1192 2129 1213 Notandum.

1038 1229 1189 1270 eorporis
1213 1229 1468 1271 dispositionem.
1486 1232 1515 1263 Si
1539 1232 1622 1264 enim
1648 1233 1731 1265 Deus
1748 1234 1842 1266 modo
1866 1239 1988 1267 crearet

1038 1281 1195 1313 hominem
1222 1281 1251 1313 in
1277 1291 1313 1314 eo
1338 1282 1446 1315 habitu
1471 1288 1501 1315 et
1525 1288 1622 1323 statu,
1647 1294 1741 1326 quem
1767 1286 1860 1319 habet
1882 1288 1933 1319 vir
1957 1288 1987 1320 in

1037 1324 1198 1374 trigesimo
1221 1343 1319 1371 anno:
1341 1338 1415 1367 tunc
1439 1335 1597 1368 diceretur
1617 1338 1745 1369 6161116τ
1768 1338 1797 1370 in
1822 1343 1922 1372 aetate
1946 1340 1988 1372 vi-

1039 1386 1106 1424 rili,
1132 1396 1192 1418 non
1216 1388 1336 1419 ratione
1360 1389 1600 1429 computationis
1624 1391 1792 1432 temporis,
1817 1392 1871 1424 sed
1905 1393 1989 1425 habi-

1038 1439 1157 1471 tudinis
1180 1440 1330 1481 corporis.
1356 1441 1390 1472 Et
1414 1449 1470 1482 per
1495 1441 1571 1474 haec
1596 1446 1701 1483 patent
1725 1444 1855 1476 obiecta.

1444 1546 1520 1578 Duss.
1544 1547 1578 1578 11.

1127 1650 1200 1682 item
1226 1652 1390 1692 quaeritur
1413 1652 1451 1684 de
1477 1653 1535 1685 boc
1559 1654 1641 1695 quod
1672 1655 1765 1687 dicit:
1798 1656 1836 1688 Uc
1866 1657 1990 1699 8191ῑὶῘί-

1039 1707 1130 1734 caret
1150 1702 1380 1745 perfectionem
1408 1705 1543 1737 virium.
1570 1707 1701 1739 Videtur
1724 1708 1807 1740 enirn
1841 1709 1921 1742 male
1946 1710 1989 1742 di-

1039 1765 1128 1794 cere;
1152 1757 1314 1798 quoniam,
1332 1758 1357 1790 si
1382 1758 1496 1790 femina
1520 1768 1581 1791 non
1605 1764 1652 1792 est
1674 1761 1732 1800 vir,
1753 1770 1810 1794 nec
1834 1767 1986 1804 quantum

1039 1808 1077 1839 ad
1103 1817 1215 1840 sexum
1248 1818 1305 1841 nec
1335 1813 1486 1850 quantum
1520 1810 1559 1843 ad
1595 1811 1710 1844 virium
1749 1814 1988 1855 perfectionem,

1039 1860 1112 1902 quia
1136 1870 1233 1893 sexus
1256 1862 1409 1895 femineus
1433 1867 1599 1896 attestatur
1631 1865 1824 1904 infirmitati:
1850 1877 1924 1909 ergo
1948 1869 1991 1900 vi-

1039 1913 1142 1953 detur,
1167 1915 1251 1956 quod
1281 1915 1395 1947 mulier
1426 1918 1487 1948 non
1513 1922 1658 1959 resurgat
1681 1918 1787 1960 aliquo
1820 1920 1921 1953 modo.
1948 1928 1988 1944 —'

1039 1967 1128 2005 Item,
1154 1967 1234 1999 sicut
1258 1968 1332 2000 dicit
1356 1969 1562 2011 Philosophus
1577 1971 1597 2009 Β,
1628 1983 1643 2000 «
1662 1971 1778 2004 femina
1802 1977 1848 2006 est
1870 1974 1919 2006 vir
1943 1983 1990 2008 oc-

1039 2020 1215 2052 casionatus
1228 2032 1262 2052 »1
1288 2029 1362 2062 ergo
1379 2022 1402 2053 si
1428 2023 1606 2055 occasiones
1622 2033 1683 2056 non
1701 2030 1872 2067 resurgunt
1886 2027 1918 2059 in
1940 2037 1990 2060 na-

1041 2076 1111 2103 tura
1135 2076 1286 2114 quantum
1312 2074 1351 2105 ad
1375 2074 1506 2114 electos,
1524 2085 1580 2108 nec
1596 2076 1729 2110 feminae
1755 2085 1929 2121 resurgent.
1946 2100 1990 2104 —

1039 2125 1128 2163 116111,
1154 2126 1186 2157 in
1212 2127 1452 2159 resurrectione
1474 2133 1572 2160 erunt
1594 2129 1681 2161 sieut
1698 2132 1816 2172 Anyetz'
1838 2132 1899 2165 Dei
1911 2133 1934 2171 ⁹,
1959 2139 1989 2166 et

1039 2178 1097 2209 1106
1120 2178 1195 2217 erit,
1213 2179 1286 2219 quia
1310 2188 1424 2220 corpus
1449 2180 1695 2214 conformabitur
1720 2183 1860 2223 animae;
1878 2186 1931 2218 sed
1957 2186 1988 2218 in

1038 2230 1160 2271 Angelis
1184 2240 1244 2262 non
1277 2235 1324 2263 est
1347 2231 1504 2264 distinctio
1528 2242 1625 2266 sexus
1650 2243 1706 2267 nec
1738 2236 1766 2267 in
1800 2238 1987 2271 animabus:

1038 2287 1193 2324 ergoetc.
1210 2302 1254 2306 -—
1270 2284 1359 2322 item,
1385 2294 1482 2317 sexus
1506 2286 1662 2319 distinctio
1679 2291 1725 2320 est
1749 2293 1878 2330 propter
1902 2300 1990 2332 gene-

1039 2336 1208 2374 rationem:
1234 2337 1287 2369 sed
1314 2337 1354 2369 ibi
1380 2347 1439 2369 non
1466 2339 1525 2370 erit
1549 2341 1725 2380 generatio:
1750 2350 1825 2383 ergo
1849 2347 1906 2376 etc.

1129 2389 1324 2421 Responnno:
1350 2390 1541 2430 Dicendum,
1567 2392 1665 2433 quod„
1690 2394 1770 2425 sicut
1791 2395 1866 2426 dicit
1890 2396 1990 2437 Augu-

1038 2441 1139 2473 stinus
1171 2442 1321 2482 vigesimo
1353 2443 1491 2475 secundo
1528 2444 1566 2476 de
1601 2445 1730 2478 Civitate
1761 2446 1814 2479 Dei
1832 2447 1866 2485 ¹⁰,
1892 2448 1986 2490 aliqui
2003 2458 2118 2479 131101311-

1039 2494 1208 2526 voluerunt
1232 2495 1354 2534 dicere,
1379 2496 1461 2537 quod
1489 2505 1585 2529 sexus
1616 2497 1771 2531 femineus
1795 2509 1855 2531 non
1886 2509 1989 2533 resur·
2017 2490 2113 2511 quomm'

1039 2550 1090 2587 get
1112 2551 1242 2588 propter
1259 2547 1449 2588 praedictam
1468 2549 1686 2582 auctoritatem
1704 2551 1856 2592 Apostoli:
1882 2553 1989 2585 Donec

1039 2609 1260 2631 oceuwctmus
1284 2609 1394 2632 omnes
1419 2601 1453 2632 z'n
1477 2601 1587 2633 virum
1610 2602 1812 2644 perseocmm
1837 2606 1890 2637 sed
1909 2607 1990 2638 sicut

1040 2651 1105 2693 ipse
1130 2652 1220 2691 (11611,
1246 2653 1285 2684 1111
1311 2654 1426 2686 dicitur
1460 2655 1507 2686 vir
1532 2665 1590 2687 non
1616 2665 1634 2688 a
1665 2666 1765 2695 sexu,
1796 2659 1848 2690 sed
1876 2668 1893 2690 a
1926 2660 1990 2691 vir-

1040 2709 1121 2742 tute,
1147 2714 1206 2736 non
1232 2706 1390 2747 corporis,
1416 2707 1470 2739 sed
1501 2708 1629 2747 mentis,
1654 2718 1710 2750 per
1741 2719 1835 2751 (1116111
1860 2711 1989 2744 modum

93 2888 101 2904 ¹
122 2889 171 2915 Csr.
193 2890 208 2915 1.
228 2892 296 2915 seut.
317 2890 342 2915 d.
363 2890 403 2915 44.
424 2898 446 2916 a.
471 2891 492 2916 1.
515 2898 539 2923 q.
561 2892 584 2916 2.
609 2891 642 2916 ad
672 2892 694 2916 1l.
714 2891 777 2916 lbid.
799 2899 823 2923 q.
844 2893 867 2916 3.
888 2893 972 2923 agitur

25 2931 57 2957 de
75 2939 127 2965 seq.
146 2933 221 2958 solut.
243 2933 286 2965 (ad
306 2933 350 2966 4.).

92 2976 103 2992 2
122 2965 170 3002 Csr.
187 2978 211 3002 ll.
226 2979 295 3003 Sent.
315 2979 339 3003 d.
361 2978 403 3004 41.
425 2986 447 3004 a.
468 2980 491 3004 2.
512 2986 537 3011 (1.
560 2980 583 3004 2.
605 2986 658 3012 seq.
672 2993 707 2997 —
722 2979 786 3005 Vido
805 2980 920 3005 scholion
939 2980 972 3005 ad

25 3021 219 3051 praecedentem
239 3027 337 3055 quaest.

92 3063 103 3080 ³
122 3064 171 3090 Csr.
191 3067 308 3098 Aristeu,
336 3067 368 3092 de
391 3067 549 3092 Praedicam.
571 3074 591 3092 6.
613 3067 643 3093 de
665 3067 777 3098 Quanto.
798 3082 831 3085 —
851 3067 931 3093 Codd.
951 3068 972 3092 R

23 3107 72 3132 -sT
82 3107 118 3133 bb
142 3109 241 3134 addunt
265 3109 319 3136 sive
343 3110 429 3136 molis.
456 3125 490 3129 —
514 3111 549 3136 De
574 3110 675 3137 minori
698 3112 744 3136 csr.
769 3112 809 3136 1116
835 3112 868 3136 lit.
898 3113 973 3143 Magi-

23 3151 79 3183 stri,
98 3159 119 3177 6.
143 3153 162 3177 1.

93 3193 103 3210 ⁴
122 3196 187 3222 Vide
206 3197 222 3222 l.
244 3198 311 3222 Sent.
338 3198 364 3223 d.
392 3198 433 3223 42.
460 3206 484 3230 q.
506 3197 529 3223 3.
549 3212 584 3216 —
603 3199 639 3223 De
664 3201 745 3223 aetate
771 3198 862 3223 Christi
888 3206 974 3224 resur-

25 3239 106 3267 gentis
124 3239 168 3264 cfr.
189 3241 230 3265 hic
249 3241 283 3266 lit.
304 3242 430 3274 Magistri,
452 3249 473 3267 6,
496 3243 518 3266 l.

44 3288 45 3291 ’
92 3282 103 3299 ⁵
123 3284 156 3309 Ex
180 3285 258 3311 codd.
286 3286 364 3311 RST
382 3286 417 3311 bb
443 3287 625 3318 supplevimus
650 3286 754 3319 uliquis.
782 3286 898 3312 Subinde
925 3294 973 3319 pro

24 3322 122 3354 hedum
140 3328 211 3361 quod
229 3329 287 3354 edd.
308 3329 355 3363 qui
373 3332 433 3356 ante
453 3329 552 3356 habuit.

94 3369 104 3386 ⁶
122 3371 180 3403 Sap.
201 3371 230 3403 4,
251 3373 283 3398 8:
303 3374 427 3400 Senectus
440 3375 507 3399 enim
528 3374 684 3399 venerabilis
703 3378 741 3400 est
760 3377 806 3399 etc.

1107 2891 1118 2908 ⁷
1138 2892 1215 2923 iidd„
1239 2899 1287 2923 pro
1315 2892 1370 2918 δι’...
1399 2893 1476 2919 modo
1505 2895 1609 2920 crearet
1633 2896 1715 2926 posito
1734 2895 1797 2922 sic...
1819 2898 1881 2923 tunc
1902 2900 1974 2924 creat
1983 2919 1989 2929 ,.

1037 2936 1157 2961 omittunt
1166 2942 1245 2968 quem
1255 2935 1360 2961 habet...
1371 2943 1465 2962 creare
1478 2938 1546 2969 (eod.
1558 2938 1578 2963 U
1592 2938 1705 2972 creari).
1717 2953 1750 2957 —
1760 2940 1830 2965 Idem
1843 2941 1904 2966 dub.
1916 2942 1991 2966 solvi·
2024 2973 2032 2984 ·

1038 2984 1078 3005 tur
1097 2987 1110 3004 a
1129 2981 1152 3004 S.
1165 2980 1266 3012 Tbom„
1287 2981 1328 3005 hic
1347 2989 1371 3013 (1.
1398 2982 1416 3005 1.
1437 2989 1458 3006 u.
1481 2982 1503 3006 3.
1524 2984 1683 3014 quaestione.
1700 2985 1761 3010 ’1.61
1779 2986 1845 3010 circa
1867 2986 1910 3018 lit,
1933 2991 1957 3012 61
1977 2994 1989 3011 a

1037 3024 1157 3049 Richard.
1178 3032 1191 3048 a
1212 3024 1291 3055 Med,
1313 3026 1353 3049 1116
1373 3033 1395 3050 a.
1421 3026 1440 3050 1.
1461 3034 1484 3058 q.
1506 3027 1529 3051 8.

1109 3067 1119 3083 ⁸
1138 3068 1205 3093 Libr.
1227 3069 1253 3093 11,
1275 3069 1307 3093 (16
1327 3069 1445 3094 Getici-at.
1461 3071 1562 3095 animal.
1579 3078 1600 3096 6,
1621 3072 1643 3096 3.
1660 3072 1724 3097 Vide
1738 3076 1799 3098 [om.
1816 3074 1841 3098 ΙΙ.
1857 3080 1915 3105 pag.
1932 3075 1989 3102 435.

1038 3116 1095 3137 nota
1116 3112 1139 3137 5.

1108 3156 1118 3172 9
1139 3157 1224 3181 ltlattli.
1244 3157 1291 3187 ⁶22,
1312 3157 1362 3182 30:
1384 3158 1407 3182 ln
1429 3160 1616 3184 resurrectione
1636 3161 1703 3184 enim
1725 3168 1808 3193 neque
1835 3162 1929 3187 nubent
1951 3170 1991 3188 ne-

1039 3206 1088 3231 que
1110 3199 1247 3231 nubentur,
1271 3201 1316 3225 sed
1336 3205 1411 3226 erunt
1429 3204 1476 3226 etc.

1110 3243 1130 3259 ¹⁰
1149 3242 1210 3274 Cap.
1230 3244 1267 3268 17.
1282 3244 1337 3273 (ubi
1358 3246 1434 3269 ctiam
1456 3247 1566 3271 rationes
1585 3250 1717 3278 ponuntur
1737 3255 1783 3279 pro
1803 3251 1990 3275 resurrectione

1038 3295 1114 3313 sexus
1134 3288 1250 3319 feminei,
1271 3295 1338 3320 quac
1356 3289 1464 3314 inferius
1483 3291 1633 3323 tanguntur)
1653 3294 1678 3316 et
1697 3298 1717 3317 c.
1740 3292 1787 3324 18,
1809 3294 1899 3326 inquo
1912 3301 1992 3326 expo-

1039 3333 1074 3356 nit
1094 3332 1173 3357 verba
1194 3333 1308 3363 Apostoli
1328 3334 1392 3365 Eph.
1413 3334 1442 3365 Ιι,
1466 3335 1514 3359 13;
1534 3335 1623 3361 Donec
1641 3342 1820 3363 occurramus
1848 3345 1938 3365 omnes
1963 3339 1991 3365 z'n

1038 3375 1166 3401 *unitatem
1185 3376 1247 3410 fidei
1264 3378 1287 3402 et
1306 3377 1450 3411 uguitionis
1470 3378 1533 3404 Filii
1553 3379 1599 3406 Dei
1616 3380 1642 3406 in
1663 3380 1754 3407 virum
1772 3381 1920 3415 perfectum
1940 3387 1988 3419 etc.
