2483 3882
664 252 757 283 DIST.
781 252 881 284 XXIV.
906 251 934 283 P.
960 251 992 282 ll.
1017 251 1098 283 ART.
1124 252 1156 283 ll.
1180 252 1333 293 QUAEST.
1357 252 1377 283 I.

46 345 132 376 sunt:
150 340 218 373 ideo
242 338 414 371 rectissime
438 339 532 371 modo
555 339 740 380 imperativo
763 340 872 371 utitur.
891 340 926 372 Et
942 339 985 372 sic

45 397 127 437 patet
149 391 310 433 responsio
333 391 372 423 ad
397 390 532 432 primam
557 392 781 432 quaestionem.
802 410 847 414 —
870 392 985 424 Omnes

2 459 36 481 uo-
45 447 121 479 aliae
144 443 340 486 quaestiones
356 451 396 475 ex
414 442 505 474 dictis
521 446 644 484 patent,
661 447 787 484 praeter
803 443 888 475 illam
905 452 987 484 quae

44 501 89 531 est
112 497 149 529 de
172 499 244 528 ortu
268 495 414 527 istorum:
439 503 512 526 nam
536 494 711 527 benedictio
738 498 768 527 et
792 504 904 527 manus
932 495 986 527 im-

1932 256 1994 287 6029

1049 339 1160 380 positio
1183 349 1201 371 a
1236 340 1437 379 Patriarchis,
1462 340 1587 373 Genesis
1622 341 1773 382 vigesimo
1801 341 1934 383 septimo
1968 345 1999 373 et

1050 392 1175 424 Genesis
1199 392 1440 434 quadragesimo
1471 394 1615 432 octavo¹,
1648 394 1748 432 venit,
1773 394 1828 426 sed
1860 394 1999 426 inunctio

1049 444 1185 485 figuram
1209 445 1319 477 habuit
1342 445 1372 477 in
1397 446 1492 487 Lege,
1523 446 1649 478 Levitici
1672 449 1799 486 octavo,
1828 447 1882 478 ubi
1912 447 1999 479 inun-

1051 500 1119 528 ctus
1143 500 1190 529 est
1214 506 1358 530 summus
1382 498 1528 530 sacerdos
1542 498 1563 529 2.

850 619 1114 657 ARTICULUS
1143 621 1185 657 ll.

569 720 613 752 De
637 720 810 752 ordinibus
834 720 944 763 quoad
966 730 1144 753 mainerum
1167 726 1195 753 ct
1219 721 1468 754 distinctionem.

126 832 357 873 Consequenter
381 834 534 873 quantum
559 831 598 863 ad
623 831 798 863 secundum
815 831 985 863 articulum

41 884 200 928 quaeritur
225 884 263 916 de
287 883 452 916 ordinibus
475 887 627 925 quantum
645 884 684 915 ad
703 892 872 916 numerum
897 887 928 916 et
945 884 987 915 di-

41 937 241 971 stinctionem.
265 937 298 968 Et
311 936 393 969 circa
408 936 465 969 hoo
478 939 676 978 quaeruntur
689 936 827 968 breviter
840 939 985 978 quatuor.

124 989 226 1021 Primo
250 989 414 1031 quaeritur
438 989 476 1021 de
493 989 645 1021 divisione
662 989 809 1021 ordinum
832 989 863 1020 in
881 998 986 1021 sacros

40 1047 68 1076 et
90 1051 150 1075 non
174 1051 288 1074 sacros.

1139 832 1295 871 Secundo,
1320 836 1428 864 utrum
1454 834 1668 875 psalmistatus
1704 835 1742 867 sit
1767 835 1846 868 inter
1871 836 1998 869 ordines

1051 884 1197 916 minores.

1139 937 1241 969 Tertio
1265 938 1446 979 quaeritur,
1471 943 1578 971 utrum
1604 941 1802 983 episcopatus
1826 942 1865 974 sit
1889 942 1975 975 ordo.

1139 990 1274 1030 Quarto,
1303 994 1410 1022 utrum
1448 991 1509 1023 sint
1545 996 1681 1034 septem,
1706 998 1760 1026 aut
1795 994 1920 1036 plures,
1945 998 1999 1027 aut

1050 1043 1214 1083 pauciores
1239 1043 1376 1075 ordines.

905 1166 1088 1207 QUAESTIO
1112 1167 1132 1198 Ι.

564 1264 610 1295 De
635 1263 796 1295 divisione
823 1264 979 1296 ordinum
1004 1264 1038 1295 in
1062 1274 1178 1296 sacros
1202 1269 1229 1297 ct
1252 1275 1316 1297 non
1341 1275 1466 1298 sacros.

122 1375 290 1416 Quaeritur
313 1375 409 1416 igitur
433 1374 536 1417 primo
565 1375 604 1407 de
635 1375 694 1407 hac
723 1375 874 1407 divisione
906 1375 987 1407 ordi-

37 1437 127 1467 num,
152 1432 182 1461 et
206 1428 340 1467 videtur,
364 1428 448 1470 quod
472 1428 560 1460 nulla
583 1429 641 1460 sit:

124 1482 150 1513 1.
176 1481 295 1519 Primo,
320 1481 393 1522 quia
417 1481 495 1513 ordo
512 1480 719 1513 essentialiter
748 1484 778 1513 et
801 1480 985 1513 universali-

0 1546 24 1567 si-
36 1537 81 1567 ter
103 1536 149 1566 est
173 1533 410 1565 Sacramentum
425 1532 454 1572 ³3
479 1532 533 1565 sed
558 1541 650 1564 omne
681 1533 917 1564 Sacramentum
942 1532 985 1564 di-

37 1587 75 1619 cit
96 1594 161 1618 rem
192 1594 330 1618 sacram:
356 1594 431 1627 ergo
455 1585 533 1617 ordo
557 1585 778 1617 universaliter
802 1589 848 1618 est
872 1594 923 1618 res
940 1595 985 1618 sa-

36 1648 101 1672 cra:
126 1647 199 1680 ergo
223 1639 324 1671 omnis
347 1639 426 1671 ordo
449 1643 497 1671 est
520 1648 618 1671 sacer.

121 1693 149 1723 2.
174 1692 266 1731 item,
291 1692 322 1723 in
347 1691 548 1724 inferioribus
572 1692 737 1724 ordinibus
773 1692 867 1724 datur
901 1696 984 1733 pote-

37 1748 97 1777 stas
119 1744 316 1777 ministrandi
342 1745 424 1777 circa
448 1744 564 1783 altare,
589 1748 619 1776 et
653 1754 689 1776 ea
722 1753 801 1786 quae
826 1745 984 1786 pertinent

36 1797 71 1830 ad
96 1798 332 1830 Sacramentum
356 1798 648 1836 Sacramentorum,
666 1798 783 1830 scilicet
800 1807 915 1839 corpus
932 1798 983 1830 do-

35 1851 197 1884 minicum:
216 1860 291 1892 ergo
305 1851 331 1883 si
356 1851 386 1882 in
411 1851 586 1883 minoribus
612 1851 808 1883 ministratur
836 1851 918 1883 circa
942 1851 983 1883 al-

35 1903 133 1943 tare⁴,
157 1903 237 1937 sicut
262 1904 291 1935 in
316 1903 484 1936 diaconatu
508 1907 538 1936 et
562 1903 807 1942 subdiaconatu,
825 1903 896 1936 licet
920 1913 980 1936 non

36 1957 76 1989 ita
91 1956 129 1989 de
145 1956 338 2001 propinquog
363 1956 507 1995 videtur,
524 1956 608 1998 quod
626 1956 707 1989 sicut
731 1956 774 1988 illi
793 1959 866 1988 sunt
883 1957 981 1995 sacri,

37 2010 78 2042 sic
100 2013 130 2042 et
153 2009 213 2041 isti.

120 2062 147 2094 3.
172 2062 266 2101 ltem,
291 2062 320 2093 in
347 2062 482 2094 Ecclesia
506 2062 666 2104 primitiva
697 2072 759 2094 non
782 2062 912 2095 fuerunt
936 2072 982 2095 or-

39 2114 123 2147 dines
146 2115 204 2147 nisi
229 2115 327 2153 sacri,
352 2114 469 2147 scilicet
505 2115 742 2156 presbyteratus
776 2118 806 2147 et
842 2115 983 2148 diacona-

36 2167 121 2199 tus⁵:
146 2176 221 2209 ergo
246 2167 295 2199 vel
319 2167 372 2199 illa
398 2168 532 2200 Ecclesia
563 2168 621 2200 fuit
653 2168 824 2207 diminuta,
850 2168 899 2200 vel
924 2169 982 2200 ista

36 2220 207 2262 superfluit.

118 2273 148 2305 li.
171 2273 263 2312 Item,
289 2282 325 2305 ea
349 2282 430 2314 quae
455 2276 595 2315 spectant
618 2274 657 2305 ad
694 2273 900 2305 substantiam
933 2274 982 2305 Sa-

36 2325 198 2364 cramenti,
223 2334 347 2367 semper
371 2326 480 2358 eadem
506 2329 726 2367 perseverant:
752 2326 777 2358 si
802 2335 876 2367 ergo
901 2326 982 2358 ordi-

35 2386 88 2410 nes
110 2378 245 2410 minores
276 2387 349 2410 vere
385 2379 512 2411 ordines
547 2382 638 2418 sunt,
664 2382 718 2411 aut
742 2384 816 2411 tunc
840 2388 907 2412 esse
933 2380 982 2411 de-

36 2429 185 2469 buerunt,
209 2434 264 2462 aut
288 2439 361 2463 vere
386 2431 512 2463 ordines
537 2441 596 2463 non
630 2436 713 2464 sunt.
743 2432 831 2473 Quod
857 2432 883 2464 si
907 2436 981 2464 tunc

36 2491 94 2514 non
118 2483 259 2522 fuerunt,
284 2485 365 2516 sicut
388 2488 495 2525 patere
519 2488 637 2525 potest,
664 2485 788 2517 videtur
813 2488 869 2517 etc.

120 2535 261 2568 CONTRA:
290 2538 317 2568 l.
341 2537 374 2568 In
399 2537 495 2569 veteri
522 2540 707 2569 testamento
723 2541 813 2569 erant
837 2537 982 2569 distincta

0 2586 133 2619 ¹1a-0fficia
156 2589 418 2627 ministrantium,
436 2589 478 2620 ita
494 2589 578 2630 quod
595 2589 645 2620 alii
665 2589 884 2621 ministrabant
900 2589 983 2621 circa

1050 1375 1166 1415 altare,
1190 1376 1242 1408 alii
1267 1377 1350 1409 circa
1374 1378 1546 1410 custodiam
1574 1379 1715 1421 templi⁶:
1735 1380 1759 1412 si
1777 1389 1851 1422 ergo
1873 1381 2000 1413 maioris

1050 1428 1169 1461 ordinis
1193 1433 1223 1461 et
1255 1429 1413 1471 dignitatis
1445 1434 1491 1463 est
1523 1440 1605 1463 nunc
1630 1433 1857 1472 sacerdotium,
1882 1437 1912 1465 et
1937 1434 2002 1466 cul-

1050 1485 1100 1513 tus
1124 1481 1250 1514 divinus
1274 1486 1321 1514 est
1344 1483 1544 1524 ampliandus
1579 1488 1609 1516 et
1645 1485 1831 1526 ampliatus3
1856 1486 2000 1525 videtur,

1049 1534 1131 1575 quod
1158 1534 1208 1566 alii
1234 1535 1348 1567 debent
1372 1536 1411 1568 ad
1437 1536 1527 1575 haec,
1545 1541 1575 1568 et
1599 1537 1638 1569 ad
1664 1537 1717 1569 illa
1742 1538 1900 1580 deputari:
1926 1548 2001 1580 ergo

1049 1587 1192 1624 videtur,
1217 1589 1300 1629 quod
1326 1598 1398 1620 cum
1423 1589 1549 1621 ordines
1578 1598 1673 1631 penes
1704 1590 1804 1623 officia
1830 1592 1949 1623 maiora
1972 1596 2002 1624 et

1048 1641 1169 1672 minora
1194 1641 1446 1682 distinguantur,
1471 1642 1555 1683 quod
1580 1643 1706 1675 ordines
1735 1644 1869 1676 maiores
1893 1648 1923 1676 et
1948 1645 2001 1676 mi—

1048 1702 1140 1725 nores
1164 1702 1232 1725 esse
1258 1694 1381 1726 debent.

1136 1747 1165 1778 Ξ).
1191 1746 1283 1784 Item,
1308 1746 1389 1779 sicut
1413 1747 1547 1788 patebit,
1572 1756 1644 1779 cum
1663 1748 1700 1780 de
1718 1749 1917 1780 matrimonio
1934 1758 2002 1790 age-

1047 1800 1139 1838 tur⁷,
1164 1803 1194 1831 et
1218 1799 1353 1831 habetur
1376 1799 1575 1832 distinctione
1611 1801 1772 1842 trigesima
1800 1802 1938 1834 secunda
1971 1803 2001 1834 in

1047 1851 1203 1891 Decretis,
1227 1852 1324 1893 aliqui
1349 1856 1422 1884 sunt
1445 1853 1571 1885 ordines
1607 1854 1813 1895 impedientes
1845 1855 2002 1886 matrimo-

1047 1905 1145 1943 nium,
1169 1908 1200 1937 et
1223 1905 1320 1946 aliqui
1345 1915 1422 1937 non:
1449 1905 1472 1937 si
1499 1915 1573 1947 ergo
1597 1906 1627 1938 in
1664 1906 1718 1938 illo
1750 1907 1861 1939 ordine
1886 1917 2001 1949 corpus

1048 1957 1169 1988 Domini
1195 1961 1414 1996 consecratur,
1440 1957 1471 1990 in
1495 1968 1558 2000 quo
1583 1959 1676 1991 homo
1701 1959 1741 1991 ab
1765 1963 1837 1992 actu
1862 1959 2001 1992 libidinis

1039 2018 1102 2050 rper
1126 2010 1230 2041 omnia
1256 2014 1453 2048 removetur3
1478 2011 1621 2050 videtur,
1647 2012 1731 2053 quod
1748 2012 1846 2054 aliqui
1871 2013 1932 2045 sint
1956 2022 2003 2045 or-

1047 2063 1135 2095 dines
1160 2063 1258 2101 sacri‚
1284 2067 1314 2095 et
1337 2063 1433 2105 aliqui
1458 2060 1529 2095 non.

1136 2116 1164 2148 3.
1180 2116 1269 2154 Item,
1287 2117 1371 2158 quod
1391 2117 1431 2148 ita
1449 2117 1562 2149 debeat
1574 2117 1584 2133 ⁸
1600 2126 1679 2155 esse,
1696 2118 1866 2159 probatur:
1885 2119 2001 2160 primo,

1047 2169 1120 2210 quia
1151 2169 1228 2200 ordo
1264 2173 1310 2201 est
1346 2169 1581 2201 Sacramentum
1616 2171 1845 2212 perfectorum3
1871 2173 1924 2204 sed
1961 2172 2001 2204 ad

1046 2225 1162 2254 statum
1187 2222 1385 2263 perfectionis
1410 2232 1470 2254 non
1496 2223 1598 2254 statim
1624 2224 1822 2262 ascenditur,
1848 2225 1902 2256 sed
1928 2234 2001 2266 pau-

1047 2274 1140 2306 lative
1165 2275 1366 2315 pervenitur:
1384 2284 1459 2316 ergo
1484 2275 1507 2307 si
1534 2285 1621 2308 sacer
1646 2277 1724 2308 ordo
1742 2277 1871 2308 collocat
1896 2277 2000 2318 aliquo

1048 2327 1140 2359 modo
1164 2327 1194 2358 in
1231 2331 1313 2359 statu
1348 2328 1565 2369 perfectionis,
1592 2329 1734 2367 videtur,
1760 2329 1844 2370 quod
1877 2329 2000 2371 aliquos

1046 2379 1173 2411 ordines
1198 2379 1360 2412 inferiores
1385 2380 1502 2412 habere
1527 2380 1656 2419 debeat,
1681 2390 1741 2413 non
1767 2390 1882 2413 sacros.

1136 2433 1167 2464 [ι.
1192 2433 1285 2472 Item,
1310 2433 1456 2465 videmus
1481 2434 1510 2465 in
1536 2434 1624 2466 curia
1649 2435 1731 2476 regis
1755 2435 1890 2473 terreni,
1914 2435 1999 2476 quod

1046 2485 1085 2516 ad
1110 2485 1186 2523 hoc,
1211 2486 1295 2526 quod
1320 2486 1359 2517 sit
1383 2486 1575 2518 sufficienter
1604 2487 1765 2525 ordinata,
1790 2487 1923 2519 ministri
1950 2497 2001 2519 su-

1046 2537 1185 2578 periores
1210 2538 1350 2579 indigent
1374 2539 1593 2577 inferioribus,
1618 2540 1670 2581 qui
1696 2540 1846 2571 obediunt
1874 2544 1904 2572 et
1928 2541 2000 2573 sub-

1047 2590 1206 2628 serviunt,
1223 2594 1253 2622 et
1278 2592 1411 2623 maiores
1437 2592 1575 2632 indigent
1600 2592 1787 2624 minoribus:
1806 2602 1880 2634 ergo
1905 2593 1928 2625 si
1948 2594 1999 2625 do-

38 2763 102 2790 Ybb
122 2765 155 2795 (E
174 2773 186 2791 a
207 2766 319 2791 secunda
339 2767 435 2799 manu)
461 2766 572 2792 subinde
591 2771 650 2792 ante
673 2766 804 2793 descendit
823 2768 942 2792 omittunt
961 2769 985 2793 et

39 2807 127 2840 (codd.
143 2811 181 2835 lK
202 2810 320 2837 ascendit
338 2812 362 2836 et
375 2810 530 2842 descendit).
545 2812 592 2836 Pro
607 2810 701 2844 quibus
719 2811 861 2845 conferunt
874 2812 949 2836 codd.
963 2812 983 2836 G

38 2851 57 2875 N
68 2852 115 2876 ΡΥ
133 2852 227 2886 quibus
246 2853 393 2887 confertur.
415 2854 478 2879 Edd.
499 2855 600 2886 legunt:
621 2855 644 2880 ct
663 2854 791 2888 quoniam
809 2856 923 2888 potestas
942 2862 983 2880 su-

34 2893 147 2927 perioris
164 2896 225 2929 plus
243 2899 267 2923 ct
285 2897 375 2924 minus
395 2898 514 2924 truditur
532 2900 555 2924 et
578 2898 722 2930 descendit,
751 2899 861 2924 subinde
886 2899 982 2924 omisso

37 2941 176 2972 praesunt,
198 2940 292 2974 quibus
311 2941 458 2975 conferunt.

107 2984 115 3000 ¹
137 2985 220 3010 Primo
239 2987 295 3011 loco
314 2986 393 3018 (Gen.
421 2986 467 3017 27,
495 2986 518 3011 4.
539 2989 563 3012 et
583 2987 642 3019 27.)
668 2988 753 3017 agitur
779 2987 810 3012 de
830 2987 911 3019 isaac7
938 2988 982 3019 qui

39 3026 88 3052 filio
107 3035 153 3054 suo
172 3030 246 3055 lacob
271 3030 412 3062 benedicit;
439 3031 553 3055 secundo
579 3031 634 3056 loco
661 3030 740 3061 (Gen.
767 3031 813 3061 48,
841 3031 881 3056 113.
907 3038 980 3063 seqq.

39 3074 63 3096 et
82 3071 127 3103 49,
147 3074 187 3097 22.
207 3081 294 3106 seqq.;
313 3074 388 3099 codd.
409 3075 519 3106 allegant
538 3075 600 3099 Gen.
620 3074 728 3106 ultimo,
752 3074 796 3099 ubi
817 3078 900 3100 tamen
921 3075 982 3099 niliil

40 3117 162 3148 occurrit)
177 3121 300 3149 narratur,
316 3118 385 3150 quod
404 3118 477 3143 iacob
492 3120 604 3143 moriens
624 3119 680 3143 filiis
701 3119 790 3149 loseph
811 3126 917 3144 manum
937 3120 982 3143 ini-

40 3160 124 3188 posuit
141 3162 165 3184 et
184 3160 223 3185 bis
241 3161 446 3187 benedictionem
467 3162 544 3187 dedit.
560 3162 609 3186 Csr.
630 3162 704 3186 Num.
720 3162 761 3193 27,
782 3163 820 3187 18.
840 3166 864 3187 et
877 3163 924 3192 23,
939 3163 982 3187 ubi

43 3202 175 3235 «Moyses,
194 3211 273 3235 super
292 3209 369 3237 caput
389 3206 461 3230 losue
481 3212 586 3230 manum
608 3212 680 3230 suam
702 3206 851 3236 imponens,
872 3206 942 3231 dedit
961 3208 983 3231 ei

40 3246 154 3276 spiritum
173 3248 274 3273 virtutis
293 3252 318 3273 et
336 3249 445 3274 ducatus
464 3250 488 3273 in
509 3249 606 3280 populo
621 3249 695 3273 lsrael
707 3258 718 3271 i>
732 3269 736 3280 ,
752 3253 779 3273 ut
793 3250 826 3274 ait
840 3249 942 3281 Isidor.,
958 3251 982 3274 ll.

40 3287 72 3313 de
91 3288 161 3315 Offic.
182 3292 271 3317 eccles.
285 3299 306 3317 c.
322 3292 345 3316 5Δ
359 3299 383 3317 n.
403 3293 440 3323 to,
457 3294 500 3324 qui
521 3292 625 3317 adducit
644 3293 719 3317 etiam
740 3293 800 3317 Luc.
821 3293 868 3324 24,
891 3293 933 3318 50.
949 3307 984 3311 —

40 3331 97 3363 Seq.
112 3333 182 3358 locus
201 3337 238 3359 cst
256 3335 316 3360 Lev.
336 3336 365 3366 8,
388 3336 434 3367 12,
456 3336 501 3360 ubi
521 3337 634 3367 Moyses,
656 3336 740 3360 oleum
759 3336 891 3361 «fundens
905 3344 984 3368 super

39 3379 116 3405 caput
135 3377 230 3410 Aaron,
251 3380 321 3403 unxit
340 3386 400 3404 eum
420 3383 444 3404 et
463 3380 656 3404 consecravit».

1119 2768 1129 2783 ἵ
1149 2767 1214 2793 Vide
1233 2769 1347 2793 scholion
1368 2768 1401 2793 ad
1422 2769 1443 2792 sl.
1465 2769 1542 2793 huius
1561 2770 1660 2794 articuli
1681 2772 1778 2801 quaest.

1118 2811 1129 2827 ³
1150 2812 1214 2836 Vide
1234 2813 1274 2836 liic
1293 2812 1326 2836 lit.
1347 2812 1473 2844 Magistri,
1494 2819 1515 2837 c.
1537 2813 1583 2844 13,
1606 2816 1631 2837 et
1659 2813 1690 2838 de
1718 2820 1771 2846 seq.
1792 2821 1896 2845 propos.
1920 2822 1998 2846 supra

1049 2855 1074 2880 d.
1096 2856 1111 2880 l.
1132 2863 1153 2881 c.
1175 2857 1198 2880 2.

1118 2898 1128 2914 ⁴
1148 2899 1209 2924 Edd.
1231 2906 1290 2924 cum
1311 2900 1407 2931 aliquot
1426 2900 1501 2924 codd.
1517 2901 1636 2925 omittunt
1649 2907 1712 2934 erqo
1726 2900 1834 2934 [plures
1847 2902 1922 2927 codd.
1936 2902 1996 2934 sed]

1047 2943 1071 2968 sl
1088 2943 1116 2968 in
1139 2943 1287 2969 minoribns
1312 2943 1483 2969 niinz'stratm·
1508 2943 1580 2969 circa
1605 2944 1707 2976 ellare,
1735 2952 1782 2976 pro
1809 2953 1862 2977 quo
1887 2946 1946 2971 odd.
1973 2947 1997 2970 in

1047 2987 1146 3013 viatori
1164 2992 1222 3018 post
1241 2987 1380 3013 ordinibus
1399 2988 1497 3012 addunt
1515 2987 1561 3013 sic.

1117 3032 1127 3048 ⁵
1146 3032 1178 3056 Ut
1196 3033 1307 3056 insinuat
1327 3032 1459 3063 Magister,
1480 3032 1520 3056 liic
1541 3033 1565 3056 in
1586 3032 1619 3057 lit.
1640 3040 1662 3057 c.
1684 3034 1724 3058 t‘2.

1118 3076 1129 3092 ⁶
1147 3075 1196 3101 Cir.
1208 3083 1285 3107 supra
1299 3083 1357 3107 pag.
1369 3075 1428 3106 504,
1445 3078 1501 3100 nota
1515 3075 1693 3101 4.-1nserius
1707 3084 1754 3107 pro
1768 3078 1792 3102 et
1804 3076 1840 3102 ad
1849 3077 1896 3103 illa
1907 3077 1963 3103 cod.
1975 3078 1997 3103 K

1046 3120 1090 3151 (la
1110 3120 1222 3144 secunda
1244 3120 1334 3151 manu)
1355 3126 1435 3152 quam
1454 3119 1490 3144 ad
1508 3119 1569 3151 illa,
1592 3120 1651 3145 edd.
1671 3120 1720 3145 alet
1737 3120 1772 3146 ud
1790 3120 1846 3146 illa.

1117 3163 1127 3179 ⁷
1147 3164 1210 3188 Infra
1232 3163 1257 3188 d.
1280 3163 1325 3194 37,
1347 3163 1390 3188 ubi
1411 3167 1460 3188 tam
1481 3164 1505 3187 in
1527 3164 1560 3188 lit.
1581 3164 1692 3195 Magistri
1710 3172 1789 3197 quam
1809 3166 1832 3189 in
1854 3165 1996 3192 Comment.

1047 3215 1068 3232 a.
1095 3208 1113 3231 1.
1134 3215 1157 3239 q.
1183 3207 1202 3231 l.
1223 3214 1290 3238 seq,
1317 3214 1346 3231 cx
1366 3207 1476 3231 Gratiani
1504 3207 1527 3231 d.
1548 3208 1588 3232 32.
1615 3211 1639 3233 et
1659 3209 1714 3233 aliis
1733 3208 1792 3234 dist.
1818 3209 1919 3234 decreta
1940 3210 1999 3235 alle-

1048 3253 1148 3281 gantur.

1118 3293 1128 3309 3
1148 3294 1267 3317 Permulti
1287 3293 1363 3318 codd.
1386 3293 1470 3327 etred.
1495 3295 1500 3318 t
1527 3301 1663 3326 perperam
1689 3302 1743 3321 non
1767 3295 1864 3322 debeat.
1885 3311 1919 3314 —
1939 3297 1999 3322 Gre-

1048 3344 1112 3368 gor.,
1134 3337 1157 3361 ΙΙ.
1179 3337 1270 3361 Homil.
1292 3338 1315 3361 in
1336 3337 1423 3362 Ezcch.
1445 3339 1533 3363 homil.
1556 3345 1580 3364 n.
1603 3339 1631 3364 3:
1651 3339 1731 3365 Nemo
1756 3341 1824 3365 enim
1846 3344 1951 3373 repente
1970 3341 1999 3367 fit

1048 3387 1174 3405 summus.
