2483 3882
0 1275 26 1297 si-

700 252 794 283 DlST.
818 251 957 285 XXXVII.
982 251 1064 284 ART.
1088 251 1120 283 11.
1146 251 1299 293 QUAEST.
1323 252 1343 284 Ι.

1949 254 2013 285 807

859 406 1124 445 ARTICULUS
1153 407 1195 444 11.

895 499 941 531 De
963 499 1163 532 axoricidio.

130 609 363 651 Consequenter
379 611 533 651 quantum
558 608 598 641 ad
621 609 796 641 secundum
821 609 992 642 articulum

43 662 207 706 quaeritur
224 662 263 695 de
279 661 466 694 uxoricidio.
485 661 519 693 Et
535 661 618 694 circa
635 661 694 694 hoc
711 661 771 693 tria
783 665 992 703 quaeruntur.

130 714 232 747 Primo
257 714 431 757 quaeritur,
456 717 565 746 utrum
591 722 726 746 uxorem
751 714 929 746 adulteram
946 723 994 747 oc-

42 768 145 802 cidere
168 767 208 800 sit
232 767 361 810 licitum.

1145 611 1302 650 Secundo,
1319 611 1405 653 quod
1422 611 1461 644 sit
1485 612 1613 653 gravius
1629 614 1811 654 peccatum,
1835 614 1946 644 utrum
1963 620 2011 644 oc-

1058 662 1163 695 cidere
1186 672 1336 702 uxorem,
1360 673 1400 696 an
1424 667 1567 697 matrem.

1148 716 1267 756 Το1110,
1292 720 1401 749 utrum
1425 717 1484 750 hoc
1509 721 1672 760 peccatum
1697 718 1881 760 simpliciter
1916 718 2014 760 impe-

1058 767 1123 799 diat
1145 768 1390 801 matrimonium.

912 892 1056 933 QUAEST
1059 892 1097 924 10
1121 892 1141 924 1.

613 990 730 1022 Utrum
755 989 851 1021 liceat
873 999 1013 1021 uxorem
1036 990 1225 1022 adulteram
1251 990 1441 1033 interlicere.

127 1103 216 1136 Circa
232 1103 369 1145 primum
388 1102 571 1144 proceditur
589 1101 633 1134 510
656 1104 687 1134 01
703 1101 891 1141 ostenditur,
908 1101 993 1142 quod

39 1157 157 1190 licitum
183 1156 222 1189 sit
246 1164 380 1188 uxorem
405 1155 583 1187 adulteram
608 1154 801 1187 interficere:

130 1211 157 1241 1.
172 1209 274 1241 Primo
290 1217 347 1250 per
363 1211 487 1241 textum
501 1217 609 1241 sacrae
622 1208 817 1249 scripturae,
836 1207 934 1239 Exodi
952 1207 994 1239 vi-

40 1262 158 1305 gesimo
190 1261 367 1294 secundo¹z
400 1260 564 1303 Maleficos
595 1270 661 1292 non
688 1260 831 1302 patieris
861 1260 993 1298 viocrc;

40 1316 125 1349 istud
149 1319 196 1347 est
228 1314 356 1353 morale,
381 1323 457 1356 ergo
480 1314 586 1346 adhuc
612 1317 726 1345 manet.
751 1313 790 1345 St·
820 1317 855 1344 ta
879 1312 992 1350 dicas,

38 1368 123 1401 istud
146 1367 243 1399 fuisse
267 1366 431 1405 iudiciale,
456 1370 487 1399 et
517 1366 591 1398 talia
616 1369 767 1398 evacuata
799 1369 893 1403 sunt3
924 1375 995 1397 con-

39 1426 112 1454 tra:
137 1421 220 1453 istud
246 1424 293 1452 est
317 1420 348 1451 in
373 1420 441 1461 lege
464 1419 604 1451 humana
615 1419 636 1457 ²,
666 1418 748 1460 quod
778 1418 924 1450 adultera
948 1421 994 1451 est

39 1473 256 1507 interficienda
279 1476 310 1505 et
333 1472 477 1510 adulter3
502 1471 557 1504 sed
582 1471 660 1503 tales
685 1471 769 1512 leges
793 1470 947 1512 approbat
964 1474 994 1502 et

37 1527 171 1560 sustinet
195 1526 345 1559 Ecclesia:
372 1525 396 1558 si
421 1534 496 1566 ergo
522 1524 657 1557 Ecclesia
681 1533 742 1556 000
767 1523 860 1556 debet
883 1533 994 1565 appro-

39 1581 114 1613 bare
139 1580 197 1612 nisi
223 1579 361 1616 licitum;
390 1578 535 1615 videtur,
560 1577 644 1619 quod
663 1577 730 1609 viro
755 1585 889 1609 uxorem
907 1576 994 1609 adul-

37 1636 191 1667 terantem
216 1631 392 1664 interficere
417 1632 457 1663 sit
481 1630 611 1662 licitum.

127 1688 156 1719 a.
175 1686 250 1718 Item
267 1686 327 1718 hoc
343 1684 498 1727 probatur
521 1692 578 1725 per
599 1692 768 1722 canonem,
786 1683 887 1715 Causa
905 1683 996 1725 trige-

38 1740 116 1772 sima
132 1738 233 1776 tertia,
251 1737 433 1779 quaestione
457 1736 596 1768 secunda
610 1735 638 1767 3;
662 1748 676 1764 «
693 1735 909 1767 Interfectores
926 1744 994 1767 sua-

39 1802 110 1825 rum
129 1792 298 1832 coniugum
317 1790 383 1822 siue
400 1789 518 1822 iudicio
529 1814 536 1827 ,
553 1797 625 1820 cuni
643 1797 705 1820 000
722 1788 812 1820 addis
829 1787 995 1819 adultera-

39 1854 136 1883 rum,
161 1844 239 1886 quid
262 1843 349 1875 aliud
373 1845 447 1875 sunt
478 1851 573 1883 quam
598 1841 775 1873 homicidae
791 1843 832 1872 n?
857 1841 936 1882 Ergo
969 1841 994 1873 si

38 1898 166 1930 additur
190 1896 444 1933 adulterarum,
469 1904 530 1927 000
548 1894 696 1927 videntur
720 1902 789 1926 esse
806 1893 992 1925 homicidae.

126 1950 155 1982 3.
180 1950 274 1988 Item³
300 1949 359 1981 viri
385 1952 432 1980 est
455 1956 591 1980 uxorem
616 1956 705 1980 suam
738 1946 896 1988 corrigere
910 1946 932 1985 ⁴,
964 1949 995 1978 et

37 2002 210 2035 secundum
236 2002 321 2043 quod
346 2000 474 2043 gravius
498 2003 623 2042 peccat,
648 2001 777 2042 gravius
806 1999 900 2032 debet
924 2008 993 2032 eam

37 2055 168 2097 punire:
193 2055 218 2087 si
243 2064 317 2096 ergo
342 2054 468 2093 mulier,
493 2062 574 2095 quae
598 2052 808 2092 adulteratur,
833 2052 927 2094 digna
948 2056 994 2085 est

37 2112 157 2146 morte;
181 2108 206 2140 si
223 2107 272 2139 vir
295 2116 365 2139 eam
383 2106 518 2145 occidat,
542 2115 604 2138 non
621 2106 758 2144 videtur,
783 2105 868 2147 quod
892 2106 995 2138 incur-

35 2164 84 2193 rat
106 2160 244 2202 aliquam
269 2160 430 2192 offensam.

127 2214 270 2246 CONTRA:
293 2215 318 2245 1.
333 2213 455 2245 loannis
471 2215 581 2245 octavo
595 2212 619 2244 ⁵:
641 2212 706 2253 Qui
715 2212 785 2244 sine
800 2216 932 2253 peccato
949 2215 995 2243 cst

25 2270 183 2299 vestrum
196 2266 331 2308 primus
345 2266 379 2298 in
403 2275 474 2298 cam
490 2265 632 2307 lapidem
649 2265 776 2297 omittat:
794 2265 895 2296 noluit
919 2273 994 2305 ergo

41 2319 202 2358 Dominus,
215 2319 299 2361 quod
313 2318 428 2360 aliquis
441 2318 598 2350 occideret
612 2318 779 2350 mullerem
793 2318 823 2349 in
837 2316 994 2349 adulterio

42 2372 289 2414 deprehensam,
313 2372 372 2404 nisi
397 2371 528 2404 haberet
552 2371 775 2404 conscientiam
799 2370 953 2402 mundam
977 2379 995 2401 a

40 2425 147 2467 culpa:
172 2434 247 2466 ergo
272 2434 332 2457 000
358 2425 495 2469 videtur,
520 2424 604 2466 quod
629 2424 688 2456 hoc
712 2423 806 2456 alicui
832 2423 932 2455 liceat.

125 2480 154 2511 ⁶2.
188 2479 280 2518 11010,
317 2487 416 2510 canon
452 2477 527 2510 dicit
551 2478 652 2510 Causa
688 2477 848 2518 trigesima
884 2476 993 2514 tertia,

39 2532 220 2574 quaestione
245 2531 381 2564 secunda
396 2531 416 2569 ⁶,
449 2531 537 2562 Inter
563 2529 641 2562 ltaec
672 2529 834 2562 sanctitas
862 2532 992 2566 vestra,

38 2589 69 2617 et
92 2585 186 2617 intra:
219 2585 362 2616 «Sancta
386 2584 443 2616 Dei
468 2583 604 2616 Ecclesia
628 2583 798 2615 mundanis
830 2590 993 2623 nunquam

40 2638 264 2679 constringitur
288 2637 428 2678 legibus,
451 2636 592 2678 gladium
618 2645 680 2668 000
705 2635 800 2667 hahet
824 2635 882 2667 nisi
908 2635 996 2676 spiri-

38 2690 154 2723 tualem
172 2702 205 2722 »:
231 2699 306 2731 ergo
331 2692 387 2722 010.

127 2742 155 2774 3.
181 2743 255 2775 ltem
268 2768 275 2781 ‚
299 2742 430 2774 ratione
446 2742 586 2774 videtur:
612 2741 686 2783 quia
703 2744 856 2782 quantum
874 2740 914 2772 ad
931 2740 994 2772 cul-

39 2804 112 2837 pam
143 2795 355 2828 fornicationis
381 2795 562 2827 iudicantur
594 2803 705 2836 pares;
729 2794 784 2826 sed
816 2793 894 2826 nulli
928 2803 994 2825 mu-

39 2848 107 2880 lieri
130 2848 202 2881 licet
225 2848 368 2881 occidere
393 2848 499 2881 virum
524 2847 728 2880 adulterum:
753 2856 829 2888 ergo
860 2855 918 2879 nec
941 2846 994 2878 ali-

40 2901 89 2933 cui
115 2902 182 2933 viro
206 2902 383 2934 adulteram
408 2901 584 2934 1001101010.

1413 1112 1652 1136 CONCLUSIO.

1087 1207 1228 1239 Uxorem
1249 1208 1427 1249 propriam
1451 1209 1639 1241 adulteram
1663 1219 1728 1241 non
1753 1210 1823 1242 lt‘ccl
1847 1211 1992 1243 occz'clcrc

1174 1261 1355 1293 secandam
1381 1261 1434 1293 ias
1458 1262 1609 1294 (livinum
1633 1267 1663 1294 cl
1689 1264 1896 1296 canonicam.

1148 1368 1343 1400 RESPONDEo:
1362 1368 1551 1407 Dicendum,
1569 1369 1654 1411 quod
1671 1369 1850 1402 interfector
1868 1370 2013 1412 propriae
2027 1375 2147 1397 Conclusio·

1059 1420 1215 1461 coniugis,
1241 1421 1265 1452 si
1283 1430 1324 1453 ex
1349 1425 1434 1453 certa
1451 1421 1579 1454 scientia
1601 1422 1688 1461 facit,
1707 1427 1827 1464 peccat,
1848 1427 2014 1465 qnantum-

1059 1481 1197 1514 cumque
1215 1472 1268 1504 illa
1285 1473 1323 1505 sit
1340 1473 1494 1505 adultera.
1508 1493 1551 1496 -
1565 1474 1672 1506 Peccat
1688 1478 1793 1506 autem
1811 1484 1872 1506 non
1890 1479 2012 1507 tantum
2029 1481 2145 1517 Ratio-du-

1058 1528 1168 1557 contra
1194 1535 1355 1563 canones,
1381 1526 1546 1558 sedetiam
1571 1527 1749 1558 contraius
1774 1527 1881 1559 ciuile.-
1906 1532 2015 1560 contra
2055 1509 2111 1535 pm.

1059 1578 1112 1609 ‘las
1138 1578 1250 1616 cz'vt'le,
1283 1579 1357 1620 quia
1381 1587 1450 1610 eam
1485 1579 1648 1617 interficit,
1680 1580 1904 1621 praetermiSso
1936 1580 2015 1612 iuris

1058 1630 1186 1668 ordine,
1211 1631 1271 1663 nisi
1292 1631 1372 1663 forte
1397 1631 1428 1662 10
1445 1635 1518 1663 actu
1542 1631 1625 1663 malo
1642 1640 1712 1664 eam
1736 1632 1889 1672 inveniat,
1905 1633 1936 1665 in
1953 1642 2017 1675 quo

1059 1692 1135 1715 casu
1158 1683 1243 1724 leges
1267 1684 1425 1715 humanae
1442 1684 1627 1716 concedunt.
1644 1703 1687 1707 —
1704 1684 1764 1716 Sed
1781 1688 1889 1717 contra
1905 1685 1955 1717 ius
1972 1685 2018 1717 cli-

1058 1735 1174 1767 vinam
1199 1740 1229 1768 et
1253 1736 1452 1768 canonicum
1475 1740 1584 1778 peccat
1607 1737 1639 1768 in
1664 1737 1731 1778 ipso
1754 1738 1844 1776 sacto,
1867 1738 2016 1779 quoniam

1058 1798 1123 1820 non
1147 1789 1240 1822 dehet
1273 1790 1372 1831 ipsam
1404 1790 1583 1822 adulteram
1615 1790 1810 1830 interficere,
1835 1791 1890 1823 sed
1923 1791 2017 1823 corri-

1059 1850 1151 1882 gere,
1169 1850 1240 1873 cum
1266 1841 1351 1874 Deus
1368 1842 1522 1883 peccatori
1542 1846 1672 1884 paratus
1690 1842 1729 1875 sit
1744 1852 1875 1884 parcere
1900 1843 1930 1874 10
1949 1843 2016 1885 lege

1059 1894 1195 1935 gratiae,
1221 1894 1302 1927 sicut
1326 1895 1357 1926 in
1383 1895 1530 1936 exemplo
1553 1899 1639 1936 patet
1672 1895 1813 1928 mulieris
1841 1895 2016 1935 adulterae,

1059 1947 1181 1980 loannis
1194 1951 1303 1980 octavo
1315 1948 1336 1979 ⁷.
1354 1948 1389 1980 Et
1406 1948 1555 1989 quoniam
1568 1948 1768 1981 matrimonia
1782 1952 1812 1981 et
1825 1958 1938 1981 causae
1955 1958 2017 1981 ma-

1060 2000 1254 2033 trimoniales
1271 2001 1399 2033 tractari
1417 2001 1532 2034 debent
1550 2001 1617 2043 lege
1631 2001 1711 2043 poli,
1725 2006 1755 2034 et
1771 2011 1832 2034 000
1847 2002 1914 2044 lege
1926 2001 2016 2045 for&

1060 2054 1130 2086 ideo
1154 2063 1214 2086 non
1241 2054 1311 2087 licet
1336 2055 1395 2086 hoc
1419 2054 1538 2094 facere,
1563 2055 1648 2096 quod
1672 2056 1721 2087 105
1744 2055 1837 2087 civile
1853 2056 1949 2088 dictat
1973 2075 2017 2079 —-

1059 2107 1205 2149 quamvis
1225 2107 1358 2140 Ecclesia
1374 2107 1536 2140 3115110001
1552 2108 1593 2140 ad
1618 2112 1773 2141 terrorem
1798 2109 1956 2141 malorum
1973 2127 2015 2133 —

1060 2160 1115 2193 sed
1125 2161 1210 2202 quod
1224 2160 1342 2193 iudicat
1353 2165 1472 2193 sancta
1485 2160 1639 2199 Ecclesia,
1649 2170 1784 2193 uxorem
1799 2162 1916 2194 scilicet
1928 2162 2016 2194 adul-

1059 2216 1159 2245 teram
1176 2222 1239 2245 000
1263 2222 1331 2245 0550
1348 2214 1550 2246 occidendam
1562 2239 1569 2253 ,
1587 2214 1643 2246 sed
1660 2214 1764 2255 potius
1785 2215 2013 2247 dimittendam.

1151 2267 1178 2297 1.
1203 2266 1244 2298 Ad
1271 2266 1351 2298 illud
1368 2266 1453 2308 quod
1477 2266 1624 2298 obiicitur
1648 2267 1687 2299 de
1705 2267 1799 2308 Lege,
1825 2267 2013 2306 dicendum,
2043 2274 2174 2304 summop-

1060 2318 1143 2360 quod
1170 2318 1248 2351 illud
1273 2323 1341 2351 erat
1358 2318 1529 2357 iudiciale,
1554 2323 1585 2351 et
1601 2319 1760 2351 iudicialia
1784 2329 1844 2351 non
1869 2323 2013 2358 manent,
2030 2303 2154 2327 mmmm

1060 2371 1133 2412 quia
1157 2371 1211 2402 illa
1234 2371 1294 2403 fuit
1318 2370 1370 2402 lex
1400 2371 1530 2412 rigoris,
1562 2371 1639 2403 haec
1663 2375 1769 2403 autem
1801 2376 1847 2404 est
1871 2380 2014 2404 mansue-

1060 2423 1186 2456 tudinis.
1201 2442 1244 2446 —-
1260 2423 1304 2455 Ad
1330 2423 1409 2455 illud
1435 2424 1519 2465 quod
1537 2423 1683 2455 obiicitur
1708 2424 1746 2456 de
1765 2424 1831 2465 lege
1856 2424 1953 2463 civili,
1972 2424 2014 2456 di-

1059 2476 1213 2515 cendum,
1248 2476 1332 2517 quod
1370 2476 1525 2518 quaedam
1557 2481 1630 2508 sunt
1666 2477 1726 2515 ihi,
1762 2486 1842 2518 quae
1880 2477 2014 2510 Ecclesia
2029 2484 2165 2520 0111800-

1059 2528 1241 2571 approbat,
1279 2529 1453 2570 quaedam,
1489 2538 1569 2571 quae
1596 2529 1752 2567 sustinet,
1782 2534 1812 2562 et
1836 2530 2012 2571 quaedam,
2068 2512 2112 2532 '¹¹¹‘

1059 2591 1140 2624 quae
1164 2586 1305 2614 revocat.
1332 2582 1366 2614 Et
1389 2582 1448 2614 hoc
1473 2582 1625 2615 iudicium
1652 2582 1690 2614 de
1714 2582 1867 2615 occisione
1883 2582 2013 2615 fornica-

1059 2636 1123 2667 riae
1148 2635 1213 2667 sive
1245 2635 1409 2667 adulterae
1440 2638 1495 2666 aut
1518 2635 1656 2667 cttslinct
1684 2635 1723 2667 ad
1755 2635 1890 2667 aliorum
1918 2639 2013 2668 terro-

1058 2697 1144 2727 rem,
1169 2692 1224 2720 001
1247 2688 1340 2720 etiam
1366 2692 1545 2726 retractat,
1570 2697 1641 2720 cum
1668 2688 1812 2730 prohihet
1842 2688 1872 2720 in
1905 2698 2013 2729 supra-

1059 2740 1141 2772 dicto
1157 2740 1167 2755 ⁸
1185 2749 1317 2779 canone,
1342 2741 1429 2772 nullo
1447 2740 1563 2773 iudicio
1581 2740 1829 2773 interficiendam
1851 2749 1919 2773 esse
1936 2750 2014 2773 uxo-

1059 2802 1139 2832 rem,
1166 2796 1459 2835 quantumcumque
1484 2793 1513 2825 in
1539 2793 1669 2825 crimine
1694 2793 1934 2834 deprehensam.

1147 2848 1176 2878 Ξ).
1201 2846 1245 2878 Ad
1270 2846 1350 2878 illud
1379 2847 1463 2888 quod
1488 2846 1634 2878 obiicitur
1656 2846 1694 2878 de
1726 2846 1780 2878 1110
1809 2855 1943 2879 canone:
1969 2846 2013 2878 In-

1058 2899 1240 2931 terfectores
1275 2908 1407 2931 suarum
1433 2902 1508 2938 etc.;
1532 2899 1719 2937 dicendum,
1745 2899 1829 2940 quod
1865 2899 1945 2931 illud
1970 2899 2013 2932 di-

110 3043 117 3059 ¹
140 3044 211 3069 Vers.
233 3045 273 3069 118.

110 3087 121 3103 2
141 3088 283 3120 Iustinian.⁷
304 3088 333 3114 D.
356 3088 462 3113 XLVlll.
482 3088 516 3113 dc
534 3088 672 3113 Adnltcriis
692 3087 842 3112 coercendis
861 3086 907 3119 (tit.
924 3086 990 3119 ta),

41 3130 81 3156 lex
99 3131 175 3157 Pati-z·
192 3131 273 3157 datar
292 3131 366 3164 (20),
386 3135 410 3157 ct
430 3131 456 3157 C.
477 3131 519 3156 IX.
539 3131 573 3156 ad
592 3131 688 3162 Legem
708 3131 797 3155 Iuliam
816 3133 863 3155 etc.
875 3129 924 3162 (tit.
943 3131 991 3163 9.),

41 3174 79 3199 lex
99 3174 237 3202 Gracchus
258 3175 312 3208 (t.).

110 3219 121 3235 ³
138 3218 198 3244 Can.
219 3219 244 3244 5.
267 3220 362 3245 'l‘extus
382 3220 526 3251 originalis,
548 3225 626 3250 quem
653 3221 798 3250 sequuntur
823 3217 897 3250 cdd.⁷
918 3218 991 3249 plura

40 3262 179 3295 interserit;
200 3264 244 3288 cfr.
265 3264 306 3289 1110
325 3264 358 3289 lit.
379 3264 506 3295 Magistri,
526 3270 548 3288 c.
569 3264 592 3287 2.

110 3306 121 3323 ⁴¹
139 3306 189 3332 etr.
209 3314 287 3339 supra
308 3307 332 3332 d.
354 3307 395 3332 35.
416 3314 440 3339 q.
460 3308 483 3331 2.
505 3308 528 3331 in
550 3313 623 3338 corp.

111 3350 122 3366 ⁵
139 3351 213 3376 Vers.
232 3351 256 3376 7.

111 3394 122 3411 ⁶
141 3394 202 3420 Can.
221 3395 245 3420 6.

1128 3043 1139 3059 7
1159 3043 1232 3068 Vcrs.
1246 3043 1270 3067 7.
1285 3050 1357 3075 seqq.
1369 3057 1402 3060 —
1414 3043 1538 3073 Superius
1553 3048 1600 3073 pro
1613 3042 1751 3074 peccalum
1764 3048 1794 3066 ox
1808 3041 1884 3066 codd.
1899 3042 1920 3066 M
1933 3041 1952 3066 O
1963 3042 1980 3066 S
1990 3042 2011 3066 U

1058 3086 1239 3112 substituimus
1261 3085 1403 3118 peccatori.
1418 3085 1582 3110 —Nicolaus
1609 3085 1645 3110 lll.
1666 3086 1691 3109 in
1716 3084 1743 3110 C.
1764 3084 1840 3110 Exta
1863 3084 1910 3118 qui
1934 3084 2011 3110 semi-

1056 3133 1104 3157 nat
1119 3131 1173 3164 (3.>‚
1189 3131 1220 3156 de
1235 3131 1382 3156 Verborum
1396 3130 1533 3161 significat.
1549 3129 1602 3160 (lib.
1619 3129 1648 3154 V.
1662 3130 1698 3155 tit.
1717 3130 1765 3161 12.)
1780 3131 1804 3154 10
1827 3130 1872 3160 vt,
1894 3131 1918 3154 in
1932 3130 2012 3161 expli<

1057 3175 1138 3200 canda
1157 3175 1255 3206 Regula
1274 3175 1391 3199 Fratrtun
1412 3174 1538 3198 minorum
1558 3174 1608 3199 ait:
1629 3174 1699 3199 Sicut
1719 3180 1765 3198 000
1785 3174 1887 3204 ceteris,
1908 3174 1944 3199 sic
1964 3181 2011 3199 nec

1058 3220 1119 3250 ipsis
1133 3219 1254 3243 frutribus
1273 3217 1332 3243 iure
1348 3217 1406 3250 poli
1424 3216 1454 3250 [i.
1470 3225 1492 3242 e.
1512 3218 1568 3243 iure
1587 3217 1709 3251 naturali]
1730 3219 1754 3242 in
1773 3221 1903 3243 extremae
1923 3225 2012 3243 neces-

1055 3264 1135 3288 sitatis
1154 3263 1261 3288 articulo
1280 3262 1313 3287 ad
1333 3262 1526 3293 providendum
1546 3263 1723 3296 sustentationi
1743 3266 1849 3287 naturae
1868 3262 1910 3287 via
1930 3263 2010 3287 omni-

1056 3307 1106 3332 bus
1125 3310 1236 3331 extrema
1258 3307 1407 3331 necessitate
1427 3305 1535 3331 detentis
1554 3312 1676 3331 concessa
1695 3305 1872 3337 praecluditur
1891 3309 1938 3331 etc.

1127 3349 1138 3365 ²³
1157 3350 1180 3374 ln
1202 3349 1316 3374 tundam.
1332 3350 1355 3374 2.
1375 3348 1425 3374 Csr.
1446 3349 1487 3374 hic
1506 3349 1540 3374 111.
1554 3349 1682 3381 Magistri,
1704 3356 1726 3375 0.
1747 3350 1772 3374 ⁶2.
1788 3363 1823 3368 —
1837 3349 1943 3375 10101105
1962 3356 2010 3381 pro

1056 3393 1152 3420 iudicio
1172 3393 1231 3418 cdd.
1252 3400 1311 3418 cum
1332 3393 1428 3425 aliquot
1448 3393 1523 3419 codd.
1543 3392 1631 3419 modo.
