2483 3882
660 248 754 280 DIST.
779 248 875 280 XLIV.
901 248 930 280 P.
954 248 987 280 ΙΙ.
1012 249 1094 280 ART.
1118 248 1163 280 111.
1189 249 1341 290 QUAEST.
1367 249 1399 280 11.
1950 250 2009 283 931

885 420 1179 461 SOHOLION.

117 551 134 575 l.
154 549 269 580 Constat,
285 548 466 573 damnatorum
481 554 590 579 corpora
604 549 664 579 igne
677 548 792 574 infernali
807 556 862 574 0550
877 556 995 581 passura,

46 601 96 621 non
116 596 200 619 tamen
227 591 413 618 consumenda.
435 591 510 623 Quod
535 595 563 617 ut
587 592 727 624 explicent,
750 593 864 618 nonnulli
889 596 998 624 putave-

46 640 117 670 runt,
136 643 245 668 corpora
265 636 447 661 damnatorum
468 642 518 660 non
538 636 590 667 pati
610 635 643 660 ab
672 637 731 667 igne
756 637 919 662 materialiter
942 637 997 661 sive

46 688 129 714 poena
148 680 255 712 physica
275 686 304 705 ae
323 679 398 710 reali,
425 679 472 704 sed
497 678 678 704 damnatorum
698 686 810 710 poenam
836 687 892 705 esse
912 681 997 711 potius

45 723 242 752 intentionalem
266 730 311 748 seu
337 722 474 747 animalem
496 722 528 752 (i.
548 730 570 748 e.
596 723 740 748 secundum
766 724 879 748 animani
898 724 998 749 sensiti-

45 769 127 800 vam).
148 768 205 799 lpse
233 767 258 792 S.
279 767 372 791 Thom.
393 767 453 791 huic
473 767 587 798 opinioni
607 767 727 798 primitus
752 767 879 798 adhaesit,
899 768 952 792 scil.
972 768 997 792 in

45 812 188 839 comment.
210 810 269 843 (1110
288 817 313 842 q.
328 810 351 835 3.
372 817 395 835 a.
412 810 436 835 ri.
458 810 618 842 quaestiunc.
634 811 657 835 2.
679 810 706 841 3;
726 810 818 841 Suppl.
834 818 858 843 q.
880 811 922 836 86.
935 818 958 835 a.
973 812 996 836 2.

45 856 95 889 3.);
115 855 183 881 unde
203 855 280 880 etiam
305 855 405 886 posuit,
430 863 441 876 :t
455 854 547 879 eadem
568 854 699 886 (corpora)
719 861 775 879 esse
795 855 997 886 incorruptibilia

42 907 91 934 per
108 900 252 930 naturam,
274 905 324 923 non
344 897 415 930 quod
441 899 473 923 sit
491 898 597 930 aliquod
622 898 822 929 incorruptionis
841 899 997 930 principium

44 946 69 970 in
88 943 242 976 corporibus
261 943 457 974 damnatorum,
479 942 524 966 sed
545 949 591 973 per
611 942 740 967 defectum
754 943 873 973 principii
893 949 997 967 moven-

43 991 75 1015 tis
93 988 126 1014 ad
145 988 339 1019 corruptionem
352 995 363 1009 »
389 986 566 1018 (quaestiunc.
593 987 616 1011 2.
637 986 669 1011 ad
690 986 738 1018 2.),
760 987 820 1018 quia
844 987 896 1012 scil.
920 995 932 1010 ‹ae
946 994 998 1012 ces-

44 1035 114 1059 sante
133 1034 205 1057 motu
225 1031 300 1062 caeli,
321 1030 389 1056 nulla
416 1030 524 1062 qualitas
543 1030 590 1055 erit
609 1030 753 1061 sufficiens,
780 1032 808 1054 ut
832 1037 927 1061 corpus
952 1031 997 1055 hu-

43 1083 149 1104 manum
168 1076 276 1102 alterare
290 1075 369 1107 possit
383 1081 398 1099 a
411 1081 457 1099 sua
478 1074 585 1099 naturali
600 1074 721 1105 qualitate
734 1083 745 1096 »
763 1073 842 1105 (ibid.
862 1074 887 1098 in
902 1074 995 1106 corp.).

45 1121 79 1147 De
98 1122 146 1146 hac
170 1118 274 1145 ratione
293 1118 407 1144 Durand.
433 1118 492 1150 (hic
512 1125 536 1150 q.
564 1117 605 1142 10.
632 1124 655 1142 n.
683 1118 736 1148 12.)
762 1118 827 1142 111101
846 1118 893 1142 alia
919 1117 996 1143 dicit:

48 1165 134 1191 «lllud
154 1167 239 1189 autem
260 1170 311 1188 non
331 1165 415 1194 potest
435 1162 527 1192 teneri,
542 1161 631 1186 saltem
652 1162 764 1193 Parisiis,
779 1169 838 1187 cum
859 1163 890 1187 sit
907 1163 998 1187 articu-

43 1210 82 1235 lus
102 1208 302 1238 condemnatus3
322 1206 381 1232 dicit
401 1207 470 1232 enim
490 1206 625 1237 articulus,
646 1205 717 1238 quod
736 1205 834 1237 dicere,
854 1206 925 1238 quod
945 1213 996 1231 ces-

43 1254 113 1278 sante
133 1253 204 1276 motu
224 1250 301 1282 caeli,
321 1251 341 1275 si
356 1250 423 1281 ignis
442 1252 509 1275 esset
522 1250 589 1275 iuxta
610 1253 745 1281 stoppam‚
762 1256 811 1274 non
832 1249 997 1275 combureret

43 1297 140 1328 ipsam,
160 1301 234 1320 error
257 1297 320 1319 est»
345 1293 400 1325 (cfr.
426 1293 547 1319 Collectio
572 1292 729 1318 iudiciorum
754 1292 837 1318 Caroli
864 1293 996 1324 Duplessis

44 1338 208 1371 d'Argenu-e,
224 1342 285 1365 tom.
300 1338 316 1363 Ι.
337 1345 362 1370 p.
387 1338 450 1369 197;
465 1337 512 1363 sed
532 1338 607 1363 etiarn
629 1337 734 1368 Bonav.,
749 1341 810 1362 tom.
831 1337 856 1362 ll.
878 1344 937 1368 pag.
954 1338 995 1363 30.

43 1384 176 1415 scholion).
190 1397 223 1401 —
236 1383 354 1408 Attamen
368 1382 436 1407 idern
451 1382 476 1407 S.
491 1382 585 1406 Thom.
599 1381 659 1406 alibi
673 1381 708 1412 (S.
721 1388 743 1406 c.
755 1381 827 1406 Gent.
844 1381 883 1406 lV.
898 1388 919 1406 c.
940 1381 996 1413 89.)

42 1427 184 1458 confitetur,
204 1425 275 1458 quod
295 1426 334 1450 illa
356 1432 466 1457 corpora
489 1434 501 1447 «
515 1425 663 1456 affligentur
683 1424 715 1450 ab
736 1426 795 1456 igne
815 1432 949 1456 corporeo,
971 1426 995 1449 in

43 1474 167 1503 quantum
188 1470 296 1502 qualitas
316 1470 384 1501 ignis
403 1471 510 1501 propter
530 1476 605 1494 suam
625 1468 801 1494 excellentiam
826 1470 996 1494 contrariatur

42 1514 187 1546 aequalitati
207 1513 392 1545 complexionis
411 1515 436 1538 et
455 1514 619 1543 harmoniae,
641 1520 707 1545 quae
732 1516 771 1538 est
796 1514 882 1537 sensui
902 1520 996 1537 conna-

42 1559 143 1589 turalis,
163 1558 221 1583 11001
240 1564 297 1583 eam
318 1557 420 1583 solvere
440 1564 490 1582 non
510 1558 616 1588 possit»
640 1559 687 1582 etc.
709 1557 787 1582 Porro
806 1557 839 1582 ab
858 1557 950 1582 eodem
970 1558 995 1582 in

42 1602 172 1634 opusculo
196 1601 234 1626 10.
254 1609 276 1626 a.
299 1602 338 1626 19.
358 1608 414 1633 seq.
435 1601 499 1625 haee
517 1600 745 1632 incorruptibilitas
759 1607 809 1625 nou
828 1600 874 1625 soli
895 1601 996 1626 animae

42 1646 196 1676 informanti,
210 1645 257 1670 sed
270 1646 346 1670 etiam
360 1644 503 1675 operationi
523 1643 627 1669 divinae
647 1644 748 1669 virtutis
767 1644 895 1669 tribuitur.
910 1658 944 1661 —
957 1644 996 1668 Ri-

42 1689 129 1715 chard.
150 1697 163 1714 a
177 1689 242 1714 Med.
258 1688 314 1720 (hie
327 1696 350 1714 a.
364 1689 388 1713 2.
403 1695 427 1720 q.
442 1687 480 1720 7.)
500 1695 529 1713 ex
544 1688 651 1719 triplicis
664 1694 757 1713 causae
777 1695 905 1713 concursu
925 1695 996 1719 repe-

42 1735 69 1760 tit
87 1735 161 1759 istam
180 1732 461 1764 incorruptibilitatem.
482 1732 577 1757 scilicet
596 1739 626 1756 ex
646 1734 718 1763 parte
737 1730 916 1764 dispositionis
939 1739 996 1757 mn-

42 1777 137 1810 terz'ae,
158 1778 183 1802 in
202 1784 255 1810 qua
268 1777 448 1808 incorporatus
467 1779 504 1801 est
518 1776 586 1807 ignis
604 1775 659 1807 ille,
678 1782 709 1800 ex
726 1778 799 1806 parte
818 1774 996 1808 dispositionis

41 1820 162 1855 ipsorum
180 1827 342 1853 corporum;
361 1823 386 1846 01
405 1820 580 1851 principaliter
593 1826 624 1844 ex
644 1821 716 1851 parte
730 1818 835 1844 divinae.
854 1818 996 1845 ordinatio-

41 1864 90 1892 nis.
103 1879 138 1883 —
152 1865 243 1897 Quoad
256 1864 370 1890 fabulam
384 1864 453 1889 illam
467 1864 499 1889 de
512 1863 684 1894 salamandra,
704 1864 778 1896 quasi
798 1863 915 1894 longiore
935 1866 995 1888 tem-

42 1916 106 1942 pore
124 1910 215 1935 vivere
234 1910 316 1940 possit
340 1910 365 1933 in
391 1909 464 1940 igne,
486 1908 555 1933 idem
581 1907 684 1933 scribit:
711 1908 805 1940 «Quod
826 1909 882 1933 sive.
901 1914 995 1932 verum

42 1955 85 1987 sit,
106 1955 161 1980 sive
188 1961 253 1986 non,
280 1956 364 1978 tamen
394 1953 459 1984 pilos
485 1953 540 1978 eius
568 1952 601 1977 ab
628 1952 670 1978 illo
697 1952 758 1984 igne
783 1959 833 1977 non
862 1952 994 1982 consumi;

42 1999 112 2032 quod
131 2005 182 2030 ego
201 1999 257 2030 ipse
276 2001 398 2030 expertus
417 2004 475 2023 sum
490 2006 513 2022 n.
529 2011 563 2014 -—
582 1996 647 2023 Cum
666 1997 796 2022 Richardo
820 1998 845 2021 in
871 1996 994 2022 solvenda

42 2044 190 2076 quaestione
209 2042 349 2068 concordat
367 2042 394 2067 S.
415 2041 607 2066 Bonaventura.

112 2088 147 2112 De
166 2088 214 2112 hac
235 2088 258 2112 1.
278 2087 429 2119 quaestione
448 2089 550 2117 praeter
568 2085 700 2111 laudatos:
721 2086 804 2117 Scot.,
826 2085 891 2110 infra
910 2084 935 2109 d.
951 2084 992 2110 49.

42 2138 68 2164 q.
81 2131 121 2156 13.
136 2138 160 2156 n.
173 2131 291 2155 to.—-B.
301 2130 406 2161 Albert„
418 2130 459 2155 1110
473 2137 496 2154 a.
507 2130 549 2154 39.
560 2143 596 2148 -
607 2129 674 2155 Petr.
689 2136 703 2154 a
718 2129 786 2160 Tar.,
801 2129 842 2154 1110
855 2136 880 2161 q.
895 2129 918 2153 ⁴2.
933 2136 956 2153 a.
971 2129 994 2153 3.

110 2175 138 2200 ll.
159 2175 250 2207 Quoad
271 2175 294 2200 Ξ.
315 2175 508 2206 quaestionem,
525 2180 593 2206 quae
612 2176 650 2199 est
663 2174 724 2199 satis
739 2173 858 2205 difficilis,
880 2180 995 2198 commu-

1062 550 1127 574 niter
1146 549 1307 581 conceditur,
1328 549 1483 575 substantias
1502 550 1648 581 spirituales
1667 558 1717 576 uon
1732 558 1809 583 posse
1822 551 1986 577 naturaliter
1998 559 2011 576 a

1061 592 1140 617 rebus
1163 594 1294 624 corporeis
1319 594 1449 618 immutari
1469 596 1494 618 et
1521 594 1619 619 10110110
1638 594 1747 619 alicuius
1776 596 1961 620 contrarietatis
1980 597 2015 620 as-

1063 637 1127 669 sligi;
1150 638 1314 662 nihilomiuus
1334 638 1474 663 tenendum
1502 645 1573 669 esse,
1593 639 1692 663 animas
1711 643 1842 670 separatas
1862 639 2014 664 daemones-

1062 688 1113 713 que
1137 688 1228 712 reapse
1256 682 1378 706 matcriali
1399 682 1458 712 igne
1478 682 1592 706 infernali
1616 682 1703 713 affligi.
1724 682 1799 714 Quod
1824 685 1850 707 ut
1873 683 2012 715 explicent,

1062 725 1177 755 magistri
1206 724 1323 750 diversas
1351 725 1486 756 opiniones
1514 725 1538 749 in
1568 725 1683 750 medium
1713 726 1883 757 protulerunt.
1913 726 2014 751 Praeter

1062 769 1202 794 solutiones
1221 769 1286 794 duas
1306 770 1503 800 insufficientes,
1523 769 1563 794 1110
1583 770 1687 800 1010105,
1710 770 1821 795 notanda
1841 773 1879 795 cst
1899 771 1984 802 tertia,
1999 777 2012 795 a
2060 777 2062 779 ’

1062 812 1086 837 S.
1107 813 1206 838 Thoma
1222 814 1273 845 (hic
1293 819 1317 844 q.
1333 814 1356 838 3.
1371 820 1393 837 0.
1409 813 1432 837 3.
1447 813 1607 844 (1000511000.
1622 813 1656 844 3.)
1672 816 1764 845 notata,
1780 813 1850 846 quod
1868 822 1879 836 α
1892 815 2013 846 quamvis

1061 857 1128 888 ignis
1147 864 1289 888 corporeus
1310 864 1360 882 uon
1380 857 1462 889 possit
1480 857 1593 882 animam
1614 865 1736 889 exurere,
1756 860 1841 882 tamen
1861 859 1945 883 anima
1966 865 2012 889 ap-

1063 901 1197 932 prehendit
1211 902 1298 932 ipsum
1318 904 1345 926 ut
1364 902 1486 927 nocivum
1507 901 1555 927 sibi
1568 912 1590 926 n.
1611 901 1699 933 Neque
1719 903 1782 926 haec
1801 902 1894 926 solutio
1914 901 2011 926 nodum

1061 945 1163 969 solvere
1182 946 1288 976 sufficit,
1309 946 1356 970 nisi
1381 945 1581 977 determinetur,
1602 948 1630 970 ut
1648 945 1716 970 clare
1736 945 1846 970 ostendit
1866 946 1934 970 Scot.
1961 945 2013 977 (hic

1062 996 1086 1020 q.
1113 990 1137 1014 2.
1164 997 1187 1014 n.
1217 990 1261 1021 3.>.
1281 1004 1314 1007 —
1334 990 1460 1015 Henricus
1487 989 1568 1015 Gand.
1597 989 1701 1021 (Quodl.
1729 989 1752 1014 8.
1780 996 1804 1022 q.
1825 988 1892 1022 34.),
1913 990 2013 1014 reiectis

1061 1033 1177 1064 quinque
1196 1032 1377 1065 opinionibus,
1399 1036 1470 1058 sexto
1489 1033 1633 1058 concludit:
1655 1033 1765 1058 «Restat
1784 1034 1875 1064 igitur,
1895 1035 1923 1058 ut
1942 1032 2012 1058 vide-

1061 1079 1115 1108 tur,
1136 1076 1207 1109 quod
1228 1076 1296 1101 Deus
1316 1080 1421 1102 naturae
1441 1078 1547 1109 spiritus
1566 1076 1674 1108 angelici
1694 1079 1718 1102 et
1738 1078 1866 1101 humanae
1879 1075 1945 1108 vim,
1960 1084 2011 1109 qua

1061 1121 1113 1151 pati
1133 1121 1214 1152 possit
1232 1120 1265 1145 ab
1293 1121 1353 1152 igne
1382 1121 1522 1153 corporali,
1543 1121 1669 1152 imprimit
1687 1119 1947 1153 supernaturaliter,
1969 1120 2011 1145 1·οΙ

1061 1165 1081 1189 51
1101 1165 1204 1196 utrique
1223 1165 1370 1189 naturaliter
1390 1165 1467 1197 inest,
1488 1165 1546 1189 licet
1566 1164 1640 1189 nobis
1659 1165 1731 1194 latet,
1752 1166 1779 1188 ut
1806 1165 1843 1189 sic
1862 1164 1930 1188 illam
1951 1167 2012 1189 tem-

1061 1210 1146 1239 peret,
1166 1211 1194 1232 ut
1213 1208 1324 1239 peccatis
1348 1214 1459 1239 poenam
1488 1208 1735 1239 correspondentem
1765 1215 1812 1239 per
1840 1207 1907 1232 illam
1937 1208 2012 1232 susti-

1061 1254 1153 1276 neat».
1174 1265 1208 1269 —
1227 1251 1273 1276 Alii
1293 1252 1448 1276 recentiores
1467 1258 1526 1276 cum
1547 1252 1642 1276 Suarez
1657 1254 1760 1283 putant,
1777 1252 1864 1282 ignem
1878 1255 1905 1276 ut
1918 1252 2010 1276 instru-

1061 1298 1177 1320 mentum
1197 1295 1316 1320 divinum
1330 1296 1467 1321 immittere
1481 1295 1614 1327 spiritibus
1628 1295 1756 1320 dainnatis
1769 1295 1865 1320 realem
1878 1295 2010 1328 quandam

1061 1339 1208 1371 qualitatem
1227 1338 1472 1371 supernaturalem.
1485 1353 1519 1357 —
1540 1339 1637 1364 Tamen
1658 1340 1756 1371 antiqui
1776 1339 1939 1371 Scholastici‚
1961 1346 2012 1364 non

1060 1386 1167 1413 excepto
1186 1381 1323 1413 Durand0‚
1344 1383 1419 1407 talem
1439 1385 1525 1407 actum
1550 1383 1657 1413 physice
1677 1382 1773 1407 realem
1792 1382 1939 1407 immissum
1961 1388 2011 1407 non

1060 1426 1211 1458 admittunt,
1240 1427 1286 1452 sed
1316 1427 1456 1451 daemones
1484 1427 1635 1458 animasque
1661 1433 1708 1458 per
1736 1429 1822 1450 001011]
1856 1425 2012 1451 intentiona-

1061 1470 1111 1496 lem
1130 1472 1238 1496 cruciari
1253 1471 1359 1502 docent;
1374 1471 1406 1496 de
1425 1478 1478 1503 quo
1501 1471 1567 1495 Scot.
1589 1471 1647 1501 (loc.
1670 1471 1710 1495 cit.
1737 1477 1762 1495 n.
1791 1470 1827 1502 7.)
1849 1470 1916 1501 dicit,
1940 1470 2011 1502 quod

1060 1515 1127 1546 ignis
1146 1515 1186 1539 ille
1206 1518 1243 1540 est
1263 1514 1393 1539 obiectum
1422 1513 1620 1540 disconveniens
1644 1513 1793 1545 dupliciter:
1814 1514 1898 1545 primo
1924 1517 1951 1539 ut
1970 1513 2013 1539 cle-

1061 1558 1145 1584 11110113
1164 1557 1288 1590 spiritum
1307 1557 1450 1591 definitive,
1469 1558 1539 1590 quod
1561 1558 1587 1583 lit
1606 1558 1756 1589 operatione
1774 1557 1877 1588 divina,
1897 1557 2012 1582 secundo

1060 1605 1087 1627 ut
1106 1601 1252 1627 immutans
1272 1600 1408 1632 obiectice,
1431 1601 1571 1626 detestante
1591 1601 1722 1626 voluntate
1741 1601 1816 1625 istam
1836 1601 2009 1632 alligationem

1060 1645 1146 1677 quoad
1166 1645 1266 1677 locum,
1287 1652 1338 1677 qua
1357 1645 1434 1670 etiam
1454 1646 1569 1676 operatio
1590 1644 1738 1675 impeditur.
1760 1645 1785 1669 S.
1802 1644 1932 1669 'l'homam
1952 1650 2012 1669 cum

1060 1690 1133 1714 Scoto
1152 1690 1177 1714 in
1198 1690 1246 1713 1100
1266 1689 1412 1720 convenire,
1436 1688 1530 1721 «quod
1549 1689 1617 1720 ignis
1637 1689 1661 1712 in
1684 1689 1796 1713 animam
1817 1689 1871 1719 agit
1889 1694 1940 1712 non
1966 1694 2012 1718 per

1060 1733 1167 1758 modum
1195 1731 1344 1765 influentis,
1366 1732 1412 1757 sed
1432 1739 1479 1763 per
1498 1731 1606 1756 modum
1633 1730 1810 1763 detinentis»,
1832 1731 1926 1756 asserit
1944 1731 2012 1756 Gotti

1060 1777 1132 1809 (tom.
1154 1776 1170 1801 l.
1190 1779 1220 1801 tr.
1241 1777 1264 1801 9.
1285 1783 1309 1808 q.
1330 1776 1353 1801 9.
1374 1775 1437 1801 duh.
1459 1775 1481 1800 4.
1501 1775 1516 1808 S
1537 1776 1580 1808 3.).
1600 1776 1717 1800 Attamen
1738 1776 1806 1800 Scot.
1826 1774 1913 1807 quoad
1933 1776 2012 1800 actio-

1060 1828 1119 1846 nem
1139 1821 1206 1852 ignis
1224 1819 1466 1846 instrumentaliter
1487 1823 1671 1852 cooperantem
1690 1819 1724 1844 ad
1743 1819 1811 1844 illam
1838 1819 2011 1845 detentionem

1060 1865 1182 1890 recedere
1201 1871 1214 1889 a
1234 1864 1258 1889 S.
1278 1864 1378 1889 Thema
1398 1863 1508 1889 videtur.
1523 1878 1557 1881 -
1571 1864 1596 1888 S.
1611 1863 1706 1888 ssonav.
1726 1863 1795 1888 idem
1815 1862 1848 1888 de
1867 1863 1907 1887 illa
1927 1862 2012 1888 deten-

1060 1910 1128 1934 tione
1146 1909 1235 1940 docet;
1256 1912 1340 1933 tamen
1360 1909 1463 1938 asserit,
1484 1907 1627 1934 horrorem.
1647 1908 1820 1933 detestationis
1834 1909 1911 1933 etiam
1925 1915 2013 1939 super-

1060 1953 1207 1977 naturaliter
1228 1953 1338 1977 immitti.
1353 1966 1387 1969 —
1401 1951 1521 1977 Richard.
1540 1959 1554 1976 a
1574 1951 1638 1976 Med.
1667 1951 1732 1976 bene
1758 1955 1873 1978 recenset
1895 1952 2013 1977 diversas

1060 1998 1195 2029 opiniones
1219 1999 1244 2021 et
1263 1997 1347 2028 magis
1366 1996 1474 2027 explicat
1493 1996 1598 2021 relatam
1618 1997 1783 2028 antiquorum
1803 1997 1964 2021 sententiam.

1129 2042 1231 2065 Praeter
1250 2041 1319 2065 locos
1339 2041 1405 2065 citt.:
1426 2041 1451 2065 S.
1472 2040 1576 2072 Thom.,
1592 2040 1616 2064 S.
1633 2039 1648 2065 l.
1669 2047 1693 2072 q.
1708 2039 1749 2065 64.
1764 2047 1787 2065 0.
1808 2040 1831 2065 3.
1853 2040 1883 2072 4,
1903 2044 1927 2066 et
1941 2047 2013 2072 prae-

1059 2086 1135 2117 cipue
1149 2085 1173 2109 S.
1188 2091 1209 2108 c.
1223 2084 1295 2108 Gent.
1309 2083 1349 2108 lV.
1370 2091 1395 2115 q.
1415 2084 1456 2108 90.
1469 2097 1506 2102 —
1518 2084 1545 2109 B.
1559 2083 1667 2114 Albert.,
1683 2084 1723 2109 1110
1737 2091 1759 2108 a.
1774 2083 1815 2108 37.
1836 2083 1878 2109 40.
1897 2098 1932 2102 —
1946 2085 2012 2110 Petr.

1059 2136 1073 2154 a
1093 2129 1167 2159 Tar.‚
1188 2129 1229 2153 hic
1248 2135 1273 2159 q.
1294 2128 1317 2152 2.
1338 2134 1360 2151 a.
1382 2126 1405 2152 4.
1419 2142 1453 2145 —
1474 2127 1592 2152 Richard.
1613 2134 1627 2152 a
1647 2127 1727 2159 Med,
1747 2128 1788 2152 hic
1807 2135 1829 2152 a.
1851 2128 1874 2152 2.
1895 2135 1919 2160 q.
1942 2129 1965 2152 9.
1980 2142 2013 2146 —

1060 2172 1182 2203 Durand.,
1203 2173 1243 2197 hic
1263 2179 1287 2204 q.
1313 2173 1349 2197 ll.

910 2328 981 2369 QUA
988 2327 1093 2360 ESTIO
1118 2327 1150 2358 ΙΙ.

663 2440 779 2472 Utrum
805 2439 892 2481 ignis
917 2437 1043 2480 inferni
1066 2437 1197 2480 ctffliyat
1220 2437 1387 2479 spiritum.

129 2578 271 2611 Secundo
295 2578 473 2620 quaeritur,
498 2582 607 2610 utrum
634 2577 685 2609 ille
710 2577 790 2618 ignis
815 2576 854 2608 sit
879 2575 996 2608 afflicti-

43 2639 101 2663 vus
124 2631 303 2673 spirituum.
329 2631 364 2663 Et
388 2631 473 2673 quod
497 2631 558 2669 sic,
583 2630 719 2662 videtur.

133 2685 159 2716 1.
184 2684 329 2716 Matthaei
354 2683 505 2725 vigesimo
530 2683 639 2725 quinto
654 2683 682 2714 ¹:
707 2683 754 2714 Ite
776 2681 945 2713 maledieti
961 2681 995 2712 in

0 2736 150 2779 maique-m
174 2740 361 2775 aeternum,
386 2736 445 2779 qui
463 2740 611 2778 paratus
634 2739 680 2767 est
704 2734 833 2767 (tietbolo
850 2739 877 2766 et
901 2744 996 2776 anye-

44 2788 83 2821 lis
105 2789 195 2827 01115,-
218 2789 274 2822 sed
299 2789 468 2822 daemones
497 2789 547 2821 vel
571 2788 672 2830 angeli
697 2790 770 2820 511111
802 2787 995 2819 substantiae

43 2841 270 2884 incorporales,
294 2846 325 2874 01
349 2842 401 2874 ille
436 2842 516 2883 ignis
552 2851 613 2873 non
637 2844 685 2873 est
708 2841 752 2873 eis
776 2843 906 2882 paratus
935 2840 993 2872 nisi

44 2895 82 2927 ad
106 2904 237 2937 poenam
261 2898 292 2927 et
316 2895 533 2927 afflictionem:
559 2903 634 2935 ergo
659 2897 716 2926 etc.

128 2948 158 2979 2.
182 2947 256 2980 Item
268 2973 275 2985 ‚
293 2947 463 2989 Gregorius
487 2948 517 2979 in
535 2950 649 2989 quarto
666 2946 867 2988 Dialogorum
884 2945 912 2976 2:
936 2957 951 2974 «
964 2945 993 2976 Si

44 2999 185 3033 diabolus
216 3001 347 3042 eiusque
379 3000 499 3042 angeli,
524 3009 597 3032 cum
622 3000 684 3032 51111
708 2998 902 3040 incorporei,
928 3006 993 3030 cor-

42 3061 136 3094 poreo
159 3053 229 3095 igne
254 3057 327 3086 sunt
352 3053 531 3092 cruciandi,
556 3052 634 3094 quid
667 3052 802 3090 mirum,
828 3051 852 3083 si
877 3055 907 3082 et
931 3050 993 3082 ani-

44 3296 112 3317 sum.
127 3305 161 3310 —
173 3292 309 3325 Aliquanto
328 3293 449 3324 superius
467 3291 578 3317 vocibus
602 3292 626 3316 et
644 3291 859 3323 corrzunpuntttr
878 3289 938 3314 edd.
960 3290 994 3314 in-

45 3335 169 3361 terserunt
187 3337 276 3362 tamen
293 3343 366 3369 nom
385 3336 430 3362 sed
451 3336 510 3361 vide
530 3336 629 3360 initium
650 3341 721 3366 corp.
742 3336 840 3366 quaest.

114 3378 123 3395 ¹
142 3380 214 3406 Vers.
236 3380 282 3406 41:
302 3381 429 3407 Discedite
446 3387 460 3406 a
480 3387 521 3405 me
541 3380 669 3405 maledicti
688 3382 736 3404 etc.

1062 2584 1148 2614 mae,
1172 2578 1340 2616 antequam
1365 2573 1517 2616 recipiant
1541 2583 1690 2615 corpora,
1707 2574 1826 2615 possint
1855 2574 1924 2615 igne
1949 2584 2013 2606 cor-

1062 2637 1157 2669 poreo
1181 2627 1363 2659 cruciat-wi
1388 2627 1477 2668 quasi
1502 2627 1600 2659 dicat:
1626 2636 1686 2658 non
1711 2630 1759 2659 051
1783 2627 1910 2659 mirum.

1151 2680 1180 2712 3.
1204 2680 1297 2718 item,
1322 2680 1380 2712 11110
1405 2680 1530 2712 videtur
1561 2679 1691 2711 racione
1722 2683 1827 2711 sumta
1850 2689 1872 2712 α
1898 2680 2012 2712 causis

1060 2732 1304 2775 superioribus:
1322 2732 1395 2774 quia
1419 2732 1525 2764 divina.
1549 2732 1666 2764 iustitia
1691 2732 1863 2764 rectissime
1888 2733 2013 2765 ordinat

1061 2786 1165 2818 omnia
1188 2785 1219 2817 in
1243 2794 1360 2827 poena,
1385 2785 1558 2817 secundum
1592 2785 1676 2826 quod
1712 2785 1864 2826 sapientia
1888 2785 2013 2818 ordinat

1060 2839 1091 2870 in
1116 2842 1245 2870 natura:
1269 2838 1293 2870 si
1319 2847 1394 2879 ergo
1418 2841 1581 2879 peccatum
1602 2841 1648 2870 est
1665 2837 1827 2879 dispositio
1845 2837 2012 2877 vilissima,

1060 2900 1134 2932 ergo
1159 2891 1288 2932 spiritus
1312 2891 1444 2923 infectus
1469 2894 1595 2932 peccato
1618 2890 1658 2922 ad
1696 2890 1771 2929 1100,
1796 2891 1881 2932 quod
1906 2891 2011 2923 debite

1059 2944 1241 2982 ordinetur,
1266 2944 1359 2976 debet
1389 2943 1528 2976 ordinari
1562 2943 1622 2976 sul]
1654 2943 1761 2975 intima
1796 2948 1952 2976 creatura.
1982 2944 2011 2976 Si

1059 3006 1133 3038 ergo
1158 2996 1265 3028 infima.
1289 3000 1435 3029 creatura
1458 3000 1505 3029 est
1521 2997 1695 3029 substantia
1719 2997 1907 3039 corporalis,
1932 2997 2014 3029 ordi-

1059 3049 1142 3081 natio
1179 3058 1252 3081 vero
1289 3049 1485 3091 peccantium
1522 3053 1568 3081 est
1595 3049 1625 3081 in
1654 3049 1780 3090 poenis:
1811 3058 1886 3090 ergo
1919 3049 2012 3081 debet

1129 3289 1140 3305 ²
1158 3288 1219 3320 Cap.
1240 3290 1281 3314 29.
1302 3289 1389 3314 Finem
1403 3288 1503 3314 exhibet
1518 3292 1600 3314 textus
1619 3288 1750 3320 originalis
1769 3289 1818 3314 sic:
1837 3287 1942 3321 possint
1954 3294 2013 3314 cor<

1058 3340 1140 3367 porca
1159 3332 1255 3359 sentire
1269 3334 1408 3359 tormenta.
