2483 3882
274 1471 310 1493 Ad
324 1471 407 1499 opposi-

317 1501 368 1520 tum.

408 214 473 246 422

497 303 526 333 Ξ).
551 301 648 338 Item,
685 307 780 339 super
816 297 895 329 illud
930 294 1086 328 Psalmi1:
1115 293 1250 325 Iustitia
1285 295 1360 323 ante

408 364 482 387 etim
506 352 708 389 ambitium,-
732 351 839 383 Glossa
864 348 1042 390 Augustini:
1074 359 1089 376 α
1106 347 1208 378 Prima
1224 345 1361 377 hominis

409 407 528 439 iustitia
551 409 614 443 est,
640 408 675 436 ut
698 404 808 445 puniat
825 411 857 434 se
875 401 993 433 malum
1012 403 1043 432 et
1058 399 1150 431 faciat
1175 407 1207 430 se
1224 398 1361 435 bonum,

410 460 487 492 haec
511 462 559 491 est
582 458 633 489 via
657 457 738 494 Deo,
763 459 799 486 ut
822 454 926 486 veniat
949 453 988 484 ad
1014 460 1132 484 eum».

501 510 528 542 3.
555 510 648 546 Item,
672 507 802 539 ratione
826 506 969 538 videtur:
987 505 1061 546 quia
1082 503 1275 545 impossibile
1299 506 1362 541 est,

410 567 607 605 peccatorem
633 559 810 597 iustificari,
835 558 911 600 quin
935 561 1088 599 sequatur
1113 565 1212 598 poena
1248 555 1365 588 satisfa-

411 615 526 653 ctoria3
562 613 617 646 sed
652 611 800 654 possibile
831 614 898 649 est,
931 610 1035 652 ipsum
1072 609 1176 641 statim
1213 608 1311 646 mori,
1335 611 1366 640 et

412 668 499 700 nulla
523 667 583 698 erit
607 674 706 707 poena
728 664 933 697 satisfactoria
950 663 1008 695 nisi
1026 662 1203 695 voluntarie
1220 661 1366 693 inchoata

413 721 445 752 in
470 720 550 757 vita,
576 719 656 751 sicut
691 717 766 749 dicit
796 716 1027 758 Augustinus²z
1053 724 1128 756 ergo
1152 723 1279 746 necesse
1303 716 1366 752 est,

415 773 499 816 quod
525 773 555 804 in
579 772 647 813 ipso
671 774 743 804 actu
772 770 1001 802 iustificationis
1025 769 1065 801 sit
1089 772 1194 800 motus
1218 767 1367 809 poenalis.

413 826 473 858 Sed
498 826 548 857 liic
573 834 634 856 non
659 828 705 857 est
729 824 789 856 nisi
814 823 978 860 contriti03
1002 831 1077 863 ergo
1101 825 1158 854 etc.

501 879 531 910 [ι.
556 878 650 915 Item,
675 877 756 909 sicut
780 876 874 917 culpa
910 875 1071 908 voluntate
1100 877 1146 907 est
1171 873 1368 911 introducta,

415 932 459 964 sic
483 931 577 963 etiam
613 933 820 962 conservatur
852 938 908 970 per
934 929 1051 970 ipsam:
1077 936 1152 968 ergo
1177 927 1202 959 si
1232 926 1368 958 liberum

415 983 601 1022 arbitrium,
625 992 665 1016 ex
691 992 753 1025 quo
778 982 876 1015 semel
901 981 1074 1020 consensit,
1092 988 1216 1021 semper
1234 978 1371 1010 liabetur

416 1046 474 1079 pro
509 1036 739 1075 consentiente,
774 1035 832 1068 nisi
866 1034 1047 1072 dissentiat-3
1073 1041 1200 1064 necesse
1229 1035 1276 1063 est
1312 1031 1372 1063 dis-

417 1091 549 1129 sentire,
576 1090 631 1123 sed
657 1090 820 1122 dissensus
854 1088 922 1120 eius
956 1090 1028 1119 ante
1052 1086 1224 1118 adventum
1250 1084 1370 1126 gratiae

417 1144 496 1176 nihil
528 1143 667 1185 potest³:
705 1152 780 1184 ergo
812 1144 952 1183 oportet,
986 1139 1071 1181 quod
1107 1138 1271 1171 dissentiat
1299 1146 1372 1169 cum

418 1197 528 1238 gratia.
1323 1230 1327 1237 .

509 1250 537 1281 5.
562 1248 655 1287 ltem,
679 1247 798 1289 aliquid
817 1246 889 1288 plus
907 1245 1082 1287 requiritur
1106 1245 1137 1276 in
1155 1243 1374 1277 iustificatione

419 1303 487 1334 eius
511 1301 563 1343 qui
590 1304 659 1342 post
682 1300 776 1332 fidem
807 1299 965 1341 peccavit,
990 1298 1074 1330 ultra
1110 1301 1231 1330 motum
1256 1297 1329 1329 fidei
1345 1297 1375 1337 ⁴,

419 1355 474 1387 sed
498 1355 557 1386 hoc
581 1363 642 1385 non
668 1357 714 1386 est·
737 1353 796 1385 nisi
821 1352 982 1384 contritio:
1008 1360 1083 1393 ergo
1107 1355 1165 1383 etc.

510 1407 568 1439 San
593 1415 736 1439 CONTRA:
766 1407 792 1437 1.
826 1404 1031 1437 Ecclesiastici
1068 1404 1218 1445 primo⁵t
1263 1403 1374 1435 Tiinor

421 1461 556 1493 Domini
577 1459 705 1502 expellit
726 1463 919 1501 peccalum:
944 1467 1020 1499 ergo
1045 1461 1147 1499 potest
1171 1457 1240 1489 fieri
1267 1466 1376 1489 secun-

420 1514 497 1546 dum
521 1514 580 1546 hoc
605 1512 783 1545 iustificatio
807 1512 872 1544 sive
902 1511 1021 1553 peccati
1057 1510 1205 1552 expulsio
1230 1514 1318 1542 motu
1342 1509 1376 1541 ti-

421 1567 533 1598 moris:
560 1575 620 1598 non
645 1575 719 1607 ergo
744 1573 870 1597 necesse
894 1567 958 1602 est,
984 1563 1068 1605 quod
1093 1563 1299 1595 contritionis.

510 1621 538 1651 2.
564 1619 656 1658 Item,
686 1627 782 1660 super
819 1618 898 1649 illud
934 1618 1035 1649 Lucae
1068 1616 1236 1659 septimo⁶z
1262 1615 1377 1647 Dimit-

422 1677 537 1705 liinliir
562 1673 592 1704 ei
610 1675 748 1714 peccata
772 1671 878 1703 mullei
902 1674 978 1709 etc,
1001 1670 1124 1702 Glossa:
1149 1669 1276 1701 «Ardor
1301 1669 1379 1701 cari-

421 1726 493 1758 tatis
517 1729 718 1767 peccatorum
742 1724 920 1765 rubiginem
946 1724 977 1755 in
994 1732 1030 1755 ea
1052 1722 1275 1755 consumsitn:
1302 1731 1377 1764 ergo

422 1789 484 1811 non
508 1782 648 1820 oportet,
673 1778 758 1819 quod
783 1778 822 1809 sit
846 1777 946 1809 dolor.

512 1831 540 1864 3.
566 1832 658 1870 ltem,
682 1831 811 1863 ratione
836 1831 978 1862 videtur:
1004 1830 1078 1871 quia
1103 1829 1185 1862 duae
1211 1832 1283 1861 sunt
1308 1838 1378 1871 par-

422 1888 470 1917 tes
485 1885 494 1900 ⁷
518 1885 671 1923 iustitiae,
708 1884 826 1917 scilicet
850 1884 953 1916 facere
979 1883 1098 1914 bonum
1122 1885 1152 1914 et
1176 1882 1336 1914 declinare
1360 1891 1378 1914 a

424 1938 525 1977 malo;
547 1938 603 1970 sed
628 1937 730 1979 prima
765 1940 812 1969 est
848 1936 963 1968 maior:
990 1945 1064 1977 ergo
1090 1935 1189 1967 multo
1219 1935 1318 1976 magis
1344 1944 1377 1967 se

423 1992 560 2033 disponit
596 1992 690 2023 homo
725 1991 765 2022 ad
801 1990 934 2031 gratiam
969 1989 1111 2021 faciendo
1136 1988 1255 2020 bonum
1280 1997 1375 2029 quam

423 2045 551 2077 vitando
576 2044 712 2076 malum:
739 2052 813 2085 ergo
838 2043 938 2084 magis
962 2041 1103 2083 appetitu
1125 2041 1197 2073 boni
1216 2050 1311 2083 quam
1329 2041 1379 2073 de-

425 2098 589 2130 testatione
615 2097 698 2128 mali.

515 2151 544 2181 li.
570 2150 664 2187 Item,
689 2158 761 2182 cum
787 2149 857 2190 quis
894 2147 1082 2180 iustificatus
1107 2151 1168 2186 est,
1192 2150 1294 2188 potest
1319 2155 1381 2178 mo-

426 2203 491 2236 veri
517 2207 605 2235 motu
630 2203 732 2235 omnis
757 2202 900 2234 vlrtutis:
937 2210 1010 2233 cum
1043 2210 1118 2242 ergo
1150 2204 1255 2232 motus
1279 2200 1381 2232 omnis

428 2257 555 2288 virtutis
580 2256 619 2288 sit
643 2256 762 2297 gratiae
797 2257 966 2296 cognatus,
991 2257 1095 2286 motus
1130 2252 1298 2285 cuiuslibet
1323 2252 1382 2284 vir-

426 2310 502 2342 tutis
536 2309 679 2341 informis
715 2308 852 2350 disponit
887 2307 924 2339 ad
963 2307 1116 2348 gratiam:
1142 2316 1204 2338 non
1233 2315 1308 2348 ergo
1332 2315 1382 2338 ne-

428 2363 563 2396 cessaria
588 2366 634 2395 est
658 2362 813 2395 contritio.

518 2417 546 2447 5
572 2415 664 2454 Item,
682 2414 829 2456 possibile
855 2417 914 2452 est,
931 2414 1068 2455 aliquem
1087 2422 1105 2445 a
1121 2413 1185 2445 Deo
1210 2412 1322 2451 averti,
1340 2412 1383 2443 ni-

428 2468 473 2500 bil
499 2468 537 2500 de
562 2468 630 2509 ipso
663 2467 843 2509 cogitando:
870 2476 944 2508 ergo
974 2466 1118 2498 similiter
1143 2465 1292 2506 possibile
1317 2468 1381 2503 est,

428 2522 565 2563 aliquem
590 2530 608 2552 a
632 2524 759 2562 peccato
784 2520 949 2558 recedere,
974 2519 1051 2551 nihil
1077 2518 1242 2560 cogitando
1260 2518 1298 2550 de
1315 2526 1383 2559 pec-

429 2578 515 2607 cato:
540 2583 614 2616 ergo
638 2574 758 2615 absque
783 2573 979 2605 contritione.

1168 204 1453 238 SENTENTIARUM
1478 203 1545 234 LIB.
1570 203 1617 234 lV.

1781 296 2022 320 CONCLUSIO.

1427 395 1482 427 Acl
1505 394 1773 436 izislificationem
1797 393 1894 435 impii
1924 397 1970 425 est
1992 393 2182 425 necessaria
2205 394 2375 433 contritio,

1517 452 1554 479 iii
1576 447 1729 479 voluntas
1760 446 1934 478 concordet
1961 445 2096 488 manae
2126 449 2163 478 iit
2194 446 2378 479 advenienti

1517 504 1546 532 ec
1568 504 1606 532 iit
1627 504 1799 541 peceatum
1823 499 1999 540 expellenti.

1519 607 1718 638 Responnsso:
1744 605 1788 638 Ad
1813 606 1872 637 hoc
1896 605 2005 637 dicunt
2028 605 2137 646 aliqui,
2164 604 2249 646 quod
2274 593 2467 642 11151111-ορῑιῆοι

1430 659 1510 693 catio
1535 659 1700 701 triplicitc,¹
1735 658 1859 691 dicitur.
1898 658 1962 691 Uno
1991 658 2084 690 modo
2120 658 2236 690 dicitur
2271 658 2377 691 iustifi-
2407 667 2483 702 ,Iustini-

1432 713 1511 746 catio
1535 713 1581 744 acl
1605 712 1770 744 iustitiam
1803 711 2043 753 praepa-ratim
2080 715 2110 743 et
2142 711 2215 743 huic
2250 712 2375 753 quidem
2389 693 2483 746 fflfgffe‘in

1433 765 1608 798 necessaria
1632 769 1679 797 est
1703 764 1821 796 attritio
1845 764 1895 796 vel
1920 764 2019 796 dolor.
2037 764 2101 795 Alio
2125 764 2219 796 modo
2236 764 2381 797 institiae
2467 756 2469 767 ³

1431 817 1579 860 infasio;
1604 822 1633 850 et
1659 818 1732 850 liuic
1757 817 1936 850 necessaria
1953 821 2000 849 est
2018 817 2130 849 infusio
2148 817 2266 858 gratiae
2287 820 2317 849 et
2333 826 2384 849 ex-

1433 872 1537 914 pulsio
1561 872 1682 913 culpae.
1708 871 1812 903 Tertio
1849 871 1941 903 modo
1978 870 2155 902 iustificatio
2188 873 2234 902 est
2269 870 2304 901 in
2339 870 2384 902 iu-

1433 925 1526 957 sticia
1562 924 1773 962 emet-citatim
1808 927 1839 956 et
1871 924 1945 956 huic
1981 923 2158 956 necessaria
2186 927 2259 955 sunt
2282 923 2345 955 duo
2368 933 2386 956 a.

1435 978 1535 1020 gratia
1563 981 1593 1009 ot
1618 978 1681 1009 duo
1713 977 1753 1009 ab
1784 977 1905 1015 anima,
1931 976 2048 1009 scilicet
2083 980 2187 1008 motus
2223 976 2313 1008 liberi
2341 986 2386 1008 ar-

1436 1030 1519 1062 bitrii
1545 1033 1575 1062 et
1600 1029 1753 1061 contritio.
1779 1029 1814 1060 Et
1838 1029 1964 1067 dicunt,
1990 1028 2122 1061 verbum
2146 1029 2333 1070 Augustini8
2349 1030 2387 1062 de

1436 1083 1495 1115 ista
1520 1082 1738 1114 iustificatione
1763 1081 1909 1123 intelligi:
1936 1081 1994 1122 Qui
2020 1082 2138 1114 creavit
2165 1085 2192 1113 te
2216 1086 2273 1114 etc.
2472 1104 2473 1118 i

1526 1136 1584 1167 Sed
1610 1139 1711 1174 certe,
1737 1135 1762 1167 si
1786 1135 1826 1167 ad
1850 1135 1927 1173 hoc,
1952 1135 2033 1176 quod
2061 1135 2161 1175 gratia
2193 1135 2386 1174 infundatur,
2401 1140 2468 1162 senten

1437 1197 1563 1222 necesse
1587 1192 1651 1227 est,
1676 1188 1761 1230 quod
1790 1188 1884 1219 homo
1908 1196 1941 1220 se
1962 1192 2143 1229 praeparet
2167 1188 2388 1221 consentiendo
2407 1168 2468 1188 amm

2467 772 2470 828 l

2468 830 2470 851 l

2468 862 2471 895 l

2469 904 2471 933 l

2469 942 2471 955 ι

2470 987 2472 1001 l

1438 1242 1556 1283 gratiae
1580 1245 1610 1273 et
1635 1241 1819 1273 detestando
1844 1245 2025 1282 peccatum3
2042 1249 2169 1272 necesse
2194 1244 2257 1279 est,
2275 1240 2305 1272 in
2323 1241 2388 1282 ipsa
2472 1214 2475 1266 ἶ

1435 1295 1569 1337 gyraliae
1593 1292 1761 1336 infusione
1778 1293 1837 1325 ista
1854 1297 1990 1335 quatuor
2015 1302 2100 1332 esse,
2119 1293 2235 1325 scilicet
2256 1293 2389 1335 gratiae
2406 1324 2410 1329 ,
2446 1269 2483 1329 ,Qli

1438 1346 1640 1390 infusionem
1664 1350 1695 1379 et
1719 1346 1814 1378 liberi
1836 1346 1975 1378 arbitrii
2001 1350 2144 1384 motum,
2170 1350 2199 1378 et
2227 1331 2483 1402 eoniri'iio-ffianff‘f

1437 1411 1511 1433 neni
1547 1404 1578 1433 et
1609 1400 1738 1442 peccati
1767 1399 2000 1441 expulsionem.
2032 1400 2116 1432 Deus
2152 1400 2235 1432 enim
2260 1400 2390 1441 expellit

1439 1455 1565 1496 culpam
1591 1453 1785 1485 infundendo
1809 1453 1961 1494 gratiam3
1986 1453 2039 1485 sed
2078 1462 2139 1484 non
2175 1453 2311 1485 infundit
2333 1454 2392 1486 nisi

1439 1509 1464 1540 ei
1492 1508 1544 1548 qni
1569 1507 1755 1545 concordat,
1780 1510 1809 1538 et
1834 1514 1961 1538 necesse
1985 1509 2032 1538 est
2056 1506 2247 1538 concordare
2276 1507 2392 1547 gratiae

1439 1560 1627 1593 aduenienti
1649 1564 1679 1592 et
1701 1563 1873 1601 peccalum
1901 1559 2078 1600 expellenti.
2105 1559 2228 1591 Gratiae
2254 1559 2312 1591 nt⁹
2339 1560 2393 1591 cid-

1439 1613 1580 1645 oenienti
1603 1613 1772 1645 concordat
1807 1621 1863 1654 per
1900 1616 2020 1644 motum
2046 1612 2135 1643 liberi
2161 1612 2301 1651 arbitrii,
2326 1609 2483 1653 gra-Conui¹

1441 1668 1501 1699 tiae
1525 1670 1561 1699 ut
1580 1670 1754 1708 peceatum
1778 1665 1961 1707 eaepellenti,
1981 1674 2036 1707 per
2053 1668 2173 1697 motum
2193 1665 2393 1698 contritionis.

1443 1721 1527 1753 Unde
1552 1721 1615 1752 duo
1639 1723 1712 1751 suut
1736 1719 1778 1750 ibi
1802 1728 1820 1750 a
1851 1718 1933 1757 Deo,
1963 1718 2080 1750 scilicet
2111 1718 2245 1760 yraiz‘cie
2270 1717 2395 1760 infiiisio

1440 1778 1471 1806 et
1484 1773 1612 1815 peccati
1626 1771 1792 1813 expulsioe
1808 1775 1838 1803 et
1855 1772 1918 1803 duo
1936 1781 1953 1803 a
1970 1771 2060 1803 nobis
2078 1771 2127 1803 liis
2144 1771 2269 1803 duobus
2295 1772 2394 1804 modis
2478 1805 2479 1808 ,

1441 1835 1586 1859 consona..
1603 1845 1648 1848 —
1665 1826 1699 1857 Et
1723 1825 1800 1857 haec
1829 1828 1965 1866 quatuor
1995 1828 2167 1865 tanguntur
2192 1824 2223 1856 in
2249 1824 2301 1856 illo
2329 1831 2483 1857 ver-Confirn‘:

1442 1881 1541 1913 siculo
1564 1879 1677 1912 Psalmi
1692 1879 1728 1909 ¹0:
1753 1877 1963 1910 Cominovisti
1988 1881 2113 1909 terrain
2137 1882 2166 1909 ei
2191 1878 2397 1910 conturbasti
2479 1867 2480 1875 ἵ

1442 1942 1536 1971 eain,-
1559 1942 1645 1964 sana
1671 1931 1882 1963 contritiones
1906 1930 1996 1968 eliis,
2027 1930 2107 1972 qnia
2144 1934 2307 1963 commota
2342 1934 2396 1963 est.

1442 1986 1547 2018 Gratia
1571 1986 1654 2017 enim
1679 1984 1856 2016 adueniens
1881 1983 1911 2015 in
1936 1983 2073 2015 animam
2099 1988 2274 2015 comn‘zooet
2298 1984 2398 2016 ralio-

1443 2049 1534 2077 nem,
1560 2038 1735 2071 secundum
1773 2037 1857 2079 quod
1894 2040 1940 2069 est
1976 2045 2049 2078 pars
2087 2036 2177 2068 liberi
2202 2037 2342 2076 arbitrii,
2367 2041 2396 2070 et

1444 2091 1618 2124 conturbat
1640 2090 1841 2122 voluntalem
1866 2098 1922 2131 per
1946 2089 2183 2127 contritionem,
2208 2094 2239 2122 et
2264 2093 2396 2131 postmo-

1444 2146 1520 2177 dnm
1545 2149 1645 2176 sancii
1667 2153 1725 2185 per
1746 2143 1876 2185 peccati
1900 2142 2132 2184 expulsionem.
2152 2143 2185 2174 Et
2203 2143 2282 2174 ratio
2300 2143 2395 2176 huius

1445 2197 1607 2235 redditur,
1642 2197 1717 2237 quia
1753 2195 1922 2237 praecessit
1958 2195 2078 2236 duplex
2115 2195 2306 2233 commotio,
2343 2204 2397 2236 per
2432 2222 2435 2224 ,

1444 2260 1539 2292 quam
1565 2251 1669 2282 anima
1694 2249 1761 2290 ipsa
1786 2258 1817 2281 se
1843 2249 1961 2290 gratiae
1980 2248 2159 2280 justificanti
2178 2249 2398 2287 conformavit,

1445 2308 1475 2336 et
1499 2303 1569 2335 ideo
1593 2303 1771 2344 subiungit:
1798 2302 1878 2344 quisi
1903 2305 2064 2333 commota
2090 2306 2143 2333 esc.
2168 2320 2211 2323 —
2229 2301 2400 2334 Conceden-

1446 2357 1503 2389 dae
1529 2356 1624 2398 igitur
1653 2359 1726 2387 sunt
1758 2355 1894 2386 rationes
1924 2354 1963 2386 ad
1989 2354 2069 2386 lianc
2095 2358 2216 2396 partem
2245 2354 2397 2387 inductae.

1538 2411 1564 2441 1.
1590 2411 1618 2441 2.
1645 2409 1687 2440 Ad
1713 2408 1792 2440 illud
1829 2417 1903 2440 vero
1936 2407 2019 2449 quod
2055 2407 2202 2439 obiicitur
2227 2407 2258 2438 in
2283 2412 2401 2439 contra·
2426 2409 2483 2459 Solff

1446 2464 1547 2502 rium,
1572 2463 1656 2504 quod
1682 2466 1769 2494 motu
1794 2461 1916 2493 timoris
1940 2464 1969 2493 et
1993 2460 2110 2492 amoris
2135 2461 2285 2502 contingit
2316 2444 2456 2492 iusti-⁹⁰Sl
2476 2451 2483 2469 '³

1446 2517 1551 2555 ficarig
1576 2515 1763 2553 dicendum,
1788 2514 1873 2556 quod
1899 2514 1929 2545 iu
1947 2518 2074 2556 peccato
2093 2514 2151 2545 tria
2176 2517 2266 2552 sunt,
2284 2513 2400 2546 scilicet

1447 2569 1532 2601 [tolio
1570 2568 1652 2600 mala
1688 2571 1718 2600 et
1754 2568 1821 2609 ipsa
1856 2567 1986 2599 interior
2026 2565 2160 2598 maculet
2196 2570 2226 2598 et
2260 2566 2478 2609 seqilelct.Triai¹

2428 2598 2476 2618 cato.

2474 1424 2476 1455 l

503 2743 510 2758 ¹
532 2743 623 2768 esaim.
644 2742 690 2773 st,
717 2742 754 2767 14.
776 2757 808 2760 -
829 2742 951 2773 August,
973 2742 1086 2767 Enarrat.
1112 2742 1136 2766 in
1162 2741 1201 2766 Ps.
1223 2741 1264 2766 84.
1292 2748 1315 2766 n.
1341 2741 1382 2765 16:

435 2796 445 2809 «
460 2787 515 2818 lpsa
537 2789 574 2811 651
593 2787 677 2817 prima
696 2786 807 2810 bominis
826 2786 935 2817 iustitia,
950 2788 978 2810 ut
991 2786 1083 2816 punias
1103 2788 1126 2810 te
1147 2785 1257 2815 malum,
1273 2788 1297 2810 61
1311 2785 1386 2809 saciat

431 2834 455 2856 16
476 2831 543 2855 Deus
562 2830 670 2855 bonum.
691 2831 754 2862 Quia
775 2837 839 2861 ergo
859 2831 912 2861 ipsa
928 2833 965 2855 est
980 2830 1061 2861 prima
1077 2830 1189 2854 hominis
1209 2830 1311 2861 iustitia,
1331 2830 1386 2860 ipsa

433 2874 460 2899 fit
480 2875 521 2899 via
542 2875 608 2906 Deo,
629 2877 657 2898 ut
675 2875 762 2899 veniat
786 2874 819 2898 ad
839 2877 862 2899 16
882 2874 968 2898 Deus:
988 2873 1023 2898 ibi
1043 2873 1076 2897 illi
1097 2873 1136 2897 fac
1156 2873 1225 2897 viam
1246 2874 1270 2897 iu
1291 2873 1388 2897 confes-

433 2921 503 2944 sione
518 2922 685 2951 peccatorum
699 2928 723 2943 22.
738 2918 762 2943 S.
777 2919 873 2943 Bonuv.
889 2918 1005 2943 Glossam
1019 2917 1134 2948 exhibet,
1147 2920 1174 2942 ut
1188 2916 1298 2942 habetur
1315 2916 1386 2947 apud

434 2964 498 2988 Petr.
519 2962 658 2988 Lonibard.

502 3006 512 3022 ‘2
532 3006 583 3032 Csr.
614 3007 697 3031 Serm.
726 3007 766 3031 22.
797 3006 869 3037 (alias
899 3006 956 3030 1109.
986 3005 1019 3030 de
1048 3004 1189 3036 Tempore)
1219 3010 1239 3029 c.
1265 3004 1288 3028 3.
1309 3011 1333 3028 n.
1355 3004 1383 3035 33

434 3051 515 3075 Serm.
531 3051 589 3075 351.
604 3050 678 3083 (alias
696 3051 739 3076 ult,
754 3051 819 3075 inter
838 3050 931 3075 llomil.
946 3050 990 3082 50)
1011 3056 1031 3074 c.
1047 3048 1071 3074 4.
1086 3056 1109 3073 n.
1125 3049 1148 3073 9.
1164 3051 1188 3073 et
1208 3055 1229 3073 c.
1250 3047 1274 3072 5.
1294 3054 1318 3072 n.
1341 3048 1386 3079 =l2;

434 3095 501 3120 XXI.
522 3095 553 3120 dc
574 3095 628 3120 Civ.
648 3096 707 3126 Dei,
728 3102 749 3120 c.
771 3094 811 3119 24-Δ
832 3102 857 3119 n.
881 3094 913 3126 43
934 3094 965 3119 de
980 3093 1041 3118 Fide
1054 3093 1086 3118 ad
1101 3094 1204 3118 Petrum
1219 3092 1295 3124 (inter
1309 3099 1387 3123 opera

434 3139 567 3170 August),
588 3146 608 3164 c.
631 3139 653 3164 3.
675 3147 698 3163 n.
719 3139 761 3163 38.
782 3146 872 3171 seqq,
893 3141 917 3163 et
936 3138 969 3163 de
994 3138 1062 3163 Vera
1087 3140 1112 3163 et
1136 3137 1198 3162 falsa
1219 3137 1388 3167 Poenitentiu,

435 3188 455 3206 c.
482 3182 518 3206 17.
538 3189 562 3206 n.
583 3183 622 3207 33.
644 3190 697 3215 seq.
718 3183 785 3208 Vide
810 3184 886 3208 otiam
906 3183 972 3214 Hug.
993 3190 1006 3207 a
1027 3183 1051 3207 S.
1071 3182 1153 3213 Vict,
1175 3181 1201 3205 ll.
1222 3180 1255 3206 de
1274 3180 1388 3205 Sacram.

436 3232 461 3256 p.
482 3225 547 3250 XIV.
569 3232 589 3250 c.
611 3227 633 3250 3.

506 3268 516 3284 ³
536 3269 662 3300 Respectu
691 3271 888 3301 iustificationis,
916 3278 982 3302 quae
1002 3273 1039 3295 est
1058 3270 1168 3301 gratuita
1188 3272 1213 3295 et
1235 3270 1390 3300 supernatu-

435 3313 502 3337 ralis.
522 3326 557 3330 —
577 3313 601 3336 ln
622 3314 748 3345 principio
777 3321 831 3345 arg.
856 3321 904 3345 pro
925 3313 1059 3340 uolanti-ile
1079 3314 1184 3347 plurimi
1203 3313 1280 3339 codd.
1304 3314 1389 3337 incon-

437 3363 502 3387 grue
522 3355 681 3381 voluntarie.

1522 2739 1531 2755 ⁴
1552 2740 1615 2771 Qui,
1637 2742 1665 2764 ut
1684 2737 1782 2763 dictum
1811 2739 1849 2762 est
1868 2739 1967 2769 quaest.
1988 2735 2122 2767 praeced,
2143 2738 2181 2761 651
2201 2737 2301 2767 primus
2321 2738 2404 2761 motus

1451 2784 1613 2809 consentiens
1634 2783 1738 2813 gratiae.

1522 2827 1533 2843 5
1553 2828 1624 2851 Vors.
1647 2826 1688 2851 27,
1708 2838 1742 2843 —
1762 2825 1786 2849 ln
1807 2825 1856 2849 fine
1877 2832 1931 2856 arg.
1952 2831 2000 2855 pro
2019 2823 2091 2857 quod
2109 2823 2166 2848 cod.
2188 2824 2207 2848 U
2227 2825 2322 2849 molus.

1523 2871 1533 2887 ⁶
1554 2871 1626 2895 Vors.
1647 2869 1696 2894 47:
1724 2870 1896 2894 Remittuntur
1916 2869 1938 2893 ei
1958 2871 2005 2893 ete.
2026 2882 2060 2885 —
2079 2868 2182 2899 Glossay
2213 2875 2279 2900 quae
2307 2870 2345 2893 est
2368 2874 2403 2892 56-

1452 2915 1568 2941 cundum
1587 2915 1695 2945 Gregor.
1716 2914 1753 2944 (ll.
1774 2913 1866 2938 Homil.
1887 2914 1911 2937 in
1933 2913 2031 2943 Evang.
2053 2913 2140 2937 homil.
2168 2912 2208 2937 33.
2229 2919 2253 2936 n.
2274 2911 2317 2945 4.>‚
2338 2910 2404 2937 ordi-

1452 2958 1533 2984 naria
1552 2961 1590 2983 cst
1609 2958 1678 2989 apud
1698 2957 1819 2982 Sti-abun]
1839 2960 1863 2981 et
1883 2957 2021 2987 Lyranum.

1522 3001 1533 3018 ⁷
1553 3002 1652 3026 Scilicet
1672 3001 1817 3032 integrales.
1838 3000 1888 3026 Csr.
1909 3004 1970 3025 tom.
1991 3000 2025 3024 111.
2045 3007 2105 3031 pag.
2125 2999 2191 3031 728,
2213 3002 2271 3024 nota
2286 3000 2309 3024 17..
2322 2998 2404 3023 ——De

1452 3045 1553 3072 minori
1571 3046 1631 3071 vide
1650 3052 1730 3077 supra
1750 3052 1809 3077 pag.
1831 3045 1895 3076 357,
1918 3048 1975 3069 nota
1997 3044 2020 3069 8.

1523 3089 1534 3105 8
1553 3089 1602 3115 Cfr.
1623 3097 1701 3121 supra
1722 3096 1783 3120 pag.
1805 3089 1870 3121 327,
1891 3091 1949 3113 nota
1970 3089 1992 3112 2.
2023 3102 2056 3105 —
2084 3088 2209 3118 Superius
2235 3089 2293 3118 post
2311 3086 2363 3112 cluo
2388 3091 2404 3111 a

1452 3134 1542 3168 ⁸(fratia
1562 3134 1619 3159 cod.
1640 3141 1669 3159 aa
1689 3134 1837 3164 subiungit:
1857 3139 1925 3166 quiue
1944 3131 2093 3158 immediate
2117 3132 2181 3157 suut
2205 3131 2288 3163 (licia,
2310 3129 2404 3156 scilicet

1453 3178 1551 3211 infusio
1570 3178 1675 3211 aruliae
1694 3179 1718 3204 ei
1737 3177 1858 3210 eoepulsz‘o
1878 3176 1979 3210 culpae.

1524 3223 1534 3239 9
1555 3223 1586 3247 lta
1608 3222 1683 3247 codd.
1713 3222 1811 3253 GHY,
1841 3221 1897 3247 cod.
1928 3221 1963 3246 bb
1992 3220 2073 3251 sicul,
2103 3221 2127 3245 in
2154 3221 2209 3245 aliis
2228 3223 2252 3245 et
2271 3219 2330 3245 edd.
2357 3217 2401 3249 sic,

1454 3266 1511 3291 cod.
1532 3267 1549 3290 Z
1569 3267 1599 3291 ul
1618 3265 1775 3297 advenienti,
1797 3265 1835 3292 sio
1854 3264 2004 3291 concordat.

1526 3310 1546 3326 ¹0
1567 3311 1657 3335 Psalm.
1678 3310 1725 3342 59,
1742 3311 1767 3335 2.
1789 3309 1839 3335 Cfr.
1854 3310 1962 3340 August.
1982 3312 2006 3334 et
2025 3308 2187 3341 Cassiodor.,
2209 3309 2234 3333 in
2255 3309 2322 3333 hunc
2341 3306 2402 3337 loc.;

1455 3356 1577 3387 Gregor„
1598 3355 1613 3379 1.
1634 3355 1726 3379 ΙΙοη]11.
1746 3355 1771 3379 in
1792 3355 1881 3379 Ezech.
1903 3354 1989 3378 homil.
2011 3353 2051 3378 210.
2072 3360 2096 3377 n.
2118 3353 2159 3377 28.
