2483 3882
401 243 463 275 996

399 331 511 363 Christi
530 329 712 367 effunditur,
726 329 754 360 in
769 327 985 360 remissionem
1003 329 1203 368 peccatorum
1221 326 1351 358 effundi-

399 388 464 421 tur,
479 391 603 424 semper
617 391 691 423 ergo
706 381 846 422 accipere
858 380 969 417 debeo,
983 379 1057 420 quia
1074 387 1198 420 semper
1217 387 1349 420 pecco».

487 437 516 468 lt.
542 437 633 473 Item,
658 434 718 466 alia
741 433 870 465 ratione
895 433 1039 464 videtur:
1066 432 1140 473 quia
1171 432 1350 464 Sacramen-

399 494 463 521 tum
490 489 567 520 illud
600 491 693 528 auget
718 487 748 518 in
773 485 899 517 homine
930 485 1080 516 virtutem
1111 489 1141 517 et
1165 485 1348 524 caritatemg

398 543 451 575 sed
477 545 593 583 quanto
617 541 694 571 haec
726 539 826 580 magis
849 541 1016 579 augentur,
1042 542 1126 569 tanto
1159 538 1270 570 melius
1303 543 1349 571 est

398 595 490 626 homo
515 592 700 634 dispositus,
725 595 755 623 et
779 594 896 632 quanto
918 590 1030 622 melius
1055 590 1239 632 dispositus,
1265 594 1349 622 tanto

396 645 592 687 frequentius
616 644 896 677 debetaccedere:
923 652 996 684 ergo
1021 653 1042 674 α
1063 643 1175 684 primo
1188 643 1206 682 ¹,
1236 644 1274 675 ad
1300 644 1349 675 Sa-

396 702 591 731 cramentum
618 697 675 729 hoc
700 705 825 738 semper
849 700 896 728 est
920 696 1143 728 accedendum.

486 751 628 783 CONTRA:
665 752 691 782 ¹1.
724 750 933 791 Augustinus,
964 750 1002 781 de
1041 750 1260 783 Ecclesiasticis
1292 750 1348 782 Do-

251 804 598 846 Adopposi-gmatil)us²z
631 816 644 832 «
673 803 817 844 Quotidie
850 803 1076 835 Eucharistiam
1113 803 1254 844 accipere
1291 812 1347 835 nec

289 844 340 862 tum.

395 857 489 890 laudo
513 866 569 889 uec
603 857 746 898 vitupero
762 869 801 894 »3
826 856 880 889 sed
911 856 934 887 si
968 864 1091 897 semper
1125 856 1253 888 deberet
1282 865 1347 897 per-

395 910 472 951 cipi.
497 909 657 941 laudaret:
684 918 758 950 ergo
783 912 840 941 etc.

483 964 511 993 2.
538 963 630 999 item,
656 961 887 1003 Augustinus&
919 961 1025 1002 «Quid
1053 971 1145 1003 paras
1170 962 1294 994 dentem
1318 965 1347 993 et

394 1018 564 1048 ventrem?
600 1015 699 1047 Crede
735 1018 878 1052 tantum,
914 1018 944 1047 et
981 1015 1175 1047 manducasti
1199 1027 1234 1046 »z
1273 1024 1347 1055 ergo

393 1068 481 1101 nulla
504 1072 550 1100 est
576 1068 694 1100 utilitas
718 1068 747 1099 in
767 1068 947 1109 accipiendo
972 1067 1191 1109 corporaliter,
1217 1068 1303 1109 quia,
1322 1067 1345 1099 si

394 1121 499 1163 aliqua
523 1124 605 1153 esset
629 1121 764 1158 utilitas,
791 1121 871 1152 male
896 1130 969 1161 ergo
995 1121 1113 1153 diceret
1137 1120 1345 1162 Augustinus:

400 1174 512 1215 «Quid
538 1183 630 1216 paras
654 1174 777 1206 dentem
804 1177 833 1205 et
866 1178 1007 1206 ventrem
1026 1176 1063 1204 »2²
1089 1174 1163 1215 quia
1188 1173 1347 1205 diceretur

394 1229 438 1259 ei:
464 1231 592 1268 propter
618 1227 792 1259 utilitatem.

484 1280 511 1312 3.
545 1280 636 1317 item,
669 1279 799 1311 ratione
831 1279 973 1312 videtur:
1011 1280 1085 1321 quia
1123 1279 1268 1321 possibile
1301 1283 1348 1311 est

394 1333 587 1365 manducare
610 1332 833 1374 spiritualiter
859 1342 918 1364 non
943 1333 1135 1371 accedendo,
1161 1336 1191 1364 et
1220 1342 1279 1364 non
1302 1337 1349 1365 est

394 1386 435 1418 ibi
460 1385 655 1427 periculum,
688 1385 741 1417 sed
767 1386 958 1424 accedendo,
984 1386 1040 1417 nisi
1077 1385 1169 1417 homo
1198 1385 1237 1417 sit
1270 1385 1348 1417 bene

393 1443 539 1480 paratus,
565 1443 611 1470 est
636 1438 854 1480 13e1‘icultini⁴:
887 1447 961 1479 ergo
991 1439 1014 1470 si
1049 1438 1098 1470 via
1131 1438 1271 1471 securior
1302 1443 1348 1470 est

394 1491 553 1533 eligenda,
578 1495 652 1523 tunc
677 1500 751 1532 ergo
768 1500 840 1523 raro
865 1494 911 1523 est
929 1491 1226 1523 communicandum
1249 1500 1349 1523 sacra-

393 1539 570 1577 mentaliter
595 1548 626 1577 et
650 1553 743 1586 saepe
761 1544 976 1586 spiritualiter.

481 1598 511 1630 li.
536 1597 630 1636 Item,
655 1597 755 1639 gloria
787 1597 840 1629 Dei
874 1601 980 1629 nostro
1003 1597 1168 1629 commodo
1192 1601 1239 1629 est
1264 1605 1349 1638 prae-

392 1651 538 1688 ferenda,
565 1650 618 1682 sed
655 1650 707 1692 qui
742 1649 870 1682 dimittit
906 1650 1055 1682 accedere
1089 1654 1216 1691 propter
1245 1650 1350 1681 Sacra-

392 1705 489 1736 menti
515 1703 696 1745 dignitatem
723 1703 938 1745 principaliter
963 1703 1016 1735 dat
1041 1703 1171 1744 gloriam
1199 1703 1275 1741 Deo,
1295 1703 1347 1745 qui

392 1760 498 1789 autem
523 1756 642 1788 accedit
659 1760 788 1798 propter
813 1756 1003 1788 sacramenti
1021 1755 1193 1788 efficaciam
1217 1756 1350 1788 attendit

394 1810 560 1852 proprium
586 1809 804 1842 commodum:
824 1818 899 1851 ergo
925 1809 1037 1841 melius
1063 1809 1133 1841 facit
1150 1809 1203 1851 qui
1229 1813 1349 1845 cessat.

395 1873 488 1906 quam
515 1863 567 1905 qui
594 1863 721 1895 accedit.

485 1917 577 1948 quta
602 1916 661 1948 hoc
685 1915 849 1957 quaeritur
874 1915 913 1947 de
934 1915 1116 1947 diversitate
1133 1915 1350 1955 institutionis,

280 1980 383 2010 Quaestio
398 1970 480 2012 quia,
498 1969 674 2001 secundum
692 1968 776 2010 quod
794 1968 909 2001 dicitur
927 1968 964 2000 de
982 1968 1231 2006 Consecratione‚
1245 1969 1351 2001 distin-

298 2006 363 2027 incid.

400 2023 500 2055 ctione
525 2022 663 2055 secunda
678 2022 699 2060 ⁵,
723 2021 888 2053 Anacletus
918 2021 1067 2059 instituit,
1093 2021 1175 2063 quod
1209 2022 1353 2064 quaudo-

401 2085 538 2118 cumque
564 2075 706 2107 venirent
729 2075 767 2106 ad
795 2075 960 2107 Ecclesiam
970 2087 978 2112 3
1003 2074 1169 2113 Fabianus,
1195 2075 1278 2117 quod
1305 2080 1351 2107 ter

393 2131 424 2161 in
462 2139 561 2167 anno;
587 2129 674 2161 Soter
707 2128 804 2170 Papa,
829 2128 912 2170 quod
946 2128 975 2160 in
1012 2128 1116 2160 Coena,
1149 2128 1296 2167 Domini,
1322 2132 1352 2161 et

398 2182 569 2215 Decretalis
594 2182 685 2220 dicit,
710 2181 792 2223 quod
819 2181 915 2213 semel
938 2181 973 2212 iu
997 2191 1094 2212 (tuno.

750 2279 990 2302 CONCLUSIO.

394 2360 561 2402 Frequens
585 2359 706 2390 ,simutt'o
735 2357 958 2390 eucharistiae
991 2357 1072 2390 homi
1103 2364 1148 2389 est
1180 2359 1351 2400 recipienti

482 2422 554 2445 edm
580 2422 653 2444 cum
680 2412 803 2444 mundo
839 2411 935 2443 coi-cle
967 2415 994 2442 ct
1018 2411 1159 2443 carucae
1190 2412 1345 2449 ardente,-

481 2467 538 2498 scc(
575 2465 702 2508 stipulo
741 2465 869 2507 expedit
903 2475 986 2497 rui-0
1026 2465 1202 2501 [καθίζω-θ,-
1240 2465 1346 2497 medio

483 2520 576 2551 morlo
615 2529 648 2550 sc
688 2518 820 2550 fruticati
857 2518 1005 2549 conuenit
1039 2518 1134 2549 1110110
1173 2518 1347 2556 accedere,

482 2573 577 2604 modo
602 2571 773 2603 abstinere.

483 2662 679 2693 uesposnsso:
706 2660 894 2700 Dicendum,
912 2659 993 2701 quod
1021 2659 1044 2691 si
1071 2659 1141 2701 quis
1158 2668 1282 2700 semper
1304 2668 1348 2691 es-

234 2721 376 2742 Conclusio1-
394 2718 439 2747 set
472 2718 618 2756 paratus,
652 2722 776 2754 semper
800 2712 877 2744 utile
909 2716 990 2744 esset
1020 2712 1077 2744 hoc
1110 2712 1347 2743 Sacramentum

1157 238 1441 270 SENTENTIARUM
1465 238 1533 270 LIB.
1559 240 1606 272 lv.

1416 327 1569 369 recipere,
1594 331 1628 359 ut
1658 328 1774 360 scilicet
1800 328 1929 359 haberet
1962 328 2176 360 habitaculum
2209 328 2363 363 mundum

1415 383 1444 411 et
1468 380 1673 421 spiritualiter
1698 380 1876 412 comederet
1901 381 1984 412 hunc
2009 380 2113 413 cibum
2144 391 2215 414 cum
2249 383 2366 417 honore

1414 436 1444 464 et
1468 433 1632 465 devotione
1644 434 1663 463 “2
1689 434 1767 474 Quia
1792 433 1886 473 igitur
1912 437 2052 475 tempore
2083 435 2234 468 Ecclesiae
2262 437 2366 478 primi·
2380 423 2483 492 fficffl*

1415 485 1495 517 tivae
1520 490 1609 517 erant
1632 485 1751 516 mutuli
1766 494 1821 526 per
1840 485 1984 526 baptismi
2012 486 2217 519 innocentiam
2236 493 2266 521 et
2282 499 2366 522 carz-

1415 542 1478 570 tatc
1502 539 1653 569 ardentes
1679 547 1733 579 per
1759 538 1956 570 donationem
1990 539 2123 580 Spiritus
2156 542 2271 581 sancti;
2298 543 2365 576 ideo

1414 591 1607 632 congruebat
1631 591 1675 623 eis
1699 591 1840 632 quotidie
1870 593 2113 625 cottlmunicat'e.
2130 613 2175 617 —
2190 595 2269 635 Quia
2292 605 2366 629 vero

1415 644 1615 684 postmodum
1641 643 1754 675 caritas
1780 644 1923 685 refriguit
1938 645 1958 683 ⁷,
1988 649 2018 677 et
2042 655 2097 686 per
2131 652 2256 688 peccata
2281 658 2368 681 mun-

1414 697 1490 728 ditia
1508 696 1702 737 baptismalis
1720 700 1753 727 ut
1772 696 1799 727 in
1826 696 1972 737 pluribus
1990 698 2112 739 perdita
2137 704 2196 736 est;
2222 701 2366 734 relictum

1414 749 1471 781 fuit
1497 749 1610 780 iudicio
1635 752 1665 780 et
1682 749 1889 781 conscientiae
1910 739 2176 793 uniuscuiusque,
2194 757 2228 785 ut
2253 755 2366 797 recipe-

1414 806 1476 840 ret,
1502 801 1628 842 quando
1653 810 1685 833 se
1714 801 1901 842 dispositum
1928 803 2064 842 videret,
2097 813 2135 836 ne
2160 805 2250 838 aliter
2283 816 2366 840 man-

1414 855 1543 886 ducaret
1567 854 1604 885 ad
1631 863 1720 885 suam
1747 854 1989 887 damnationem.
2007 875 2050 879 —
2068 858 2102 889 Et
2125 859 2199 899 quia
2225 859 2366 893 homines

1414 907 1597 948 inceperunt
1614 907 1681 938 fieri
1700 907 1905 948 negligentes:
1922 909 2074 950 oportuit,
2092 914 2127 942 ut
2144 911 2257 943 iterum
2284 913 2366 945 insti-

1413 964 1555 991 tueretur
1572 968 1589 990 a
1607 959 1736 990 Summo
1762 960 1906 992 Pontifice
1930 961 2147 1003 frequentatio.
2161 983 2204 986 —
2217 965 2274 997 Sed
2294 967 2365 1007 quia

1413 1012 1653 1053 frequentabant
1685 1012 1775 1044 multi
1806 1016 1835 1044 et
1861 1022 1920 1045 non
1951 1013 2029 1047 bene
2062 1024 2094 1047 se
2119 1018 2365 1059 praeparabant,

1413 1065 1546 1097 instituit
1571 1065 1741 1103 Fabianus,
1766 1071 1801 1097 ut
1826 1067 1927 1099 tribus
1952 1069 2024 1100 anni
2050 1069 2318 1108 solemnitatibus„
2336 1073 2364 1104 in

1412 1118 1528 1159 quibus
1554 1117 1695 1150 homines
1720 1119 1832 1151 melius
1850 1124 2002 1161 parantur
2023 1125 2053 1153 et
2075 1132 2153 1163 quas
2175 1123 2366 1157 desiderabi-

1413 1171 1473 1202 lius
1498 1175 1699 1213 exspectant,
1724 1173 2010 1212 communicarent,
2035 1175 2153 1208 scilicet
2177 1176 2292 1216 Natali,
2318 1178 2369 1211 Pa-

1413 1224 1519 1256 schate
1544 1229 1574 1256 et
1599 1224 1786 1256 Pentecoste.
1803 1245 1847 1248 —
1866 1226 1898 1257 Et
1915 1226 1988 1267 quia
2005 1227 2147 1261 homiues
2171 1229 2276 1262 adhuc
2301 1240 2369 1273 pro-

1414 1286 1503 1309 cessu
1533 1278 1682 1318 temporis
1716 1278 1745 1309 in
1772 1278 1820 1309 his
1852 1278 1954 1311 tribus
1988 1281 2182 1321 temporibus
2215 1283 2369 1325 negligen-

1414 1333 1460 1361 ter
1485 1338 1517 1361 se
1542 1331 1790 1371 praeparabariu
1816 1331 1886 1363 ideo
1911 1332 1968 1364 hoc
1993 1332 2032 1364 ad
2058 1337 2237 1367 extremum
2263 1338 2366 1369 estad

1414 1383 1530 1414 Pascha
1555 1383 1740 1422 reductum,
1766 1385 1849 1425 quod
1877 1385 2033 1426 praecedit
2054 1389 2179 1428 tempus
2205 1398 2367 1430 praepara-

1414 1435 1519 1473 tionis,
1545 1435 1664 1468 scilicet
1689 1437 1946 1478 Quadragesima.

1503 1488 1531 1520 Si
1558 1497 1632 1530 ergo
1658 1489 1836 1531 quaeritur,
1862 1494 1969 1522 utrum
1995 1492 2145 1533 expediat
2168 1493 2369 1535 frequentare

1413 1541 1525 1580 alicui,
1550 1542 1733 1580 dicendum,
1759 1543 1841 1584 quod
1876 1544 1900 1575 si
1926 1553 1959 1576 se
1991 1545 2095 1577 videat
2126 1555 2194 1578 esse
2224 1547 2253 1578 in
2287 1551 2370 1580 statu

2461 496 2463 524 l

1416 1594 1568 1627 Ecclesiae
1598 1595 1793 1636 primitivae,
1827 1596 2020 1629 laudandum
2047 1602 2094 1630 est
2118 1599 2257 1640 quotidie
2289 1601 2483 1632 com-00¹101'181*

1414 1648 1594 1685 municare3
1619 1648 1642 1680 si
1669 1652 1773 1680 autem
1800 1649 1830 1680 in
1855 1653 1939 1682 statu
1965 1650 2117 1683 Ecclesiae
2143 1651 2242 1691 finali,
2261 1656 2368 1695 utpote

1415 1701 1564 1743 frigidum
1590 1706 1620 1734 et
1647 1702 1787 1741 tardum,
1814 1703 2008 1735 laudandum
2034 1708 2094 1743 est,
2119 1705 2202 1746 quod
2229 1715 2319 1745 raro,
2344 1707 2367 1739 si

1415 1758 1519 1786 autem
1547 1755 1649 1787 medio
1675 1756 1784 1793 modo,
1810 1756 1913 1788 medio
1938 1757 2031 1789 modo
2061 1766 2093 1789 se
2118 1758 2210 1790 debet
2234 1759 2369 1798 habere,

1415 1810 1445 1839 et
1468 1807 1638 1849 aliquando
1655 1808 1748 1840 debet
1764 1801 1905 1847 cessare,
1924 1813 1958 1841 ut
1982 1810 2123 1842 addiscat
2140 1812 2293 1848 revereri;
2318 1812 2370 1844 ali-

1416 1861 1542 1902 quando
1566 1861 1730 1899 accedere,
1756 1865 1790 1893 ut
1815 1861 2029 1894 inflammetur
2058 1872 2184 1902 amore3
2218 1865 2291 1906 quia
2317 1865 2368 1897 tali

1416 1913 1529 1955 hospiti
1563 1914 1696 1946 debetur
1729 1914 1846 1953 honor,
1884 1915 2018 1947 debetur
2043 1920 2073 1948 et
2101 1925 2206 1955 amor3
2242 1921 2272 1949 et
2296 1921 2370 1950 tunc

1416 1967 1591 1999 secundum
1618 1967 1701 1999 illam
1728 1972 1868 2009 partem,
1894 1969 2067 2001 secundum
2087 1979 2180 2011 quam
2207 1971 2321 2002 viderit
2337 1980 2370 2004 se

1418 2019 1530 2052 melius
1548 2020 1715 2061 proficere,
1732 2021 1771 2052 ad
1790 2021 1875 2052 illam
1896 2021 1994 2063 magis
2011 2022 2159 2061 declinet,
2177 2024 2261 2064 quod
2277 2024 2369 2056 homo

1416 2073 1518 2105 solum
1543 2073 1739 2115 experientia
1763 2074 1854 2106 discit
1871 2074 1889 2105 ³.
1908 2093 1951 2097 ——
1976 2074 2091 2107 Omnes
2114 2076 2208 2117 igitur
2233 2077 2368 2109 rationes

1416 2126 1453 2158 ad
1480 2127 1615 2168 primam
1631 2130 1761 2168 *partem
1789 2127 2021 2169 intelliguntur,
2043 2128 2130 2160 salva
2155 2129 2259 2161 debita
2283 2138 2369 2170 prae-

1416 2181 1593 2221 paratione,
1618 2189 1699 2222 quae
1724 2181 1753 2212 in
1780 2181 1978 2223 paucissimis
2003 2185 2050 2214 est
2073 2185 2107 2214 ut
2131 2191 2266 2224 semper.
2289 2197 2291 2199 >

1509 2235 1533 2265 1.
1560 2234 1602 2266 Ad
1628 2234 1705 2266 illud
1730 2234 1814 2275 quod
1839 2234 1986 2267 obiicitur
2003 2235 2034 2267 in
2059 2236 2267 2275 contrarium,
2284 2237 2369 2278 quod

1415 2287 1607 2329 Augustinus
1624 2297 1684 2319 non
1703 2287 1824 2326 laudat,
1842 2288 1895 2320 sed
1915 2288 2064 2330 relinquit
2085 2289 2309 2328 conscientiae,
2327 2289 2369 2322 di-

1415 2340 1566 2379 cendum,
1584 2340 1667 2382 quod
1688 2340 1745 2372 hoc
1763 2340 1854 2379 dicit,
1872 2340 1945 2382 quia
1969 2341 2175 2382 quibusdam,
2194 2345 2228 2373 ut
2250 2346 2367 2374 tactum

1415 2397 1478 2431 est,
1505 2393 1603 2435 magis
1627 2396 1673 2425 est
1697 2393 1773 2424 utile
1805 2392 2020 2434 frequentare,
2046 2393 2237 2434 quibusdam
2262 2398 2367 2426 autem

1414 2455 1504 2485 raro3
1522 2446 1595 2487 quia
1620 2446 1770 2478 maiorem
1793 2445 1979 2485 efficaciam,
1996 2446 2122 2485 cred00,
2141 2447 2250 2488 recipit
2274 2447 2368 2479 homo

1414 2499 1444 2530 in
1470 2508 1533 2530 una
1557 2499 1649 2531 Missa
1678 2499 1727 2531 vel
1757 2499 1997 2531 manducatione
2025 2508 2096 2531 cum
2128 2499 2208 2532 bona
2239 2508 2366 2541 praepa-

1415 2552 1547 2590 ratione,
1573 2561 1669 2593 quam
1698 2552 1727 2583 in
1757 2552 1879 2590 multis,
1905 2553 1929 2584 si
1955 2561 2015 2584 non
2045 2561 2078 2584 se
2102 2556 2268 2594 praeparet
2301 2552 2366 2585 dili-

1414 2608 1533 2646 genter.

1502 2660 1530 2690 2.
1556 2659 1598 2690 Ad
1624 2659 1711 2691 aliud
1736 2659 1920 2697 dicendum,
1946 2658 2031 2700 quod
2056 2658 2134 2690 illud
2164 2658 2238 2690 dicit
2267 2660 2366 2700 Augu-

1413 2712 1534 2750 stinus,
1560 2721 1620 2743 uon
1646 2712 1720 2754 quia
1748 2711 1948 2743 manducatio
1980 2711 2218 2744 sacramentalis
2243 2720 2303 2743 non
2329 2711 2367 2743 sit

394 2866 508 2891 tunditur
533 2866 647 2896 sanguis,
669 2866 692 2889 in
719 2866 897 2890 remissionem
926 2868 1091 2896 peccatorum
1118 2864 1241 2892 tunditur,
1264 2863 1347 2888 debeo

393 2911 464 2935 illum
485 2917 589 2941 semper
609 2911 739 2941 accipere,
755 2912 782 2934 ut
794 2916 898 2940 semper
913 2910 973 2934 mihi
993 2912 1096 2940 peccata
1118 2908 1285 2933 dimittantur.
1300 2908 1347 2939 Qui

394 2962 497 2986 semper
514 2961 594 2986 pecco
614 2961 718 2984 semper
739 2953 821 2978 debeo
841 2953 935 2978 habero
956 2953 1120 2978 medicinam.
1134 2966 1169 2970 —
1183 2951 1271 2978 Maior
1291 2959 1348 2983 pro-

394 2998 450 3023 bata
466 3002 503 3023 est
517 3002 563 3023 ari.
579 2997 698 3029 praeced.
713 3004 737 3029 q.
754 2997 777 3028 3,
794 2997 838 3022 ubi
852 2998 928 3022 etiam
942 2995 1031 3022 πιαίον
1044 3003 1098 3028 seq.
1112 3003 1168 3027 arg.
1184 2999 1285 3020 ostensa
1303 2998 1348 3020 est.

464 3042 471 3058 ¹
494 3042 549 3067 Vnt.
570 3041 641 3067 addit
660 3041 695 3067 cul
710 3040 848 3067 'ultt'immu
870 3042 917 3066 Pro
938 3039 1009 3066 (lebet
1028 3040 1086 3065 cod.
1109 3040 1115 3064 l
1135 3040 1225 3072 potest.

465 3086 474 3101 ‘2
494 3085 663 3116 (Gennadius)
684 3092 704 3110 c.
726 3085 767 3110 23.
788 3085 854 3110 Vide
874 3086 914 3110 bic
934 3085 960 3109 lit
989 3085 1114 3115 Magistri,
1135 3091 1155 3108 c.
1177 3084 1200 3108 6.

463 3130 473 3146 3
495 3131 519 3155 ln
540 3131 606 3155 toan.
627 3130 724 3161 Evang.
746 3134 774 3155 tr.
796 3130 836 3154 ⁶25.
863 3136 886 3154 u.
909 3130 948 3154 12.
971 3129 1035 3154 Vide
1061 3136 1139 3160 snpra
1166 3129 1199 3153 lit.
1220 3129 1347 3160 Magistri,

394 3174 418 3199 d.
441 3175 482 3199 lx.
502 3182 523 3198 c.
549 3175 567 3198 1.
868 3173 877 3189 ⁴
898 3173 964 3198 Vide
983 3181 1061 3204 supra
1083 3180 1142 3205 pag.
1163 3172 1223 3204 294,
1245 3175 1304 3197 nota
1325 3173 1348 3197 3.

465 3219 475 3235 ⁵
495 3218 555 3244 Can.
576 3219 687 3245 Peracta
714 3218 910 3245 consecratione
930 3218 1004 3250 (10.),
1026 3225 1117 3243 omnes
1143 3218 1347 3248 communicent,

396 3264 438 3294 qui
459 3263 586 3288 noluerint
605 3263 783 3289 ecclesiasticis
808 3270 895 3288 carere
919 3262 1058 3287 liminibus.
1080 3263 1121 3287 Sic
1146 3263 1214 3287 enim
1234 3262 1347 3293 Apostoli

392 3301 537 3331 'statuerunt
557 3305 616 3339 [cfr.
639 3306 700 3332 Cau.
723 3307 836 3338 Apostol.
858 3307 903 3339 8.],
925 3310 949 3332 et
968 3310 1054 3332 sancta
1080 3307 1195 3332 Romana
1220 3309 1288 3331 tenet
1307 3306 1348 3330 Ec-

395 3350 478 3375 clesia.
493 3363 528 3367 —
543 3350 654 3381 rabian„
675 3350 700 3375 C.
716 3350 773 3375 Etsi
791 3357 846 3376 mm
864 3350 1029 3384 frequentius
1050 3351 1122 3382 (16.),
1139 3351 1227 3376 saltem
1243 3350 1267 3374 in
1281 3356 1348 3374 anno

395 3398 432 3419 ter
452 3394 506 3419 laici
534 3395 651 3418 homines
677 3395 881 3425 communicent⁷
903 3395 949 3419 nisi
970 3395 1033 3419 sorte
1054 3395 1111 3427 quis
1132 3393 1274 3419 maioribus
1293 3394 1348 3426 qui-

1412 2863 1523 2889 buslibet
1543 2864 1695 2889 criminibus
1714 2864 1883 2895 impediatur;
1905 2864 1929 2888 iu
1950 2864 2045 2888 Pascha
2065 2863 2185 2888 videlicet
2205 2866 2229 2888 ct
2249 2864 2365 2887 Penteco-

1412 2911 1449 2931 ste
1469 2911 1493 2931 et
1513 2907 1590 2932 Natali
1613 2907 1721 2932 Domini.
1737 2922 1771 2925 —
1784 2908 1865 2938 Soter,
1882 2906 1908 2932 C.
1923 2908 1953 2932 lu
1968 2906 2053 2933 Coena
2067 2905 2176 2932 Domitii
2194 2905 2258 2938 (17.)
2278 2913 2293 2931 a
2313 2907 2366 2938 qui-

1414 2950 1524 2975 busdam
1540 2953 1671 2983 perceptio
1686 2953 1854 2977 eucharistiae
1869 2952 2008 2983 negligitur
2021 2954 2068 2976 etc.
2081 2964 2114 2968 —
2125 2951 2263 2976 Decretalis
2275 2949 2366 2976 Omnis

1413 2995 1553 3029 uirtusque
1572 3003 1654 3022 scarus
1674 2997 1734 3022 vide
1754 2997 1777 3020 in
1798 3003 1870 3028 corp.
1891 3000 1989 3029 quaest.
2010 2995 2142 3027 praeced.v

1484 3039 1494 3055 6
1515 3040 1581 3065 Vide
1600 3043 1645 3065 art.
1667 3041 1788 3072 praeced.
1812 3048 1836 3072 q.
1858 3041 1880 3065 rl.

1484 3084 1494 3100 ⁷
1514 3084 1658 3115 Respicitur
1678 3085 1762 3110 Matth.
1784 3084 1830 3116 24,
1855 3085 1903 3109 liz:
1925 3085 2081 3116 Refrigescet
2101 3085 2192 3109 caritas
2216 3083 2365 3108 multorum.

1484 3127 1495 3143 8
1513 3127 1563 3153 Csr.
1586 3131 1703 3160 August,
1726 3129 1804 3160 Epist.
1827 3128 1868 3153 54.
1896 3128 1968 3159 (alias
1999 3128 2065 3160 118.)
2085 3135 2106 3153 c.
2128 3128 2150 3152 3.
2172 3134 2196 3152 11.
2216 3127 2244 3158 4,
2266 3134 2295 3151 cx
2316 3133 2365 3158 qua

1413 3171 1490 3196 refert
1509 3172 1535 3197 C.
1558 3171 1678 3203 Quotidie
1698 3173 1761 3205 (13.)
1781 3173 1796 3204 S
1818 3173 1840 3204 l,
1861 3172 1894 3197 de
1912 3172 2058 3198 Consecrat.
2079 3172 2103 3197 d.
2125 3173 2153 3197 2:
2180 3172 2273 3197 Dixerit
2299 3171 2365 3203 quis-

1414 3218 1496 3248 piam,
1518 3223 1567 3241 non
1589 3216 1703 3248 quotidie
1728 3217 1906 3248 acciplendam
1932 3217 2128 3247 eucharistiam,
2151 3216 2215 3241 alius
2241 3216 2363 3246 affirmet,

1414 3260 1541 3293 quotidie3
1563 3261 1637 3285 saciat
1655 3261 1836 3293 unusquisque
1857 3260 1927 3293 quod
1947 3260 2091 3286 secundum
2118 3260 2195 3285 fldem
2223 3266 2297 3285 suam
2324 3260 2365 3290 pie

1413 3305 1494 3330 credit
1513 3311 1569 3329 esse
1590 3304 1734 3329 faciendum
1755 3309 1802 3330 etc.
1824 3305 1890 3330 Vide
1909 3305 1974 3330 infra
1993 3305 2068 3329 solut.
2087 3304 2120 3329 ad
2142 3304 2164 3329 4.

1484 3348 1494 3364 ‘³
1513 3348 1594 3373 Codd.
1615 3348 1739 3373 FGUbb
1759 3349 1789 3374 ut
1813 3347 1899 3379 credo,
1923 3349 1980 3374 Vat.
2002 3355 2062 3373 cum
2088 3348 2184 3380 aliquot
2209 3347 2284 3372 codd.
2306 3347 2366 3378 legit

1414 3391 1499 3424 credo,
1523 3391 1593 3425 quod
1612 3391 1727 3424 recipiat.

2397 2236 2467 2266 Solutio
2475 2244 2476 2257 l

2384 2264 2481 2304 posxtoruq
