2483 3882
734 246 827 278 DlST.
852 244 911 277 Xll.
933 244 963 275 P.
988 243 1008 275 Ι.
1033 242 1114 274 ΑΒΤ.
1139 241 1171 272 11.
1196 239 1348 281 QUAEST.
1372 238 1392 270 Ι.

81 341 252 386 penei-atio
277 339 326 372 vel
351 338 420 370 alia
444 336 603 373 mit-latim
625 344 699 368 sane
723 337 823 376 potest
847 332 924 370 dici,
946 330 1030 373 quod

88 396 168 428 sicut
195 392 357 426 conversio
388 394 435 423 est
466 389 598 422 mutatio
629 387 840 429 singularis',
865 385 909 417 sic
933 388 964 416 et
987 391 1034 415 re-

88 447 200 480 versio.
224 443 383 486 Quidquid
407 446 512 474 autem
537 442 651 473 horum
677 440 817 477 dicatur,
835 438 911 470 dum
929 440 1032 468 tamen

1979 234 2040 264 277

1097 337 1155 361 non
1188 330 1347 360 asseratur
1380 324 1589 367 pertinaciter,
1614 323 1738 355 nullum
1769 325 1816 353 est
1848 320 1888 352 ibi
1923 320 2043 361 pericu-

1097 381 1180 419 lum3
1205 380 1305 413 solum
1331 379 1389 411 hoc
1413 380 1570 414 caveatur,
1595 379 1630 407 ut
1653 377 1776 406 nostrae
1802 372 1980 414 capacitatis
2003 371 2044 402 in-

1097 432 1266 475 telligentia
1290 430 1425 464 totaliter
1449 430 1480 461 in
1497 428 1611 461 Christi
1628 426 1814 468 obsequium
1837 425 2011 466 captivetur
2024 424 2044 454 ².

920 553 1214 596 SGHOLION.

159 666 175 691 1.
195 665 352 697 Experientia
372 666 484 693 constat,
498 663 523 687 in
537 662 703 686 Sacramento
716 659 863 690 accidentia,
877 658 935 683 licet
948 664 961 682 a
975 655 1037 682 sub-

90 711 179 736 stantia
199 710 273 741 panis
292 711 316 733 et
335 708 387 732 vini
408 708 456 732 sint
485 709 618 737 separata,
639 704 745 730 eosdem
769 702 913 735 producere
932 701 1037 726 effectus

90 754 238 784 sensibiles,
266 757 320 778 tum
347 752 372 776 in
402 749 503 783 ayendo
530 752 583 774 tuin
610 749 633 773 in
656 746 796 781 patiendo,
817 753 883 779 quos
903 745 1037 770 coniuncta

91 805 150 824 cum
171 797 310 823 substantia
331 798 403 820 antea
423 794 555 819 habebant
569 792 623 824 (cfr.
644 792 708 817 intra
729 799 753 824 q.
769 791 812 822 3.).
833 790 937 815 Axioma
952 790 1037 812 autem

91 844 129 867 est
147 841 372 870 Scholasticorum,
395 844 444 863 non
465 841 549 862 tamen
569 836 661 861 eodem
682 835 760 860 modo
774 834 807 859 ab
820 832 941 858 omnibus
960 830 1038 862 expli-

91 887 190 916 catum,
212 883 283 916 quod
302 882 442 908 accidentia
467 883 547 913 agant
570 879 598 906 in
622 879 719 906 virtute
747 875 926 907 substantiae;
951 875 1039 899 «sicut

91 930 158 955 enim
178 927 300 953 accidens
318 933 368 952 non
388 927 425 951 est
443 932 490 957 per
503 931 540 956 se,
557 925 589 949 ita
609 930 659 948 non
680 923 756 948 habet
769 923 889 947 virtutem
911 917 1041 953 operandi

93 981 138 1006 per
157 980 198 1005 se,
218 972 265 998 sed
284 978 330 1003 per
349 971 471 995 virtutem
490 968 670 994 substantiae»
694 966 738 999 (ita
758 967 774 991 1.
795 966 864 990 Sent.
884 964 908 989 d.
929 964 953 988 3.
973 970 998 994 p.
1013 962 1038 987 ll.

90 1024 114 1042 3.
136 1017 158 1041 l.
179 1023 203 1048 q.
224 1016 247 1040 3.
267 1015 300 1040 ad
320 1014 364 1044 5.).
384 1014 447 1038 Ilinc
466 1013 591 1043 explicatu
618 1011 720 1036 difficile
743 1012 794 1041 est,
819 1006 952 1041 quomodo
977 1006 1039 1031 acci-

92 1061 190 1092 dentia,
212 1067 257 1085 sua
279 1058 385 1084 naturali
405 1057 544 1082 substantia
570 1056 683 1087 privata,
704 1054 802 1086 possint
821 1053 926 1077 eftectus
945 1049 1040 1075 habere

93 1110 286 1137 quoscumque;
308 1102 457 1134 praesertim
477 1107 549 1130 vero,
564 1102 588 1124 et
601 1098 733 1131 quomodo
748 1098 930 1122 convertantur
943 1095 966 1119 in
982 1093 1040 1119 sub-

94 1149 211 1174 stantiam
231 1147 356 1178 alimenti,
376 1148 402 1170 et
421 1144 566 1177 quomodo,
587 1143 714 1174 corruptis
734 1140 884 1173 speciebus,
904 1138 995 1164 cedant
1015 1138 1040 1162 in

94 1193 169 1218 aliam
190 1191 359 1217 substantiam
388 1189 615 1222 qualemcumque.
635 1186 700 1212 Cum
719 1186 751 1211 de
771 1185 841 1218 facto
861 1186 959 1208 constet
977 1183 1042 1206 inter

94 1243 197 1268 omnes,
218 1235 250 1260 de
277 1233 354 1260 modo
379 1234 466 1258 variae
494 1233 633 1257 sententiae
652 1232 712 1256 sunt
730 1232 840 1254 exortae.
860 1227 911 1252 Nec
931 1227 1041 1257 mirum,

94 1281 153 1313 quia
174 1286 215 1304 res
242 1281 280 1304 est
305 1277 337 1302 de.
366 1276 490 1302 miraculo
518 1274 723 1306 singularissimo
748 1275 773 1297 et
800 1271 832 1297 ab
862 1270 1042 1295 observatione

95 1330 217 1349 sensuum
238 1322 340 1353 penitus
363 1323 476 1351 remoto;
506 1320 612 1350 insuper
637 1317 784 1342 Scholastiei
813 1316 837 1339 in
858 1313 982 1339 solvenda
999 1319 1043 1344 ge-

95 1367 172 1392 nerali
199 1366 347 1399 quaestione
368 1364 545 1396 philosophica
567 1362 599 1387 de
618 1361 710 1392 modo,
739 1366 792 1392 quo
811 1359 908 1383 formae
928 1357 1043 1382 substan-

93 1411 165 1436 tiales
184 1412 340 1442 generantur
358 1413 382 1433 et
412 1411 621 1438 corrumpuntur,
647 1405 757 1430 diversis
778 1404 825 1428 viis
853 1402 982 1427 incedunt.
1011 1414 1044 1418 -—

96 1456 120 1480 S.
150 1456 329 1479 Bonaventura
356 1453 432 1477 etiam
463 1453 511 1476 lioc
540 1451 594 1475 loco
624 1456 673 1474 non
701 1448 795 1473 recedit
815 1447 847 1472 ab
874 1447 913 1471 liis
942 1445 1045 1471 duobus

97 1499 236 1531 principiis,
256 1504 323 1530 quae
343 1496 400 1521 alibi
422 1498 510 1520 conti-a
530 1495 592 1519 alios
613 1495 745 1525 professus
764 1496 809 1517 est.

171 1543 191 1567 l.
205 1543 274 1566 Sicut
287 1539 394 1566 mittum
407 1545 488 1573 aqens
503 1539 623 1564 creatam
637 1537 781 1568 producere
796 1538 878 1566 potest
890 1532 1042 1564 materiam,

97 1588 133 1612 sic
147 1593 193 1611 nec
206 1585 314 1610 alterum
329 1590 415 1609 rerum
430 1589 614 1614 corporearum
630 1581 785 1612 principium
801 1579 976 1609 intrinsecum,
992 1576 1045 1601 scil.

94 1631 214 1664 formam
234 1627 452 1658 substantialem,
476 1627 522 1651 nisi
543 1633 572 1651 ea
592 1627 641 1650 iam
662 1625 835 1657 aliquatenus,
855 1622 880 1647 id
900 1625 938 1646 est
957 1627 1046 1646 seeun-

99 1676 161 1701 dum
181 1673 321 1700 essentiam
341 1673 402 1703 (non
423 1671 602 1702 existentiam),
623 1669 768 1700 praeexistit
788 1669 811 1692 in
833 1673 886 1691 suis
905 1665 1047 1691 rationibus

99 1718 266 1744 seminalibus
286 1717 330 1747 (ita
350 1716 375 1740 11.
396 1716 464 1740 Seni.
484 1714 508 1739 d.
529 1714 553 1738 7.
575 1720 599 1744 p.
620 1713 646 1737 11.
668 1719 690 1736 a.
705 1712 727 1736 2.
743 1718 767 1743 q.
792 1712 811 1735 1.
826 1711 855 1741 ’2;
877 1710 902 1735 d.
929 1709 965 1733 18.
986 1716 1007 1732 a.
1025 1709 1046 1732 1.

100 1771 124 1796 q.
140 1764 164 1788 2.
181 1763 210 1793 3;
225 1761 269 1787 cfr.
284 1761 299 1785 1.
315 1761 381 1785 Seut.
404 1759 427 1784 d.
443 1758 484 1783 42.
504 1766 526 1782 a.
541 1758 607 1782 unic.
628 1763 652 1788 q.
668 1756 695 1786 43
711 1756 735 1779 ll.
750 1755 817 1779 Seut.
832 1754 858 1779 d.
879 1754 899 1778 l.
915 1760 939 1784 p.
956 1753 972 1777 l.
986 1760 1008 1776 a.
1024 1752 1047 1776 3.

100 1815 124 1840 q.
150 1808 170 1838 l,
192 1806 216 1831 d.
237 1806 277 1830 30.
298 1812 320 1829 3.
343 1805 367 1829 3.
390 1811 419 1836 q.
446 1804 470 1834 l;
492 1803 526 1826 111.
547 1802 614 1826 Sent.
639 1800 662 1825 d,
686 1799 724 1824 14.
751 1806 772 1823 3.
794 1799 817 1823 3.
844 1806 869 1830 q.
890 1798 914 1821 3.
934 1810 968 1815 —-
987 1796 1049 1821 Aliis

99 1851 185 1876 modis
204 1856 259 1875 rem
278 1850 374 1874 tentant
393 1847 519 1878 explicare
534 1846 636 1877 plurimi
651 1844 806 1874 scholastici,
821 1843 886 1867 inter
905 1848 971 1874 quos
990 1843 1049 1866 sunt

101 1896 125 1920 S.
146 1896 238 1920 Tliom.
259 1897 283 1918 et
302 1894 400 1918 Scotus.
600 1917 603 1919 .

173 1940 196 1963 2.
217 1938 341 1963 Accidens
361 1944 407 1962 nec
426 1937 520 1961 virtute
539 1934 643 1966 propria
662 1940 709 1958 nec
728 1936 756 1958 ut
775 1933 973 1957 instrumentum
992 1929 1050 1955 sub-

101 1984 207 2008 stantiae
220 1981 323 2006 videtur
335 1979 443 2013 proprie
462 1980 586 2009 attingere
605 1977 637 2002 ad
657 1976 854 2008 productionem
879 1973 1049 2003 substantiae;

103 2028 147 2053 sed
174 2030 258 2052 tamen
285 2023 433 2058 dispositive
458 2023 526 2048 illam
553 2021 679 2054 producit,
699 2020 770 2053 quod
796 2018 923 2050 approbat
949 2018 1048 2042 Scotus.

103 2072 175 2097 Unde
190 2071 265 2102 (infra
276 2077 300 2101 q.
313 2070 336 2094 3.
348 2068 454 2101 quaesit.
467 2068 501 2098 2.)
513 2066 629 2097 docetur,
645 2064 715 2097 quod
729 2065 749 2089 si
765 2073 775 2086 α
788 2063 862 2088 datur
875 2061 1051 2087 accidentibus

104 2116 215 2147 potentia
235 2112 402 2139 convertendi
421 2112 446 2136 in
473 2111 652 2141 substantiam,
675 2115 734 2134 cum
755 2108 874 2132 desinunt
894 2113 976 2131 esse...
997 2105 1052 2130 talis

105 2160 215 2192 potentia
236 2156 343 2183 ommino
363 2157 401 2181 est
418 2161 501 2188 supra
522 2155 651 2179 naturam
664 2162 692 2185 »,·
712 2156 736 2177 et
755 2152 780 2176 ll.
802 2152 869 2176 Sent.
890 2150 915 2175 d.
940 2150 976 2174 13.
992 2157 1013 2174 3.
1029 2150 1051 2173 2.

102 2211 129 2236 q.
150 2205 173 2228 Q.
203 2201 317 2227 fundam.
344 2199 371 2225 4:
396 2199 523 2224 «Nullum
553 2197 672 2222 accidens
700 2200 738 2221 est
765 2202 842 2220 causa
862 2193 1052 2225 substantiaen3

106 2248 176 2280 quod
202 2247 278 2272 etiam
304 2245 459 2276 supponitur
479 2243 503 2267 d.
528 2242 569 2266 29.
590 2248 612 2266 a.
638 2241 656 2265 l.
678 2248 702 2272 q.
728 2241 751 2264 2.
772 2239 804 2264 ad
825 2239 848 2263 3.
868 2238 918 2263 Cfr.
939 2238 964 2262 11.
985 2238 1053 2262 Sem.

106 2292 131 2317 d.
159 2291 183 2315 7.
214 2298 238 2321 p.
268 2290 294 2314 ll.
320 2296 342 2313 a.
372 2289 440 2319 2.q.
462 2285 548 2317 11,ι111ἰ
578 2283 719 2313 concludit,
749 2282 819 2314 quod
846 2288 952 2312 «agens
984 2287 1055 2305 crea-

107 2341 161 2362 tum
181 2335 276 2360 nullam
296 2331 467 2366 quiddilcttem
479 2351 486 2362 ,
510 2336 557 2354 nec
576 2328 769 2354 substantialem
789 2333 836 2351 nec
856 2325 1054 2355 accidentalem,

107 2379 215 2406 ommino
241 2378 373 2410 producit,
394 2375 440 2401 sed
464 2378 547 2399 entem
573 2373 622 2398 suh
647 2379 696 2397 una
723 2371 889 2402 dispositione
915 2370 974 2394 tacit
999 2375 1055 2393 esse

111 2424 160 2449 sul)
175 2423 258 2447 alia».
279 2435 312 2439 -—
332 2421 376 2445 Ast
395 2420 419 2444 S.
440 2420 532 2443 Tliom.
554 2418 589 2448 (S.
610 2417 645 2441 111.
666 2423 690 2448 q.
710 2416 752 2440 77.
773 2422 794 2439 a.
816 2415 838 2438 3.
860 2413 892 2438 ad
913 2413 947 2444 3.)
969 2412 1055 2442 docet,

109 2467 179 2499 quod
199 2465 339 2491 accidentia
364 2465 419 2488 sive.
445 2463 578 2494 qualitates
598 2461 696 2485 activae
720 2462 745 2484 et
764 2459 883 2490 passivae
903 2463 981 2487 agere
1002 2462 1057 2486 pos-

109 2512 158 2536 sint
186 2509 218 2534 ad
247 2510 356 2534 sormam
385 2505 579 2531 substantialem
604 2500 858 2532 instrumentaliter,
887 2500 982 2525 scilicet
1006 2505 1057 2523 non

111 2553 216 2586 quidem
244 2553 339 2576 virtuto
364 2550 483 2582 propria,
515 2548 559 2573 sed
589 2549 682 2572 virtute
711 2546 808 2570 formae
834 2543 1007 2569 substantialis
1032 2546 1059 2567 ut

111 2597 259 2630 principalis
278 2596 391 2627 agentis3
410 2600 489 2626 quam
510 2592 652 2617 doctrinam
673 2591 697 2615 S.
718 2590 813 2614 Bonav.
834 2595 884 2613 non
905 2593 1060 2612 commemo-

110 2645 164 2674 rat,
187 2641 231 2666 sed
252 2640 317 2665 Scot.
339 2640 390 2667 (liic
410 2646 434 2670 q.
456 2638 478 2661 3.
500 2643 523 2661 n.
545 2635 567 2660 4.
588 2635 671 2667 seqq.)
692 2634 782 2658 diffuse
802 2633 944 2663 impugnat.

182 2685 207 2710 ll.
228 2684 363 2709 Conclusio
388 2683 406 2706 l.
427 2680 584 2714 quaestionis
603 2683 693 2709 negata
721 2681 759 2702 cst
778 2683 791 2701 a
812 2674 930 2706 pluribus
950 2674 1060 2706 antiquis

112 2729 225 2762 (Algero,
247 2725 404 2752 Guitmundo
424 2727 448 2749 et
467 2723 592 2748 Gulielmo
606 2722 704 2753 Paris),
725 2721 767 2752 qui
783 2720 893 2751 primam
913 2718 1060 2749 opinionem

113 2775 153 2799 hic
173 2773 277 2798 relatam
299 2773 450 2803 posuerunt.
471 2782 504 2786 -
526 2768 590 2792 Tota
616 2771 640 2792 et
668 2772 762 2796 magna
789 2764 924 2789 difficultas
949 2761 1062 2787 consistit

114 2819 138 2842 in
159 2816 284 2842 solvendo
308 2817 327 2840 l.
348 2822 402 2845 arg.
423 2813 455 2839 ad
475 2819 579 2844 oppos;
602 2811 634 2836 de
654 2817 705 2842 quo
725 2809 812 2841 plures
832 2807 863 2832 al]
884 2808 988 2838 antiquo
1009 2806 1063 2836 opi—

115 2863 203 2887 niones
221 2859 444 2886 circumferuntur.
464 2856 556 2888 Opinio
576 2854 712 2880 lnnocentii
733 2854 767 2878 111.
783 2853 840 2884 (2.),
855 2858 933 2884 quam
947 2850 1063 2882 sequitur

115 2906 183 2930 Alex.
203 2905 266 2936 Ital,
288 2911 301 2928 a
322 2905 396 2928 Scoto
417 2902 469 2929 (hic
488 2908 512 2933 q.
541 2900 577 2932 7.)
605 2899 730 2928 relicitur,
751 2898 816 2922 sicut
835 2898 859 2920 et
879 2895 966 2926 plures
989 2893 1062 2918 aliae.

117 2949 173 2980 lpse
192 2947 264 2980 (ibid.
285 2954 308 2972 n.
334 2947 370 2971 ll.
390 2946 474 2978 seqq.)
494 2944 557 2975 vult,
577 2942 648 2975 quod
661 2940 809 2966 immediate
828 2947 842 2964 a
862 2939 914 2963 Deo
928 2937 993 2963 redit
1006 2936 1065 2962 sub-

117 2993 205 3017 stantia
225 2991 380 3022 composita,
402 2995 452 3014 non
473 2988 577 3020 quidem
599 2987 681 3017 panis,
703 2984 746 3009 sed
769 2984 832 3015 talis,
848 2982 881 3007 ad
901 2988 979 3014 quam
999 2981 1065 3005 acci-

117 3035 200 3061 dentia
221 3037 340 3065 corrupta
360 3033 507 3064 disponunt.
528 3045 561 3048 —
581 3031 605 3055 S.
626 3030 742 3054 Thomae
761 3027 797 3059 (S.
818 3027 864 3051 loc.
885 3026 926 3050 cit.
948 3032 970 3049 a.
991 3024 1014 3049 '5.
1030 3024 1064 3055 6.)

119 3086 168 3104 non
189 3079 289 3111 placent
316 3077 384 3103 duae
409 3077 450 3101 bic
475 3076 568 3101 relatae
596 3074 743 3105 opiniones,
774 3070 842 3095 unde
869 3070 901 3101 (a.
921 3069 956 3100 ὅ.)
978 3068 1065 3093 docet:

124 3124 234 3149 «Melius
252 3122 356 3147 videtur
375 3120 528 3151 dicendum,
557 3118 626 3151 quod
656 3118 681 3142 in
701 3117 755 3147 ipsa
776 3112 973 3141 consecratione
993 3113 1067 3137 mira-

120 3168 207 3193 culose
226 3167 300 3192 datur
321 3165 451 3197 quantitati
473 3163 633 3189 dimensivae
652 3161 725 3193 panis
745 3162 769 3184 et
788 3158 856 3190 vini,
878 3157 948 3189 quod
968 3157 999 3181 sit
1019 3156 1068 3188 pri-

120 3218 192 3237 mum
212 3211 356 3236 subiectum
377 3208 590 3240 subsequentium
611 3206 766 3234 formaru1n;
786 3204 835 3227 hoc
848 3205 934 3226 autem
954 3205 992 3225 est
1011 3206 1068 3231 pro-

121 3256 206 3286 prium
227 3255 361 3279 materiae:
381 3257 406 3278 et
424 3252 482 3277 ideo
502 3259 532 3277 ex
551 3249 716 3282 consequenti
733 3248 809 3272 datur
823 3245 968 3277 praedictae
987 3250 1068 3276 quan-

194 3386 201 3402 1
221 3387 251 3411 Ut
270 3390 400 3411 ostensum
420 3388 458 3410 est
477 3390 554 3415 supra
576 3383 599 3407 d.
624 3383 660 3406 ll.
681 3388 705 3413 p.
727 3381 741 3405 1.
762 3387 786 3412 q.
807 3381 830 3404 2.

1099 655 1161 680 titati
1182 653 1342 679 dimensivae
1361 658 1438 677 omne
1458 651 1534 682 illud,
1548 650 1619 683 quod
1632 649 1664 675 ad
1679 649 1812 673 materiam
1833 647 1975 679 pertinet».
1997 645 2047 670 Sed

1099 699 1176 723 etiam
1197 699 1259 723 haec
1278 696 1367 728 verba,
1388 696 1477 721 saltem
1497 696 1517 719 si
1538 694 1570 719 ad
1600 694 1708 719 litteram
1734 692 1909 723 intelliguntur
1928 692 2046 721 respectu

1101 742 1242 766 formarum
1262 738 1494 770 substantialium,
1517 738 1652 763 Involvunt
1671 743 1765 768 graves
1786 735 1946 761 difficultates
1965 737 1989 758 et
2006 739 2048 757 va-

1100 787 1151 811 rlas
1165 786 1374 816 provocaverunt
1395 782 1623 813 interpretationes.
1638 781 1662 805 ln
1677 780 1820 805 Comment.
1834 785 1897 803 vero
1911 778 1963 809 (uie
1982 784 2006 809 q.
2026 777 2046 801 l.

1102 837 1123 854 a.
1138 830 1162 854 ΕΞ.
1176 828 1335 861 quaestiunc.
1357 827 1379 851 4.
1393 826 1425 851 ad
1442 825 1476 858 4.)
1490 825 1558 850 idem
1580 824 1652 849 dicit:
1675 833 1686 846 «
1701 823 1806 854 Oportet
1826 829 1937 853 ponere,
1953 819 2050 852 aliquid

1102 875 1126 898 in
1142 874 1188 898 bac
1202 872 1367 904 generatione
1380 877 1435 895 esse
1449 869 1649 900 mtraculosum,
1665 872 1690 893 et
1700 867 1795 900 aliquid
1811 866 1940 897 naturale;
1953 865 2051 890 reditus

1102 918 1170 942 enim
1190 916 1361 947 substantiae,
1375 915 1416 940 vel
1436 914 1530 939 creatio
1550 913 1686 943 materiae,
1700 912 1740 936 vel
1761 910 1894 936 conversio
1915 909 2050 934 dimensio-

1102 969 1164 987 num
1184 962 1209 986 in
1229 960 1362 985 materiam
1382 961 1420 984 est
1440 957 1637 987 miraculosum;
1658 955 1702 981 sed
1724 955 1794 987 quod
1813 954 1919 979 materia
1933 953 1983 978 iam
2004 952 2051 977 exi·

1103 1009 1172 1031 stens
1190 1005 1296 1036 recipiat
1316 1004 1390 1029 talem
1412 1003 1536 1032 sormam,
1556 1001 1630 1026 cuius
1650 1000 1832 1030 dispositiones
1857 999 2051 1029 praecesserunt

1103 1050 1127 1073 in
1149 1046 1367 1078 dimensionibus,
1388 1047 1437 1071 hoc
1456 1049 1494 1071 est
1514 1044 1627 1069 naturale
1639 1053 1662 1067 n.
1677 1057 1710 1060 —
1732 1042 1766 1066 De
1786 1041 1900 1066 doctrina
1914 1041 1939 1064 in
1960 1040 1982 1064 3.
1998 1039 2051 1064 sun-

1104 1092 1226 1117 damento
1246 1091 1344 1121 tradita,
1365 1096 1431 1122 quac
1457 1081 1581 1120 supponit
1607 1085 1805 1120 generationem
1824 1083 2007 1117 aequivocam,
2029 1086 2053 1108 et

1105 1135 1210 1168 quidem
1231 1134 1307 1159 valde
1326 1137 1465 1161 extensam.
1486 1132 1526 1156 alii
1546 1130 1694 1156 Scliolastici
1715 1129 1857 1160 specialiter
1876 1130 1963 1159 agunt.

1177 1179 1201 1203 ll.
1222 1178 1258 1202 De
1279 1177 1370 1202 eadem
1391 1176 1541 1208 quaestione
1561 1176 1662 1205 praeter
1681 1173 1751 1198 locos
1770 1173 1834 1197 citt.:
1859 1172 1926 1196 Alex.
1947 1171 2009 1201 Hal.‚
2029 1171 2054 1195 S.

1105 1230 1130 1255 p.
1156 1223 1196 1247 lV.
1222 1229 1246 1254 q.
1268 1222 1308 1246 ’10.
1327 1228 1363 1246 m.
1385 1221 1408 1246 7.
1429 1227 1451 1245 a.
1473 1220 1497 1244 vl.
1518 1219 1533 1251 S
1553 1220 1576 1243 2.
1595 1232 1631 1236 —
1650 1218 1676 1242 B.
1696 1216 1800 1248 Albert.,
1823 1216 1854 1241 de
1874 1216 1921 1240 liae
1940 1219 1964 1240 et
1983 1221 2054 1246 seqq.

1106 1274 1148 1299 qq.
1170 1267 1210 1291 liic
1236 1274 1258 1291 3.
1280 1266 1320 1290 16.
1341 1266 1365 1290 in
1392 1265 1466 1289 solut.
1487 1270 1579 1295 oppos.
1599 1265 1623 1287 et
1646 1262 1670 1287 d.
1692 1261 1732 1286 13.
1757 1268 1779 1285 3.
1799 1261 1822 1285 9.
1848 1261 1884 1284 10.
1905 1274 1939 1277 —
1958 1260 2021 1284 Petr.
2042 1265 2055 1282 a

1107 1312 1176 1343 Tar.⁷
1193 1311 1233 1335 liic
1253 1318 1277 1342 q.
1299 1310 1322 1334 3.
1343 1316 1365 1334 a.
1380 1310 1403 1333 2.
1423 1322 1456 1326 —
1471 1306 1589 1332 Ricliardv
1604 1314 1616 1330 a
1638 1305 1711 1337 Med„
1725 1306 1771 1329 iiic
1784 1311 1806 1329 a.
1821 1303 1844 1329 4.
1859 1311 1883 1336 q.
1895 1304 1918 1328 2.
1933 1316 1966 1320 ——
1980 1303 2055 1327 Henr.

1106 1355 1197 1385 Gand.,
1224 1354 1316 1386 Quodl.
1343 1354 1366 1378 8.
1397 1360 1421 1384 q.
1452 1352 1492 1376 36.
1522 1365 1557 1369 -—
1586 1349 1707 1381 Durand.,
1737 1350 1777 1373 liic
1806 1356 1832 1380 q.
1856 1349 1878 1372 2.
1900 1362 1932 1365 —
1953 1347 2056 1377 Dionys.

1107 1399 1201 1430 Cat-lli„
1222 1398 1253 1423 de
1273 1399 1321 1423 bac
1340 1400 1364 1422 et
1383 1403 1455 1428 seqq.
1477 1403 1520 1427 qq.
1540 1395 1581 1419 hic
1601 1402 1625 1426 q.
1646 1395 1669 1418 2.

1178 1443 1215 1467 111.
1227 1442 1318 1474 Quoad
1330 1442 1352 1466 2.
1365 1441 1541 1473 quaestionem
1554 1441 1591 1463 est
1601 1438 1722 1463 sententia
1740 1443 1806 1461 nunc
1821 1436 1975 1466 communis,
1987 1434 2057 1467 quod

1109 1496 1155 1520 per
1174 1488 1274 1518 species
1294 1488 1456 1511 consecratas
1470 1490 1520 1508 non
1534 1483 1707 1508 coitvertatur
1727 1482 1781 1512 ipse
1794 1481 1878 1512 liquor
1891 1480 2054 1510 superfusus,

1109 1533 1185 1557 ctiam
1206 1533 1226 1556 si
1246 1532 1277 1556 sit
1302 1529 1418 1554 eiusdem
1445 1528 1553 1559 speciei;
1580 1527 1639 1551 hinc
1659 1525 1813 1556 posteriores
1833 1524 1936 1548 solvunt
1955 1529 2058 1547 concor-

1110 1576 1175 1601 diter
1196 1575 1373 1607 quaestionem
1392 1571 1577 1605 principalem.
1598 1583 1634 1588 —-
1654 1569 1744 1601 Quoad
1764 1567 1919 1593 adiunctam
1934 1566 2058 1598 quaestio-

1111 1626 1178 1650 nem,
1200 1621 1285 1643 utrum
1312 1617 1468 1642 admixtione
1493 1615 1600 1639 alicuius
1618 1613 1726 1645 liquoris
1746 1619 1795 1636 non
1817 1611 1955 1636 consecrati
1976 1613 2057 1634 cesset

1110 1664 1320 1692 Sacramentum3
1340 1663 1439 1686 tenetur
1457 1658 1628 1684 communiter
1648 1658 1696 1681 hoc
1711 1656 1875 1687 principium,
1890 1654 1960 1686 quod
1976 1655 2061 1677 manet

1111 1708 1217 1738 sanguis
1237 1705 1329 1730 Cliristi
1349 1704 1398 1729 sub
1418 1702 1563 1734 speciebus,
1586 1701 1668 1726 donee
1687 1701 1758 1731 ipsae
1778 1703 1910 1724 remanent
1929 1699 2056 1728 integi-affl

1112 1754 1136 1775 et
1155 1749 1225 1782 quod
1245 1748 1355 1779 recedit,
1370 1749 1389 1772 si
1410 1748 1535 1772 elementa
1556 1746 1580 1770 in
1599 1752 1644 1770 sua
1664 1743 1747 1777 specie
1767 1745 1976 1773 corrumpuntur,
1992 1740 2062 1772 quod

1112 1795 1180 1821 certe
1200 1793 1227 1818 fit
1246 1793 1400 1818 admixtione
1420 1791 1524 1816 alterius
1542 1790 1650 1821 liquoris
1672 1789 1696 1812 in
1721 1788 1817 1812 maiore
1841 1787 1987 1818 quantitate.
2012 1784 2062 1810 Sed

1113 1839 1145 1863 de
1164 1845 1233 1869 casu,
1254 1835 1359 1869 quando
1380 1842 1429 1860 non
1449 1835 1562 1866 species,
1583 1832 1629 1858 sed
1654 1831 1789 1865 quantitas
1815 1834 1913 1856 tantum
1933 1832 2061 1860 mutatur,

1113 1883 1169 1907 sive
1198 1880 1303 1913 quando
1332 1880 1423 1904 vinum
1451 1885 1502 1904 non
1531 1879 1710 1903 consecratum
1740 1875 1877 1906 apponitur
1897 1877 2063 1904 consecrato,

1114 1925 1251 1951 Durandus
1270 1925 1322 1956 (liic
1342 1931 1367 1956 q.
1390 1924 1427 1954 3.)
1448 1929 1507 1947 cum
1527 1922 1613 1946 multis
1631 1921 1686 1946 aliis
1706 1919 1891 1945 recentioribus
1911 1918 1992 1949 docet,
2014 1924 2064 1942 non

1114 1971 1232 1996 desinere
1251 1969 1423 2001 praesentiam
1443 1967 1534 1992 Christi
1564 1966 1725 1997 appositione
1745 1965 1820 1989 etiam
1841 1963 1945 1988 maioris
1966 1962 2066 1994 quanti-

1116 2016 1172 2040 tatis
1190 2015 1242 2039 vini
1264 2020 1314 2038 non
1335 2012 1491 2043 consecrati,
1512 2010 1584 2043 quod
1610 2009 1746 2041 probabile
1766 2015 1822 2033 esse
1842 2010 1928 2033 censet
1946 2006 2065 2031 Ricliard.

1116 2067 1128 2084 3
1150 2058 1214 2084 Med.
1235 2059 1287 2089 (liic
1307 2064 1329 2082 a.
1345 2057 1367 2081 4.
1388 2064 1412 2089 q.
1432 2056 1471 2088 l),
1485 2058 1509 2080 et
1523 2056 1591 2080 favet
1609 2055 1675 2079 Scot.
1691 2053 1742 2084 (bic
1762 2060 1786 2085 q,
1802 2051 1844 2084 4.).
1865 2051 1915 2076 Sed
1933 2051 1957 2075 S.
1972 2051 2065 2075 Tuom.

1117 2104 1151 2135 (S.
1163 2103 1210 2128 loc.
1223 2103 1264 2127 cit.
1276 2109 1298 2126 a.
1313 2101 1348 2134 8.)
1363 2107 1421 2126 cum
1437 2101 1510 2124 Petro
1529 2106 1542 2124 a
1561 2099 1620 2123 Tar.
1635 2097 1686 2129 (hic
1700 2105 1724 2129 q.
1739 2098 1761 2121 2.
1777 2104 1800 2121 a.
1817 2097 1839 2120 2.
1855 2095 2014 2127 quaestione.
2028 2094 2066 2126 2.)

1117 2149 1165 2173 boc
1185 2154 1236 2172 non
1266 2145 1390 2177 coneedit,
1420 2145 1467 2169 nisi
1495 2144 1585 2168 vinum
1614 2142 1763 2167 adiunctum
1784 2142 1850 2165 esset
1873 2149 1883 2162 a
1898 2143 1949 2164 tam
1971 2145 2067 2169 parvae

1117 2191 1272 2223 quantitatis,
1293 2188 1365 2221 quod
1386 2194 1434 2212 non
1456 2188 1543 2218 posset
1563 2184 1683 2217 pertundi
1704 2191 1750 2216 per
1763 2186 1845 2208 totum
1859 2192 1883 2214 2>,
1906 2183 1954 2207 hac
1973 2181 2069 2206 scilicet

1117 2235 1224 2266 ratione,
1245 2234 1304 2265 quia
1325 2235 1385 2257 tunc
1404 2232 1504 2263 species
1524 2237 1573 2255 non
1594 2232 1744 2254 remaneant
1758 2227 1865 2253 caedem
1878 2232 2000 2256 numero,
2023 2224 2068 2250 scd

1119 2282 1216 2305 tantum
1236 2276 1328 2311 specte.
1350 2276 1463 2301 Eandem
1483 2275 1626 2300 doctrinam
1657 2273 1767 2304 praefert
1787 2272 1854 2296 Alex.
1875 2271 1928 2295 Hal.
1949 2270 2006 2299 (loe.
2028 2270 2067 2294 cit.

1119 2323 1160 2349 ad.
1181 2323 1204 2348 3.
1227 2322 1259 2354 4.)
1280 2321 1388 2351 docens,
1408 2321 1485 2345 etiam
1506 2325 1615 2350 parvam
1635 2318 1801 2349 quantitatem
1822 2315 1928 2347 liquoris
1946 2320 1996 2338 non
2012 2320 2069 2338 con-

1120 2368 1209 2393 secrati
1230 2366 1363 2396 additam,
1386 2363 1529 2389 dummodo
1549 2361 1582 2387 sit
1601 2360 1685 2387 divisa
1704 2359 1850 2386 semmam
1868 2359 1958 2392 parles
1976 2356 2071 2389 speciei

1120 2409 1289 2441 continentis,
1319 2410 1415 2438 facere,
1441 2411 1468 2432 ut
1495 2410 1576 2431 cesset
1595 2406 1805 2433 Sacramentum,
1825 2404 1873 2427 lioc
1893 2405 1978 2426 autem
1998 2407 2066 2430 esse,

1122 2455 1226 2487 quando
1247 2455 1271 2478 in
1291 2454 1332 2478 illa
1357 2459 1405 2477 una
1432 2451 1572 2483 quantitate
1592 2456 1641 2474 non
1665 2457 1676 2471 «
1690 2450 1728 2473 est
1748 2447 1905 2476 distinguere
1925 2443 2069 2469 secundum

1122 2500 1234 2531 aliquam
1255 2502 1388 2526 naturam,
1408 2496 1449 2520 vel
1471 2495 1655 2526 proprietatem
1680 2494 1777 2523 partem
1798 2498 1811 2515 a
1832 2493 1903 2521 parte
1917 2496 1940 2519 »;
1961 2487 2071 2518 comple-

1124 2547 1175 2568 tam
1194 2543 1263 2566 enim
1283 2547 1340 2565 esse
1360 2540 1516 2567 mixtionem,
1542 2546 1552 2559 κ
1568 2535 1673 2568 quando
1687 2541 1737 2559 non
1751 2538 1787 2558 est
1806 2533 1937 2563 assignare
1957 2531 2069 2562 aliquam

1123 2589 1222 2618 partem
1242 2583 1385 2609 secundum
1405 2582 1562 2607 existentiam
1584 2579 1697 2605 veritatis
1716 2579 1740 2602 in
1761 2578 1839 2602 mixto
1853 2575 1995 2601 secundum
2016 2580 2069 2599 ma-

1123 2628 1217 2655 teriam
1237 2634 1320 2659 neque
1340 2626 1484 2651 secundum
1504 2623 1629 2657 speciem,
1652 2629 1717 2654 quae
1737 2622 1768 2646 sit
1788 2621 1907 2645 disserens
1926 2618 1959 2643 ab
1982 2618 2028 2642 alia
2046 2626 2068 2641 ».

1123 2686 1158 2691 —
1177 2673 1201 2697 S.
1222 2672 1318 2696 BonaV.
1340 2670 1381 2699 (ad
1402 2669 1436 2698 5.)
1457 2669 1543 2693 favere
1563 2667 1666 2691 videtur
1685 2666 1771 2697 potius
1791 2663 1920 2693 Durando,
1937 2665 1961 2687 ct
1979 2662 2015 2686 sie
2034 2662 2072 2685 in-

1124 2716 1245 2747 telligitur
1270 2721 1284 2739 a
1307 2714 1402 2738 Suarez
1430 2712 1545 2743 aliisque.
1565 2724 1599 2727 —
1621 2710 1679 2734 Post
1701 2707 1853 2733 solutionem
1879 2705 1912 2729 ad
1941 2705 1959 2728 l.
1986 2703 2072 2728 incidit

1126 2761 1173 2785 alia
1194 2759 1318 2791 quaestio,
1333 2756 1396 2789 quid
1416 2756 1458 2780 tiat
1477 2755 1509 2779 de
1528 2760 1601 2787 aqva
1619 2754 1680 2778 vino
1700 2754 1848 2776 consecrato
1868 2749 1991 2779 admixta3
2006 2749 2072 2773 circa

1128 2803 1197 2836 quod
1219 2801 1421 2834 supponendum
1441 2803 1478 2824 est
1497 2798 1568 2831 quod
1588 2797 1680 2822 dicitur
1703 2802 1780 2827 supra
1801 2794 1825 2819 d.
1851 2795 1886 2818 ll.
1908 2800 1931 2824 p.
1953 2793 1978 2817 11.
1998 2800 2024 2824 q.
2047 2791 2069 2816 4.

1127 2847 1160 2872 ad
1180 2848 1203 2872 3.
1223 2850 1248 2870 ct
1267 2845 1329 2870 dub.
1350 2844 1380 2876 53
1400 2844 1435 2868 111.
1457 2844 1523 2868 Sent.
1544 2842 1568 2866 ‹l.
1589 2842 1614 2866 ὃ.
1636 2848 1658 2865 3.
1679 2841 1704 2864 2.
1726 2846 1750 2871 q.
1773 2839 1796 2863 l.

1198 2890 1238 2914 lV.
1258 2890 1283 2913 ln
1304 2887 1428 2913 solvenda
1458 2887 1481 2911 3.
1510 2885 1660 2918 quaestione
1686 2886 1803 2908 auctores
1822 2883 1846 2906 in
1866 2887 1961 2912 genere
1981 2886 2072 2904 conve-

1128 2936 1213 2966 niunt;
1233 2933 1279 2958 sed
1299 2933 1365 2957 circa
1386 2930 1515 2963 quaedam
1543 2928 1662 2960 specialia
1682 2927 1804 2952 differunt
1823 2926 1847 2949 in
1868 2924 1947 2949 modo
1966 2924 2007 2948 vel
2027 2922 2076 2947 sol-

1128 2978 1215 3009 vendi,
1235 2977 1276 3002 vel
1295 2975 1453 3008 explicandi,
1482 2976 1505 2999 et
1532 2972 1638 3005 quidem
1667 2970 1810 2996 secundum
1830 2969 1932 2994 diversa
1952 2967 2077 2999 principia

1129 3023 1249 3054 superius
1268 3021 1303 3052 (n.
1324 3020 1351 3052 1.)
1371 3020 1581 3044 commemorata.
1603 3030 1635 3033 —
1654 3015 1745 3040 Notaui
1774 3013 1851 3045 digna
1871 3015 1910 3037 est
1929 3011 2018 3042 triplex
2040 3010 2077 3035 di-

1129 3067 1229 3092 stinctio
1249 3068 1352 3090 actuum
1373 3064 1407 3089 ihi
1427 3064 1451 3087 in
1472 3069 1543 3093 corp.

1201 3110 1236 3134 De
1265 3109 1356 3134 eadem
1382 3107 1531 3140 quaestione
1557 3105 1672 3136 plerique
1698 3104 1912 3128 commentatores
1936 3098 2076 3124 Lombardi

1131 3156 1155 3180 in
1175 3155 1237 3180 locis
1256 3153 1288 3178 ad
1313 3153 1332 3178 l.
1353 3151 1529 3184 quaestionem
1549 3150 1599 3174 citt.
1620 3148 1716 3180 passim
1736 3148 1817 3177 agunt
1839 3145 1925 3176 (Scot,
1946 3144 1986 3168 hic
2009 3150 2034 3175 q.
2054 3143 2077 3168 3.

1132 3199 1179 3231 6.>;
1200 3198 1245 3223 sed
1265 3196 1403 3229 specialem
1424 3194 1600 3226 quaestionem
1621 3192 1653 3217 de
1672 3192 1727 3222 ipsa
1748 3190 1893 3215 instituunt:
1913 3188 1981 3212 Alex.
2010 3186 2078 3218 Hah,

1132 3243 1179 3268 loc.
1200 3243 1240 3267 cit.
1260 3241 1275 3273 S
1297 3241 1318 3264 1.
1340 3239 1362 3270 4,
1381 3243 1405 3264 et
1423 3237 1542 3263 Richard.
1562 3244 1574 3262 a
1596 3235 1669 3268 Med„
1690 3235 1730 3260 hic
1750 3242 1771 3259 a.
1792 3234 1817 3259 3.
1839 3240 1862 3265 q.
1884 3233 1907 3257 ²2.

1200 3374 1211 3390 ²
1232 3373 1375 3404 Respicitur
1395 3372 1422 3396 ll.
1444 3370 1501 3396 Cor.
1522 3370 1566 3402 lO,
1587 3369 1611 3394 5.
1631 3368 1682 3395 Ct'r.
1703 3374 1781 3399 supra
1796 3374 1855 3398 pag.
1876 3366 1939 3397 230,
1960 3367 2018 3389 nota
2040 3363 2062 3388 4.
