2483 3882
327 254 345 285 6

367 341 427 366 VIII.

380 394 421 418 IX.

326 498 384 525 CAr.
405 499 420 523 l.

396 551 422 575 ΙΙ.

325 654 384 681 cip,
404 655 420 679 I.

398 707 423 731 lI.

388 760 425 784 III.

384 812 424 836 IV.

327 917 384 943 CM).
405 918 421 942 l.

396 970 422 994 Il.

387 1022 423 1046 III.

386 1074 427 1099 IV.

424 1146 430 1152 .
451 1127 486 1152 De
506 1125 652 1151 lectoribus.

390 1179 429 1203 w.

379 1232 429 1256 VII.

370 1284 429 1308 VIII.

387 1337 428 1361 IX.

389 1442 430 1466 XI.

376 1494 428 1519 XII.

369 1546 430 1571 XIII.

363 1599 430 1624 XIV.

374 1652 431 1677 XV.

365 1704 432 1730 XVI.

356 1757 433 1782 XVII.

348 1808 433 1833 XVIII.

367 1859 435 1884 XIX.

332 1964 389 1990 Cu.
410 1964 426 1989 I.

404 2018 429 2042 II.

392 2071 428 2095 III.

393 2122 433 2148 IV.

334 2436 392 2463 CAr.
413 2437 429 2462 I.

404 2489 431 2514 II.

396 2542 431 2566 III.

394 2647 435 2672 IV.

406 2698 436 2724 V.

395 2752 434 2778 VI.

337 2856 395 2882 CAP.
417 2858 432 2882 I.

408 2910 432 2934 Il.

398 2962 435 2987 III.

396 3015 436 3040 IV.

1076 245 1252 277 CAPITULA
1273 244 1408 285 QUARTI
1432 244 1536 276 LIBRI.

448 339 523 372 Quod
544 344 619 363 nemo
640 337 717 362 debet
735 335 849 361 confiteri
869 337 987 366 peccata,
1008 340 1074 365 quae
1093 339 1143 357 non
1163 332 1230 357 fecit.

441 393 477 418 De
496 398 579 424 poena
599 390 753 421 sacerdotIS,
773 389 817 421 qui
836 389 941 419 peccata
960 385 1122 411 confitentis1
1144 384 1265 416 publicat.

682 443 821 467 Disrlncrio
839 439 918 465 XXII.

441 498 466 522 Si
486 499 590 529 peccata
612 496 717 521 dimissa
736 494 851 519 redeant.

443 550 511 581 Quid
529 550 561 574 sit
580 549 775 573 Sacramentum
795 550 820 570 et
839 551 888 569 res.

679 599 817 623 Dts’rincrlo
836 595 924 621 XXIII.

441 654 477 679 De
497 654 662 678 sacramento
682 651 808 676 unctionis
827 653 964 675 extremae.

444 706 478 731 De
498 705 579 730 tribus
599 704 739 736 generibus
758 703 893 728 unctionis.

445 758 485 783 Αἵ
505 758 600 790 quibus
620 757 694 782 suerit
713 757 762 781 hoc
781 756 976 780 Sacramentum
996 754 1147 779 institutum.

445 812 481 836 De
500 811 632 836 iteratione
652 810 728 834 hqus
747 809 913 833 Sacramenti.

679 863 815 887 Dlsrixcrio
836 861 928 886 XXIV.

441 917 477 942 De
497 915 632 941 ordinibus
651 915 843 945 ecclesiasticis,
862 916 925 945 quot
943 914 1000 938 sint.

444 970 528 1001 Quare
547 972 647 999 septem
667 968 723 993 sint.

444 1021 538 1053 Quales
557 1019 705 1045 assumendi
725 1022 784 1044 suut
803 1018 836 1043 ad
856 1019 961 1043 clerum.
1007 1008 1010 1011 ,

447 1073 484 1098 De
504 1080 598 1098 COI'Ollss
618 1076 643 1097 Εἰ
661 1074 774 1097 tonsura.

451 1179 486 1203 De
506 1178 622 1203 ostiariis.

449 1231 485 1255 De
504 1231 643 1255 exorcistis.

449 1283 486 1307 De
505 1282 620 1313 acolytis.

447 1336 485 1360 De
504 1335 677 1360 subdiaconis.

451 1388 486 1413 De
507 1386 628 1412 diaconis.

451 1441 486 1465 De
507 1439 672 1471 presbyteris.

449 1494 497 1524 Qui
517 1492 636 1517 dicuntur
655 1490 759 1516 ordines
779 1490 853 1515 sacri.

451 1545 518 1577 Quid
537 1544 681 1575 appelletur
700 1542 773 1567 ordo,

450 1599 486 1623 De
506 1597 654 1623 nominibus
674 1596 806 1627 dignitatis
825 1598 850 1619 et
869 1595 953 1619 officii.

451 1651 488 1676 De
507 1651 639 1682 episcopo.

453 1704 489 1728 De
510 1703 638 1735 pontifice.

454 1756 490 1780 De
509 1755 600 1780 ordine
619 1755 813 1785 episcoporum.

454 1807 490 1832 De
509 1809 576 1832 vate.

455 1859 492 1884 De
511 1862 623 1884 cantore.

685 1911 822 1935 Disrmcrio
842 1908 925 1933 XXV.

446 1964 482 1989 De
502 1963 625 1989 ordinatis
644 1962 677 1987 ab
697 1962 839 1987 haereticis.

450 2017 486 2042 De
505 2017 628 2048 simonia,
649 2018 677 2041 ut
696 2015 801 2046 dicitur,
822 2017 846 2039 et
866 2013 929 2045 quid
948 2014 987 2038 sit.

449 2070 485 2095 De
504 2071 543 2094 his
563 2070 607 2102 qui
627 2076 640 2094 a
660 2068 807 2093 simoniacis
827 2066 978 2092 ordinantur
997 2067 1119 2096 scienter,
1140 2065 1181 2090 vel
1202 2071 1261 2090 non.

454 2122 489 2147 De
508 2122 547 2146 bis
568 2121 611 2153 qui
631 2120 733 2152 dicunt,
762 2126 789 2144 se
817 2125 905 2144 emere
933 2117 1077 2149 corporalia
1105 2119 1129 2142 et
1156 2123 1207 2142 non
1233 2117 1286 2147 spi-

509 2174 618 2199 ritualia.

430 2248 435 2252 .
456 2228 491 2252 De
511 2226 673 2252 distinctione
693 2225 903 2250 simoniacorum.

427 2299 432 2304 .
453 2279 489 2304 De
508 2279 547 2304 his
567 2279 611 2310 qui
630 2277 755 2302 violenter
774 2276 806 2301 ab
826 2276 960 2301 haereticis
978 2274 1040 2300 vel3
1055 2275 1201 2300 simoniacis
1221 2274 1286 2299 ordi-

510 2334 611 2356 uantur.

687 2383 825 2407 Disrmcrio
844 2382 938 2407 XXVI.

449 2437 485 2461 De
505 2437 671 2461 sacramento
691 2435 813 2466 conIugii.

450 2489 487 2514 De
506 2489 662 2514 institutione
681 2489 737 2513 eius
756 2491 781 2513 et
800 2494 886 2512 causa.

451 2540 545 2566 Unde4
563 2540 708 2566 secundum
736 2542 904 2571 praeceptum
932 2541 957 2563 et
984 2538 1129 2564 seeundum
1152 2538 1288 2570 indulgen-

511 2595 572 2619 tiam
591 2596 752 2619 contractum
771 2593 803 2617 sit
821 2589 981 2623 coniugium.

456 2647 556 2679 Quibus
575 2646 660 2671 modis
680 2647 805 2678 accipitur
824 2645 994 2677 indulgentia.

458 2698 534 2730 Quod
554 2699 659 2729 nuptiae
677 2697 761 2723 bonae
781 2698 838 2723 sint.
899 2690 901 2693 ¹

455 2751 534 2777 Cuius
553 2752 589 2776 rei
610 2752 804 2776 Sacramentum
824 2751 855 2775 sit
875 2751 1034 2781 coniugium.

682 2803 819 2828 Disrincrio
839 2803 942 2828 XXVII.

453 2857 525 2888 Quae
544 2857 593 2881 sint
612 2855 799 2881 consideranda
819 2856 843 2880 in
865 2856 994 2887 coniugio.

454 2909 521 2941 Quid
539 2910 571 2934 sit
590 2909 749 2940 coniugium.

455 2962 491 2987 De
510 2968 650 2993 consensu,
670 2962 715 2993 qui
734 2962 810 2986 efficit
829 2962 988 2992 coniugium.

457 3013 586 3046 Quando⁵
605 3014 694 3045 incipit
712 3021 768 3038 esse
787 3014 946 3045 coniugium.

1399 331 1440 356 VI.

1389 435 1438 461 VII.

1381 541 1442 566 VIII.

1404 593 1436 618 IX

1461 330 1536 362 Quod
1556 336 1651 361 sponsa
1679 331 1764 360 potest
1791 328 1887 359 eligere
1914 328 2100 353 monasterium
2119 329 2173 353 sine
2198 329 2288 360 sponsi

1517 389 1652 407 consensu.

1459 435 1534 467 Quod
1554 435 1708 465 coniugatus
1726 434 1781 458 sine
1809 434 1927 464 coniugis
1955 440 2083 459 consensu
2107 435 2196 466 nequit
2214 435 2290 466 profi-

1518 489 1563 513 teri
1583 487 1774 512 continentiam.

1464 541 1498 565 De
1518 540 1668 565 adulterinis
1688 540 1822 570 coniugHs.

1440 613 1445 617 .
1466 592 1542 624 Quod
1561 592 1734 623 multipliciter
1752 598 1865 622 sponsus
1883 594 1908 616 et
1926 598 2020 622 sponsa
2040 593 2173 623 accipitur.

1413 644 1445 669 X.
1466 644 1536 676 Quae
1557 650 1652 675 sponsa
1671 645 1703 668 sit
1722 642 1810 674 vidua,
1833 646 1936 668 mortuo
1955 650 2065 676 sponso,
2085 647 2109 669 et
2129 651 2196 676 quae
2215 651 2273 670 non.

1343 748 1400 774 Cn).
1421 749 1437 773 l.

1414 854 1440 878 II.

1406 959 1441 984 III.

1405 1065 1445 1090 IV.

1346 1168 1405 1194 Car.
1425 1170 1441 1194 l.

1347 1273 1405 1299 CAr.
1426 1275 1443 1298 l.

1419 1326 1444 1351 II.

1409 1378 1445 1403 III.

1405 1430 1446 1454 IV.

1348 1535 1406 1561 CAP.
1426 1536 1442 1560 I.

1420 1588 1445 1613 II.

1411 1642 1447 1666 III.

1408 1695 1449 1719 IV.

1410 1801 1450 1826 VI.

1402 1854 1453 1879 VII.

1392 1907 1453 1932 VIII.

1682 695 1820 720 D1s'r11vc’r10
1840 695 1952 720 XXVIII.

1458 748 1482 773 Si
1503 754 1644 773 consensus
1664 747 1696 771 de
1714 747 1801 772 futuro
1820 748 1896 772 etiam
1926 748 2070 772 iuramento
2099 747 2235 773 firmatusfi
2259 748 2293 773 sa-

1519 802 1568 825 ciat
1587 801 1745 831 coniugium.

1460 854 1496 878 De
1516 854 1554 878 his
1575 860 1641 885 quae
1667 854 1794 884 pertinent
1813 853 1845 878 ad
1865 853 2035 878 substantiam
2055 857 2079 879 et
2098 853 2220 879 decorem
2248 854 2293 879 Sa-

1521 907 1653 931 cramenti.

1462 959 1551 984 Utrum
1579 965 1720 983 consensus
1745 958 1798 990 ille,
1825 959 1869 990 qui
1894 958 1953 983 facit
1977 959 2185 991 matrimonium,
2205 959 2236 984 sit
2262 958 2295 984 de

1521 1011 1615 1036 carnali
1636 1011 1742 1042 copula,
1763 1018 1793 1035 an
1815 1011 1847 1036 de
1866 1011 2068 1042 cohabitatione,
2089 1018 2120 1036 an
2141 1011 2172 1037 de
2192 1012 2264 1047 alio„

1465 1065 1549 1096 Quare
1570 1064 1601 1089 de
1621 1065 1699 1089 latere
1717 1065 1767 1089 riri
1786 1065 1895 1089 formata
1915 1066 1953 1089 est
1972 1065 2071 1090 mulier.

1697 1116 1833 1141 Disrmc'rio
1852 1116 1947 1140 XXIX.

1463 1168 1558 1200 Quod⁷
1578 1175 1627 1193 non
1647 1171 1686 1193 est
1705 1175 1847 1193 consensus
1866 1169 2010 1200 legitimus,
2030 1168 2074 1193 ubi
2094 1172 2130 1193 est
2150 1169 2255 1194 coactio.

1702 1221 1839 1245 DlsTINCTio
1859 1221 1944 1245 XXX.

1462 1274 1499 1299 De
1518 1280 1618 1305 errore,
1639 1274 1682 1305 qui
1703 1276 1813 1298 evacuat
1832 1280 1996 1298 consensum.

1466 1326 1501 1350 De
1521 1326 1641 1357 coniugio
1661 1326 1754 1350 Mariae
1773 1329 1797 1350 et
1816 1326 1915 1357 Ioseph.

1466 1378 1501 1403 De
1520 1378 1588 1403 finali
1609 1385 1685 1403 causa
1706 1379 1826 1409 coniugii.

1467 1429 1543 1461 Quod
1564 1430 1646 1454 malus
1666 1429 1723 1454 finis
1743 1436 1793 1454 non
1814 1431 1970 1455 contaminat
1989 1430 2192 1455 Sacramentum.

1701 1482 1838 1507 Disrincrio
1858 1482 1953 1506 XXXI.

1462 1536 1499 1560 De
1519 1535 1601 1561 tribus
1620 1535 1695 1560 boniS
1715 1535 1836 1566 coniugii.

1464 1588 1501 1613 De
1521 1588 1616 1619 duplici
1631 1588 1799 1618 separatione.

1467 1641 1503 1666 De
1523 1642 1562 1666 his
1582 1642 1625 1673 qui
1647 1644 1786 1672 procurant
1804 1648 1904 1665 venena
1925 1641 2069 1666 sterilitatis.

1469 1694 1578 1726 Quando
1598 1695 1646 1719 sint
1666 1694 1825 1725 homicidae,
1845 1694 1889 1726 qui
1909 1697 2050 1725 procurant
2068 1693 2196 1719 abortum.

1445 1767 1451 1773 .
1471 1748 1507 1773 De
1526 1749 1690 1773 excusatione
1709 1748 1803 1778 coitus,
1824 1754 1891 1779 quae
1910 1747 1936 1772 fit
1956 1754 2002 1778 per
2021 1747 2089 1772 bona
2109 1748 2231 1779 coniugii.

1470 1801 1507 1825 De
1526 1800 1693 1832 indulgenda,
1715 1806 1793 1832 quam
1813 1800 1872 1825 facit
1890 1800 2038 1832 Apostolus.

1473 1854 1510 1878 De
1529 1854 1597 1878 malo
1616 1853 1822 1878 incontinentiae.

1474 1907 1509 1931 De
1529 1907 1612 1931 carnis
1632 1905 1811 1937 delectatione,
1833 1912 1899 1937 quae
1918 1908 2054 1937 peccatum
2074 1906 2118 1937 sit,
2139 1906 2180 1931 vel
2200 1913 2258 1931 non.

1696 1958 1832 1982 DISTINC‘HO
1852 1957 1956 1982 XXXII.

1350 2010 1408 2037 Car.
1429 2011 1444 2035 l.
1464 2011 1501 2036 De
1520 2011 1646 2036 solutione
1665 2010 1774 2035 carnalis
1795 2009 1881 2034 debiti.

1422 2063 1448 2087 ΙΙ.
1468 2063 1504 2087 De
1524 2062 1678 2087 continentia
1697 2068 1728 2086 ex
1748 2062 1880 2086 communi
1900 2067 2028 2086 consensu
2048 2060 2184 2086 servanda.

1414 2116 1449 2141 III.
1471 2115 1580 2147 Quando
1599 2114 1753 2140 cessandum
1773 2115 1805 2139 sit
1823 2121 1836 2139 a
1857 2115 1932 2141 coltu.

1409 2170 1449 2195 IV.
1471 2169 1571 2202 Quibus
1591 2168 1753 2203 temporibus
1773 2169 1877 2199 nuptiae
1896 2175 1946 2193 non
1967 2169 2017 2193 sint
2035 2167 2214 2193 celebrandae.

1686 2221 1825 2246 Disrinc'rio
1845 2221 1960 2245 XXXIII.

1350 2275 1409 2301 Car.
1429 2276 1444 2300 l.
1466 2276 1501 2300 De
1521 2275 1631 2300 diversis
1650 2274 1751 2306 legibus
1771 2274 1893 2305 coniugii.

1422 2328 1448 2353 ll.
1468 2328 1559 2352 Utrum
1572 2327 1672 2352 loannis
1685 2327 1820 2358 virginitas
1831 2327 1863 2351 sit
1873 2326 2042 2357 praeferenda
2056 2327 2162 2352 castitati
2176 2326 2302 2352 Abrahae.

1413 2381 1450 2405 III.
1471 2380 1542 2411 Quae
1561 2382 1615 2404 erat
1634 2379 1793 2404 consuetudo
1813 2379 1927 2410 coniugii
1946 2378 1995 2404 sub
2015 2379 2091 2410 Lege.

1412 2432 1452 2457 IV.
1474 2432 1519 2457 Cui
1540 2431 1631 2457 licebat
1650 2434 1710 2456 tunc
1729 2431 1817 2462 plures
1836 2430 1949 2456 uxores8
1969 2430 2079 2462 habere,
2099 2431 2140 2456 rel
2160 2438 2222 2456 non.

1689 2484 1827 2509 D1s'r1ix'c'r1o
1847 2484 1967 2509 XXXIV.

1352 2538 1409 2564 Cixr.
1430 2538 1446 2563 l.
1468 2538 1503 2563 De
1522 2538 1640 2569 personis
1660 2537 1789 2568 legitimis.

1423 2590 1448 2615 ll.
1468 2590 1505 2615 De
1524 2589 1625 2621 frIgidis
1644 2589 1809 2621 separandis,
1829 2589 1870 2614 vel
1890 2595 1950 2614 non.

1414 2643 1449 2667 lll.
1470 2643 1506 2668 De
1526 2643 1565 2667 his
1584 2643 1628 2675 qui
1648 2641 1780 2667 maleficus
1799 2641 1915 2672 impediti
1936 2642 2004 2666 coire
2024 2643 2162 2673 nequeunt.

1411 2696 1452 2720 lV.
1474 2695 1509 2720 De
1528 2695 1638 2720 furiosis.

1424 2747 1455 2772 V.
1475 2747 1512 2772 De
1532 2747 1570 2772 his
1590 2747 1634 2778 qui
1654 2746 1787 2771 dormiunt
1805 2752 1864 2770 eum
1885 2745 1987 2771 duabus
2007 2745 2149 2771 sororibus.

1414 2800 1454 2824 Vl.
1476 2799 1551 2831 Quod
1562 2805 1612 2823 non
1623 2800 1661 2823 est
1671 2798 1819 2823 dimittenda
1832 2804 1896 2823 uxor
1907 2804 1954 2829 pro
1965 2798 2050 2830 aliqua
2064 2798 2165 2822 macula
2179 2799 2303 2829 corporis.

1696 2851 1832 2875 DisTixcrio
1851 2850 1961 2875 XXXV.

1353 2905 1410 2931 (ΖΜ).
1432 2906 1447 2930 1.
1469 2906 1504 2930 De
1524 2906 1579 2929 iure
1598 2905 1646 2929 riri
1667 2906 1691 2928 et
1711 2904 1833 2928 mulieris.

1424 2958 1450 2983 ll.
1471 2957 1545 2989 Quod
1565 2957 1728 2982 fornicariam
1748 2957 1836 2988 nequit
1850 2955 1978 2981 dimittere
1997 2957 2050 2987 vir,
2071 2957 2118 2981 nisi
2138 2957 2194 2988 ipse
2212 2963 2304 2988 expers

1530 3010 1605 3035 suerit
1624 3009 1812 3040 soi-nicationis,
1833 3012 1857 3034 et
1876 3016 1890 3033 e
1910 3015 2045 3034 converso.

410 3068 439 3093 V.
461 3067 496 3092 De
516 3067 638 3098 opinione
666 3066 845 3098 quorundam,
875 3067 918 3098 qui
940 3066 1041 3097 dicunt,
1061 3065 1213 3096 coniugium
1238 3071 1289 3089 non

516 3126 573 3144 esse
591 3121 648 3144 ante
668 3119 796 3144 carnalem
818 3119 947 3150 copulam.

1417 3064 1453 3088 llI.
1474 3064 1509 3088 De
1529 3063 1734 3088 reconciliatione
1754 3069 1845 3087 eorum
1865 3063 1909 3094 qui
1929 3065 2034 3093 propter
2054 3062 2247 3088 fornicationem
2267 3069 2304 3087 se-

1532 3118 1662 3147 parantur.

414 3238 421 3254 1
443 3237 522 3263 Codd.
543 3238 624 3262 BMN
640 3237 805 3270 poenitentis.

413 3281 423 3297 2
443 3281 477 3306 Ita
496 3280 572 3305 codd.
592 3280 610 3305 C
621 3281 638 3305 E
650 3281 668 3305 H
680 3281 721 3305 11<
733 3281 793 3312 PQ,
808 3281 848 3305 alii
862 3281 908 3313 De,
924 3281 964 3306 ed.
982 3282 990 3305 «I
1016 3281 1165 3312 simpliciter
1181 3279 1290 3312 Quibus.

411 3325 421 3342 3
442 3324 523 3350 Codd.
543 3324 699 3349 AEHIOP
719 3325 818 3350 addunt
837 3324 869 3351 ab
889 3324 964 3356 aliis,
986 3325 1027 3350 ed.
1050 3325 1058 3349 I
1083 3324 1152 3350 aliis.

414 3369 424 3385 ⁴¹
444 3369 525 3395 Codd.
546 3368 597 3394 CE
612 3372 636 3394 et
655 3368 695 3393 ed.
720 3369 725 3393 I
752 3368 877 3401 Quando,
902 3369 959 3394 cod.
979 3370 999 3394 A
1021 3368 1105 3400 Quod.

1426 3235 1436 3251 ⁵
1455 3236 1489 3260 Ita
1509 3234 1584 3260 codd.
1604 3233 1681 3259 ACE
1693 3234 1712 3258 H
1724 3233 1743 3258 O
1756 3234 1771 3258 Ρ
1783 3234 1803 3265 Q
1823 3236 1848 3259 et
1866 3233 1907 3258 ed.
1933 3234 1957 3265 l,
1978 3233 2018 3258 alii
2039 3232 2114 3258 codd.
2136 3231 2216 3258 Umle.

1424 3279 1435 3296 6
1455 3279 1536 3304 Codd.
1556 3278 1602 3304 CE
1614 3278 1633 3303 Ο
1653 3277 1838 3312 confirmatus.

1424 3323 1435 3339 ⁷
1454 3324 1486 3348 lta
1507 3322 1564 3347 cod.
1585 3323 1603 3346 Α
1624 3324 1648 3347 et
1666 3322 1707 3346 ed.
1729 3322 1756 3353 t,
1777 3322 1818 3346 alii
1839 3321 1914 3346 codd.
1937 3320 1995 3352 Qui.

1425 3366 1435 3383 S
1454 3366 1551 3398 Codd.,
1571 3367 1683 3397 exeeptis
1702 3365 1758 3390 cod.
1779 3366 1800 3390 H
1819 3369 1843 3391 et
1861 3365 1902 3390 ed.
1924 3365 1952 3396 sl,
1973 3365 2092 3389 omittunt
2111 3369 2222 3389 uxores.
