2483 3882
364 692 435 713 lulius.

292 1032 386 1052 Canones
391 1037 439 1052 con·

305 1058 426 1079 eoi-dantur.

313 1417 434 1444 Gregorius.

449 261 512 293 856

450 350 478 377 et
498 354 623 377 uxorem
647 345 786 379 veniunt,
808 343 946 373 defuncta
971 350 1066 372 uxore
1089 341 1135 371 vel
1152 341 1231 377 viro,
1249 341 1277 369 in
1293 340 1398 378 quinta

449 395 641 432 generatione
657 393 830 429 iungantur;
847 391 875 420 in
899 394 1006 429 quarta
1021 391 1045 419 si
1063 389 1174 418 inventi
1197 389 1318 423 tuerint,
1340 396 1398 417 non

450 446 643 480 separentur;
667 441 695 469 in
719 439 804 469 tertia
827 447 898 468 vero
915 438 1141 476 propinquitate
1164 445 1221 466 non
1244 436 1314 466 licet
1329 444 1401 466 uxo-

450 498 513 519 rem
536 489 659 518 alterius
681 488 820 525 accipere
843 490 910 524 post
926 486 1039 515 obitum
1063 486 1136 515 eius
1164 485 1339 523 Aequaliter
1356 485 1401 514 vir

450 538 590 575 iungatur
618 537 644 565 in
674 535 865 565 matrimonio
895 535 938 564 eis
967 542 1045 573 quae
1073 534 1129 563 sihi
1160 533 1401 570 consanguineae

449 589 536 619 sunt,
558 588 587 614 et
609 585 712 613 uxoris
733 591 805 613 suae
828 583 1075 620 consanguineis,
1097 585 1165 620 post
1187 585 1312 611 mortem
1332 590 1402 612 uxo-

449 634 491 663 ris
511 645 537 663 n.
561 649 601 654 —
628 633 717 668 Eece,
742 631 798 661 hic·
820 631 1006 665 conceditur,
1029 631 1058 660 in
1090 631 1194 669 quinta
1226 630 1270 660 vel
1294 634 1401 669 quarta

450 681 677 720 propinquitate
710 680 844 710 affinium
878 679 941 709 fieri
973 680 1155 717 coniugium.
1188 679 1280 709 lulius
1311 679 1400 709 etiam

449 729 530 767 Papa
560 729 616 758 ait:
651 728 826 757 «Statutum
857 731 921 764 est,
947 730 980 757 ut
1009 727 1143 756 relictam
1173 727 1268 765 patris
1297 726 1401 756 uxoris

450 785 539 813 suae,
561 776 697 806 relictam
722 776 820 805 fratris
844 776 947 805 uxoris
975 783 1064 807 suae,
1094 775 1228 805 relictam
1257 775 1307 804 tilii
1331 783 1401 804 uxo-

449 826 491 855 ris
519 833 592 855 suae
621 833 708 855 nemo
736 825 793 854 sibi
817 825 844 854 in
875 824 1099 854 matrimonium
1132 827 1243 861 sumat3
1265 824 1399 854 relictam

450 882 575 904 uxorem
603 874 894 910 consanguineorum
926 873 1030 902 uxoris
1062 880 1135 902 suae
1168 873 1315 911 usquein
1348 876 1403 901 ter-

451 923 521 952 tiam
552 922 725 960 progeniem
756 929 844 951 nemo
875 922 901 951 in
936 929 1060 951 uxorem
1093 925 1212 956 sumat,
1235 921 1263 950 in
1294 924 1401 959 quarta

452 978 522 1000 vero
555 974 584 999 et
611 971 713 1008 quinta
744 970 767 999 si
802 969 912 999 inventi
937 969 1060 1003 suerint,
1088 977 1146 998 non
1176 972 1401 1007 separentur».

449 1035 489 1040 —
502 1019 596 1055 Ecce,
617 1026 707 1057 quam
725 1019 806 1048 varie
821 1018 858 1048 de
877 1018 1029 1047 affinitatis
1045 1017 1257 1047 observatione
1280 1017 1403 1053 loquun-

452 1071 500 1097 tur
522 1071 670 1097 auctores.
700 1067 756 1096 Alii
788 1067 866 1096 enim
892 1074 988 1105 nsque
1017 1066 1053 1096 ad
1084 1067 1245 1104 septimum
1275 1065 1401 1103 gradum

450 1124 514 1146 eam
538 1116 691 1145 observari
708 1116 862 1150 sanciunt3
888 1115 937 1144 alii
962 1123 1032 1144 vero
1057 1115 1083 1143 in
1100 1114 1205 1152 quinto
1229 1114 1274 1143 vel
1294 1117 1402 1152 quarto

449 1164 640 1194 matrimonia
667 1167 820 1193 contracta
852 1172 908 1193 non
932 1163 1079 1192 dividunt.
1109 1162 1166 1192 Sed
1197 1162 1237 1191 illi
1268 1162 1402 1192 veritatis

451 1212 600 1249 rigorem,
634 1212 679 1241 isti
715 1211 941 1240 misericordiae
973 1211 1227 1249 dispensationem
1264 1209 1403 1239 videntur

449 1268 629 1298 proponere.
663 1260 761 1288 Potest
797 1259 875 1288 enim
912 1258 1047 1288 Ecclesia
1081 1258 1256 1296 dispensare.
1289 1258 1316 1287 in
1353 1266 1403 1287 co-

449 1307 520 1345 pula
544 1307 677 1337 affinium
701 1315 796 1345 usque
818 1307 855 1336 ad
880 1306 1166 1344 tertium,gradum.
1193 1307 1271 1336 sicut
1292 1305 1404 1343 Grego-

450 1356 513 1385 rius
537 1356 723 1393 dispensavit
749 1355 777 1384 in
808 1359 915 1393 quarto
938 1355 1033 1392 gradu.
1061 1355 1339 1393 consanguinitatis.
1364 1371 1404 1376 —

449 1404 524 1434 Illud
548 1405 637 1434 etiam
668 1412 725 1433 non
750 1408 794 1433 cst
822 1404 1091 1442 praetereuntium,
1114 1403 1194 1442 quod
1218 1403 1401 1441 Gregorius¹

398 1459 405 1464 ·
450 1453 579 1483 Venerio
602 1453 745 1491 episcopo
768 1453 907 1490 scripsit:
935 1452 1066 1482 «Sedem
1083 1452 1280 1490 apostolicam
1298 1460 1403 1481 consu-

449 1502 510 1531 lere
533 1501 708 1535 decrevisti,
732 1502 756 1530 si
773 1501 882 1531 mulier
904 1501 1012 1539 copula
1030 1500 1155 1539 nuptiali
1179 1504 1322 1530 extraneo
1339 1501 1402 1530 viro

450 1551 610 1580 coniuncta
640 1550 809 1587 cognationi
834 1550 898 1579 cius
931 1550 1095 1587 pertineat;
1120 1550 1160 1586 si,
1182 1558 1217 1579 eo
1244 1549 1402 1584 defuncto,

451 1599 590 1636 cognatio
614 1603 747 1634 maneat,
771 1599 815 1628 vel
839 1599 862 1628 si
886 1599 942 1628 sul>
973 1599 1030 1628 alio
1056 1599 1119 1628 viro
1146 1598 1333 1636 cognationis
1357 1607 1404 1627 vo-

450 1647 557 1677 cabula
586 1647 805 1683 dissolvantur3
830 1647 874 1677 vel
905 1647 927 1676 si
959 1651 1118 1685 susceptae
1147 1646 1266 1676 soboles
1289 1647 1404 1685 possint

449 1696 580 1733 legitime
604 1696 640 1725 ad
665 1697 775 1734 prioris
803 1696 858 1725 viri
883 1696 1069 1734 cognationis
1097 1696 1223 1725 transire
1252 1695 1402 1734 copulam.

449 1744 478 1774 Si
502 1753 560 1773 una
584 1745 773 1780 emoluerit,
797 1745 948 1782 quomodo
965 1748 1064 1782 potest
1087 1744 1196 1782 aliquis
1218 1752 1321 1773 eorum
1339 1752 1405 1782 pro>

449 1793 582 1831 pinquus
605 1794 654 1822 11111
676 1793 844 1830 pertinere,
869 1793 924 1822 nisi
957 1793 1103 1830 pertineat
1126 1793 1234 1822 alteri?
1262 1793 1323 1822 Hoc
1354 1793 1404 1822 tai-

451 1841 530 1870 nime
553 1849 641 1879 posse
666 1842 742 1871 fieri.
766 1841 950 1871 credendum
968 1845 1020 1871 est.
1044 1841 1150 1876 Porro,
1168 1850 1226 1871 uno
1249 1842 1403 1879 det'uncto,

451 1890 480 1919 in
503 1891 665 1928 superstite
688 1890 817 1919 affinitas
834 1898 891 1919 non
914 1890 1046 1925 deletur,
1063 1898 1116 1919 nec
1133 1890 1190 1919 alia
1213 1890 1321 1927 copula
1337 1898 1406 1919 con-

450 1938 558 1975 iugalis
591 1938 765 1967 utilititatem
789 1938 916 1976 copulae
946 1938 1055 1976 prioris
1077 1937 1195 1967 solvere
1225 1938 1321 1973 valct;
1351 1938 1403 1968 scd

450 1994 506 2016 nec
530 1986 652 2016 alterius
675 1987 895 2016 coniunctionis
916 1986 1036 2016 soboles
1063 1987 1162 2024 placet
1184 1986 1221 2015 ad
1252 1986 1404 2016 affinitatis

450 2036 560 2074 prioris
583 2035 639 2065 viri
662 2035 846 2065 consortium
871 2035 1007 2065 transire.
1024 2035 1052 2064 Si
1076 2036 1144 2073 quis
1161 2043 1230 2073 ergo
1255 2035 1402 2073 sacrilego

451 2088 479 2113 et
503 2085 661 2113 temerario
684 2092 759 2114 ausu
782 2085 811 2113 in
834 2084 974 2114 defuncto
997 2085 1116 2122 quaerit
1146 2084 1401 2126 propinquitatem

417 2171 420 2173 Α
451 2132 657 2169 exstinguere,
682 2132 726 2161 vel
750 2132 805 2161 sub
834 2132 927 2162 altero
956 2131 1109 2161 affinitatis
1138 2131 1287 2161 vocabulo
1316 2132 1405 2162 dissi-

291 2585 432 2607 Innocentius.

310 3167 401 3188 Dubium
419 3167 437 3188 1.

449 2188 538 2218 pare,
564 2180 610 2209 vel
627 2184 783 2218 susceptas
800 2180 920 2210 soboles
942 2180 1065 2210 alterius
1082 2180 1210 2217 copulae
1227 2181 1404 2219 propinqui-

452 2229 501 2257 tati
526 2228 636 2267 prioris
659 2228 755 2257 credit.
776 2228 908 2266 legitime
930 2227 1056 2263 sociari;
1078 2227 1126 2256 hic
1148 2232 1250 2265 negat,
1266 2228 1317 2257 Dei
1342 2236 1405 2258 ver-

451 2276 521 2306 bum
545 2276 679 2307 validum
708 2285 789 2312 csse,
819 2277 898 2315 quod
930 2276 1021 2306 uixit:
1045 2276 1147 2306 Erunt
1169 2275 1228 2305 cleto
1251 2275 1299 2306 111,-
1314 2285 1404 2306 carm

450 2334 513 2355 unct
529 2338 556 2355 ».
571 2342 610 2347 -—
624 2326 720 2361 Ecce,
743 2325 793 2354 hic
810 2325 965 2364 prohihet,
989 2325 1030 2361 si,
1054 2329 1171 2354 mortuo
1201 2326 1299 2363 primo
1323 2326 1403 2361 viro,

451 2383 527 2404 uxor
550 2375 614 2403 eius
636 2374 685 2403 alii
710 2375 861 2412 nupserit,
886 2374 961 2403 tilios
984 2373 1021 2402 de
1043 2373 1176 2403 secundo
1200 2374 1264 2403 viro
1287 2375 1403 2411 genitos

451 2423 561 2452 ducere
589 2431 699 2452 uxores
722 2422 759 2452 de
786 2423 963 2460 cognatione
982 2422 1091 2460 prioris
1109 2422 1180 2456 viri,
1194 2423 1265 2460 quia
1279 2422 1329 2453 titii
1348 2431 1406 2452 me-

450 2470 551 2500 diante
570 2475 665 2500 matre
680 2471 716 2500 ad
734 2471 943 2509 cognationem
960 2471 1070 2508 prioris
1086 2471 1141 2499 viri
1159 2471 1318 2508 pertinent,
1335 2479 1403 2500 oum

453 2528 512 2558 quo
536 2523 631 2549 mater
653 2528 756 2550 eorum
781 2528 838 2549 uua
858 2528 929 2549 caro
952 2520 1116 2549 exstiterat.
1133 2519 1195 2548 Hoc
1219 2519 1296 2549 idem
1315 2520 1404 2549 etiam

451 2568 642 2598 Innocentius
670 2568 774 2607 Papa²
804 2569 860 2598 ait:
889 2568 945 2598 «Si
969 2567 1028 2605 qua
1058 2567 1166 2597 mulier
1189 2568 1225 2597 ad
1256 2569 1405 2598 secundas

452 2618 573 2656 nuptias
596 2617 745 2647 transierit
769 2621 797 2647 et
820 2626 856 2647 cx
879 2617 921 2646 eis
944 2617 1077 2646 sobolem
1109 2617 1260 2653 genuerit,
1283 2617 1406 2646 1111111116-

451 2675 507 2696 nus
530 2670 627 2704 potest
649 2666 686 2695 ad
710 2666 893 2695 consortium
917 2666 1105 2703 cognationis
1128 2666 1238 2704 prioris
1262 2665 1316 2695 viri
1341 2675 1405 2704 per-

453 2715 609 2753 tingere».
631 2715 693 2744 Hoc
716 2718 814 2744 autern
832 2715 1053 2744 observandum
1077 2718 1121 2744 est
1144 2723 1240 2753 usquc
1263 2714 1298 2743 ad
1315 2715 1406 2752 septi-

452 2772 535 2793 mum
558 2764 675 2801 generis
696 2764 836 2802 gradiuit,
859 2763 911 2793 scd
942 2763 1073 2793 maxime
1097 2771 1192 2800 usque
1222 2763 1258 2792 ad
1283 2763 1405 2793 tertium

453 2813 498 2842 vel
522 2816 682 2851 quartum,
705 2813 783 2842 sieut
805 2820 897 2850 supra
921 2813 1049 2854 positum
1073 2816 1125 2841 est.

861 2896 928 2926 Car.
952 2896 995 2925 tit.

472 2976 506 3006 St
527 2975 702 3013 commotum
724 2975 763 3005 sz'c
784 2974 863 3005 inter
885 2984 931 3004 eos
955 2974 1010 3015 qzcc‘
1029 2979 1101 3005 nolu
1123 2974 1387 3014 consanfyuim‘late

833 3023 1025 3053 dividimini:

533 3104 569 3133 Et
593 3107 636 3134 est
658 3104 829 3139 sciendum,
860 3103 940 3142 quod
970 3103 1105 3133 Ecclesia
1130 3103 1203 3132 infra
1234 3103 1406 3141 praedictos

453 3151 564 3188 gradus
592 3146 859 3189 consanguinitatis
889 3151 1066 3180 coniunctos
1095 3154 1223 3188 separat.
1252 3150 1280 3180 Si
1306 3154 1405 3180 autem

1209 253 1493 286 SENTENTIARUM
1516 253 1584 285 LlB.
1609 253 1656 285 lV.

1464 340 1635 378 ignoranter
1658 339 1811 369 coniuncti
1834 340 1944 369 suerint
1966 340 1994 369 in
2011 343 2174 378 conspectu
2195 340 2363 376 Ecclesiae,
2385 344 2414 370 et

1464 387 1674 425 postmodum,
1697 387 1823 426 probata
1845 388 2121 425 consanguinitate,
2143 388 2276 418 eiusdem
2300 388 2412 418 iudicio

1464 437 1612 474 separatu
1634 437 1799 475 quaeritur,
1822 440 1922 466 utrum
1947 437 2055 475 copula
2078 437 2127 467 illa
2154 435 2329 476 coniuyz'um
2359 437 2415 467 fue·
2449 446 2483 476 ,111

1466 485 1512 514 rit.
1526 483 1711 519 Quibusdam
1735 485 1853 514 videtur
1869 493 1926 514 non
1951 485 2041 514 fuisse
2056 486 2247 522 coniugium,
2269 486 2339 523 quia
2356 473 2483 526 11011Ξᾞίξῑ4

1467 535 1552 562 erant
1574 532 1724 570 legitimae
1747 541 1909 571 personae;
1931 533 1985 562 sed
2008 537 2105 563 tamen
2129 533 2166 563 de
2188 534 2314 563 crimine
2329 541 2416 563 excu-

1466 583 1571 610 santur
1593 588 1647 618 per
1667 580 1878 619 ignorantiam,
1902 583 1930 610 et
1951 581 2036 619 quasi
2053 581 2225 619 coniugium
2250 584 2415 619 reputatur,

1467 628 1537 666 quia
1562 628 1637 657 bona
1662 628 1719 658 tide
1742 632 1770 658 et
1792 636 1846 666 per
1868 636 1989 658 manum
2018 628 2171 658 Ecclesiae
2194 632 2414 666 convenerunt;

1466 676 1547 706 unde
1570 680 1598 705 et
1624 676 1674 720 lilii
1699 685 1802 706 eorum
1831 677 1955 715 legitimi
1979 677 2135 707 habentur.
2159 676 2241 706 Atii-“³
2272 685 2342 707 vero
2372 677 2417 706 di-

1467 728 1554 760 cunt,
1578 724 1668 754 tuisse
1684 725 1874 761 coniugium,
1897 725 1967 755 licet
1989 734 2046 755 uon
2064 728 2162 755 essent
2185 725 2334 763 legitimae
2350 733 2417 764 per-

1467 781 1578 810 sonae,
1600 774 1671 812 quia
1695 773 1797 803 talium
1821 774 2048 803 coniunctiones
2072 777 2178 803 vocant
2200 782 2330 804 canones
2352 783 2417 804 eon-
2458 767 2461 770 ’

1467 821 1568 860 iussio,
1591 822 1641 851 ubi
1665 822 1702 851 de
1725 822 1861 860 personis
1884 826 1990 859 agunt,
2013 830 2141 860 quarum
2166 823 2334 853 testimonio
2351 831 2418 853 con-

1467 871 1699 908 sanguineorum
1722 871 1760 899 sit
1781 870 1950 900 dirimenda
1972 871 2154 900 coniunctio.

1875 954 1941 984 Car.
1965 954 2011 984 IV.

1550 1032 1662 1069 Quibus
1682 1032 1821 1072 personis
1842 1032 2077 1072 testificantibus,
2089 1033 2151 1063 sinc
2165 1033 2340 1064 clio-immuta

1869 1081 2019 1120 conluuio.

1549 1161 1633 1190 Unde
1654 1161 1794 1191 Urbanus
1816 1162 1895 1200 Papa
1909 1161 1934 1190 ⁴:
1963 1161 2018 1191 «Si
2043 1161 2102 1191 (luo
2126 1162 2180 1190 viri
2204 1162 2250 1191 vel
2275 1165 2333 1192 tres
2349 1170 2418 1192 con-
2433 1172 2481 1195 Duhi

1469 1210 1698 1247 sanguinitatem
1723 1209 1917 1239 iureiurando
1950 1210 2149 1245 firmaverint,
2180 1210 2225 1239 vel
2257 1211 2311 1249 ipsi
2345 1211 2419 1241 sorte
2445 1199 2483 1221 ω’

1468 1258 1595 1287 confessi
1626 1258 1750 1294 fuerintg
1781 1259 1921 1295 coniugia
1951 1258 2161 1288 dissolvantur.
2193 1258 2221 1288 Si
2251 1268 2323 1288 vero
2352 1268 2420 1289 neu-

1470 1309 1547 1336 trum
1570 1307 1744 1343 contigerit,
1767 1306 1901 1344 episc-opi
1925 1315 1976 1336 eos
1999 1315 2052 1345 per
2079 1306 2168 1336 fidem
2201 1306 2308 1336 Christi
2338 1307 2420 1337 obte-

1469 1358 1595 1388 stentur,
1619 1357 1768 1392 quatenus
1790 1354 1888 1392 palam
1913 1354 2079 1391 fateantur,
2102 1355 2125 1384 si
2149 1363 2179 1384 se
2202 1359 2420 1392 recognoscunt

1469 1403 1717 1440 consanguineos.
1747 1402 1776 1432 Si
1799 1411 1831 1432 se
1861 1403 1972 1432 iudicio
2002 1403 2217 1442 episcoporum
2247 1411 2420 1441 segregave-

1469 1451 1543 1486 rint,
1566 1451 1623 1481 alia
1650 1452 1838 1481 matrimonia
1863 1452 2041 1481 contrahere
2069 1460 2126 1481 non
2150 1452 2368 1490 prohibeantur
2393 1465 2418 1482 ».

1469 1499 1566 1529 Idem:
1594 1499 1815 1529 «Notisscamus
1831 1500 1900 1536 tibi,
1924 1503 1971 1535 ut,
1994 1508 2062 1529 cum
2081 1504 2140 1530 tres
2162 1500 2209 1529 vel
2226 1501 2286 1530 duo
2302 1509 2339 1530 ex
2355 1510 2421 1539 pro-

1470 1548 1680 1586 pinquioribus
1703 1549 1767 1578 cius
1790 1549 1840 1586 qui
1864 1553 2034 1585 accusatur,
2063 1549 2140 1578 hanc
2163 1550 2418 1588 propinquitatem

1471 1597 1637 1626 iuramento
1655 1597 1854 1632 firmaverint,
1878 1597 1923 1626 vel
1946 1598 1969 1626 si
1995 1601 2053 1627 tres
2071 1597 2116 1627 vel
2139 1597 2199 1627 duo
2216 1606 2252 1627 ex
2275 1599 2419 1637 antiquio-

1470 1645 1554 1675 ribus
1576 1645 1788 1680 lanuensibus,
1811 1645 1921 1683 quibus
1944 1646 2018 1675 haec
2035 1646 2245 1684 propinquitas
2268 1650 2312 1676 est
2333 1650 2417 1682 nota,

1470 1694 1521 1732 qui
1552 1694 1648 1723 bonae
1678 1694 1773 1723 lamae
1802 1697 1831 1723 et
1861 1694 1976 1723 veracis
2008 1695 2166 1723 testimonii
2197 1695 2273 1730 sint,
2305 1698 2418 1725 remoto

1471 1751 1589 1779 amore,
1613 1743 1735 1777 timore,
1758 1743 1854 1780 pretio
1878 1747 1906 1772 et
1929 1743 2007 1772 omui
2032 1743 2110 1772 malo
2126 1743 2242 1779 studio,
2265 1743 2419 1781 praedicto

1472 1791 1560 1820 modo
1583 1791 1784 1826 firmaverint,
1807 1791 1871 1820 sinc
1900 1799 1983 1820 mora
2010 1791 2148 1829 coniugia
2172 1791 2375 1822 dissolvantur
2394 1805 2420 1822 ».

1477 1851 1488 1864 «
1504 1839 1747 1876 Consanguineos
1771 1847 1840 1869 vero
1863 1843 2075 1869 extraneorum
2099 1839 2199 1869 nullus
2222 1844 2356 1877 accuset,
2376 1840 2421 1870 vel

1470 1888 1760 1925 consanguinitatem
1784 1888 1811 1916 in
1835 1887 1956 1926 Synodo
1976 1892 2145 1925 computet,
2168 1888 2219 1918 sed
2242 1889 2420 1927 propinqui,

1471 1936 1507 1965 ad
1531 1944 1659 1974 quorum
1683 1936 1818 1965 notitiam
1843 1936 1979 1974 pertinet.
2004 1936 2032 1966 Si
2057 1940 2155 1966 autem
2179 1937 2338 1974 progenies
2363 1941 2421 1968 tota

1470 1985 1628 2019 defecerit,
1645 1984 1682 2013 ab
1699 1985 1921 2023 antiquioribus
1944 1988 1972 2014 et
1989 1985 2208 2021 veracioribus,
2230 1986 2340 2023 quibus
2356 1995 2421 2024 pro-

1471 2033 1624 2071 pinquitas
1647 2036 1705 2062 tota
1728 2037 1796 2062 nota
1821 2033 1874 2069 sit,
1897 2033 2059 2071 episcopus
2081 2034 2226 2063 canonice
2247 2035 2420 2072 perquirat:

1470 2085 1499 2111 et
1520 2082 1545 2110 si
1569 2082 1686 2110 inventa
1711 2081 1813 2116 fuerit,
1836 2085 2015 2120 separentur
2031 2095 2055 2108 υ.
2072 2099 2111 2103 -—
2126 2082 2214 2116 Ecce,
2238 2083 2349 2120 quibus
2376 2092 2421 2113 ac-

1470 2130 1646 2160 cusantibus
1668 2130 1714 2159 vel
1739 2130 1977 2165 testificantibus,
1999 2130 2168 2160 dirimenda
2184 2130 2223 2160 sit
2244 2132 2421 2168 consangui-

1471 2186 1595 2208 neorum
1618 2178 1806 2214 coniuncti0,
1830 2187 1907 2216 quae
1930 2178 2103 2215 coniugium
2127 2182 2261 2208 vocatur.

1550 2227 1604 2256 Hic
1621 2227 1782 2256 dicendum
1799 2231 1858 2262 est,
1875 2227 1955 2265 quod
1978 2227 2066 2257 atiud
2084 2231 2127 2257 est
2148 2226 2323 2266 formbach),
2340 2227 2422 2257 aliud

1470 2278 1625 2314 suolmam,
1641 2274 1720 2304 aliud
1738 2274 1938 2309 (adulterum,
1955 2275 2036 2305 aliud
2053 2274 2193 2309 incestus,
2207 2275 2286 2305 aliud
2305 2280 2417 2315 raptus.
2434 2278 2483 2299 Dubi

1885 2358 1952 2388 Car.
1977 2359 2010 2388 V.

1786 2437 1865 2475 Quint
1886 2438 1925 2468 sit
1945 2437 2116 2474 fornicatio.

1556 2530 1568 2543 «
1584 2517 1778 2552 Fornicatio,
1802 2518 1871 2547 licet
1893 2518 1931 2547 sit
1953 2526 2046 2555 genus
2069 2519 2165 2548 omnis
2188 2518 2282 2548 illiciti
2306 2518 2419 2554 coitus,

1471 2567 1522 2605 qui
1547 2567 1578 2596 sit
1599 2571 1682 2597 extra
1705 2575 1847 2601 uxorem,
1871 2570 1968 2596 tamen
1992 2567 2165 2605 specialiter
2191 2567 2365 2605 intelligitur
2392 2567 2418 2596 in

1472 2625 1527 2646 usu
1550 2616 1728 2652 viduarum,
1750 2616 1796 2645 vel
1819 2616 2029 2651 meretricum,
2053 2616 2098 2645 vel
2122 2616 2359 2646 concubinarum
2373 2628 2397 2644 υ.

1877 2699 1945 2729 Car.
1973 2700 2019 2729 Vt.

1780 2778 1873 2815 „Quat
1893 2778 1933 2808 sit
1950 2783 2101 2818 stuprum.

1557 2872 1567 2884 «
1583 2859 1729 2898 Scupi-um
1747 2859 1869 2897 proprie
1884 2862 1928 2888 est
1944 2859 2091 2896 virginum
2108 2859 2210 2888 illicita
2224 2858 2416 2889 defloratio».
2430 2856 2483 2879 nubit

1872 2942 1940 2972 Car).
1965 2943 2022 2972 VH.

1767 3021 1847 3058 an'ct
1867 3021 1906 3051 sit
1934 3021 2130 3052 [tcltcllerz'um.

1557 3101 1780 3131 «Adulterium
1804 3105 1847 3131 est
1869 3101 2028 3137 alicni,tori
2052 3101 2189 3137 violati03
2206 3101 2285 3131 unde
2307 3098 2419 3131 ‘adulte-

1473 3150 1548 3179 rium
1572 3150 1688 3180 dicitur.
1709 3151 1794 3189 quasi
1818 3150 1854 3179 ad
1878 3149 2001 3179 alterius
2025 3154 2121 3179 torum
2146 3150 2320 3180 accessio».

525 3348 532 3364 ¹
554 3349 613 3374 Can.
634 3350 821 3376 Fruternllcttis
840 3351 897 3383 (1.),
919 3351 980 3376 ibid.
1001 3359 1025 3384 q.
1051 3353 1089 3377 10,

524 3392 534 3408 ‘³
554 3393 612 3418 Can.
634 3393 665 3419 δι’
682 3401 735 3426 qua
756 3395 814 3426 (3.),
834 3395 895 3420 ibid.

1540 3351 1551 3367 ³
1570 3352 1603 3376 lta
1625 3352 1712 3382 Ilugo,
1734 3351 1758 3376 11.
1780 3351 1811 3376 dc
1831 3352 1945 3376 Sacram.
1966 3358 1991 3382 p.
2012 3351 2054 3375 Xt.
2076 3358 2097 3375 c.
2119 3350 2143 3375 4.
2376 3365 2380 3367 -

1540 3394 1549 3411 ‘¹
1570 3395 1629 3421 Can.
1651 3394 1681 3421 Si·
1699 3395 1750 3421 (Iao
1772 3395 1827 3428 (4.),
1842 3395 1903 3420 ibid.
1917 3402 1942 3427 q.
1957 3396 1980 3419 6.
1995 3395 2054 3426 Seq.
2071 3395 2142 3419 loeus
2155 3397 2193 3419 est
2207 3393 2232 3419 C.
2247 3392 2417 3427 Notificamus
2433 3400 2437 3403 ·
