2483 3882
16 940 30 962 d
42 940 124 967 opposi-

5 994 9 1004 λ
35 968 84 988 tum.

10 2110 134 2133 undamenta.

798 225 890 257 DIST.
915 225 949 256 X.
974 224 1004 256 P.
1029 224 1061 255 lt.
1086 223 1167 255 ART.
1193 223 1213 254 Ι.
1238 222 1390 264 QUAEST.
1416 221 1461 253 111.

1004 408 1187 450 QUAESTIO
1204 408 1250 439 Ill.

241 512 359 544 Utrum
382 510 491 542 virttis
516 508 863 542 trctizssttbstaittictnclz‘
884 508 929 540 sit
951 507 1033 540 data
1056 506 1152 538 verbo
1173 506 1318 548 prolato,
1342 515 1388 538 cm
1411 505 1518 537 sotum
1542 505 1586 537 sit
1608 505 1716 537 virtus
1748 504 1843 536 Verbi
1866 504 2016 536 increati.

229 622 333 655 Tertio
357 621 522 664 quaeritur
546 621 585 653 de
602 621 719 653 virtute
736 618 1093 653 transsubstantiationis

140 685 196 717 per
220 674 485 716 comparationem
510 673 550 706 ad
575 673 724 711 verbumg
742 677 772 706 et
792 672 966 715 quaeritur,
983 674 1091 704 utrum

140 729 242 761 virtus
267 727 585 760 transsubstantiandi
611 727 651 759 sit
675 727 748 759 data
772 726 870 758 verbo
895 725 1034 767 prolato,
1052 733 1091 756 an

140 781 243 814 solum
267 781 306 813 sit
330 780 432 813 virtus
458 779 550 812 Verbi
576 779 715 812 increati.
743 780 777 811 Et
801 779 885 821 quod
903 777 1000 810 verbo
1024 786 1094 818 pro-

141 834 217 873 lato,
242 834 379 866 videtur.

231 888 257 918 l.
283 886 504 918 Ambrosius1:
536 886 672 918 «Sermo
696 885 810 918 Christi
829 891 1007 918 creaturam
1029 893 1094 916 mu-

139 944 226 979 tat»;
250 939 304 972 sed
329 939 431 974 omnis
455 938 553 977 actio,
577 947 658 980 quae
682 943 729 971 est
752 938 792 970 ab
816 938 940 980 aliqum
965 941 1012 970 est
1033 946 1095 969 me-

139 993 243 1026 diante
268 992 402 1030 virtute,
438 991 492 1023 sed
529 991 606 1023 haec
642 991 800 1023 mediante
832 990 928 1023 verbo
952 989 1091 1031 prolato:

138 1055 213 1088 ergo
237 1049 294 1078 etc.

227 1100 256 1130 ⁹2.
282 1098 374 1136 Item,
394 1097 586 1129 Eusebius2:
611 1097 805 1129 «Invisibilis
826 1096 973 1129 sacerdos
991 1094 1095 1127 visibi-

139 1151 184 1184 les
208 1155 371 1184 creaturas
395 1151 424 1182 in
463 1150 671 1182 substantiam
708 1150 849 1192 corporis
878 1153 908 1181 et
933 1148 1095 1190 sanguinis

139 1205 186 1236 sui
213 1203 300 1236 verbi
327 1203 375 1235 sui
400 1207 520 1235 secreta
544 1206 697 1245 potestate
721 1205 937 1235 commutat».

227 1257 256 1289 3.
280 1257 375 1295 Item,
399 1256 529 1288 ratione
552 1256 697 1295 videtur,
722 1256 796 1297 quia
812 1264 905 1287 omne
922 1255 1094 1287 adveniens

136 1310 244 1348 alicui,
269 1309 354 1351 quod
379 1313 426 1342 est
450 1310 481 1341 in
506 1310 572 1342 sola
598 1312 749 1350 potestate
774 1309 813 1341 ad
843 1308 974 1350 aliquid,
999 1312 1030 1340 et
1053 1308 1095 1340 sa-

138 1363 222 1396 ciens
247 1364 351 1405 ipsum
376 1371 444 1395 esse
468 1363 498 1394 in
524 1366 614 1401 actu,
632 1362 727 1394 habet
744 1362 896 1394 virtutem
917 1361 1095 1404 atiquam³;

139 1417 194 1449 sed
220 1416 316 1449 verbo
340 1416 526 1448 adveniente
550 1416 589 1447 ad
615 1415 827 1453 elementum,
852 1415 957 1447 statim
983 1415 1094 1447 transit

138 1469 168 1500 in
194 1478 309 1510 eorpus
333 1468 469 1500 Christi:
502 1477 578 1510 ergo
605 1468 634 1500 in
666 1468 764 1501 verbo
792 1472 839 1500 est
863 1468 969 1510 aliqua
993 1468 1096 1500 virtus

138 1522 178 1554 ad
204 1522 272 1554 hoc.

229 1575 258 1606 li..
284 1575 374 1613 ltem,
399 1584 470 1606 euin
498 1584 558 1606 non
594 1575 634 1606 sit
659 1575 760 1606 virtus
797 1574 827 1606 in
860 1575 1044 1616 speciebus3
1069 1575 1094 1606 si

139 1637 200 1660 non
225 1632 271 1660 est
297 1628 397 1660 virtus
423 1627 452 1659 in
479 1628 593 1666 verbo,
619 1631 694 1659 tunc
727 1636 802 1669 ergo
834 1637 895 1659 non
920 1632 967 1660 est
991 1629 1096 1660 Sacra—

139 1686 280 1713 mentum
307 1690 405 1713 novae
441 1681 533 1723 legis,
566 1681 658 1713 cuius
683 1684 730 1713 est
760 1681 913 1714 «efficere
949 1681 1033 1723 quod
1059 1681 1096 1713 fi-

140 1739 234 1776 gurat
247 1735 255 1751 ‘¹
270 1747 299 1766 ›>.

230 1800 257 1820 ι)
282 1788 376 1827 ltein,
402 1788 431 1819 in
457 1787 541 1819 omni
568 1787 704 1819 naturali
722 1796 835 1829 opere,
853 1787 906 1819 ubi
925 1787 1010 1819 Deus
1027 1796 1097 1828 ope-

139 1844 229 1872 ratur
256 1840 411 1873 mediante
436 1843 601 1877 creatura,
625 1840 698 1871 data
722 1843 769 1872 est
795 1841 896 1871 virtus
920 1842 1095 1877 creaturae,

139 1903 195 1936 per
224 1903 320 1935 quam
352 1893 540 1935 operatur⁵z
566 1902 642 1934 ergo
674 1893 768 1925 simili
802 1893 921 1924 ratione
947 1893 977 1924 in
1001 1901 1097 1934 opere

138 1947 297 1980 miraculi:
324 1956 398 1988 ergo
423 1947 449 1979 si
473 1946 551 1979 illud
576 1950 727 1988 operatur
751 1955 807 1988 per
832 1946 977 1985 verbum,
1002 1949 1096 1987 patet,

139 2001 223 2042 quod
249 2000 346 2032 verbo
370 1999 483 2032 collata
508 2003 554 2031 est
580 2000 690 2031 virtus.

227 2053 372 2086 Coma-i:
412 2054 438 2084 1.
475 2053 669 2094 Augustinus
705 2053 744 2085 de
780 2052 891 2085 Verbis
929 2051 1095 2083 Domini⁶t

147 2106 260 2138 «Sicut
284 2106 322 2138 de
338 2106 466 2147 Virgine
483 2115 540 2147 per
557 2105 709 2147 Spiritum
727 2109 871 2138 sanctum
890 2105 1004 2137 Christi
1022 2114 1096 2137 caro

141 2160 205 2192 sine
230 2160 314 2192 coitu
338 2163 482 2198 creatur,
509 2159 550 2191 ita
582 2168 639 2200 per
674 2159 810 2191 eundem
847 2168 887 2191 ex
921 2159 1096 2191 substantia

139 2213 228 2255 panis
252 2217 282 2245 et
306 2212 369 2245 vini
394 2212 478 2245 idem
503 2222 618 2253 corpus
642 2212 755 2244 Christi
786 2212 918 2253 mystice
936 2220 1097 2244 consecra-

140 2270 192 2299 tur
206 2278 237 2305 »3
261 2266 316 2298 sed
341 2266 421 2298 illud
446 2265 480 2297 fit
504 2265 608 2297 solum
642 2265 759 2297 virtute
785 2265 938 2297 increata:
964 2274 1039 2306 ergo
1065 2268 1094 2296 et

141 2320 235 2352 istud.

229 2373 258 2404 2.
283 2372 376 2411 item,
401 2371 624 2404 Ambrosius⁷z
656 2372 797 2403 «Sermo
833 2370 948 2402 Christi
978 2374 1098 2402 creatu-

141 2435 209 2457 ram
236 2429 336 2457 mutat
349 2438 379 2463 »3
410 2425 512 2466 «quis
537 2425 670 2456 Sermo?
694 2424 764 2463 Hic,
790 2433 847 2465 per
872 2432 966 2465 quem
991 2423 1097 2455 omnia

142 2479 223 2510 facta
248 2481 363 2514 sunt»;
389 2478 444 2510 sed
477 2477 555 2509 illud
582 2477 720 2509 Verbum
746 2480 793 2509 est
818 2477 1010 2513 increatum,
1036 2485 1096 2507 non

142 2534 301 2563 creatum:
327 2539 402 2571 ergo
427 2533 485 2562 etc.

230 2584 258 2616 3.
285 2584 377 2622 Item,
402 2583 532 2615 ratione
558 2583 700 2621 videtur,
725 2582 799 2624 quia
837 2590 952 2622 corpus
982 2581 1096 2613 Christi

141 2641 188 2670 est
212 2636 442 2668 nobilissimum
468 2636 548 2668 inter
571 2639 693 2674 creata3
711 2635 765 2667 sed
784 2634 922 2676 potentia
939 2633 1100 2665 transsub-
1129 2655 1132 2671 i

1157 617 1326 650 stantiandi
1352 620 1453 658 potest
1490 617 1519 648 in
1556 617 1653 655 illud,
1678 617 1752 658 quia
1788 615 1942 649 convertit
1970 615 2056 648 aliud
2082 615 2113 647 in

1157 669 1280 710 ipsum3
1306 669 1361 701 sed
1386 669 1465 701 nihil
1490 673 1591 710 potest
1615 678 1712 710 supra
1745 669 1850 707 aliud,
1876 669 1932 701 nisi
1959 668 2043 710 quod
2068 672 2115 700 est

1159 722 1331 760 nobilius&
1356 726 1386 754 et
1409 721 1488 753 nihil
1512 726 1654 754 creatum
1690 726 1736 754 est
1761 722 1828 763 ipso
1858 721 2010 754 nobilius:
2037 730 2112 762 ergo

1157 775 1245 807 nulla
1283 775 1398 807 virtute
1434 779 1539 807 creata
1575 775 1629 806 sit:
1668 784 1743 816 ergo
1779 783 1835 807 nee
1871 774 1988 807 virtute
2025 773 2113 806 verbi

1159 828 1282 870 prolati.

1247 882 1276 914 lt.
1303 882 1392 920 item,
1418 881 1443 914 si
1468 882 1570 913 virtus
1593 885 1640 914 est
1664 881 1737 914 data
1755 881 1851 914 verbo
1868 891 1885 913 a
1910 881 2043 919 Christo,
2060 883 2116 912 aut

1158 934 1256 966 verbo
1281 934 1311 965 in
1336 938 1458 971 mente,
1484 937 1539 965 aut
1563 933 1594 965 in
1618 934 1762 975 scripto,
1788 937 1843 965 aut
1868 933 1898 965 in
1918 933 2113 975 prolatione.

1158 987 1222 1019 Non
1249 987 1278 1019 in
1303 991 1407 1019 mente
1439 995 1496 1019 nec
1528 987 1559 1018 in
1591 987 1734 1028 scripto:
1760 996 1834 1028 ergo
1860 987 1891 1018 in
1914 986 2116 1028 prolatione,-

1159 1040 1213 1072 sed
1239 1040 1391 1079 verbum,
1416 1040 1501 1082 quod
1529 1039 1681 1072 Christus
1705 1039 1853 1082 protulit,
1878 1049 2039 1082 nunquam
2066 1049 2116 1081 po-

1158 1098 1218 1126 test
1243 1094 1401 1126 resumi⁰z
1435 1103 1510 1135 ergo
1542 1093 1658 1126 dicitur
1689 1093 1794 1125 aliud.
1827 1093 1886 1125 Sed
1924 1093 2001 1125 illud
2038 1102 2116 1125 nun-

1157 1156 1253 1188 quam
1278 1147 1337 1179 fuit
1361 1147 1420 1179 nisi
1446 1156 1542 1179 nunc:
1569 1156 1643 1188 ergo
1668 1155 1724 1179 nec
1757 1146 1830 1178 data
1854 1149 1901 1178 est
1925 1146 1951 1178 ei
1978 1149 2115 1187 potestas

1159 1200 1225 1233 sive
1250 1200 1360 1232 virtus.

1249 1255 1277 1285 5.
1302 1253 1397 1291 Item,
1422 1254 1447 1285 si
1471 1253 1565 1286 datur
1583 1253 1613 1285 in
1630 1253 1822 1294 prolatione3
1839 1256 1893 1285 aut
1909 1252 2037 1290 sabico,
2063 1255 2117 1283 aut

1157 1306 1347 1338 successive.
1374 1307 1404 1338 Si
1427 1307 1627 1344 succes-siue,
1652 1315 1727 1348 ergo
1752 1306 1929 1338 successive
1953 1308 2115 1347 operatur,

1158 1360 1243 1401 quod
1268 1360 1401 1392 stultum
1438 1364 1485 1392 est
1509 1360 1631 1398 meere,
1668 1364 1703 1391 ut
1739 1359 1940 1391 manifestum
1965 1362 2020 1390 est.
2051 1358 2115 1390 Nou

1158 1413 1241 1445 enim
1267 1413 1343 1445 clare
1360 1418 1423 1451 θεῖ,
1441 1413 1525 1454 quod
1544 1422 1607 1444 una
1632 1421 1705 1454 pars
1718 1412 1820 1453 panis
1836 1412 1939 1453 primo
1959 1411 2119 1443 transsub-

1159 1466 1326 1498 stantietur
1350 1475 1445 1508 quain
1470 1466 1549 1504 alia,
1574 1475 1646 1498 eum
1675 1465 1806 1497 verbum
1833 1465 1981 1506 respiciat
2004 1473 2117 1506 aequa-

1160 1519 1231 1551 liter
1255 1523 1374 1553 totuin:
1400 1527 1455 1551 nee
1488 1519 1572 1560 quod
1609 1527 1672 1550 una
1709 1527 1782 1559 pars
1809 1517 1933 1550 Cltrt'st‘t‘
1964 1517 2053 1558 prius
2078 1517 2117 1549 sit

1161 1572 1201 1604 ibi
1228 1581 1321 1614 quam
1348 1572 1426 1611 alia,
1444 1571 1519 1613 quia
1538 1575 1610 1603 tunc
1628 1574 1734 1612 partes
1759 1570 1900 1611 corporis
1925 1570 2038 1602 Christi
2058 1570 2120 1611 glo-

1161 1625 1270 1657 rificati
1290 1628 1395 1657 essent
1412 1623 1621 1665 separabiles3
1639 1623 1724 1665 quod
1743 1623 1874 1655 stultum
1898 1626 1945 1655 est
1970 1623 2075 1655 dicere
2090 1623 2118 1653 ¹⁸.

1161 1678 1190 1711 Si
1214 1677 1341 1715 subito,
1366 1681 1421 1709 aut
1450 1678 1480 1708 in
1509 1676 1695 1718 principio,
1720 1681 1774 1708 aut
1798 1676 1830 1707 in
1854 1676 1976 1713 inedie,
2002 1680 2057 1707 aut
2087 1676 2116 1707 in

1158 1730 1232 1772 stite.
1258 1731 1287 1762 Si
1314 1730 1343 1762 in
1364 1730 1550 1772 principio,
1576 1734 1606 1762 et
1631 1730 1735 1762 statim
1761 1738 1832 1761 cum
1859 1733 1922 1767 est,
1948 1732 2115 1770 operatur:

1159 1794 1234 1826 ergo
1259 1784 1290 1815 in
1315 1783 1470 1825 principio
1494 1783 1529 1815 fit
1554 1782 1878 1816 transsubstantiatio:
1906 1791 1980 1823 ergo
2006 1781 2031 1813 si
2057 1790 2118 1813 non

1160 1837 1334 1879 compleret
1358 1837 1472 1875 verba,
1499 1837 1614 1868 factum
1649 1839 1740 1869 esset.
1766 1835 1914 1867 Similiter
1939 1835 1977 1867 de
2002 1835 2119 1866 mettio.

1161 1891 1190 1923 Si
1216 1891 1246 1922 in
1270 1890 1350 1932 fines
1375 1890 1430 1923 sed
1456 1890 1589 1922 verbum
1616 1890 1646 1921 in
1672 1889 1734 1921 fine
1758 1898 1818 1921 non
1844 1892 1906 1921 est:
1933 1897 2008 1930 ergo
2025 1888 2119 1920 datur

1160 1944 1313 1976 uon-enti.
1338 1944 1433 1981 ltem⁷
1458 1943 1482 1975 si
1513 1943 1543 1975 in
1575 1942 1656 1984 slim
1679 1945 1817 1981 constat,
1842 1942 1926 1983 quod
1959 1941 2119 1974 desinente

1161 1997 1272 2035 verbo,
1290 1997 1405 2029 desinit
1428 1999 1458 2028 et
1484 1996 1601 2028 virtus:
1620 2004 1694 2037 ergo
1718 1995 1750 2026 in
1774 1995 1885 2027 eodem
1911 1994 2035 2026 instanti
2062 1994 2122 2026 vir-

1162 2054 1213 2082 tus
1243 2050 1350 2091 incipit
1374 2054 1405 2082 et
1429 2049 1561 2087 desinit,
1586 2053 1617 2081 et
1640 2052 1687 2080 est
1711 2051 1742 2080 et
1766 2057 1826 2079 non
1852 2052 1908 2079 est.

1252 2105 1281 2135 6.
1307 2104 1398 2141 Item,
1423 2103 1447 2135 si
1473 2103 1568 2134 datur
1602 2102 1718 2141 virtus,
1750 2105 1806 2133 aut
1836 2101 1912 2139 toti,
1937 2106 1992 2133 aut
2016 2101 2122 2133 ctlz'cut‘

1157 2157 1262 2199 parti.
1288 2157 1318 2188 Si
1344 2157 1418 2188 toti:
1444 2166 1519 2197 ergo
1543 2160 1598 2188 aut
1623 2155 1782 2198 quaelibet
1806 2164 1880 2197 pars
1899 2155 1993 2186 habet
2018 2159 2119 2186 colam

1161 2211 1327 2249 virtutem,
1352 2213 1407 2242 aut
1427 2213 1571 2251 partem.
1596 2209 1625 2241 Si
1644 2213 1761 2241 totam.-
1779 2217 1854 2250 ergo
1872 2208 2031 2250 quaelibet
2047 2216 2120 2249 pars

1161 2263 1252 2302 sacit3
1277 2263 1302 2295 si
1324 2267 1457 2305 partem
1482 2262 1627 2300 Virtutis;
1645 2271 1717 2294 cum
1736 2265 1841 2303 partes
1858 2270 1919 2293 non
1938 2261 1998 2293 sint
2016 2260 2120 2299 simul.

1162 2325 1217 2349 nec
1242 2316 1302 2357 erit
1327 2316 1428 2348 virtus
1453 2315 1548 2348 simul
1573 2324 1629 2347 nee
1658 2315 1798 2356 operatio
1831 2314 1937 2346 simul.
1962 2314 1989 2345 Si
2016 2314 2122 2345 alieni

1160 2369 1265 2411 parti,
1291 2378 1425 2411 quaero3
1451 2369 1524 2401 cui?

1252 2424 1281 2454 7.
1305 2422 1400 2460 Item²
1424 2421 1447 2453 si
1474 2421 1558 2452 Deus
1583 2420 1635 2452 dat
1664 2420 1814 2452 virtutem
1841 2419 1937 2451 verbo
1964 2419 1993 2450 in
2019 2418 2121 2459 prola-

1164 2476 1262 2512 tione;
1287 2479 1377 2513 tunc,
1395 2483 1467 2506 oum
1494 2474 1627 2505 verbum
1654 2473 1812 2514 prolatum
1837 2472 1977 2508 deficiat.
1995 2472 2121 2504 videtur

1129 2566 1131 2576 Ι
1162 2528 1317 2565 similiter,
1335 2527 1420 2568 quod
1444 2526 1494 2557 illa
1522 2526 1636 2557 nobilis
1653 2525 1755 2557 virtus
1773 2525 1877 2557 statim
1896 2524 2018 2556 desinat
2034 2529 2120 2562 ess-33
2152 2546 2158 2551 -

1162 2584 1193 2612 et
1217 2579 1439 2612 inconveniens
1464 2582 1562 2616 esset5
1596 2578 1680 2620 quod
1717 2578 1801 2610 Deus
1826 2578 1870 2609 sic
1894 2581 1957 2608 tam
1983 2576 2118 2609 nobilem

1163 2633 1311 2664 virtutem
1339 2631 1441 2670 daret,
1466 2639 1547 2672 quae
1572 2630 1676 2662 statim
1702 2630 1824 2662 desinat
1849 2638 1926 2661 esse.

316 2758 346 2765 x

214 2806 221 2822 ¹
242 2806 310 2831 Libr.
333 2806 372 2830 lV.
394 2806 426 2831 de
446 2806 561 2830 Sacram.
584 2812 606 2830 c.
629 2804 651 2829 4..
673 2812 697 2829 n.
717 2804 753 2829 17.
769 2804 818 2830 cfr.
834 2804 866 2829 (le
879 2804 1018 2835 Mysteriis,
1034 2811 1055 2828 c.
1071 2804 1095 2828 9.

143 2857 167 2875 n.
188 2850 229 2875 52.
250 2849 315 2874 Vide
335 2850 376 2874 hic
396 2850 429 2875 lit.
450 2850 572 2881 Magistri,
595 2856 616 2874 c.
638 2850 662 2874 2.

215 2892 225 2908 ‘2
243 2893 373 2917 Invenitur
394 2893 442 2917 hoe
462 2893 636 2918 testimonium
657 2894 681 2917 in
703 2893 781 2924 Epist.
803 2892 844 2917 38.
868 2899 914 2917 seu
942 2891 1045 2916 homilia
1067 2891 1099 2915 de

144 2943 253 2968 corpore
278 2940 302 2961 et
328 2937 454 2968 sanguine
479 2936 570 2962 Christi
597 2937 679 2969 (inter
705 2944 784 2968 opera
811 2936 993 2968 Hieronymi),
1019 2942 1041 2960 c.
1067 2936 1096 2967 2,

145 2988 212 3014 quae
232 2982 293 3006 alias
311 2981 422 3007 Eusebio
436 2982 569 3006 Emisseno
583 2981 643 3013 (cfr.
658 2981 684 3006 C.
701 2980 771 3012 Quia
784 2987 882 3014 corpus
897 2980 973 3012 (35),
989 2980 1021 3005 de
1034 2979 1100 3005 Con-

145 3029 235 3051 socrat.
256 3026 280 3051 d.
301 3026 342 3058 2).
362 3025 558 3057 attribuebatur,
579 3025 724 3051 secundum
750 3025 882 3050 Oudinum
909 3028 995 3050 autem
1016 3025 1100 3049 Fausti

145 3070 299 3102 Rhegiensis
317 3071 433 3101 episcopi
453 3077 509 3095 esse
528 3070 630 3095 dicitur.
650 3069 700 3095 Csr.
722 3071 762 3095 liic
783 3070 817 3094 lit.
838 3070 966 3101 Magistri,
987 3076 1008 3094 c.
1030 3070 1052 3094 2.
1067 3083 1101 3087 -

147 3114 194 3139 l'ro
212 3113 286 3139 verbi
304 3113 347 3139 sui
366 3117 448 3139 textus
467 3114 599 3145 originalis
619 3117 644 3139 et
662 3113 724 3139 edd.
746 3112 824 3139 serbo
845 3119 903 3138 suo.

215 3157 227 3174 3
248 3158 313 3183 Vide
332 3158 452 3189 Aristeu,
473 3158 514 3183 lx.
535 3158 646 3189 Metapli.
667 3162 724 3183 text.
747 3158 787 3182 19..
807 3164 881 3190 seqq.
908 3157 984 3189 (Vlll.
1009 3164 1030 3182 c.
1050 3157 1100 3189 7.).

147 3216 180 3219 —
200 3203 325 3234 Superius
344 3209 392 3233 pro
412 3208 489 3228 omne
508 3203 580 3227 multi
601 3202 677 3227 codd.
698 3206 722 3227 et
741 3202 782 3227 ed.
804 3203 812 3225 ·1
837 3208 900 3227 esse.

217 3245 228 3262 4
248 3246 397 3271 Secundum
418 3247 525 3278 August.
546 3253 624 3277 supra
646 3247 670 3270 iu
691 3246 725 3270 lit.
751 3246 879 3277 Magistri,
908 3246 932 3271 d.
959 3246 1000 3270 lV.
1026 3252 1046 3270 c.
1069 3246 1099 3277 rly

148 3290 296 3321 allegatum.
317 3290 368 3316 Csr.
387 3291 463 3316 etiam
484 3290 509 3315 d.
535 3292 553 3315 1.
575 3298 599 3322 p.
621 3291 637 3315 1.
660 3298 683 3323 (1.
705 3290 728 3315 li.
749 3292 773 3315 et
793 3290 816 3315 5.

218 3335 229 3351 ⁵
248 3334 298 3360 Cl'r.
319 3339 379 3360 tom.
402 3335 416 3359 l.
443 3343 502 3367 pag.
528 3335 594 3367 746,
622 3337 679 3359 uota
706 3336 730 3365 6,
756 3338 781 3360 et
807 3339 868 3360 tom.
896 3335 921 3359 ll.
948 3342 1008 3367 pag.
1037 3335 1100 3366 «198,

149 3382 209 3404 uota
230 3379 252 3403 3.

1232 2801 1243 2818 6
1264 2802 1299 2827 De
1318 2802 1366 2826 liae
1386 2801 1549 2831 auctoritate,
1571 2807 1638 2832 quae
1657 2799 1683 2825 C.
1706 2800 1803 2825 Utrum
1821 2798 1870 2825 sub
1889 2799 1979 2833 lipara
1995 2800 2072 2831 (72),
2088 2800 2120 2824 dr·

1163 2847 1309 2872 Consecral.
1330 2846 1354 2870 d.
1376 2847 1404 2875 2,
1426 2845 1546 2870 tribuitur
1574 2845 1735 2876 Augustino,
1760 2844 1805 2869 sed
1831 2850 1898 2876 quae
1927 2848 1965 2869 est
1994 2844 2120 2869 l'ascliasii

1163 2890 1299 2919 liudberti,
1320 2890 1381 2915 vide
1402 2890 1442 2914 liic
1462 2889 1497 2914 lit.
1520 2889 1647 2920 Magistri,
1668 2895 1691 2913 c.
1714 2889 1738 2913 2.

1233 2934 1244 2950 7
1263 2933 1332 2959 Libr.
1352 2934 1392 2958 lV.
1412 2933 1444 2958 de
1464 2934 1578 2957 Sacram.
1599 2939 1620 2957 c.
1643 2932 1665 2957 t.
1685 2939 1709 2957 u.
1734 2932 1772 2956 17.
1792 2935 1817 2957 et
1841 2932 1878 2957 15.
1899 2932 1950 2957 Csr.
1978 2932 2009 2957 de
2031 2932 2122 2963 Myste-

1164 2979 1222 3009 riis,
1243 2985 1264 3002 c.
1285 2979 1308 3002 9.
1329 2984 1353 3002 n.
1374 2976 1416 3002 52.
1438 2976 1502 3001 Vide
1523 2977 1563 3001 hio
1583 2976 1616 3000 lit.
1638 2976 1764 3007 Magistri,
1786 2983 1807 3001 c.
1828 2976 1853 3000 2.

1235 3021 1246 3038 S
1265 3022 1381 3052 Ariston,
1402 3021 1438 3045 111.
1459 3021 1491 3045 de
1510 3021 1614 3050 Anima,
1636 3023 1695 3045 text.
1722 3021 1758 3045 19.
1780 3020 1818 3051 (c.
1840 3019 1896 3052 5.):
1923 3021 2032 3051 Semper
2052 3021 2120 3045 enim

1165 3066 1341 3092 honorabilius
1359 3068 1397 3090 est
1416 3072 1497 3096 agens
1516 3065 1641 3095 patiente,
1661 3068 1686 3089 et
1706 3065 1862 3096 principium
1878 3065 1992 3089 materia.
2008 3064 2057 3089 Cl'r.
2073 3065 2121 3089 Au-

1165 3116 1246 3145 gust.⁷
1268 3113 1300 3138 (lo
1321 3112 1458 3137 Immortal.
1483 3112 1598 3142 animae,
1625 3118 1646 3136 c.
1667 3112 1691 3136 8.
1715 3118 1738 3136 n.
1764 3110 1801 3135 lsi.
1827 3114 1851 3136 et
1878 3111 1918 3136 lv.
1947 3111 1979 3135 (le
2006 3111 2117 3141 Musica,

1165 3164 1186 3182 c.
1208 3157 1231 3181 5.
1254 3164 1278 3181 n.
1298 3157 1321 3181 8.

1235 3201 1246 3217 ⁰
1264 3201 1327 3226 Cod.
1348 3208 1378 3225 aa
1397 3200 1531 3231 subiungit
1550 3199 1614 3233 qula
1633 3199 1704 3233 quod
1722 3199 1802 3225 semel
1815 3199 1915 3225 (lictum
1929 3201 1981 3229 est,
2003 3199 2122 3232 (anplius

1165 3252 1220 3271 nou
1235 3246 1322 3278 potest
1344 3243 1423 3276 sumi,
1445 3249 1470 3269 et
1494 3251 1554 3269 mox
1579 3245 1672 3269 omittit
1697 3243 1804 3270 dicitur.
1825 3244 1951 3275 Superius
1978 3247 2035 3275 post
2061 3243 2120 3269 Nou

1166 3289 1241 3314 codd.
1263 3289 1281 3313 ll
1294 3289 1311 3312 L
1331 3288 1454 3319 supplent
1472 3287 1558 3313 verbo.

1237 3332 1258 3349 ¹⁰
1278 3332 1327 3358 Csr.
1348 3333 1411 3357 intra
1433 3332 1456 3357 d.
1483 3333 1519 3357 ll.
1541 3339 1565 3363 p.
1587 3333 1602 3356 1.
1623 3340 1647 3365 (1.
1668 3332 1691 3357 5.
1706 3346 1740 3350 —-
1754 3332 1790 3357 De
1810 3339 1884 3365 seqq.
1904 3332 2048 3357 rationibus
2061 3332 2121 3356 vide

1165 3384 1245 3409 supra
1264 3376 1289 3401 d.
1315 3377 1334 3401 1.
1355 3383 1379 3408 p.
1401 3377 1415 3401 l.
1436 3384 1462 3408 q.
1485 3375 1509 3401 4,
1529 3377 1595 3401 circa
1616 3376 1706 3408 finem,
1720 3380 1744 3402 et
1766 3377 1802 3402 lll.
1817 3377 1885 3402 Seni.
1907 3377 1931 3402 d.
1952 3376 1993 3402 40.
2015 3375 2076 3402 dub.
2098 3376 2122 3400 3.
