2483 3882
839 261 932 292 DlST.
957 260 978 291 1.
1002 260 1032 291 Ι).
1059 260 1090 291 11.
1116 260 1198 291 ART.
1224 260 1255 291 ll.
1281 260 1433 301 QUAEST.
1460 261 1491 292 ll.
2109 263 2146 294 [tl

177 354 209 383 et
242 351 375 382 libenter
403 349 567 381 differrent
595 352 725 391 propter
753 348 903 381 dolorem.
933 348 1004 380 ldeo
1033 347 1132 380 voluit

178 404 222 436 eis
246 403 398 435 Dominus
422 402 597 443 praefigere
621 401 802 434 terminum.

268 455 297 487 3.
321 455 351 487 lt.
376 454 421 486 Ad
446 453 525 486 illud
557 454 640 495 quod
673 453 838 490 obiicitur,
862 452 947 494 quod
973 452 997 484 si
1022 455 1069 484 est
1094 452 1132 484 de

180 508 364 541 necessitate
388 507 562 549 praecepti,
587 515 647 538 non
672 509 794 548 poterat
822 505 941 538 differri
960 513 1022 537 ‚nec
1047 514 1134 546 prae-

180 560 279 594 veniri
306 561 372 593 sine
396 563 539 601 peccato;
564 560 751 598 dicendum,
776 558 861 600 quod
885 557 966 590 circa
992 558 1050 589 hoc
1078 558 1134 589 du-

55 619 130 647 Opinio
147 618 166 638 ¹·
181 613 257 655 plex
282 613 340 645 fuit
364 612 483 654 opinio:
509 621 571 644 una
595 612 742 654 quidem,
767 611 852 653 quod
876 610 1053 652 praeveniri
1071 619 1132 641 non

180 668 302 707 poterat
327 674 383 697 nec
418 664 538 697 differri
574 664 640 696 sine
676 667 820 705 peccato.
846 663 903 695 nisi
929 662 1133 695 interveniret

182 718 241 751 Dei
263 718 468 755 auctoritas,
494 717 543 749 vel
576 717 670 749 etiam
707 716 890 748 necessitas.
928 716 961 747 Et
997 719 1133 757 utraque

180 772 239 804 fuit
264 771 294 803 in
320 771 409 809 viris,
434 770 488 812 qui
524 770 652 802 fuerunt
688 769 717 801 in
754 770 878 802 deserto
906 768 1132 807 incircumcisi,

179 827 215 856 ut
243 823 368 856 dicunt:
399 822 575 854 necessitas
610 825 739 863 propter
774 821 970 863 periculum,
995 821 1068 863 quia
1092 820 1131 853 ad

178 880 299 908 motum
325 875 419 907 nubis
444 875 688 911 movebantur¹.,
713 877 743 906 et
768 874 837 906 ideo
861 873 1131 906 circumcisionem

180 937 307 962 servare
331 937 393 960 non
418 931 579 969 poterant;
604 927 720 958 divinit
745 927 837 959 etiam
864 925 1051 958 wictericus
1075 925 1134 957 fuit

179 982 382 1023 dispensans,
407 981 481 1022 quia
505 981 536 1012 in
561 980 686 1012 deserto
721 983 828 1019 erant,
853 980 883 1011 in
909 989 971 1021 quo
995 988 1056 1010 non
1082 988 1134 1020 po-

178 1038 281 1067 terant
305 1034 451 1075 gentibus
475 1033 671 1066 commisceri
696 1042 752 1065 nec
770 1033 950 1074 indigebant
972 1032 1132 1073 distingui.

134 1078 136 1081 ¹
179 1088 329 1124 Rursus,
354 1086 507 1117 Dominus
531 1085 647 1124 voluit,
680 1086 720 1117 ol)
750 1085 899 1127 figurant
923 1084 1134 1117 circumcisio-

178 1149 250 1173 nem
276 1139 410 1177 disferri‚
435 1142 470 1171 ut
494 1148 558 1171 una
582 1139 737 1180 generalis
766 1138 963 1171 circumcisio
989 1138 1078 1170 fieret
1102 1138 1131 1169 in

178 1196 264 1225 terra
298 1191 516 1234 promissionis
552 1191 582 1222 in
619 1191 743 1232 signum
780 1191 866 1223 illius
909 1200 990 1233 quae
1026 1191 1134 1223 futura

178 1249 246 1278 erat
272 1246 299 1277 in
337 1245 448 1287 patria.
485 1245 519 1276 Et
552 1244 601 1276 isti
638 1244 764 1281 dicunt,
789 1244 901 1285 quodsi
927 1245 965 1277 de
990 1244 1134 1286 parvulis

178 1299 342 1337 timerent,
367 1297 451 1339 quod
479 1301 602 1338 tempus
627 1296 875 1329 circumcisionis
900 1300 1021 1338 poterat
1038 1301 1068 1329 et
1085 1297 1135 1329 de-

177 1352 272 1385 bebat
295 1351 492 1393 praeveniri,
525 1349 663 1392 alioquin
697 1358 776 1391 puer
801 1349 1029 1388 damnabatur,
1053 1350 1135 1382 sicut

30 1406 164 1453 N011m1³rf⁰b³=
179 1404 273 1436 modo
298 1404 467 1435 damnatur
492 1412 572 1444 puer
596 1412 657 1434 non
684 1402 868 1444 baptizatus.
894 1421 937 1425 —
961 1402 1020 1434 Sed
1056 1403 1133 1434 haec

108 1448 112 1452 ⁴
176 1457 307 1499 positiO,
333 1457 404 1489 licet
428 1455 601 1498 probabilis
630 1456 784 1494 videatur,
809 1458 912 1487 tamen
939 1455 1017 1486 mori
1044 1464 1135 1496 repu-

175 1514 249 1552 gnat
266 1510 465 1547 ludaeorum,
490 1518 585 1551 quem
610 1518 693 1541 nunc
717 1509 904 1544 observant,
928 1512 958 1539 et
983 1508 1133 1540 credibile

176 1566 240 1602 est,
265 1563 350 1604 quod
375 1572 393 1594 a
416 1562 561 1593 Patribus
585 1565 783 1602 aeceperunt.
802 1560 930 1592 Nullum
955 1560 1039 1592 enim
1062 1563 1133 1592 ante

176 1620 324 1648 octavum
341 1616 424 1647 diem
442 1615 682 1647 circumcidunt.
700 1633 745 1637 —-
760 1613 1020 1645 Contrarietatem
1038 1614 1133 1645 etiam

176 1668 271 1700 babet
295 1669 327 1699 in
351 1677 384 1700 se
408 1668 490 1708 ipsa:
517 1667 608 1708 quia,
637 1667 662 1699 si
687 1667 726 1698 ob
752 1666 974 1698 necessitatem
1004 1665 1134 1697 infirmi-

176 1722 248 1753 tatis
283 1724 406 1762 poterat
441 1720 583 1758 differri,
608 1729 680 1752 cum
705 1719 860 1761 parvulus
889 1722 957 1751 erat
989 1719 1019 1750 in
1044 1719 1133 1760 gravi

176 1773 376 1812 infirmitate,
400 1782 462 1805 non
487 1773 621 1805 debebat
644 1772 819 1804 secundum
845 1780 898 1803 eos
933 1771 1132 1810 circumcidi,

177 1826 231 1858 sed
257 1826 377 1858 diutius
401 1825 596 1866 exspectari3
621 1827 651 1856 et
675 1824 816 1862 iteruin,
849 1824 875 1856 si
911 1833 972 1856 non
1009 1827 1133 1866 poterat

177 1879 243 1911 sine
277 1881 404 1920 peccato
429 1876 577 1920 differri,
603 1877 739 1919 qualiter
763 1879 885 1918 poterat
918 1876 1132 1918 praeveniri,

178 1940 216 1964 ex
243 1941 305 1973 quo
330 1931 483 1963 Dominus
507 1930 623 1962 illum2
649 1930 868 1971 praefixerat?

268 1984 302 2016 Et
325 1984 395 2016 ideo
419 1984 480 2015 alia
504 1983 608 2025 opinio
632 1985 678 2015 est
694 1986 724 2015 et
740 1982 951 2024 probabilior,
969 1983 1053 2024 quod
1071 1992 1132 2014 non

29 2036 164 2089 pgffifissf·
180 2037 336 2069 debebant
359 2036 544 2078 praevenire
569 2045 625 2068 nec
650 2035 795 2073 differre,
820 2035 877 2067 nisi
898 2035 1049 2067 Dominus
1066 2035 1133 2076 ipse

179 2089 392 2131 dispensaret,
417 2089 557 2130 alioquin
580 2088 761 2130 peccabant.
798 2088 833 2120 Et
855 2087 887 2119 si
910 2091 945 2119 tu
974 2087 1131 2126 obiicias,

179 2142 262 2184 quod
289 2145 362 2174 tunc
386 2151 466 2183 puer
503 2142 727 2179 damnaretur,
763 2141 837 2183 quia
873 2141 1040 2173 scribitur:
1066 2141 1133 2173 Ma-

176 2194 300 2233 sculus,
319 2194 415 2226 euius
432 2204 512 2226 earo
537 2198 612 2231 etc.;
639 2194 826 2232 dicendum,
844 2194 929 2235 quod
955 2194 1132 2226 secundum

176 2247 413 2279 translationem
438 2247 641 2289 Septuaginta
666 2246 817 2279 babetur:
843 2246 946 2278 Cuius
960 2246 1135 2287 praeputii

178 2308 258 2331 earo
283 2303 400 2331 octava
424 2299 475 2331 (lie
500 2299 702 2331 circumcisa
726 2308 791 2331 non
819 2297 945 2340 fueric;
970 2302 1000 2331 et
1024 2308 1132 2340 quam-

177 2352 225 2384 vis
249 2352 280 2383 in
305 2356 411 2383 nostra
435 2352 638 2384 translatione
662 2361 724 2383 non
748 2352 951 2393 repetatur³,
970 2355 1073 2384 tamen
1091 2352 1134 2383 in-

180 2405 330 2446 telligitur
354 2405 452 2446 repeti
477 2405 537 2437 sub
562 2414 598 2437 ea
621 2405 816 2444 conditione,
842 2406 872 2437 in
889 2414 952 2446 qua
969 2406 1027 2437 suit
1044 2414 1133 2446 prae-

1196 351 1333 389 ceptum.
1360 348 1394 380 Et
1411 349 1485 389 quia
1498 348 1507 364 ⁴
1524 358 1585 380 non
1610 353 1700 381 erant
1725 349 1867 390 obligati,
1885 350 1995 381 eodem
2015 350 2154 382 remedio

1176 397 1407 439 curabantur,
1437 410 1499 443 quo
1535 402 1695 434 mulieres.
1727 421 1770 424 m
1802 402 1860 433 Sed
1897 402 1972 434 huic
2008 402 2153 444 positioni
2170 409 2294 432 Difficultas.

1195 453 1334 485 occurrit
1368 453 1553 486 difficultas:
1579 458 1645 487 esto
1681 455 1781 493 enim,
1807 456 1891 496 quod
1921 455 2075 496 parvulus
2101 456 2153 488 ille

1196 505 1369 538 mundatus
1394 506 1446 537 illo
1470 507 1610 539 remedio
1635 507 1755 539 viveret
1779 516 1880 549 usque
1905 508 1945 539 ad
1970 511 2039 540 octo
2064 508 2155 540 dies⁵

1199 560 1228 589 et
1253 561 1327 590 tunc
1353 567 1412 589 non
1431 558 1728 599 circumcideretur,
1746 564 1800 592 aut
1816 560 1989 598 saluatur,
2008 563 2063 592 aut
2079 570 2153 592 non.

1197 609 1227 640 Si
1251 619 1317 641 non
1341 610 1600 654 salvatur:.ergo
1624 621 1665 644 ex
1690 616 1816 653 peccato
1840 613 1939 654 patris
1956 613 2069 645 amittit
2086 623 2154 654 gra-

1198 662 1290 701 tiam,
1315 666 1371 695 aut
1393 672 1461 696 ean]
1487 674 1547 696 non
1574 665 1702 704 habuit3
1727 666 1782 697 sed
1807 669 1943 704 constat,
1974 666 2058 707 quod
2087 675 2156 707 pro-

1197 719 1267 756 pter
1294 719 1455 757 peccatum
1480 717 1580 758 patris
1605 727 1664 748 non
1689 721 1792 759 potest
1815 727 1884 750 eam
1911 718 2057 760 perdere:
2080 727 2155 760 ergo

1199 776 1359 809 nunquam
1386 768 1506 800 babuit.
1524 788 1567 792 ——
1584 770 1613 800 Si
1634 770 1808 808 salvatum
1833 773 1863 801 et
1888 780 1948 802 non
1974 774 2020 803 est
2044 775 2155 803 octavo

1198 820 1247 853 die
1271 820 1494 853 circumcisus:
1532 831 1607 863 ergo
1640 832 1699 854 non
1732 826 1779 855 est
1804 832 1932 861 verum,
1970 824 2055 865 quod
2081 823 2155 855 dicit

1200 873 1369 906 Dominus:
1396 874 1577 912 illctseulus,
1603 875 1702 907 euius
1726 885 1806 907 earo
1831 880 1889 908 etc.

1286 927 1416 968 Propter
1441 927 1500 959 hoc
1526 927 1620 968 igitur
1656 928 1928 969 respoiulendutu,
1966 929 2050 970 quod
2084 935 2300 972 cur-Solutiqnu-

1198 981 1285 1011 rente
1310 979 1566 1018 circumcisione,
1591 980 1652 1012 alia
1684 981 1825 1013 remedia
1860 990 1920 1012 non
1946 981 2155 1023 disponebant
2182 965 2300 1014 33ῗῖΞυῖιῖ

1197 1032 1369 1073 parvulum
1394 1032 1453 1064 nisi
1480 1041 1552 1064 curn
1579 1033 1636 1065 bac
1661 1033 1855 1072 conditione,
1879 1035 1964 1075 quod
1989 1034 2056 1076 ipse
2074 1038 2156 1067 esset

1197 1084 1426 1125 impossibilisss
1451 1085 1491 1116 ad
1517 1085 1713 1126 implendum
1752 1086 1937 1118 mandatum
1963 1087 2001 1118 de
2026 1087 2158 1119 circum-

1197 1137 1329 1170 cIsione:
1348 1141 1378 1170 et
1402 1138 1445 1169 ita
1463 1142 1592 1180 propter
1610 1139 1895 1180 impossibilitatem
1912 1139 2155 1178 absolvebatur;

1198 1195 1228 1223 et
1245 1190 1269 1223 si
1289 1191 1462 1223 moriturus
1480 1195 1547 1223 erat
1564 1195 1635 1224 ante
1652 1195 1799 1224 octavum
1817 1192 1915 1231 diem,
1934 1193 2155 1234 disponebant.

1198 1246 1228 1275 et
1253 1244 1443 1281 curabatur;
1461 1244 1515 1276 sed
1541 1245 1684 1277 victurus
1702 1254 1762 1276 non
1780 1245 1971 1284 curabatur,
1990 1254 2156 1287 quousque

1200 1296 1383 1328 mandatum
1408 1300 1489 1329 esset
1513 1300 1614 1329 totum
1641 1297 1816 1338 impletum.
1842 1298 1876 1329 Et
1899 1298 1957 1330 boc
1982 1302 2082 1330 totuin
2109 1301 2156 1330 est

1198 1349 1375 1390 probabile,
1393 1353 1422 1381 et
1440 1349 1509 1382 ideo
1526 1350 1607 1382 hanc
1624 1350 1802 1392 opinionem
1820 1351 1914 1383 credo
1932 1351 2098 1383 saniorem.
2113 1370 2155 1374 —-

1199 1402 1228 1433 Si
1246 1405 1351 1434 autem
1371 1403 1522 1434 Dominus
1536 1403 1743 1444 dispensaret,
1758 1407 1831 1435 tunc
1849 1413 1940 1436 secus
1957 1407 2054 1443 esset3
2067 1408 2097 1436 et
2114 1405 2154 1437 ita
2171 1409 2266 1456 0553ssss
2283 1410 2303 1429 in

1198 1454 1307 1486 dicunt
1324 1454 1440 1487 factum
1459 1464 1526 1487 esse
1544 1455 1627 1487 circa
1644 1456 1738 1491 viros,
1756 1456 1808 1498 qui
1828 1456 1956 1489 suerunt
1974 1457 2002 1488 in
2021 1457 2154 1489 deserto.
2213 1445 2221 1456 ἃ
2238 1442 2242 1456 ¹
2257 1444 2276 1455 ⁰⁵

1198 1525 1242 1529 —-
1258 1507 1358 1548 Aliqui
1384 1511 1487 1539 tamen
1513 1508 1638 1547 dicunt,
1656 1509 1740 1549 quod
1767 1513 1994 1550 peccaverunt,
2016 1510 2090 1551 quia
2115 1518 2155 1541 ex

1206 1563 1389 1601 contemptu
1406 1560 1595 1592 dimiserunt
1607 1562 1635 1600 ⁷3
1656 1562 1710 1593 sed
1731 1565 1833 1594 tamen
1851 1562 1929 1594 illud
1951 1572 2011 1593 non
2029 1566 2076 1594 est
2093 1572 2156 1595 cre-

1198 1612 1310 1651 dibile,
1329 1613 1413 1654 quod
1435 1622 1544 1645 omnes
1569 1614 1610 1645 ita
1634 1612 1818 1646 mandatum
1838 1615 1890 1646 Dei
1909 1619 2153 1647 contemnerent.

1287 1665 1317 1697 Si
1350 1670 1456 1698 autem
1494 1666 1633 1698 obiicias
1665 1667 1810 1699 similiter
1846 1667 1884 1699 de
1916 1668 2067 1709 parvulo,
2100 1668 2314 1711 ψῑίθςωεῑξιγῑη-

1198 1721 1389 1759 praeventus
1415 1721 1515 1750 morte
1538 1728 1600 1750 non
1625 1719 1820 1761 baptizatur,
1838 1724 1947 1751 utrum
1966 1721 1995 1752 in
2018 1721 2079 1753 fide
2105 1730 2155 1762 pa-
2182 1700 2255 1747 Ϊῗῗιῗιῖὶῗ
2274 1702 2315 1720 Ι

1198 1775 1323 1803 rentum
1350 1771 1504 1810 salvetur3
1541 1772 1628 1811 dico,
1661 1773 1745 1814 quod
1770 1782 1849 1811 non,
1879 1773 1953 1814 quia
1978 1774 2154 1815 baptismus

1197 1827 1327 1866 propter
1351 1834 1441 1856 suam
1466 1825 1703 1866 generalitatem
1729 1829 1759 1857 et
1783 1826 2005 1867 perfectionem
2032 1830 2062 1859 et
2080 1830 2154 1859 tem-

1197 1877 1284 1919 poris
1307 1877 1635 1910 indeterminationem
1660 1878 1721 1909 alia
1739 1879 1878 1911 remedia
1895 1880 2077 1918 evacuavit3
2095 1889 2156 1912 non

1198 1931 1241 1963 sic
1265 1934 1371 1963 autem
1408 1931 1615 1963 circumcisio.
1645 1950 1688 1953 —
1724 1932 1821 1964 Huius
1853 1936 1958 1964 autem
1992 1932 2154 1974 positionis
2170 1937 2269 1977 Ratiogffi

1197 1983 1402 2025 probabilitas
1426 1983 1564 2016 liabetur
1599 1992 1639 2016 ex
1664 1985 1879 2022 (ttiiccoritctte,
1916 1985 1990 2027 quia
2027 1986 2156 2018 Prover-
2183 1970 2303 2011 ΕἷὲΠῗ-’Ἶψ

1197 2036 1324 2068 biorum
1360 2036 1498 2078 quarto*³
1535 2037 1609 2069 dicit
1646 2037 1808 2069 Salomon:
1840 2038 2034 2080 Uuigyenitus
2063 2048 2156 2071 eruin

1197 2098 1312 2121 coram
1344 2093 1451 2120 matre
1485 2099 1579 2126 mecm
1615 2089 1667 2121 ubi
1706 2090 1822 2122 dicitur
1858 2091 1889 2122 in
1923 2091 2045 2130 Glossa,
2070 2092 2155 2133 quod

1196 2141 1282 2174 filius
1307 2141 1469 2180 Bersabee,
1487 2142 1568 2174 alius
1586 2143 1750 2184 parvulus,
1782 2152 1870 2175 «non
1888 2143 1947 2175 fuit
1964 2144 2157 2183 nominatus,

1197 2194 1271 2235 quia
1295 2197 1366 2226 ante
1391 2197 1536 2226 octavum
1563 2195 1646 2226 diem
1678 2199 1725 2227 est
1758 2198 1948 2233 mortuus»,
1974 2200 2003 2227 et
2027 2196 2069 2228 ita
2094 2205 2154 2228 non

1197 2247 1255 2278 suit
1279 2247 1494 2279 circumcisus.
1521 2248 1658 2280 liabetur
1694 2257 1735 2280 ex
1760 2248 1906 2286 ratione,
1932 2249 2006 2291 quia
2030 2250 2155 2281 nullum

1196 2300 1313 2331 animal
1350 2300 1542 2332 offerebatur
1578 2301 1709 2332 Domino
1746 2305 1817 2333 ante
1853 2306 1999 2334 octavum
2034 2303 2116 2335 diem
2134 2303 2154 2333 ⁹.

1198 2352 1335 2384 Habetur
1371 2353 1463 2385 etiam
1489 2362 1530 2385 ex
1562 2363 1653 2385 inore
1685 2354 1908 2392 Iudaeorum,
1941 2364 2034 2397 quem
2062 2356 2155 2388 modo

1197 2405 1374 2438 observant.
1401 2406 1436 2438 Et
1460 2406 1529 2438 ideo
1554 2407 1631 2439 ltaec
1657 2407 1768 2448 positio
1794 2408 1892 2449 inagis
1909 2412 1955 2440 est
1972 2409 2151 2441 tenendam.

250 2822 257 2838 ¹
279 2822 329 2848 Csr.
349 2822 428 2847 Exod.
453 2821 548 2849 13,21.
569 2828 623 2853 seq.
638 2836 672 2838 —
686 2821 810 2853 Damaso„
832 2821 872 2845 lV.
893 2820 925 2845 de
945 2821 1005 2846 Fide
1029 2821 1130 2846 orthod.

178 2874 199 2892 c.
214 2868 255 2898 25,
270 2873 300 2891 ex
313 2873 352 2897 eo,
366 2865 437 2898 quod
451 2866 613 2890 circumcisio
626 2866 651 2889 in
665 2865 767 2890 desorto
782 2865 845 2890 sacta
861 2872 910 2889 non
925 2865 965 2895 sit,
981 2867 1039 2896 post
1052 2867 1130 2889 trans-

178 2912 339 2942 gressionem
358 2916 421 2934 vero
442 2909 555 2934 iordanis
574 2910 667 2934 iterum
684 2911 821 2940 praesepta
834 2909 879 2940 sit,
895 2909 1036 2939 concludit,
1052 2909 1130 2933 linem

178 2955 381 2980 circumcisionis
401 2954 492 2985 fuisse,
507 2956 535 2978 ut
553 2953 639 2978 ludaei
654 2953 687 2978 ab
698 2953 753 2978 aliis
767 2953 888 2984 gentibus
901 2953 1130 2984 distinguerentur.

248 2998 259 3014 2
279 2998 375 3030 Supple
387 2997 464 3029 diem,
475 2997 516 3022 vel
527 3004 586 3022 cum
597 2997 654 3022 cod.
666 2997 683 3021 F
691 2996 719 3029 (Ρ
728 3004 741 3021 a
749 2997 862 3022 secunda
875 2997 965 3030 manu>
976 2997 1128 3022 terminum.

247 3043 258 3059 ³
277 3043 378 3067 Scilicet
396 3043 489 3067 octava
509 3041 557 3067 ilie.

247 3087 258 3103 ⁴
277 3087 357 3112 Simul
377 3086 437 3111 audi
457 3093 516 3111 cum
537 3086 595 3111 cod.
615 3086 632 3110 Z
652 3085 736 3118 pueri.
758 3086 807 3111 Cfr.
834 3086 909 3117 Hugn
938 3093 951 3111 a
973 3087 997 3110 S.
1018 3086 1091 3117 Viet.‚
1113 3087 1129 3111 l.

179 3132 210 3157 de
236 3133 349 3156 Sacram.
370 3138 395 3162 p.
416 3131 467 3155 Xll.
488 3137 509 3155 c.
531 3131 554 3161 2,
574 3133 599 3155 ct
627 3131 668 3155 liic
696 3130 730 3155 lit.
756 3131 882 3161 Magistri,
902 3137 923 3155 c.
945 3131 968 3155 8.
988 3133 1013 3155 et
1033 3131 1073 3155 lo.
1097 3145 1130 3148 —

177 3177 232 3201 Mox
253 3178 312 3207 post
329 3174 455 3200 mulieres
476 3175 532 3200 Vat.
558 3174 630 3199 addit
656 3173 707 3208 fide
735 3175 759 3199 et
787 3173 926 3200 oblatione.
946 3174 1061 3200 Subinde
1082 3182 1129 3207 pro

174 3219 301 3253 positioni
319 3226 368 3244 non
390 3220 465 3251 pauci
485 3218 561 3243 codd.
581 3217 707 3251 opinioni.

247 3263 258 3279 ⁵
277 3263 358 3288 Codd.
379 3263 400 3287 1<
421 3270 451 3287 aa
472 3263 596 3288 octavum
615 3261 692 3287 diem.

247 3307 258 3323 ⁶
278 3307 428 3332 Secundum
447 3307 485 3331 Du
506 3306 605 3337 cange,
625 3306 785 3331 Glossarium
799 3308 856 3337 etc„
870 3305 1040 3339 impossibilis
1054 3307 1130 3337 signi<

178 3352 235 3376 ficar.
248 3351 317 3377 idern
332 3358 361 3376 ac
374 3350 511 3384 impotens.
527 3351 582 3376 Vat.
597 3349 728 3375 substituit
740 3348 977 3382 impossibiiitutus.
993 3350 1130 3382 Aliquanto

178 3396 282 3420 inferius
302 3402 349 3426 pro
369 3394 520 3428 opinionem
539 3394 597 3420 cod.
620 3394 635 3418 F
654 3393 819 3427 positionem.

322 3449 350 3475 S.
369 3450 469 3476 Bonuv.
489 3464 523 3469 —
543 3451 617 3475 Tom.
639 3451 679 3475 lV.

1264 2821 1275 2837 ⁷
1296 2821 1326 2845 Ut
1350 2822 1426 2846 etiarn
1453 2821 1570 2852 August,
1591 2822 1638 2853 Qq.
1658 2822 1682 2846 iu
1709 2822 1795 2853 losue,
1815 2830 1839 2854 q.
1861 2823 1884 2847 6.
1905 2823 2024 2848 insinuat.
2046 2823 2095 2848 Csr.
2119 2824 2151 2849 de

1195 2865 1243 2889 hoc
1263 2865 1332 2889 Alex.
1353 2864 1415 2895 Hal„
1436 2865 1459 2888 S.
1481 2871 1505 2895 p.
1526 2864 1566 2888 IV.
1588 2872 1612 2896 q.
1635 2864 1657 2889 i.
1678 2872 1712 2889 in.
1734 2864 1756 2890 i.
1777 2873 1798 2890 a.
1821 2867 1843 2890 2.
1863 2868 1878 2897 ’,3,
1899 2867 1922 2890 2.

1265 2908 1275 2924 ⁸
1296 2909 1368 2933 Vers.
1389 2909 1412 2933 3.
1432 2909 1535 2940 Glossa,
1556 2916 1623 2940 quae
1642 2913 1726 2934 sumta
1747 2914 1784 2935 est
1804 2917 1833 2934 ex
1853 2910 1935 2941 Beda,
1951 2911 1975 2935 iu
1996 2912 2072 2936 Pror.
2089 2911 2110 2938 fi.
2126 2911 2148 2943 ri,

1194 2952 1329 2977 exhibetur
1348 2957 1375 2977 ut
1394 2951 1535 2978 ordinaria
1554 2959 1568 2977 a
1589 2952 1680 2977 Strabo
1704 2957 1729 2978 et
1758 2954 1858 2984 Lyrano
1879 2955 1918 2979 liis
1941 2954 2044 2979 verbis:
2065 2955 2150 2986 Quare

1194 3000 1281 3022 autem
1300 2997 1421 3021 Salomon
1445 3004 1471 3021 sc
1502 2996 1667 3029 unigenitum
1696 3004 1789 3023 corum
1814 2999 1902 3023 matre
1922 3000 2050 3029 nominat,
2072 3006 2150 3031 quem

1194 3041 1298 3066 fratrem
1318 3041 1447 3065 uterinum
1469 3041 1640 3071 praecessisse
1661 3042 1792 3072 Scriptura
1813 3044 1935 3071 testatur,
1958 3043 2004 3067 nisi
2030 3043 2089 3074 quia
2110 3043 2151 3068 ille

1196 3092 1255 3110 mox
1275 3088 1349 3109 natus
1369 3085 1423 3109 sine
1443 3085 1560 3115 nomine,
1581 3085 1655 3116 <lilasi
1684 3092 1817 3117 nunquam
1842 3088 1916 3114 essct,
1938 3086 1970 3110 de
1991 3087 2043 3110 vita
2064 3086 2151 3111 deces-

1195 3130 1244 3154 sit?
1264 3143 1300 3147 —
1320 3129 1378 3154 Post
1397 3128 1468 3154 [ilius
1486 3128 1619 3161 paruulus
1641 3129 1698 3153 Vat.
1722 3129 1793 3154 addit
1813 3136 1891 3162 quem
1910 3129 2002 3155 hahuit
2022 3131 2083 3155 unte
2103 3129 2150 3156 Sa-

1196 3173 1336 3199 lomonem.
1357 3173 1483 3204 Superius
1504 3180 1550 3204 pro
1570 3173 1722 3204 ettae-itum,
1755 3173 1825 3205 quod
1855 3177 1985 3205 praestant
2005 3174 2080 3199 codd.
2102 3175 2118 3199 F
2131 3176 2149 3199 ll

1196 3218 1214 3249 (Ι
1234 3225 1247 3242 a
1267 3218 1381 3243 secunda
1401 3220 1499 3248 manu),
1520 3217 1596 3242 codd.
1618 3218 1664 3241 EG
1678 3218 1698 3241 l<
1719 3225 1748 3242 aa
1769 3217 1804 3242 bb
1818 3220 1943 3250 emicunt,
1960 3219 2000 3243 alii
2015 3226 2074 3244 cum
2089 3220 2149 3244 edd.

1194 3262 1380 3287 evacuaverat.

1264 3306 1275 3322 9
1295 3306 1355 3330 Lev.
1377 3306 1422 3336 22,
1444 3305 1490 3329 27:
1513 3305 1574 3334 Bos,
1595 3306 1652 3330 oris
1671 3308 1696 3330 et
1721 3313 1825 3337 capra...
1847 3306 1887 3331 dic
1907 3311 1994 3332 autem
2014 3310 2106 3332 octavo
2126 3310 2151 3332 ct

1195 3350 1318 3381 deinceps
1337 3350 1422 3374 offerri
1443 3352 1564 3380 poterunt
1585 3349 1701 3374 Domino.

1266 3393 1287 3409 ¹⁰
1308 3393 1373 3418 Vide
1394 3394 1508 3418 scholion
1529 3393 1562 3418 ad
1582 3394 1779 3425 praecedentem
1802 3398 1900 3427 quaest.

1990 3451 2004 3474 6
