<?xml version="1.0" encoding="UTF-8"?>
<!DOCTYPE html PUBLIC "-//W3C//DTD XHTML 1.0 Transitional//EN"
    "http://www.w3.org/TR/xhtml1/DTD/xhtml1-transitional.dtd">
<html xmlns="http://www.w3.org/1999/xhtml" xml:lang="en" lang="en">
 <head>
  <title>
</title>
<meta http-equiv="Content-Type" content="text/html;charset=utf-8" />
  <meta name='ocr-system' content='tesseract 3.04.00' />
  <meta name='ocr-capabilities' content='ocr_page ocr_carea ocr_par ocr_line ocrx_word'/>
</head>
<body>
  <div class='ocr_page' id='page_1' title='image "./doctorisseraphic04bona_0515.png"; bbox 0 0 2483 3882; ppageno 0'>
   <div class='ocr_carea' id='block_1_1' title="bbox 840 195 1312 230">
    <p class='ocr_par' dir='ltr' id='par_1_1' title="bbox 840 195 1312 230">
     <span class='ocr_line' id='line_1_1' title="bbox 840 195 1312 230; baseline 0.002 -3"><span class='ocrx_word' id='word_1_1' title='bbox 840 195 934 227; x_wconf 90' lang='lat' dir='ltr'>DIST.</span> <span class='ocrx_word' id='word_1_2' title='bbox 959 195 1057 228; x_wconf 92' lang='lat' dir='ltr'>XVIII.</span> <span class='ocrx_word' id='word_1_3' title='bbox 1081 196 1111 228; x_wconf 89' lang='lat' dir='ltr'>P.</span> <span class='ocrx_word' id='word_1_4' title='bbox 1136 197 1168 228; x_wconf 93' lang='lat' dir='ltr'>Il.</span> <span class='ocrx_word' id='word_1_5' title='bbox 1194 196 1312 230; x_wconf 80' lang='lat' dir='ltr'>DUBIA.</span> 
     </span>
    </p>
   </div>
   <div class='ocr_carea' id='block_1_2' title="bbox 504 529 631 562">
    <p class='ocr_par' dir='ltr' id='par_1_2' title="bbox 504 529 631 562">
     <span class='ocr_line' id='line_1_2' title="bbox 504 529 631 562; baseline 0 -1"><span class='ocrx_word' id='word_1_6' title='bbox 504 529 580 562; x_wconf 81' lang='lat' dir='ltr'>DUB.</span> <span class='ocrx_word' id='word_1_7' title='bbox 610 529 631 561; x_wconf 89' lang='grc' dir='ltr'>Ι.</span> 
     </span>
    </p>
   </div>
   <div class='ocr_carea' id='block_1_3' title="bbox 1 634 1042 1855">
    <p class='ocr_par' dir='ltr' id='par_1_3' title="bbox 8 634 1042 1047">
     <span class='ocr_line' id='line_1_3' title="bbox 177 634 1040 676; baseline 0 -10"><span class='ocrx_word' id='word_1_8' title='bbox 177 635 209 667; x_wconf 92' lang='lat' dir='ltr'>ln</span> <span class='ocrx_word' id='word_1_9' title='bbox 234 637 323 676; x_wconf 87' lang='lat' dir='ltr'>parte</span> <span class='ocrx_word' id='word_1_10' title='bbox 346 634 405 667; x_wconf 86' lang='lat' dir='ltr'>ista</span> <span class='ocrx_word' id='word_1_11' title='bbox 429 637 502 666; x_wconf 89' lang='lat' dir='ltr'>sunt</span> <span class='ocrx_word' id='word_1_12' title='bbox 534 634 745 666; x_wconf 81' lang='lat' dir='ltr'>dubitationes</span> <span class='ocrx_word' id='word_1_13' title='bbox 781 634 864 667; x_wconf 87' lang='lat' dir='ltr'>circa</span> <span class='ocrx_word' id='word_1_14' title='bbox 889 634 1040 673; x_wconf 79' lang='lat' dir='ltr'>litteram,</span> 
     </span>
     <span class='ocr_line' id='line_1_4' title="bbox 93 686 1042 730; baseline -0.002 -9"><span class='ocrx_word' id='word_1_15' title='bbox 93 692 121 722; x_wconf 93' lang='lat' dir='ltr'>et</span> <span class='ocrx_word' id='word_1_16' title='bbox 145 688 247 730; x_wconf 88' lang='lat' dir='ltr'>primo</span> <span class='ocrx_word' id='word_1_17' title='bbox 270 687 309 720; x_wconf 90' lang='lat' dir='ltr'>de</span> <span class='ocrx_word' id='word_1_18' title='bbox 333 687 392 719; x_wconf 91' lang='lat' dir='ltr'>hoc</span> <span class='ocrx_word' id='word_1_19' title='bbox 416 687 501 729; x_wconf 90' lang='lat' dir='ltr'>quod</span> <span class='ocrx_word' id='word_1_20' title='bbox 526 687 600 719; x_wconf 91' lang='lat' dir='ltr'>dicit</span> <span class='ocrx_word' id='word_1_21' title='bbox 624 687 784 728; x_wconf 78' lang='lat' dir='ltr'>Magister:</span> <span class='ocrx_word' id='word_1_22' title='bbox 805 686 876 719; x_wconf 85' lang='lat' dir='ltr'>Sibi</span> <span class='ocrx_word' id='word_1_23' title='bbox 897 687 979 728; x_wconf 77' lang='lat' dir='ltr'>ipsis</span> <span class='ocrx_word' id='word_1_24' title='bbox 995 697 1042 719; x_wconf 85' lang='lat' dir='ltr'>re-</span> 
     </span>
     <span class='ocr_line' id='line_1_5' title="bbox 93 739 1042 783; baseline -0.002 -10"><span class='ocrx_word' id='word_1_25' title='bbox 93 741 304 783; x_wconf 70' lang='lat' dir='ltr'>linquuntur,</span> <span class='ocrx_word' id='word_1_26' title='bbox 328 744 364 771; x_wconf 79' lang='lat' dir='ltr'>ut</span> <span class='ocrx_word' id='word_1_27' title='bbox 387 739 430 771; x_wconf 86' lang='lat' dir='ltr'>sit</span> <span class='ocrx_word' id='word_1_28' title='bbox 454 739 500 771; x_wconf 89' lang='lat' dir='ltr'>eis</span> <span class='ocrx_word' id='word_1_29' title='bbox 525 739 663 771; x_wconf 72' lang='lat' dir='ltr'>liberum</span> <span class='ocrx_word' id='word_1_30' title='bbox 686 739 868 771; x_wconf 72' lang='lat' dir='ltr'>arbitrium</span> <span class='ocrx_word' id='word_1_31' title='bbox 892 749 990 771; x_wconf 80' lang='lat' dir='ltr'>ruere</span> <span class='ocrx_word' id='word_1_32' title='bbox 1007 740 1042 771; x_wconf 68' lang='lat' dir='ltr'>iii</span> 
     </span>
     <span class='ocr_line' id='line_1_6' title="bbox 87 792 1041 836; baseline -0.002 -10"><span class='ocrx_word' id='word_1_33' title='bbox 87 797 266 836; x_wconf 79' lang='lat' dir='ltr'>peceatum.</span> <span class='ocrx_word' id='word_1_34' title='bbox 292 793 424 825; x_wconf 89' lang='lat' dir='ltr'>Videtur</span> <span class='ocrx_word' id='word_1_35' title='bbox 448 793 531 824; x_wconf 89' lang='lat' dir='ltr'>enim</span> <span class='ocrx_word' id='word_1_36' title='bbox 556 792 638 825; x_wconf 87' lang='lat' dir='ltr'>male</span> <span class='ocrx_word' id='word_1_37' title='bbox 662 793 784 831; x_wconf 79' lang='lat' dir='ltr'>dicere,</span> <span class='ocrx_word' id='word_1_38' title='bbox 806 792 880 834; x_wconf 89' lang='lat' dir='ltr'>quia</span> <span class='ocrx_word' id='word_1_39' title='bbox 904 792 1041 825; x_wconf 90' lang='lat' dir='ltr'>liberum</span> 
     </span>
     <span class='ocr_line' id='line_1_7' title="bbox 89 845 1041 888; baseline -0.002 -9"><span class='ocrx_word' id='word_1_40' title='bbox 89 847 255 879; x_wconf 86' lang='lat' dir='ltr'>arbitrium</span> <span class='ocrx_word' id='word_1_41' title='bbox 279 855 339 877; x_wconf 93' lang='lat' dir='ltr'>non</span> <span class='ocrx_word' id='word_1_42' title='bbox 366 845 475 887; x_wconf 76' lang='lat' dir='ltr'>recipit</span> <span class='ocrx_word' id='word_1_43' title='bbox 510 845 620 888; x_wconf 72' lang='lat' dir='ltr'>mayis</span> <span class='ocrx_word' id='word_1_44' title='bbox 648 848 679 877; x_wconf 88' lang='lat' dir='ltr'>et</span> <span class='ocrx_word' id='word_1_45' title='bbox 709 845 840 877; x_wconf 75' lang='lat' dir='ltr'>minus:</span> <span class='ocrx_word' id='word_1_46' title='bbox 873 854 948 887; x_wconf 85' lang='lat' dir='ltr'>ergo</span> <span class='ocrx_word' id='word_1_47' title='bbox 980 855 1041 877; x_wconf 90' lang='lat' dir='ltr'>non</span> 
     </span>
     <span class='ocr_line' id='line_1_8' title="bbox 90 898 1042 940; baseline -0.003 -7"><span class='ocrx_word' id='word_1_48' title='bbox 90 903 135 933; x_wconf 86' lang='lat' dir='ltr'>est</span> <span class='ocrx_word' id='word_1_49' title='bbox 159 899 252 931; x_wconf 89' lang='lat' dir='ltr'>modo</span> <span class='ocrx_word' id='word_1_50' title='bbox 278 898 408 931; x_wconf 88' lang='lat' dir='ltr'>liberius</span> <span class='ocrx_word' id='word_1_51' title='bbox 432 901 502 940; x_wconf 86' lang='lat' dir='ltr'>post</span> <span class='ocrx_word' id='word_1_52' title='bbox 526 898 886 931; x_wconf 81' lang='lat' dir='ltr'>excommunicationem</span> <span class='ocrx_word' id='word_1_53' title='bbox 910 898 949 930; x_wconf 86' lang='lat' dir='ltr'>ad</span> <span class='ocrx_word' id='word_1_54' title='bbox 974 907 1042 939; x_wconf 91' lang='lat' dir='ltr'>pec-</span> 
     </span>
     <span class='ocr_line' id='line_1_9' title="bbox 8 950 1040 994; baseline -0.003 -9"><span class='ocrx_word' id='word_1_55' title='bbox 8 962 76 994; x_wconf 67' lang='lat' dir='ltr'>‚aqsiio</span> <span class='ocrx_word' id='word_1_56' title='bbox 90 955 193 985; x_wconf 87' lang='lat' dir='ltr'>catum</span> <span class='ocrx_word' id='word_1_57' title='bbox 229 960 322 993; x_wconf 87' lang='lat' dir='ltr'>quam</span> <span class='ocrx_word' id='word_1_58' title='bbox 353 954 434 983; x_wconf 89' lang='lat' dir='ltr'>ante.</span> <span class='ocrx_word' id='word_1_59' title='bbox 461 969 501 973; x_wconf 90' lang='lat'>—</span> <span class='ocrx_word' id='word_1_60' title='bbox 526 950 620 990; x_wconf 84' lang='lat' dir='ltr'>Item,</span> <span class='ocrx_word' id='word_1_61' title='bbox 644 951 735 983; x_wconf 83' lang='lat' dir='ltr'>iuxta</span> <span class='ocrx_word' id='word_1_62' title='bbox 770 951 829 983; x_wconf 89' lang='lat' dir='ltr'>hoc</span> <span class='ocrx_word' id='word_1_63' title='bbox 858 951 1040 992; x_wconf 85' lang='lat' dir='ltr'>quaeritur,</span> 
     </span>
     <span class='ocr_line' id='line_1_10' title="bbox 10 989 1042 1047; baseline -0.001 -11"><span class='ocrx_word' id='word_1_64' title='bbox 10 989 61 1012; x_wconf 70' lang='lat' dir='ltr'>¹¹⁰¹d&#39;</span> <span class='ocrx_word' id='word_1_65' title='bbox 89 1013 168 1047; x_wconf 87' lang='lat' dir='ltr'>quae</span> <span class='ocrx_word' id='word_1_66' title='bbox 192 1004 253 1036; x_wconf 90' lang='lat' dir='ltr'>sint</span> <span class='ocrx_word' id='word_1_67' title='bbox 277 1003 374 1042; x_wconf 88' lang='lat' dir='ltr'>mala,</span> <span class='ocrx_word' id='word_1_68' title='bbox 398 1012 479 1045; x_wconf 87' lang='lat' dir='ltr'>quae</span> <span class='ocrx_word' id='word_1_69' title='bbox 515 1003 649 1036; x_wconf 82' lang='lat' dir='ltr'>incurrit</span> <span class='ocrx_word' id='word_1_70' title='bbox 673 1003 744 1045; x_wconf 87' lang='lat' dir='ltr'>quis</span> <span class='ocrx_word' id='word_1_71' title='bbox 779 1012 835 1045; x_wconf 92' lang='lat' dir='ltr'>per</span> <span class='ocrx_word' id='word_1_72' title='bbox 859 1012 1042 1036; x_wconf 86' lang='lat' dir='ltr'>excommu-</span> 
     </span>
    </p>

    <p class='ocr_par' dir='ltr' id='par_1_4' title="bbox 87 1057 282 1090">
     <span class='ocr_line' id='line_1_11' title="bbox 87 1057 282 1090; baseline -0.015 0"><span class='ocrx_word' id='word_1_73' title='bbox 87 1057 282 1090; x_wconf 87' lang='lat' dir='ltr'>nicationem.</span> 
     </span>
    </p>

    <p class='ocr_par' dir='ltr' id='par_1_5' title="bbox 6 1109 1040 1734">
     <span class='ocr_line' id='line_1_12' title="bbox 175 1109 1040 1152; baseline 0 -11"><span class='ocrx_word' id='word_1_74' title='bbox 175 1111 373 1142; x_wconf 71' lang='lat' dir='ltr'>RESPONnEo:</span> <span class='ocrx_word' id='word_1_75' title='bbox 399 1109 591 1148; x_wconf 82' lang='lat' dir='ltr'>Dicendum,</span> <span class='ocrx_word' id='word_1_76' title='bbox 617 1110 701 1152; x_wconf 89' lang='lat' dir='ltr'>quod</span> <span class='ocrx_word' id='word_1_77' title='bbox 737 1109 866 1142; x_wconf 88' lang='lat' dir='ltr'>libertas</span> <span class='ocrx_word' id='word_1_78' title='bbox 890 1109 1040 1151; x_wconf 86' lang='lat' dir='ltr'>peccandi</span> 
     </span>
     <span class='ocr_line' id='line_1_13' title="bbox 6 1161 1039 1205; baseline -0.002 -9"><span class='ocrx_word' id='word_1_79' title='bbox 6 1174 73 1196; x_wconf 63' lang='lat' dir='ltr'>mcum.</span> <span class='ocrx_word' id='word_1_80' title='bbox 88 1173 148 1197; x_wconf 89' lang='lat' dir='ltr'>non</span> <span class='ocrx_word' id='word_1_81' title='bbox 172 1167 219 1195; x_wconf 87' lang='lat' dir='ltr'>est</span> <span class='ocrx_word' id='word_1_82' title='bbox 244 1162 395 1200; x_wconf 77' lang='lat' dir='ltr'>libertas,</span> <span class='ocrx_word' id='word_1_83' title='bbox 421 1162 476 1195; x_wconf 87' lang='lat' dir='ltr'>sed</span> <span class='ocrx_word' id='word_1_84' title='bbox 501 1161 645 1205; x_wconf 75' lang='lat' dir='ltr'>defectus</span> <span class='ocrx_word' id='word_1_85' title='bbox 670 1162 831 1194; x_wconf 71' lang='lat' dir='ltr'>libertatis</span> <span class='ocrx_word' id='word_1_86' title='bbox 846 1162 865 1193; x_wconf 92' lang='lat'>¹.</span> <span class='ocrx_word' id='word_1_87' title='bbox 891 1162 1039 1195; x_wconf 85' lang='lat' dir='ltr'>Liberum</span> 
     </span>
     <span class='ocr_line' id='line_1_14' title="bbox 87 1215 1040 1259; baseline -0.003 -9"><span class='ocrx_word' id='word_1_88' title='bbox 87 1226 160 1259; x_wconf 85' lang='lat' dir='ltr'>ergo</span> <span class='ocrx_word' id='word_1_89' title='bbox 184 1216 351 1249; x_wconf 82' lang='lat' dir='ltr'>arbitrium</span> <span class='ocrx_word' id='word_1_90' title='bbox 363 1242 370 1255; x_wconf 96' lang='lat'>,</span> <span class='ocrx_word' id='word_1_91' title='bbox 395 1219 490 1257; x_wconf 91' lang='lat' dir='ltr'>prout</span> <span class='ocrx_word' id='word_1_92' title='bbox 507 1215 623 1248; x_wconf 90' lang='lat' dir='ltr'>dicitur</span> <span class='ocrx_word' id='word_1_93' title='bbox 639 1215 777 1248; x_wconf 88' lang='lat' dir='ltr'>liberum</span> <span class='ocrx_word' id='word_1_94' title='bbox 795 1225 816 1247; x_wconf 78' lang='lat' dir='ltr'>a</span> <span class='ocrx_word' id='word_1_95' title='bbox 833 1215 948 1256; x_wconf 77' lang='lat' dir='ltr'>eulpa,</span> <span class='ocrx_word' id='word_1_96' title='bbox 966 1215 1040 1257; x_wconf 87' lang='lat' dir='ltr'>quia</span> 
     </span>
     <span class='ocr_line' id='line_1_15' title="bbox 88 1268 1039 1306; baseline -0.003 -4"><span class='ocrx_word' id='word_1_97' title='bbox 88 1270 146 1302; x_wconf 89' lang='lat' dir='ltr'>hoc</span> <span class='ocrx_word' id='word_1_98' title='bbox 169 1278 229 1301; x_wconf 89' lang='lat' dir='ltr'>non</span> <span class='ocrx_word' id='word_1_99' title='bbox 254 1272 301 1301; x_wconf 90' lang='lat' dir='ltr'>est</span> <span class='ocrx_word' id='word_1_100' title='bbox 337 1268 466 1301; x_wconf 89' lang='lat' dir='ltr'>libertas</span> <span class='ocrx_word' id='word_1_101' title='bbox 497 1268 700 1306; x_wconf 76' lang='lat' dir='ltr'>essentialis,</span> <span class='ocrx_word' id='word_1_102' title='bbox 725 1269 781 1300; x_wconf 85' lang='lat' dir='ltr'>sed</span> <span class='ocrx_word' id='word_1_103' title='bbox 805 1268 1039 1306; x_wconf 76' lang='lat' dir='ltr'>accidentalis,</span> 
     </span>
     <span class='ocr_line' id='line_1_16' title="bbox 89 1321 1040 1363; baseline -0.002 -8"><span class='ocrx_word' id='word_1_104' title='bbox 89 1323 202 1356; x_wconf 87' lang='lat' dir='ltr'>dicitur</span> <span class='ocrx_word' id='word_1_105' title='bbox 228 1322 326 1363; x_wconf 85' lang='lat' dir='ltr'>magis</span> <span class='ocrx_word' id='word_1_106' title='bbox 350 1325 381 1354; x_wconf 91' lang='lat' dir='ltr'>et</span> <span class='ocrx_word' id='word_1_107' title='bbox 405 1321 510 1353; x_wconf 89' lang='lat' dir='ltr'>minus</span> <span class='ocrx_word' id='word_1_108' title='bbox 535 1321 690 1360; x_wconf 70' lang='lat' dir='ltr'>liberum,</span> <span class='ocrx_word' id='word_1_109' title='bbox 714 1325 744 1354; x_wconf 90' lang='lat' dir='ltr'>et</span> <span class='ocrx_word' id='word_1_110' title='bbox 769 1325 842 1354; x_wconf 90' lang='lat' dir='ltr'>tunc</span> <span class='ocrx_word' id='word_1_111' title='bbox 867 1321 976 1363; x_wconf 67' lang='lat' dir='ltr'>mctyt&#39;s</span> <span class='ocrx_word' id='word_1_112' title='bbox 993 1325 1040 1354; x_wconf 86' lang='lat' dir='ltr'>est</span> 
     </span>
     <span class='ocr_line' id='line_1_17' title="bbox 88 1374 1039 1416; baseline -0.002 -8"><span class='ocrx_word' id='word_1_113' title='bbox 88 1376 243 1413; x_wconf 88' lang='lat' dir='ltr'>liberum,</span> <span class='ocrx_word' id='word_1_114' title='bbox 280 1375 407 1416; x_wconf 86' lang='lat' dir='ltr'>quando</span> <span class='ocrx_word' id='word_1_115' title='bbox 439 1374 553 1407; x_wconf 89' lang='lat' dir='ltr'>melius</span> <span class='ocrx_word' id='word_1_116' title='bbox 589 1383 621 1406; x_wconf 90' lang='lat' dir='ltr'>se</span> <span class='ocrx_word' id='word_1_117' title='bbox 657 1377 758 1416; x_wconf 89' lang='lat' dir='ltr'>potest</span> <span class='ocrx_word' id='word_1_118' title='bbox 791 1375 977 1413; x_wconf 79' lang='lat' dir='ltr'>defendere,</span> <span class='ocrx_word' id='word_1_119' title='bbox 1009 1378 1039 1406; x_wconf 91' lang='lat' dir='ltr'>et</span> 
     </span>
     <span class='ocr_line' id='line_1_18' title="bbox 86 1427 1039 1469; baseline 0 -9"><span class='ocrx_word' id='word_1_120' title='bbox 86 1429 197 1460; x_wconf 73' lang='lat' dir='ltr'>minus</span> <span class='ocrx_word' id='word_1_121' title='bbox 220 1428 375 1466; x_wconf 88' lang='lat' dir='ltr'>liberum,</span> <span class='ocrx_word' id='word_1_122' title='bbox 400 1427 526 1469; x_wconf 88' lang='lat' dir='ltr'>quando</span> <span class='ocrx_word' id='word_1_123' title='bbox 550 1427 656 1459; x_wconf 85' lang='lat' dir='ltr'>minus</span> <span class='ocrx_word' id='word_1_124' title='bbox 680 1436 713 1460; x_wconf 90' lang='lat' dir='ltr'>se</span> <span class='ocrx_word' id='word_1_125' title='bbox 745 1431 846 1469; x_wconf 87' lang='lat' dir='ltr'>potest</span> <span class='ocrx_word' id='word_1_126' title='bbox 870 1428 1039 1460; x_wconf 77' lang='lat' dir='ltr'>defendere</span> 
     </span>
     <span class='ocr_line' id='line_1_19' title="bbox 86 1481 1037 1523; baseline -0.002 -9"><span class='ocrx_word' id='word_1_127' title='bbox 86 1491 103 1514; x_wconf 87' lang='lat' dir='ltr'>a</span> <span class='ocrx_word' id='word_1_128' title='bbox 126 1481 243 1523; x_wconf 86' lang='lat' dir='ltr'>peccati</span> <span class='ocrx_word' id='word_1_129' title='bbox 269 1481 415 1513; x_wconf 86' lang='lat' dir='ltr'>dominio.</span> <span class='ocrx_word' id='word_1_130' title='bbox 434 1481 587 1522; x_wconf 86' lang='lat' dir='ltr'>Quoniam</span> <span class='ocrx_word' id='word_1_131' title='bbox 609 1481 705 1522; x_wconf 83' lang='lat' dir='ltr'>igitur</span> <span class='ocrx_word' id='word_1_132' title='bbox 722 1481 842 1513; x_wconf 90' lang='lat' dir='ltr'>meritis</span> <span class='ocrx_word' id='word_1_133' title='bbox 859 1481 1037 1513; x_wconf 87' lang='lat' dir='ltr'>orationum</span> 
     </span>
     <span class='ocr_line' id='line_1_20' title="bbox 86 1534 1038 1575; baseline -0.002 -8"><span class='ocrx_word' id='word_1_134' title='bbox 86 1535 237 1567; x_wconf 83' lang='lat' dir='ltr'>Ecclesiae</span> <span class='ocrx_word' id='word_1_135' title='bbox 262 1534 351 1566; x_wconf 91' lang='lat' dir='ltr'>multi</span> <span class='ocrx_word' id='word_1_136' title='bbox 377 1537 593 1566; x_wconf 81' lang='lat' dir='ltr'>sustentantur</span> <span class='ocrx_word' id='word_1_137' title='bbox 610 1537 640 1566; x_wconf 90' lang='lat' dir='ltr'>et</span> <span class='ocrx_word' id='word_1_138' title='bbox 658 1534 871 1566; x_wconf 87' lang='lat' dir='ltr'>defenduntur</span> <span class='ocrx_word' id='word_1_139' title='bbox 888 1543 906 1565; x_wconf 88' lang='lat' dir='ltr'>a</span> <span class='ocrx_word' id='word_1_140' title='bbox 922 1534 1038 1575; x_wconf 83' lang='lat' dir='ltr'>culpis;</span> 
     </span>
     <span class='ocr_line' id='line_1_21' title="bbox 85 1587 1038 1629; baseline -0.001 -9"><span class='ocrx_word' id='word_1_141' title='bbox 85 1592 158 1620; x_wconf 90' lang='lat' dir='ltr'>tunc</span> <span class='ocrx_word' id='word_1_142' title='bbox 182 1587 331 1620; x_wconf 89' lang='lat' dir='ltr'>dicuntur</span> <span class='ocrx_word' id='word_1_143' title='bbox 355 1587 523 1619; x_wconf 74' lang='lat' dir='ltr'>liberiores</span> <span class='ocrx_word' id='word_1_144' title='bbox 546 1587 585 1619; x_wconf 84' lang='lat' dir='ltr'>ad</span> <span class='ocrx_word' id='word_1_145' title='bbox 604 1587 797 1627; x_wconf 84' lang='lat' dir='ltr'>peccandum</span> <span class='ocrx_word' id='word_1_146' title='bbox 816 1587 894 1626; x_wconf 86' lang='lat' dir='ltr'>fieri,</span> <span class='ocrx_word' id='word_1_147' title='bbox 911 1587 1038 1629; x_wconf 88' lang='lat' dir='ltr'>quando</span> 
     </span>
     <span class='ocr_line' id='line_1_22' title="bbox 85 1640 1037 1682; baseline 0 -10"><span class='ocrx_word' id='word_1_148' title='bbox 85 1641 272 1673; x_wconf 86' lang='lat' dir='ltr'>auferuntur</span> <span class='ocrx_word' id='word_1_149' title='bbox 297 1640 447 1681; x_wconf 84' lang='lat' dir='ltr'>suffragia</span> <span class='ocrx_word' id='word_1_150' title='bbox 466 1640 629 1672; x_wconf 83' lang='lat' dir='ltr'>Ecclesiae.</span> <span class='ocrx_word' id='word_1_151' title='bbox 654 1640 740 1672; x_wconf 88' lang='lat' dir='ltr'>Unde</span> <span class='ocrx_word' id='word_1_152' title='bbox 757 1643 857 1682; x_wconf 83' lang='lat' dir='ltr'>patet,</span> <span class='ocrx_word' id='word_1_153' title='bbox 879 1640 1037 1681; x_wconf 89' lang='lat' dir='ltr'>quomodo</span> 
     </span>
     <span class='ocr_line' id='line_1_23' title="bbox 85 1693 541 1734; baseline -0.004 -8"><span class='ocrx_word' id='word_1_154' title='bbox 85 1694 162 1726; x_wconf 90' lang='lat' dir='ltr'>illud</span> <span class='ocrx_word' id='word_1_155' title='bbox 187 1694 322 1726; x_wconf 86' lang='lat' dir='ltr'>verbum</span> <span class='ocrx_word' id='word_1_156' title='bbox 346 1693 541 1734; x_wconf 83' lang='lat' dir='ltr'>intelligitur.</span> 
     </span>
    </p>

    <p class='ocr_par' dir='ltr' id='par_1_6' title="bbox 1 1746 1038 1855">
     <span class='ocr_line' id='line_1_24' title="bbox 172 1746 1038 1788; baseline 0 -10"><span class='ocrx_word' id='word_1_157' title='bbox 172 1748 206 1779; x_wconf 85' lang='lat' dir='ltr'>Et</span> <span class='ocrx_word' id='word_1_158' title='bbox 229 1750 317 1786; x_wconf 84' lang='lat' dir='ltr'>nota,</span> <span class='ocrx_word' id='word_1_159' title='bbox 335 1747 419 1788; x_wconf 85' lang='lat' dir='ltr'>quod</span> <span class='ocrx_word' id='word_1_160' title='bbox 437 1747 537 1778; x_wconf 90' lang='lat' dir='ltr'>multa</span> <span class='ocrx_word' id='word_1_161' title='bbox 554 1750 627 1779; x_wconf 88' lang='lat' dir='ltr'>sunt</span> <span class='ocrx_word' id='word_1_162' title='bbox 648 1746 864 1785; x_wconf 83' lang='lat' dir='ltr'>incommoda,</span> <span class='ocrx_word' id='word_1_163' title='bbox 890 1755 971 1788; x_wconf 85' lang='lat' dir='ltr'>quae</span> <span class='ocrx_word' id='word_1_164' title='bbox 996 1747 1038 1778; x_wconf 87' lang='lat' dir='ltr'>in-</span> 
     </span>
     <span class='ocr_line' id='line_1_25' title="bbox 1 1800 1034 1855; baseline -0.002 -22"><span class='ocrx_word' id='word_1_165' title='bbox 1 1809 68 1855; x_wconf 48' lang='lat' dir='ltr'>igiaest·</span> <span class='ocrx_word' id='word_1_166' title='bbox 84 1804 216 1834; x_wconf 84' lang='lat' dir='ltr'>currunt</span> <span class='ocrx_word' id='word_1_167' title='bbox 240 1800 523 1838; x_wconf 88' lang='lat' dir='ltr'>excommunicati,</span> <span class='ocrx_word' id='word_1_168' title='bbox 545 1809 626 1841; x_wconf 85' lang='lat' dir='ltr'>quae</span> <span class='ocrx_word' id='word_1_169' title='bbox 643 1804 792 1831; x_wconf 88' lang='lat' dir='ltr'>notantur</span> <span class='ocrx_word' id='word_1_170' title='bbox 810 1800 857 1832; x_wconf 88' lang='lat' dir='ltr'>bis</span> <span class='ocrx_word' id='word_1_171' title='bbox 875 1800 1034 1832; x_wconf 90' lang='lat' dir='ltr'>versibus:</span> 
     </span>
    </p>
   </div>
   <div class='ocr_carea' id='block_1_4' title="bbox 2 225 13 1376">
    <p class='ocr_par' dir='ltr' id='par_1_7' title="bbox 2 225 13 1376">
     <span class='ocr_line' id='line_1_26' title="bbox 2 225 13 1376; baseline 0 0"><span class='ocrx_word' id='word_1_172' title='bbox 2 225 13 1376; x_wconf 95' lang='lat' dir='ltr'> </span> 
     </span>
    </p>
   </div>
   <div class='ocr_carea' id='block_1_5' title="bbox 199 1869 928 2034">
    <p class='ocr_par' dir='ltr' id='par_1_8' title="bbox 199 1869 928 1989">
     <span class='ocr_line' id='line_1_27' title="bbox 199 1869 928 1901; baseline 0.001 -7"><span class='ocrx_word' id='word_1_173' title='bbox 199 1870 283 1894; x_wconf 83' lang='lat' dir='ltr'>Gratia</span> <span class='ocrx_word' id='word_1_174' title='bbox 304 1869 472 1900; x_wconf 78' lang='lat' dir='ltr'>subtrahitur,</span> <span class='ocrx_word' id='word_1_175' title='bbox 493 1870 577 1901; x_wconf 75' lang='lat' dir='ltr'>magis</span> <span class='ocrx_word' id='word_1_176' title='bbox 597 1876 626 1894; x_wconf 86' lang='lat' dir='ltr'>ac</span> <span class='ocrx_word' id='word_1_177' title='bbox 644 1870 729 1901; x_wconf 80' lang='lat' dir='ltr'>magis</span> <span class='ocrx_word' id='word_1_178' title='bbox 749 1869 824 1895; x_wconf 84' lang='lat' dir='ltr'>obice</span> <span class='ocrx_word' id='word_1_179' title='bbox 842 1873 928 1901; x_wconf 84' lang='lat' dir='ltr'>rupto.</span> 
     </span>
     <span class='ocr_line' id='line_1_28' title="bbox 200 1914 810 1945; baseline 0 -7"><span class='ocrx_word' id='word_1_180' title='bbox 200 1914 236 1938; x_wconf 87' lang='lat' dir='ltr'>De</span> <span class='ocrx_word' id='word_1_181' title='bbox 257 1915 318 1938; x_wconf 75' lang='lat' dir='ltr'>viti0</span> <span class='ocrx_word' id='word_1_182' title='bbox 340 1914 391 1938; x_wconf 85' lang='lat' dir='ltr'>ruit</span> <span class='ocrx_word' id='word_1_183' title='bbox 410 1914 434 1938; x_wconf 92' lang='lat' dir='ltr'>in</span> <span class='ocrx_word' id='word_1_184' title='bbox 454 1914 561 1945; x_wconf 74' lang='lat' dir='ltr'>vitiumy</span> <span class='ocrx_word' id='word_1_185' title='bbox 583 1914 706 1945; x_wconf 76' lang='lat' dir='ltr'>suffragia</span> <span class='ocrx_word' id='word_1_186' title='bbox 726 1914 810 1945; x_wconf 79' lang='lat' dir='ltr'>perdit</span> 
     </span>
     <span class='ocr_line' id='line_1_29' title="bbox 200 1957 820 1989; baseline -0.002 -7"><span class='ocrx_word' id='word_1_187' title='bbox 200 1958 340 1989; x_wconf 84' lang='lat' dir='ltr'>Ecclesiae;</span> <span class='ocrx_word' id='word_1_188' title='bbox 361 1961 465 1982; x_wconf 82' lang='lat' dir='ltr'>satanae</span> <span class='ocrx_word' id='word_1_189' title='bbox 484 1957 619 1982; x_wconf 78' lang='lat' dir='ltr'>vexandus</span> <span class='ocrx_word' id='word_1_190' title='bbox 638 1957 747 1982; x_wconf 77' lang='lat' dir='ltr'>traditur</span> <span class='ocrx_word' id='word_1_191' title='bbox 766 1958 820 1989; x_wconf 87' lang='lat' dir='ltr'>ille,</span> 
     </span>
    </p>

    <p class='ocr_par' dir='ltr' id='par_1_9' title="bbox 200 2002 897 2034">
     <span class='ocr_line' id='line_1_30' title="bbox 200 2002 897 2034; baseline 0.001 -8"><span class='ocrx_word' id='word_1_192' title='bbox 200 2002 282 2034; x_wconf 87' lang='lat' dir='ltr'>Quem</span> <span class='ocrx_word' id='word_1_193' title='bbox 303 2002 364 2033; x_wconf 82' lang='lat' dir='ltr'>ligat</span> <span class='ocrx_word' id='word_1_194' title='bbox 383 2008 413 2026; x_wconf 84' lang='lat' dir='ltr'>ex</span> <span class='ocrx_word' id='word_1_195' title='bbox 433 2002 546 2033; x_wconf 86' lang='lat' dir='ltr'>propriis</span> <span class='ocrx_word' id='word_1_196' title='bbox 565 2002 787 2026; x_wconf 79' lang='lat' dir='ltr'>anathematizatio</span> <span class='ocrx_word' id='word_1_197' title='bbox 807 2002 897 2033; x_wconf 82' lang='lat' dir='ltr'>culpis.</span> 
     </span>
    </p>
   </div>
   <div class='ocr_carea' id='block_1_6' title="bbox 0 1101 6 1982">
    <p class='ocr_par' dir='ltr' id='par_1_10' title="bbox 0 1101 6 1982">
     <span class='ocr_line' id='line_1_31' title="bbox 0 1101 6 1982; baseline 0 0"><span class='ocrx_word' id='word_1_198' title='bbox 0 1101 6 1982; x_wconf 95' lang='lat' dir='ltr'> </span> 
     </span>
    </p>
   </div>
   <div class='ocr_carea' id='block_1_7' title="bbox 81 2064 1037 2213">
    <p class='ocr_par' dir='ltr' id='par_1_11' title="bbox 81 2064 1037 2213">
     <span class='ocr_line' id='line_1_32' title="bbox 83 2064 1037 2106; baseline 0 -9"><span class='ocrx_word' id='word_1_199' title='bbox 83 2065 117 2097; x_wconf 91' lang='lat' dir='ltr'>Et</span> <span class='ocrx_word' id='word_1_200' title='bbox 144 2065 363 2106; x_wconf 80' lang='lat' dir='ltr'>intelliguntur</span> <span class='ocrx_word' id='word_1_201' title='bbox 398 2068 552 2106; x_wconf 85' lang='lat' dir='ltr'>quantum</span> <span class='ocrx_word' id='word_1_202' title='bbox 584 2064 624 2096; x_wconf 84' lang='lat' dir='ltr'>ad</span> <span class='ocrx_word' id='word_1_203' title='bbox 657 2064 890 2106; x_wconf 67' lang='lat' dir='ltr'>expositionem</span> <span class='ocrx_word' id='word_1_204' title='bbox 914 2065 963 2097; x_wconf 86' lang='lat' dir='ltr'>vel</span> <span class='ocrx_word' id='word_1_205' title='bbox 988 2065 1037 2097; x_wconf 79' lang='lat' dir='ltr'>cle-</span> 
     </span>
     <span class='ocr_line' id='line_1_33' title="bbox 81 2116 1037 2155; baseline 0 -5"><span class='ocrx_word' id='word_1_206' title='bbox 81 2118 252 2150; x_wconf 78' lang='lat' dir='ltr'>sertionem</span> <span class='ocrx_word' id='word_1_207' title='bbox 267 2116 297 2155; x_wconf 69' lang='lat'>2;</span> <span class='ocrx_word' id='word_1_208' title='bbox 318 2118 399 2150; x_wconf 87' lang='lat' dir='ltr'>sicut</span> <span class='ocrx_word' id='word_1_209' title='bbox 423 2126 481 2149; x_wconf 83' lang='lat' dir='ltr'>rex</span> <span class='ocrx_word' id='word_1_210' title='bbox 499 2117 658 2150; x_wconf 80' lang='lat' dir='ltr'>diceretur</span> <span class='ocrx_word' id='word_1_211' title='bbox 684 2117 813 2149; x_wconf 91' lang='lat' dir='ltr'>militem</span> <span class='ocrx_word' id='word_1_212' title='bbox 839 2118 965 2150; x_wconf 80' lang='lat' dir='ltr'>tradere</span> <span class='ocrx_word' id='word_1_213' title='bbox 982 2118 1037 2150; x_wconf 91' lang='lat' dir='ltr'>ini-</span> 
     </span>
     <span class='ocr_line' id='line_1_34' title="bbox 83 2170 945 2213; baseline 0.001 -11"><span class='ocrx_word' id='word_1_214' title='bbox 83 2171 178 2210; x_wconf 91' lang='lat' dir='ltr'>mico,</span> <span class='ocrx_word' id='word_1_215' title='bbox 203 2179 296 2213; x_wconf 88' lang='lat' dir='ltr'>quem</span> <span class='ocrx_word' id='word_1_216' title='bbox 321 2180 383 2202; x_wconf 83' lang='lat' dir='ltr'>non</span> <span class='ocrx_word' id='word_1_217' title='bbox 408 2170 590 2203; x_wconf 87' lang='lat' dir='ltr'>defenderet</span> <span class='ocrx_word' id='word_1_218' title='bbox 614 2170 653 2202; x_wconf 87' lang='lat' dir='ltr'>ab</span> <span class='ocrx_word' id='word_1_219' title='bbox 678 2172 746 2203; x_wconf 88' lang='lat' dir='ltr'>eius</span> <span class='ocrx_word' id='word_1_220' title='bbox 770 2171 945 2203; x_wconf 82' lang='lat' dir='ltr'>vexatione.</span> 
     </span>
    </p>
   </div>
   <div class='ocr_carea' id='block_1_8' title="bbox 481 2277 621 2309">
    <p class='ocr_par' dir='ltr' id='par_1_12' title="bbox 481 2277 621 2309">
     <span class='ocr_line' id='line_1_35' title="bbox 481 2277 621 2309; baseline 0 -1"><span class='ocrx_word' id='word_1_221' title='bbox 481 2277 557 2309; x_wconf 80' lang='lat' dir='ltr'>DUB.</span> <span class='ocrx_word' id='word_1_222' title='bbox 588 2277 621 2308; x_wconf 94' lang='lat' dir='ltr'>II.</span> 
     </span>
    </p>
   </div>
   <div class='ocr_carea' id='block_1_9' title="bbox 0 2383 1035 2742">
    <p class='ocr_par' dir='ltr' id='par_1_13' title="bbox 0 2383 1035 2689">
     <span class='ocr_line' id='line_1_36' title="bbox 168 2383 1035 2425; baseline 0.002 -11"><span class='ocrx_word' id='word_1_223' title='bbox 168 2383 243 2415; x_wconf 89' lang='lat' dir='ltr'>Item</span> <span class='ocrx_word' id='word_1_224' title='bbox 269 2383 433 2424; x_wconf 87' lang='lat' dir='ltr'>quaeritur</span> <span class='ocrx_word' id='word_1_225' title='bbox 458 2383 497 2415; x_wconf 87' lang='lat' dir='ltr'>de</span> <span class='ocrx_word' id='word_1_226' title='bbox 521 2383 581 2416; x_wconf 87' lang='lat' dir='ltr'>hoc</span> <span class='ocrx_word' id='word_1_227' title='bbox 605 2384 689 2425; x_wconf 87' lang='lat' dir='ltr'>quod</span> <span class='ocrx_word' id='word_1_228' title='bbox 715 2384 805 2416; x_wconf 89' lang='lat' dir='ltr'>dicit:</span> <span class='ocrx_word' id='word_1_229' title='bbox 836 2384 899 2416; x_wconf 75' lang='lat' dir='ltr'>Secl</span> <span class='ocrx_word' id='word_1_230' title='bbox 923 2385 1035 2416; x_wconf 80' lang='lat' dir='ltr'>intelli-</span> 
     </span>
     <span class='ocr_line' id='line_1_37' title="bbox 80 2432 1034 2478; baseline 0.002 -11"><span class='ocrx_word' id='word_1_231' title='bbox 80 2435 221 2477; x_wconf 64' lang='lat' dir='ltr'>gendum</span> <span class='ocrx_word' id='word_1_232' title='bbox 246 2439 291 2468; x_wconf 82' lang='lat' dir='ltr'>est</span> <span class='ocrx_word' id='word_1_233' title='bbox 315 2436 353 2467; x_wconf 78' lang='lat' dir='ltr'>cle</span> <span class='ocrx_word' id='word_1_234' title='bbox 377 2434 427 2467; x_wconf 75' lang='lat' dir='ltr'>ln‘s</span> <span class='ocrx_word' id='word_1_235' title='bbox 457 2445 600 2478; x_wconf 74' lang='lat' dir='ltr'>quorum</span> <span class='ocrx_word' id='word_1_236' title='bbox 626 2432 904 2469; x_wconf 71' lang='lat' dir='ltr'>merita‘solvzmt</span> <span class='ocrx_word' id='word_1_237' title='bbox 928 2437 976 2469; x_wconf 79' lang='lat' dir='ltr'>vel</span> <span class='ocrx_word' id='word_1_238' title='bbox 1000 2437 1034 2469; x_wconf 87' lang='lat' dir='ltr'>li-</span> 
     </span>
     <span class='ocr_line' id='line_1_38' title="bbox 0 2489 1033 2531; baseline 0.009 -17"><span class='ocrx_word' id='word_1_239' title='bbox 0 2493 68 2516; x_wconf 60' lang='lat'>252101.</span> <span class='ocrx_word' id='word_1_240' title='bbox 81 2493 169 2530; x_wconf 68' lang='lat' dir='ltr'>qamt.</span> <span class='ocrx_word' id='word_1_241' title='bbox 187 2508 230 2512; x_wconf 87' lang='lat'>—</span> <span class='ocrx_word' id='word_1_242' title='bbox 246 2489 416 2530; x_wconf 82' lang='lat' dir='ltr'>Quaeritur</span> <span class='ocrx_word' id='word_1_243' title='bbox 433 2498 507 2530; x_wconf 85' lang='lat' dir='ltr'>ergo</span> <span class='ocrx_word' id='word_1_244' title='bbox 524 2489 592 2528; x_wconf 88' lang='lat' dir='ltr'>hic,</span> <span class='ocrx_word' id='word_1_245' title='bbox 610 2489 634 2521; x_wconf 90' lang='lat' dir='ltr'>si</span> <span class='ocrx_word' id='word_1_246' title='bbox 656 2490 770 2531; x_wconf 88' lang='lat' dir='ltr'>aliquis</span> <span class='ocrx_word' id='word_1_247' title='bbox 788 2491 826 2522; x_wconf 88' lang='lat' dir='ltr'>sit</span> <span class='ocrx_word' id='word_1_248' title='bbox 843 2490 957 2522; x_wconf 90' lang='lat' dir='ltr'>iniuste</span> <span class='ocrx_word' id='word_1_249' title='bbox 981 2500 1033 2523; x_wconf 79' lang='lat' dir='ltr'>ex-</span> 
     </span>
     <span class='ocr_line' id='line_1_39' title="bbox 82 2542 1034 2583; baseline 0.002 -10"><span class='ocrx_word' id='word_1_250' title='bbox 82 2542 347 2580; x_wconf 86' lang='lat' dir='ltr'>communicatus,</span> <span class='ocrx_word' id='word_1_251' title='bbox 372 2545 482 2573; x_wconf 88' lang='lat' dir='ltr'>utrum</span> <span class='ocrx_word' id='word_1_252' title='bbox 507 2551 540 2573; x_wconf 92' lang='lat' dir='ltr'>se</span> <span class='ocrx_word' id='word_1_253' title='bbox 564 2542 677 2573; x_wconf 91' lang='lat' dir='ltr'>debeat</span> <span class='ocrx_word' id='word_1_254' title='bbox 693 2542 811 2574; x_wconf 88' lang='lat' dir='ltr'>habere</span> <span class='ocrx_word' id='word_1_255' title='bbox 828 2552 885 2583; x_wconf 90' lang='lat' dir='ltr'>pro</span> <span class='ocrx_word' id='word_1_256' title='bbox 910 2552 1034 2575; x_wconf 83' lang='lat' dir='ltr'>excom-</span> 
     </span>
     <span class='ocr_line' id='line_1_40' title="bbox 82 2595 1031 2637; baseline 0.002 -11"><span class='ocrx_word' id='word_1_257' title='bbox 82 2595 248 2627; x_wconf 88' lang='lat' dir='ltr'>municato.</span> <span class='ocrx_word' id='word_1_258' title='bbox 268 2595 302 2626; x_wconf 89' lang='lat' dir='ltr'>Et</span> <span class='ocrx_word' id='word_1_259' title='bbox 318 2595 403 2637; x_wconf 93' lang='lat' dir='ltr'>quod</span> <span class='ocrx_word' id='word_1_260' title='bbox 421 2595 474 2633; x_wconf 89' lang='lat' dir='ltr'>sic,</span> <span class='ocrx_word' id='word_1_261' title='bbox 492 2595 635 2627; x_wconf 87' lang='lat' dir='ltr'>videtur:</span> <span class='ocrx_word' id='word_1_262' title='bbox 654 2595 727 2636; x_wconf 87' lang='lat' dir='ltr'>quia</span> <span class='ocrx_word' id='word_1_263' title='bbox 744 2595 861 2628; x_wconf 87' lang='lat' dir='ltr'>dicitur</span> <span class='ocrx_word' id='word_1_264' title='bbox 877 2596 907 2627; x_wconf 92' lang='lat' dir='ltr'>in</span> <span class='ocrx_word' id='word_1_265' title='bbox 926 2596 994 2628; x_wconf 89' lang='lat' dir='ltr'>iure</span> <span class='ocrx_word' id='word_1_266' title='bbox 1007 2597 1031 2628; x_wconf 81' lang='lat'>³:</span> 
     </span>
     <span class='ocr_line' id='line_1_41' title="bbox 88 2647 1032 2689; baseline 0.001 -10"><span class='ocrx_word' id='word_1_267' title='bbox 88 2648 274 2680; x_wconf 86' lang='lat' dir='ltr'>«Sententia</span> <span class='ocrx_word' id='word_1_268' title='bbox 299 2647 447 2689; x_wconf 85' lang='lat' dir='ltr'>pastoris,</span> <span class='ocrx_word' id='word_1_269' title='bbox 465 2647 530 2679; x_wconf 87' lang='lat' dir='ltr'>sive</span> <span class='ocrx_word' id='word_1_270' title='bbox 554 2647 637 2679; x_wconf 89' lang='lat' dir='ltr'>iusta</span> <span class='ocrx_word' id='word_1_271' title='bbox 657 2647 726 2679; x_wconf 82' lang='lat' dir='ltr'>sive</span> <span class='ocrx_word' id='word_1_272' title='bbox 752 2647 882 2687; x_wconf 77' lang='lat' dir='ltr'>iniusta,</span> <span class='ocrx_word' id='word_1_273' title='bbox 898 2649 1032 2680; x_wconf 88' lang='lat' dir='ltr'>tenenda</span> 
     </span>
    </p>

    <p class='ocr_par' dir='ltr' id='par_1_14' title="bbox 82 2699 1031 2742">
     <span class='ocr_line' id='line_1_42' title="bbox 82 2699 1031 2742; baseline 0.001 -11"><span class='ocrx_word' id='word_1_274' title='bbox 82 2702 127 2732; x_wconf 86' lang='lat' dir='ltr'>est</span> <span class='ocrx_word' id='word_1_275' title='bbox 155 2703 185 2732; x_wconf 92' lang='lat' dir='ltr'>et</span> <span class='ocrx_word' id='word_1_276' title='bbox 216 2700 397 2732; x_wconf 85' lang='lat' dir='ltr'>timenda».</span> <span class='ocrx_word' id='word_1_277' title='bbox 423 2718 466 2722; x_wconf 80' lang='lat'>—</span> <span class='ocrx_word' id='word_1_278' title='bbox 490 2699 549 2732; x_wconf 84' lang='lat' dir='ltr'>Sed</span> <span class='ocrx_word' id='word_1_279' title='bbox 585 2703 720 2731; x_wconf 75' lang='lat' dir='ltr'>eontra:</span> <span class='ocrx_word' id='word_1_280' title='bbox 746 2700 891 2742; x_wconf 80' lang='lat' dir='ltr'>Magister</span> <span class='ocrx_word' id='word_1_281' title='bbox 904 2700 913 2716; x_wconf 63' lang='lat'>*¹</span> <span class='ocrx_word' id='word_1_282' title='bbox 939 2699 1031 2739; x_wconf 89' lang='lat' dir='ltr'>dicit,</span> 
     </span>
    </p>
   </div>
   <div class='ocr_carea' id='block_1_10' title="bbox 1064 544 1076 2723">
    <p class='ocr_par' dir='ltr' id='par_1_15' title="bbox 1064 544 1076 2723">
     <span class='ocr_line' id='line_1_43' title="bbox 1064 544 1076 2723; baseline 0 0"><span class='ocrx_word' id='word_1_283' title='bbox 1064 544 1076 2723; x_wconf 95' lang='lat' dir='ltr'> </span> 
     </span>
    </p>
   </div>
   <div class='ocr_carea' id='block_1_11' title="bbox 1996 203 2061 235">
    <p class='ocr_par' dir='ltr' id='par_1_16' title="bbox 1996 203 2061 235">
     <span class='ocr_line' id='line_1_44' title="bbox 1996 203 2061 235; baseline 0.015 -1"><span class='ocrx_word' id='word_1_284' title='bbox 1996 203 2061 235; x_wconf 74' lang='lat'>495</span> 
     </span>
    </p>
   </div>
   <div class='ocr_carea' id='block_1_12' title="bbox 748 393 1405 429">
    <p class='ocr_par' dir='ltr' id='par_1_17' title="bbox 748 393 1405 429">
     <span class='ocr_line' id='line_1_45' title="bbox 748 393 1405 429; baseline 0.008 -5"><span class='ocrx_word' id='word_1_285' title='bbox 748 393 859 426; x_wconf 82' lang='lat' dir='ltr'><strong>DUBIA</strong></span> <span class='ocrx_word' id='word_1_286' title='bbox 883 394 989 426; x_wconf 75' lang='lat' dir='ltr'>CIRCA</span> <span class='ocrx_word' id='word_1_287' title='bbox 1014 395 1199 427; x_wconf 82' lang='lat' dir='ltr'>LITTERAM</span> <span class='ocrx_word' id='word_1_288' title='bbox 1223 396 1405 429; x_wconf 81' lang='lat' dir='ltr'>MAGISTRI.</span> 
     </span>
    </p>
   </div>
   <div class='ocr_carea' id='block_1_13' title="bbox 1098 533 2219 2743">
    <p class='ocr_par' dir='ltr' id='par_1_18' title="bbox 1106 533 2062 829">
     <span class='ocr_line' id='line_1_46' title="bbox 1106 533 2062 579; baseline 0.009 -16"><span class='ocrx_word' id='word_1_289' title='bbox 1106 533 1191 573; x_wconf 90' lang='lat' dir='ltr'>quod</span> <span class='ocrx_word' id='word_1_290' title='bbox 1215 533 1301 565; x_wconf 91' lang='lat' dir='ltr'>illam</span> <span class='ocrx_word' id='word_1_291' title='bbox 1326 534 1423 566; x_wconf 90' lang='lat' dir='ltr'>solam</span> <span class='ocrx_word' id='word_1_292' title='bbox 1449 537 1633 569; x_wconf 89' lang='lat' dir='ltr'>sententiam</span> <span class='ocrx_word' id='word_1_293' title='bbox 1667 537 1821 579; x_wconf 86' lang='lat' dir='ltr'>approbat</span> <span class='ocrx_word' id='word_1_294' title='bbox 1851 539 1941 571; x_wconf 88' lang='lat' dir='ltr'>curia</span> <span class='ocrx_word' id='word_1_295' title='bbox 1964 540 2062 572; x_wconf 90' lang='lat' dir='ltr'>caele-</span> 
     </span>
     <span class='ocr_line' id='line_1_47' title="bbox 1107 584 2062 630; baseline 0.009 -14"><span class='ocrx_word' id='word_1_296' title='bbox 1107 584 1179 624; x_wconf 86' lang='lat' dir='ltr'>stis,</span> <span class='ocrx_word' id='word_1_297' title='bbox 1204 595 1284 627; x_wconf 89' lang='lat' dir='ltr'>quae</span> <span class='ocrx_word' id='word_1_298' title='bbox 1308 586 1402 619; x_wconf 89' lang='lat' dir='ltr'>datur</span> <span class='ocrx_word' id='word_1_299' title='bbox 1426 597 1467 620; x_wconf 83' lang='lat' dir='ltr'>ex</span> <span class='ocrx_word' id='word_1_300' title='bbox 1492 589 1621 621; x_wconf 89' lang='lat' dir='ltr'>meritis.</span> <span class='ocrx_word' id='word_1_301' title='bbox 1646 608 1690 613; x_wconf 83' lang='lat'>-—</span> <span class='ocrx_word' id='word_1_302' title='bbox 1713 590 1806 630; x_wconf 88' lang='lat' dir='ltr'>Item,</span> <span class='ocrx_word' id='word_1_303' title='bbox 1832 591 1937 624; x_wconf 85' lang='lat' dir='ltr'>favere</span> <span class='ocrx_word' id='word_1_304' title='bbox 1965 596 1995 624; x_wconf 92' lang='lat' dir='ltr'>et</span> <span class='ocrx_word' id='word_1_305' title='bbox 2020 596 2062 625; x_wconf 90' lang='lat' dir='ltr'>te-</span> 
     </span>
     <span class='ocr_line' id='line_1_48' title="bbox 1107 639 2060 686; baseline 0.01 -18"><span class='ocrx_word' id='word_1_306' title='bbox 1107 646 1182 669; x_wconf 89' lang='lat' dir='ltr'>nere</span> <span class='ocrx_word' id='word_1_307' title='bbox 1206 639 1391 671; x_wconf 86' lang='lat' dir='ltr'>sententiam</span> <span class='ocrx_word' id='word_1_308' title='bbox 1418 640 1565 673; x_wconf 86' lang='lat' dir='ltr'>iniustam</span> <span class='ocrx_word' id='word_1_309' title='bbox 1590 646 1636 675; x_wconf 87' lang='lat' dir='ltr'>est</span> <span class='ocrx_word' id='word_1_310' title='bbox 1659 647 1821 684; x_wconf 86' lang='lat' dir='ltr'>praestare</span> <span class='ocrx_word' id='word_1_311' title='bbox 1850 645 2060 686; x_wconf 83' lang='lat' dir='ltr'>patrocinium</span> 
     </span>
     <span class='ocr_line' id='line_1_49' title="bbox 1106 689 2060 736; baseline 0.01 -15"><span class='ocrx_word' id='word_1_312' title='bbox 1106 689 1292 723; x_wconf 84' lang='lat' dir='ltr'>iniustitiae:</span> <span class='ocrx_word' id='word_1_313' title='bbox 1326 701 1401 733; x_wconf 83' lang='lat' dir='ltr'>ergo</span> <span class='ocrx_word' id='word_1_314' title='bbox 1433 693 1503 726; x_wconf 87' lang='lat' dir='ltr'>talis</span> <span class='ocrx_word' id='word_1_315' title='bbox 1539 696 1709 735; x_wconf 88' lang='lat' dir='ltr'>sententia,</span> <span class='ocrx_word' id='word_1_316' title='bbox 1734 700 1770 729; x_wconf 88' lang='lat' dir='ltr'>ut</span> <span class='ocrx_word' id='word_1_317' title='bbox 1801 697 1947 736; x_wconf 85' lang='lat' dir='ltr'>videtur,</span> <span class='ocrx_word' id='word_1_318' title='bbox 1973 698 2060 731; x_wconf 88' lang='lat' dir='ltr'>nullo</span> 
     </span>
     <span class='ocr_line' id='line_1_50' title="bbox 1106 742 2058 791; baseline 0.012 -18"><span class='ocrx_word' id='word_1_319' title='bbox 1106 742 1201 774; x_wconf 89' lang='lat' dir='ltr'>modo</span> <span class='ocrx_word' id='word_1_320' title='bbox 1225 744 1358 777; x_wconf 89' lang='lat' dir='ltr'>tenenda</span> <span class='ocrx_word' id='word_1_321' title='bbox 1382 749 1443 785; x_wconf 85' lang='lat' dir='ltr'>est,</span> <span class='ocrx_word' id='word_1_322' title='bbox 1468 755 1525 779; x_wconf 88' lang='lat' dir='ltr'>nec</span> <span class='ocrx_word' id='word_1_323' title='bbox 1549 748 1588 779; x_wconf 85' lang='lat' dir='ltr'>ab</span> <span class='ocrx_word' id='word_1_324' title='bbox 1613 757 1649 780; x_wconf 92' lang='lat' dir='ltr'>eo</span> <span class='ocrx_word' id='word_1_325' title='bbox 1673 749 1726 790; x_wconf 89' lang='lat' dir='ltr'>qui</span> <span class='ocrx_word' id='word_1_326' title='bbox 1752 751 2058 791; x_wconf 80' lang='lat' dir='ltr'>excommunicatur,</span> 
     </span>
     <span class='ocr_line' id='line_1_51' title="bbox 1107 795 1330 829; baseline 0.013 -3"><span class='ocrx_word' id='word_1_327' title='bbox 1107 803 1164 827; x_wconf 90' lang='lat' dir='ltr'>nec</span> <span class='ocrx_word' id='word_1_328' title='bbox 1187 795 1228 827; x_wconf 89' lang='lat' dir='ltr'>ab</span> <span class='ocrx_word' id='word_1_329' title='bbox 1251 796 1330 829; x_wconf 88' lang='lat' dir='ltr'>aliis.</span> 
     </span>
    </p>

    <p class='ocr_par' dir='ltr' id='par_1_19' title="bbox 1107 848 2204 936">
     <span class='ocr_line' id='line_1_52' title="bbox 1196 848 2204 893; baseline 0.002 -5"><span class='ocrx_word' id='word_1_330' title='bbox 1196 848 1289 888; x_wconf 72' lang='grc' dir='ltr'><strong>ῙῑθῐὈ,</strong></span> <span class='ocrx_word' id='word_1_331' title='bbox 1314 851 1493 891; x_wconf 88' lang='lat' dir='ltr'>quaeritur,</span> <span class='ocrx_word' id='word_1_332' title='bbox 1517 854 1675 893; x_wconf 90' lang='lat' dir='ltr'>quomodo</span> <span class='ocrx_word' id='word_1_333' title='bbox 1696 855 1735 886; x_wconf 87' lang='lat' dir='ltr'>sit</span> <span class='ocrx_word' id='word_1_334' title='bbox 1759 856 1912 888; x_wconf 91' lang='lat' dir='ltr'>sententia</span> <span class='ocrx_word' id='word_1_335' title='bbox 1936 866 2059 890; x_wconf 88' lang='lat' dir='ltr'>excom·</span> <span class='ocrx_word' id='word_1_336' title='bbox 2072 864 2173 891; x_wconf 75' lang='lat' dir='ltr'>Quaestio</span> <span class='ocrx_word' id='word_1_337' title='bbox 2184 865 2204 885; x_wconf 71' lang='lat'>2-</span> 
     </span>
     <span class='ocr_line' id='line_1_53' title="bbox 1107 899 1561 936; baseline 0.013 -6"><span class='ocrx_word' id='word_1_338' title='bbox 1107 899 1327 934; x_wconf 85' lang='lat' dir='ltr'>municationis</span> <span class='ocrx_word' id='word_1_339' title='bbox 1352 902 1466 935; x_wconf 91' lang='lat' dir='ltr'>iniuste</span> <span class='ocrx_word' id='word_1_340' title='bbox 1490 903 1561 936; x_wconf 89' lang='lat' dir='ltr'>lata.</span> 
     </span>
    </p>

    <p class='ocr_par' dir='ltr' id='par_1_20' title="bbox 1105 952 2217 1304">
     <span class='ocr_line' id='line_1_54' title="bbox 1196 952 2217 999; baseline 0.007 -15"><span class='ocrx_word' id='word_1_341' title='bbox 1196 952 1394 987; x_wconf 68' lang='lat' dir='ltr'>Responnuo:</span> <span class='ocrx_word' id='word_1_342' title='bbox 1420 955 1613 996; x_wconf 89' lang='lat' dir='ltr'>Dicendum,</span> <span class='ocrx_word' id='word_1_343' title='bbox 1638 959 1722 999; x_wconf 88' lang='lat' dir='ltr'>quod</span> <span class='ocrx_word' id='word_1_344' title='bbox 1747 961 1900 992; x_wconf 88' lang='lat' dir='ltr'>sententia</span> <span class='ocrx_word' id='word_1_345' title='bbox 1932 961 2059 994; x_wconf 67' lang='lat' dir='ltr'>iiiiii-sta</span> <span class='ocrx_word' id='word_1_346' title='bbox 2069 970 2217 997; x_wconf 66' lang='lat' dir='ltr'>Adaquaest.</span> 
     </span>
     <span class='ocr_line' id='line_1_55' title="bbox 1108 1004 2204 1053; baseline 0.008 -17"><span class='ocrx_word' id='word_1_347' title='bbox 1108 1004 1223 1037; x_wconf 90' lang='lat' dir='ltr'>dicitur</span> <span class='ocrx_word' id='word_1_348' title='bbox 1240 1015 1280 1038; x_wconf 84' lang='lat' dir='ltr'>ex</span> <span class='ocrx_word' id='word_1_349' title='bbox 1298 1007 1431 1046; x_wconf 70' lang='lat' dir='ltr'>animo,</span> <span class='ocrx_word' id='word_1_350' title='bbox 1449 1017 1489 1040; x_wconf 85' lang='lat' dir='ltr'>ex</span> <span class='ocrx_word' id='word_1_351' title='bbox 1507 1018 1625 1048; x_wconf 69' lang='lat' dir='ltr'>eausa,</span> <span class='ocrx_word' id='word_1_352' title='bbox 1643 1019 1683 1042; x_wconf 82' lang='lat' dir='ltr'>ex</span> <span class='ocrx_word' id='word_1_353' title='bbox 1701 1012 1816 1044; x_wconf 79' lang='lat' dir='ltr'>ordine</span> <span class='ocrx_word' id='word_1_354' title='bbox 1827 1013 1855 1045; x_wconf 80' lang='lat'>⁵:</span> <span class='ocrx_word' id='word_1_355' title='bbox 1874 1022 1914 1046; x_wconf 82' lang='lat' dir='ltr'>ex</span> <span class='ocrx_word' id='word_1_356' title='bbox 1931 1015 2055 1053; x_wconf 77' lang='lat' dir='ltr'>(mimo,</span> <span class='ocrx_word' id='word_1_357' title='bbox 2072 1023 2111 1053; x_wconf 74' lang='lat'>¹³³2.</span> <span class='ocrx_word' id='word_1_358' title='bbox 2125 1023 2204 1053; x_wconf 58' lang='lat' dir='ltr'>iptusta</span> 
     </span>
     <span class='ocr_line' id='line_1_56' title="bbox 1106 1050 2205 1106; baseline 0.011 -17"><span class='ocrx_word' id='word_1_359' title='bbox 1106 1061 1142 1089; x_wconf 91' lang='lat' dir='ltr'>ut</span> <span class='ocrx_word' id='word_1_360' title='bbox 1166 1067 1237 1090; x_wconf 91' lang='lat' dir='ltr'>cum</span> <span class='ocrx_word' id='word_1_361' title='bbox 1263 1059 1398 1092; x_wconf 87' lang='lat' dir='ltr'>infertur</span> <span class='ocrx_word' id='word_1_362' title='bbox 1433 1070 1494 1093; x_wconf 92' lang='lat' dir='ltr'>non</span> <span class='ocrx_word' id='word_1_363' title='bbox 1532 1062 1598 1094; x_wconf 90' lang='lat' dir='ltr'>zelo</span> <span class='ocrx_word' id='word_1_364' title='bbox 1623 1063 1776 1103; x_wconf 87' lang='lat' dir='ltr'>iustitiae,</span> <span class='ocrx_word' id='word_1_365' title='bbox 1802 1066 1857 1097; x_wconf 87' lang='lat' dir='ltr'>sed</span> <span class='ocrx_word' id='word_1_366' title='bbox 1882 1067 2058 1106; x_wconf 84' lang='lat' dir='ltr'>vindictae;</span> <span class='ocrx_word' id='word_1_367' title='bbox 2086 1050 2205 1076; x_wconf 56' lang='lat' dir='ltr'><strong>mphmm&#39;</strong></span> 
     </span>
     <span class='ocr_line' id='line_1_57' title="bbox 1106 1117 2059 1159; baseline 0.01 -16"><span class='ocrx_word' id='word_1_368' title='bbox 1106 1119 1147 1143; x_wconf 85' lang='lat' dir='ltr'>ex</span> <span class='ocrx_word' id='word_1_369' title='bbox 1171 1121 1296 1151; x_wconf 76' lang='lat' dir='ltr'>causa,</span> <span class='ocrx_word' id='word_1_370' title='bbox 1321 1117 1357 1145; x_wconf 88' lang='lat' dir='ltr'>ut</span> <span class='ocrx_word' id='word_1_371' title='bbox 1380 1123 1453 1146; x_wconf 89' lang='lat' dir='ltr'>cum</span> <span class='ocrx_word' id='word_1_372' title='bbox 1478 1124 1539 1147; x_wconf 92' lang='lat' dir='ltr'>non</span> <span class='ocrx_word' id='word_1_373' title='bbox 1565 1119 1611 1147; x_wconf 92' lang='lat' dir='ltr'>est</span> <span class='ocrx_word' id='word_1_374' title='bbox 1634 1117 1783 1149; x_wconf 90' lang='lat' dir='ltr'>meritum</span> <span class='ocrx_word' id='word_1_375' title='bbox 1809 1118 1984 1159; x_wconf 86' lang='lat' dir='ltr'>sufficiens,</span> <span class='ocrx_word' id='word_1_376' title='bbox 2010 1121 2059 1153; x_wconf 93' lang='lat' dir='ltr'>vel</span> 
     </span>
     <span class='ocr_line' id='line_1_58' title="bbox 1106 1168 2059 1209; baseline 0.01 -14"><span class='ocrx_word' id='word_1_377' title='bbox 1106 1168 1246 1203; x_wconf 83' lang='lat' dir='ltr'>certum,</span> <span class='ocrx_word' id='word_1_378' title='bbox 1279 1170 1408 1208; x_wconf 89' lang='lat' dir='ltr'>propter</span> <span class='ocrx_word' id='word_1_379' title='bbox 1440 1168 1523 1209; x_wconf 87' lang='lat' dir='ltr'>quod</span> <span class='ocrx_word' id='word_1_380' title='bbox 1558 1168 1668 1201; x_wconf 87' lang='lat' dir='ltr'>debeat</span> <span class='ocrx_word' id='word_1_381' title='bbox 1701 1171 1968 1204; x_wconf 85' lang='lat' dir='ltr'>excommunicari</span> <span class='ocrx_word' id='word_1_382' title='bbox 2006 1173 2059 1206; x_wconf 90' lang='lat' dir='ltr'>ille</span> 
     </span>
     <span class='ocr_line' id='line_1_59' title="bbox 1106 1217 2056 1265; baseline 0.011 -17"><span class='ocrx_word' id='word_1_383' title='bbox 1106 1217 1155 1249; x_wconf 88' lang='lat' dir='ltr'>cui</span> <span class='ocrx_word' id='word_1_384' title='bbox 1188 1217 1357 1260; x_wconf 71' lang='lat' dir='ltr'>infligitur,</span> <span class='ocrx_word' id='word_1_385' title='bbox 1389 1228 1430 1252; x_wconf 86' lang='lat' dir='ltr'>ex</span> <span class='ocrx_word' id='word_1_386' title='bbox 1462 1221 1596 1259; x_wconf 81' lang='lat' dir='ltr'>ordine,</span> <span class='ocrx_word' id='word_1_387' title='bbox 1622 1226 1656 1254; x_wconf 87' lang='lat' dir='ltr'>ut</span> <span class='ocrx_word' id='word_1_388' title='bbox 1687 1232 1760 1255; x_wconf 88' lang='lat' dir='ltr'>cum</span> <span class='ocrx_word' id='word_1_389' title='bbox 1793 1225 2056 1265; x_wconf 83' lang='lat' dir='ltr'>praetermittitur</span> 
     </span>
     <span class='ocr_line' id='line_1_60' title="bbox 1105 1270 1295 1304; baseline 0.011 -3"><span class='ocrx_word' id='word_1_390' title='bbox 1105 1270 1183 1302; x_wconf 92' lang='lat' dir='ltr'>ordo</span> <span class='ocrx_word' id='word_1_391' title='bbox 1207 1271 1295 1304; x_wconf 90' lang='lat' dir='ltr'>iuris.</span> 
     </span>
    </p>

    <p class='ocr_par' dir='ltr' id='par_1_21' title="bbox 1100 1324 2219 2419">
     <span class='ocr_line' id='line_1_61' title="bbox 1194 1324 2219 1372; baseline 0.011 -17"><span class='ocrx_word' id='word_1_392' title='bbox 1194 1324 1223 1355; x_wconf 89' lang='lat' dir='ltr'>Si</span> <span class='ocrx_word' id='word_1_393' title='bbox 1241 1333 1315 1366; x_wconf 83' lang='lat' dir='ltr'>ergo</span> <span class='ocrx_word' id='word_1_394' title='bbox 1333 1325 1403 1357; x_wconf 81' lang='lat' dir='ltr'>talis</span> <span class='ocrx_word' id='word_1_395' title='bbox 1419 1327 1704 1360; x_wconf 83' lang='lat' dir='ltr'>excommunicatio</span> <span class='ocrx_word' id='word_1_396' title='bbox 1721 1328 1841 1361; x_wconf 86' lang='lat' dir='ltr'>feratur</span> <span class='ocrx_word' id='word_1_397' title='bbox 1858 1330 1888 1361; x_wconf 94' lang='lat' dir='ltr'>in</span> <span class='ocrx_word' id='word_1_398' title='bbox 1906 1330 2057 1372; x_wconf 85' lang='lat' dir='ltr'>aliquem,</span> <span class='ocrx_word' id='word_1_399' title='bbox 2073 1339 2141 1370; x_wconf 55' lang='lat' dir='ltr'>Adst-</span> <span class='ocrx_word' id='word_1_400' title='bbox 2155 1345 2219 1366; x_wconf 81' lang='lat' dir='ltr'>quae·</span> 
     </span>
     <span class='ocr_line' id='line_1_62' title="bbox 1105 1368 2184 1421; baseline 0.008 -13"><span class='ocrx_word' id='word_1_401' title='bbox 1105 1376 1361 1419; x_wconf 81' lang='lat' dir='ltr'>distinguendum</span> <span class='ocrx_word' id='word_1_402' title='bbox 1388 1383 1450 1411; x_wconf 90' lang='lat' dir='ltr'>est:</span> <span class='ocrx_word' id='word_1_403' title='bbox 1477 1380 1552 1421; x_wconf 87' lang='lat' dir='ltr'>quia</span> <span class='ocrx_word' id='word_1_404' title='bbox 1586 1385 1641 1412; x_wconf 87' lang='lat' dir='ltr'>aut</span> <span class='ocrx_word' id='word_1_405' title='bbox 1665 1381 1765 1413; x_wconf 86' lang='lat' dir='ltr'>fertur</span> <span class='ocrx_word' id='word_1_406' title='bbox 1790 1382 1829 1414; x_wconf 85' lang='lat' dir='ltr'>ab</span> <span class='ocrx_word' id='word_1_407' title='bbox 1855 1382 1988 1415; x_wconf 69' lang='lat' dir='ltr'>habente</span> <span class='ocrx_word' id='word_1_408' title='bbox 2013 1394 2059 1417; x_wconf 87' lang='lat' dir='ltr'>ca·</span> <span class='ocrx_word' id='word_1_409' title='bbox 2087 1368 2184 1387; x_wconf 54' lang='lat' dir='ltr'>mum*</span> 
     </span>
     <span class='ocr_line' id='line_1_63' title="bbox 1104 1429 2172 1472; baseline 0.01 -12"><span class='ocrx_word' id='word_1_410' title='bbox 1104 1429 1247 1461; x_wconf 87' lang='lat' dir='ltr'>nonicam</span> <span class='ocrx_word' id='word_1_411' title='bbox 1285 1430 1551 1472; x_wconf 86' lang='lat' dir='ltr'>iurisdictionem,</span> <span class='ocrx_word' id='word_1_412' title='bbox 1576 1437 1631 1465; x_wconf 87' lang='lat' dir='ltr'>aut</span> <span class='ocrx_word' id='word_1_413' title='bbox 1654 1443 1672 1465; x_wconf 90' lang='lat' dir='ltr'>a</span> <span class='ocrx_word' id='word_1_414' title='bbox 1706 1443 1773 1465; x_wconf 71' lang='lat' dir='ltr'>non</span> <span class='ocrx_word' id='word_1_415' title='bbox 1796 1433 1939 1467; x_wconf 69' lang='lat' dir='ltr'>habente.</span> <span class='ocrx_word' id='word_1_416' title='bbox 1964 1436 1993 1468; x_wconf 86' lang='lat' dir='ltr'>Si</span> <span class='ocrx_word' id='word_1_417' title='bbox 2018 1437 2058 1469; x_wconf 85' lang='lat' dir='ltr'>ab</span> <span class='ocrx_word' id='word_1_418' title='bbox 2073 1445 2138 1472; x_wconf 81' lang='lat' dir='ltr'>Resp.</span> <span class='ocrx_word' id='word_1_419' title='bbox 2153 1445 2172 1466; x_wconf 75' lang='lat'>¹-</span> 
     </span>
     <span class='ocr_line' id='line_1_64' title="bbox 1104 1480 2057 1529; baseline 0.008 -16"><span class='ocrx_word' id='word_1_420' title='bbox 1104 1480 1257 1520; x_wconf 47' lang='lat' dir='ltr'>habente</span> <span class='ocrx_word' id='word_1_421' title='bbox 1281 1483 1469 1524; x_wconf 86' lang='lat' dir='ltr'>dicendum,</span> <span class='ocrx_word' id='word_1_422' title='bbox 1498 1486 1583 1527; x_wconf 89' lang='lat' dir='ltr'>quod</span> <span class='ocrx_word' id='word_1_423' title='bbox 1620 1487 1753 1518; x_wconf 84' lang='lat' dir='ltr'>tenenda</span> <span class='ocrx_word' id='word_1_424' title='bbox 1777 1491 1823 1519; x_wconf 88' lang='lat' dir='ltr'>est</span> <span class='ocrx_word' id='word_1_425' title='bbox 1847 1492 1878 1520; x_wconf 88' lang='lat' dir='ltr'>et</span> <span class='ocrx_word' id='word_1_426' title='bbox 1902 1489 2057 1529; x_wconf 90' lang='lat' dir='ltr'>timenda,</span> 
     </span>
     <span class='ocr_line' id='line_1_65' title="bbox 1103 1536 2055 1576; baseline 0.007 -9"><span class='ocrx_word' id='word_1_427' title='bbox 1103 1536 1177 1576; x_wconf 86' lang='lat' dir='ltr'>quia</span> <span class='ocrx_word' id='word_1_428' title='bbox 1201 1546 1263 1568; x_wconf 90' lang='lat' dir='ltr'>non</span> <span class='ocrx_word' id='word_1_429' title='bbox 1287 1540 1335 1569; x_wconf 90' lang='lat' dir='ltr'>est</span> <span class='ocrx_word' id='word_1_430' title='bbox 1359 1538 1559 1570; x_wconf 87' lang='lat' dir='ltr'>subditorum</span> <span class='ocrx_word' id='word_1_431' title='bbox 1584 1539 1742 1572; x_wconf 88' lang='lat' dir='ltr'>discutere</span> <span class='ocrx_word' id='word_1_432' title='bbox 1767 1541 1935 1573; x_wconf 87' lang='lat' dir='ltr'>sententias</span> <span class='ocrx_word' id='word_1_433' title='bbox 1967 1543 2055 1574; x_wconf 85' lang='lat' dir='ltr'>maio-</span> 
     </span>
     <span class='ocr_line' id='line_1_66' title="bbox 1103 1590 2173 1634; baseline 0.009 -15"><span class='ocrx_word' id='word_1_434' title='bbox 1103 1597 1193 1627; x_wconf 83' lang='lat' dir='ltr'>rum;</span> <span class='ocrx_word' id='word_1_435' title='bbox 1218 1592 1248 1621; x_wconf 91' lang='lat' dir='ltr'>et</span> <span class='ocrx_word' id='word_1_436' title='bbox 1284 1590 1308 1621; x_wconf 90' lang='lat' dir='ltr'>si</span> <span class='ocrx_word' id='word_1_437' title='bbox 1344 1594 1540 1628; x_wconf 82' lang='lat' dir='ltr'>contemnat,</span> <span class='ocrx_word' id='word_1_438' title='bbox 1565 1592 1704 1632; x_wconf 84' lang='lat' dir='ltr'>graviter</span> <span class='ocrx_word' id='word_1_439' title='bbox 1739 1594 1878 1634; x_wconf 77' lang='lat' dir='ltr'>peccat⁰.</span> <span class='ocrx_word' id='word_1_440' title='bbox 1905 1613 1944 1616; x_wconf 88' lang='lat'><strong>—</strong></span> <span class='ocrx_word' id='word_1_441' title='bbox 1972 1596 2057 1628; x_wconf 79' lang='lat' dir='ltr'>Exci·</span> <span class='ocrx_word' id='word_1_442' title='bbox 2072 1604 2173 1630; x_wconf 73' lang='lat' dir='ltr'>Exceptio</span> 
     </span>
     <span class='ocr_line' id='line_1_67' title="bbox 1102 1630 2172 1682; baseline 0.007 -10"><span class='ocrx_word' id='word_1_443' title='bbox 1102 1641 1235 1682; x_wconf 87' lang='lat' dir='ltr'>piuntur</span> <span class='ocrx_word' id='word_1_444' title='bbox 1258 1644 1365 1674; x_wconf 86' lang='lat' dir='ltr'>autem</span> <span class='ocrx_word' id='word_1_445' title='bbox 1390 1642 1458 1682; x_wconf 23' lang='lat' dir='ltr'>duo,</span> <span class='ocrx_word' id='word_1_446' title='bbox 1477 1652 1583 1682; x_wconf 74' lang='lat' dir='ltr'>casus,</span> <span class='ocrx_word' id='word_1_447' title='bbox 1610 1644 1754 1677; x_wconf 85' lang='lat' dir='ltr'>videlicet</span> <span class='ocrx_word' id='word_1_448' title='bbox 1778 1646 1804 1678; x_wconf 86' lang='lat' dir='ltr'>si</span> <span class='ocrx_word' id='word_1_449' title='bbox 1828 1648 1980 1679; x_wconf 79' lang='lat' dir='ltr'>sententia</span> <span class='ocrx_word' id='word_1_450' title='bbox 2005 1648 2058 1680; x_wconf 93' lang='lat' dir='ltr'>illa</span> <span class='ocrx_word' id='word_1_451' title='bbox 2087 1630 2172 1657; x_wconf 39' lang='lat' dir='ltr'>‘¹⁰⁹¹ss</span> 
     </span>
     <span class='ocr_line' id='line_1_68' title="bbox 1103 1694 2058 1742; baseline 0.007 -16"><span class='ocrx_word' id='word_1_452' title='bbox 1103 1694 1165 1726; x_wconf 89' lang='lat' dir='ltr'>lata</span> <span class='ocrx_word' id='word_1_453' title='bbox 1189 1699 1236 1727; x_wconf 90' lang='lat' dir='ltr'>est</span> <span class='ocrx_word' id='word_1_454' title='bbox 1258 1699 1330 1736; x_wconf 78' lang='lat' dir='ltr'>post</span> <span class='ocrx_word' id='word_1_455' title='bbox 1354 1696 1602 1737; x_wconf 74' lang='lat' dir='ltr'>appellationem</span> <span class='ocrx_word' id='word_1_456' title='bbox 1642 1697 1828 1739; x_wconf 84' lang='lat' dir='ltr'>legitimam,</span> <span class='ocrx_word' id='word_1_457' title='bbox 1853 1700 1902 1732; x_wconf 85' lang='lat' dir='ltr'>vel</span> <span class='ocrx_word' id='word_1_458' title='bbox 1932 1701 2058 1742; x_wconf 86' lang='lat' dir='ltr'>quando</span> 
     </span>
     <span class='ocr_line' id='line_1_69' title="bbox 1103 1747 2056 1789; baseline 0.008 -11"><span class='ocrx_word' id='word_1_459' title='bbox 1103 1747 1239 1779; x_wconf 90' lang='lat' dir='ltr'>continet</span> <span class='ocrx_word' id='word_1_460' title='bbox 1271 1748 1508 1780; x_wconf 78' lang='lat' dir='ltr'>intolerabilem</span> <span class='ocrx_word' id='word_1_461' title='bbox 1544 1759 1708 1789; x_wconf 75' lang='lat' dir='ltr'>errorem,</span> <span class='ocrx_word' id='word_1_462' title='bbox 1744 1755 1780 1783; x_wconf 89' lang='lat' dir='ltr'>ut</span> <span class='ocrx_word' id='word_1_463' title='bbox 1816 1752 1841 1784; x_wconf 88' lang='lat' dir='ltr'>si</span> <span class='ocrx_word' id='word_1_464' title='bbox 1877 1752 2056 1786; x_wconf 86' lang='lat' dir='ltr'>diceretur:</span> 
     </span>
     <span class='ocr_line' id='line_1_70' title="bbox 1103 1800 2058 1844; baseline 0.008 -13"><span class='ocrx_word' id='word_1_465' title='bbox 1103 1800 1349 1833; x_wconf 84' lang='lat' dir='ltr'>Excommunico</span> <span class='ocrx_word' id='word_1_466' title='bbox 1373 1804 1417 1841; x_wconf 90' lang='lat' dir='ltr'>te,</span> <span class='ocrx_word' id='word_1_467' title='bbox 1443 1803 1517 1844; x_wconf 86' lang='lat' dir='ltr'>quia</span> <span class='ocrx_word' id='word_1_468' title='bbox 1541 1803 1644 1835; x_wconf 87' lang='lat' dir='ltr'>credis</span> <span class='ocrx_word' id='word_1_469' title='bbox 1669 1804 1700 1836; x_wconf 90' lang='lat' dir='ltr'>in</span> <span class='ocrx_word' id='word_1_470' title='bbox 1723 1804 1835 1837; x_wconf 91' lang='lat' dir='ltr'>Deum.</span> <span class='ocrx_word' id='word_1_471' title='bbox 1860 1806 1892 1837; x_wconf 90' lang='lat' dir='ltr'>In</span> <span class='ocrx_word' id='word_1_472' title='bbox 1911 1806 1959 1838; x_wconf 84' lang='lat' dir='ltr'>his</span> <span class='ocrx_word' id='word_1_473' title='bbox 1984 1807 2058 1839; x_wconf 92' lang='lat' dir='ltr'>duo-</span> 
     </span>
     <span class='ocr_line' id='line_1_71' title="bbox 1102 1852 2058 1897; baseline 0.008 -13"><span class='ocrx_word' id='word_1_474' title='bbox 1102 1852 1162 1885; x_wconf 86' lang='lat' dir='ltr'>bus</span> <span class='ocrx_word' id='word_1_475' title='bbox 1186 1854 1311 1886; x_wconf 86' lang='lat' dir='ltr'>casibus</span> <span class='ocrx_word' id='word_1_476' title='bbox 1335 1864 1396 1887; x_wconf 90' lang='lat' dir='ltr'>non</span> <span class='ocrx_word' id='word_1_477' title='bbox 1422 1860 1610 1897; x_wconf 84' lang='lat' dir='ltr'>quaerentes</span> <span class='ocrx_word' id='word_1_478' title='bbox 1633 1857 1863 1891; x_wconf 84' lang='lat' dir='ltr'>absolutionem</span> <span class='ocrx_word' id='word_1_479' title='bbox 1888 1860 2058 1892; x_wconf 85' lang='lat' dir='ltr'>admittun-</span> 
     </span>
     <span class='ocr_line' id='line_1_72' title="bbox 1101 1907 2058 1950; baseline 0.007 -12"><span class='ocrx_word' id='word_1_480' title='bbox 1101 1910 1154 1938; x_wconf 86' lang='lat' dir='ltr'>tur</span> <span class='ocrx_word' id='word_1_481' title='bbox 1171 1907 1209 1938; x_wconf 88' lang='lat' dir='ltr'>ad</span> <span class='ocrx_word' id='word_1_482' title='bbox 1227 1916 1338 1939; x_wconf 86' lang='lat' dir='ltr'>eorum</span> <span class='ocrx_word' id='word_1_483' title='bbox 1356 1908 1572 1950; x_wconf 79' lang='lat' dir='ltr'>probationem</span> <span class='ocrx_word' id='word_1_484' title='bbox 1583 1923 1591 1949; x_wconf 85' lang='lat'>;</span> <span class='ocrx_word' id='word_1_485' title='bbox 1605 1910 1682 1942; x_wconf 86' lang='lat' dir='ltr'>alias</span> <span class='ocrx_word' id='word_1_486' title='bbox 1695 1914 1801 1943; x_wconf 85' lang='lat' dir='ltr'>autem</span> <span class='ocrx_word' id='word_1_487' title='bbox 1815 1921 1876 1943; x_wconf 89' lang='lat' dir='ltr'>non</span> <span class='ocrx_word' id='word_1_488' title='bbox 1890 1912 2058 1945; x_wconf 87' lang='lat' dir='ltr'>admittun-</span> 
     </span>
     <span class='ocr_line' id='line_1_73' title="bbox 1102 1959 2217 2003; baseline 0.005 -13"><span class='ocrx_word' id='word_1_489' title='bbox 1102 1963 1171 1999; x_wconf 91' lang='lat' dir='ltr'>tur,</span> <span class='ocrx_word' id='word_1_490' title='bbox 1196 1959 1255 1992; x_wconf 88' lang='lat' dir='ltr'>nisi</span> <span class='ocrx_word' id='word_1_491' title='bbox 1280 1960 1443 1993; x_wconf 85' lang='lat' dir='ltr'>humiliter</span> <span class='ocrx_word' id='word_1_492' title='bbox 1467 1966 1575 2003; x_wconf 87' lang='lat' dir='ltr'>petant</span> <span class='ocrx_word' id='word_1_493' title='bbox 1600 1962 1841 1996; x_wconf 86' lang='lat' dir='ltr'>absolutionem.</span> <span class='ocrx_word' id='word_1_494' title='bbox 1858 1984 1901 1987; x_wconf 89' lang='lat'>—-</span> <span class='ocrx_word' id='word_1_495' title='bbox 1918 1965 2056 1998; x_wconf 68' lang='lat' dir='ltr'>Absolvit</span> <span class='ocrx_word' id='word_1_496' title='bbox 2071 1974 2217 1996; x_wconf 78' lang='lat' dir='ltr'>Absolutioad</span> 
     </span>
     <span class='ocr_line' id='line_1_74' title="bbox 1101 2001 2196 2058; baseline 0.007 -13"><span class='ocrx_word' id='word_1_497' title='bbox 1101 2017 1206 2046; x_wconf 85' lang='lat' dir='ltr'>autem</span> <span class='ocrx_word' id='word_1_498' title='bbox 1233 2014 1381 2047; x_wconf 85' lang='lat' dir='ltr'>dominus</span> <span class='ocrx_word' id='word_1_499' title='bbox 1406 2015 1487 2057; x_wconf 84' lang='lat' dir='ltr'>Papa</span> <span class='ocrx_word' id='word_1_500' title='bbox 1505 2016 1535 2048; x_wconf 88' lang='lat' dir='ltr'>in</span> <span class='ocrx_word' id='word_1_501' title='bbox 1553 2017 1701 2049; x_wconf 88' lang='lat' dir='ltr'>omnibus</span> <span class='ocrx_word' id='word_1_502' title='bbox 1718 2018 1764 2049; x_wconf 72' lang='lat' dir='ltr'>ciel</span> <span class='ocrx_word' id='word_1_503' title='bbox 1780 2019 1944 2051; x_wconf 70' lang='lat' dir='ltr'>cautelam</span> <span class='ocrx_word' id='word_1_504' title='bbox 1956 2020 1977 2058; x_wconf 89' lang='lat'>⁷,</span> <span class='ocrx_word' id='word_1_505' title='bbox 1995 2029 2056 2052; x_wconf 91' lang='lat' dir='ltr'>non</span> <span class='ocrx_word' id='word_1_506' title='bbox 2085 2001 2196 2022; x_wconf 50' lang='lat' dir='ltr'>cantelam</span> 
     </span>
     <span class='ocr_line' id='line_1_75' title="bbox 1101 2067 2056 2110; baseline 0.007 -13"><span class='ocrx_word' id='word_1_507' title='bbox 1101 2070 1232 2108; x_wconf 89' lang='lat' dir='ltr'>propter</span> <span class='ocrx_word' id='word_1_508' title='bbox 1258 2067 1315 2100; x_wconf 84' lang='lat' dir='ltr'>boc</span> <span class='ocrx_word' id='word_1_509' title='bbox 1346 2068 1431 2110; x_wconf 87' lang='lat' dir='ltr'>quod</span> <span class='ocrx_word' id='word_1_510' title='bbox 1467 2072 1593 2110; x_wconf 89' lang='lat' dir='ltr'>reputet</span> <span class='ocrx_word' id='word_1_511' title='bbox 1628 2069 1724 2102; x_wconf 84' lang='lat' dir='ltr'>fuisse</span> <span class='ocrx_word' id='word_1_512' title='bbox 1749 2072 2056 2110; x_wconf 78' lang='lat' dir='ltr'>excommunicatos,</span> 
     </span>
     <span class='ocr_line' id='line_1_76' title="bbox 1102 2119 2057 2162; baseline 0.006 -11"><span class='ocrx_word' id='word_1_513' title='bbox 1102 2119 1152 2151; x_wconf 80' lang='lat' dir='ltr'>vel</span> <span class='ocrx_word' id='word_1_514' title='bbox 1183 2121 1521 2160; x_wconf 82' lang='lat' dir='ltr'>excommunicandos,</span> <span class='ocrx_word' id='word_1_515' title='bbox 1555 2122 1610 2154; x_wconf 90' lang='lat' dir='ltr'>sed</span> <span class='ocrx_word' id='word_1_516' title='bbox 1642 2126 1677 2154; x_wconf 87' lang='lat' dir='ltr'>ut</span> <span class='ocrx_word' id='word_1_517' title='bbox 1709 2124 1870 2162; x_wconf 91' lang='lat' dir='ltr'>ostendat,</span> <span class='ocrx_word' id='word_1_518' title='bbox 1904 2124 2057 2157; x_wconf 85' lang='lat' dir='ltr'>Ecclesiae</span> 
     </span>
     <span class='ocr_line' id='line_1_77' title="bbox 1101 2173 2057 2216; baseline 0.004 -12"><span class='ocrx_word' id='word_1_519' title='bbox 1101 2173 1306 2212; x_wconf 85' lang='lat' dir='ltr'>sententiam,</span> <span class='ocrx_word' id='word_1_520' title='bbox 1330 2177 1625 2216; x_wconf 84' lang='lat' dir='ltr'>quantumcumque</span> <span class='ocrx_word' id='word_1_521' title='bbox 1649 2175 1688 2206; x_wconf 92' lang='lat' dir='ltr'>sit</span> <span class='ocrx_word' id='word_1_522' title='bbox 1712 2175 1844 2215; x_wconf 88' lang='lat' dir='ltr'>iniusta,</span> <span class='ocrx_word' id='word_1_523' title='bbox 1861 2185 1929 2208; x_wconf 89' lang='lat' dir='ltr'>esse</span> <span class='ocrx_word' id='word_1_524' title='bbox 1954 2177 2057 2208; x_wconf 85' lang='lat' dir='ltr'>formi-</span> 
     </span>
     <span class='ocr_line' id='line_1_78' title="bbox 1102 2225 2055 2262; baseline 0.005 -6"><span class='ocrx_word' id='word_1_525' title='bbox 1102 2225 1249 2257; x_wconf 83' lang='lat' dir='ltr'>dandam.</span> <span class='ocrx_word' id='word_1_526' title='bbox 1277 2226 1361 2258; x_wconf 88' lang='lat' dir='ltr'>Unde</span> <span class='ocrx_word' id='word_1_527' title='bbox 1386 2226 1515 2259; x_wconf 90' lang='lat' dir='ltr'>timetur</span> <span class='ocrx_word' id='word_1_528' title='bbox 1539 2231 1570 2259; x_wconf 88' lang='lat' dir='ltr'>et</span> <span class='ocrx_word' id='word_1_529' title='bbox 1586 2231 1710 2260; x_wconf 86' lang='lat' dir='ltr'>tenetur</span> <span class='ocrx_word' id='word_1_530' title='bbox 1728 2237 1789 2260; x_wconf 90' lang='lat' dir='ltr'>non</span> <span class='ocrx_word' id='word_1_531' title='bbox 1807 2229 2055 2262; x_wconf 87' lang='lat' dir='ltr'>consideratione</span> 
     </span>
     <span class='ocr_line' id='line_1_79' title="bbox 1103 2278 2055 2322; baseline 0.005 -13"><span class='ocrx_word' id='word_1_532' title='bbox 1103 2278 1289 2317; x_wconf 83' lang='lat' dir='ltr'>iniustitiae,</span> <span class='ocrx_word' id='word_1_533' title='bbox 1314 2279 1369 2311; x_wconf 86' lang='lat' dir='ltr'>sed</span> <span class='ocrx_word' id='word_1_534' title='bbox 1402 2279 1442 2311; x_wconf 91' lang='lat' dir='ltr'>ob</span> <span class='ocrx_word' id='word_1_535' title='bbox 1474 2281 1682 2313; x_wconf 87' lang='lat' dir='ltr'>reverentiam</span> <span class='ocrx_word' id='word_1_536' title='bbox 1716 2282 1878 2322; x_wconf 83' lang='lat' dir='ltr'>potestatis</span> <span class='ocrx_word' id='word_1_537' title='bbox 1914 2282 2055 2315; x_wconf 88' lang='lat' dir='ltr'>ecclesia-</span> 
     </span>
     <span class='ocr_line' id='line_1_80' title="bbox 1101 2331 2055 2373; baseline 0.004 -11"><span class='ocrx_word' id='word_1_538' title='bbox 1101 2331 1205 2362; x_wconf 88' lang='lat' dir='ltr'>sticae.</span> <span class='ocrx_word' id='word_1_539' title='bbox 1230 2331 1290 2364; x_wconf 88' lang='lat' dir='ltr'>Hoc</span> <span class='ocrx_word' id='word_1_540' title='bbox 1326 2332 1525 2364; x_wconf 87' lang='lat' dir='ltr'>sentiendum</span> <span class='ocrx_word' id='word_1_541' title='bbox 1562 2337 1608 2365; x_wconf 88' lang='lat' dir='ltr'>est</span> <span class='ocrx_word' id='word_1_542' title='bbox 1640 2334 1815 2366; x_wconf 86' lang='lat' dir='ltr'>secundum</span> <span class='ocrx_word' id='word_1_543' title='bbox 1842 2334 1926 2373; x_wconf 80' lang='lat' dir='ltr'>iura,</span> <span class='ocrx_word' id='word_1_544' title='bbox 1952 2335 1976 2366; x_wconf 89' lang='lat' dir='ltr'>si</span> <span class='ocrx_word' id='word_1_545' title='bbox 2002 2344 2055 2367; x_wconf 86' lang='lat' dir='ltr'>ex-</span> 
     </span>
     <span class='ocr_line' id='line_1_81' title="bbox 1100 2384 2051 2419; baseline 0.004 -4"><span class='ocrx_word' id='word_1_546' title='bbox 1100 2385 1351 2417; x_wconf 89' lang='lat' dir='ltr'>communicetur</span> <span class='ocrx_word' id='word_1_547' title='bbox 1368 2385 1407 2417; x_wconf 88' lang='lat' dir='ltr'>ab</span> <span class='ocrx_word' id='word_1_548' title='bbox 1432 2384 1566 2417; x_wconf 73' lang='lat' dir='ltr'>lictbente</span> <span class='ocrx_word' id='word_1_549' title='bbox 1590 2386 1836 2419; x_wconf 87' lang='lat' dir='ltr'>iurisdictionem</span> <span class='ocrx_word' id='word_1_550' title='bbox 1862 2387 2051 2419; x_wconf 84' lang='lat' dir='ltr'>canonicam.</span> 
     </span>
    </p>

    <p class='ocr_par' dir='ltr' id='par_1_22' title="bbox 1098 2437 2166 2637">
     <span class='ocr_line' id='line_1_82' title="bbox 1189 2437 2166 2480; baseline 0.002 -12"><span class='ocrx_word' id='word_1_551' title='bbox 1189 2437 1217 2468; x_wconf 83' lang='lat' dir='ltr'>Si</span> <span class='ocrx_word' id='word_1_552' title='bbox 1241 2441 1347 2469; x_wconf 85' lang='lat' dir='ltr'>autem</span> <span class='ocrx_word' id='word_1_553' title='bbox 1372 2438 1411 2469; x_wconf 87' lang='lat' dir='ltr'>ab</span> <span class='ocrx_word' id='word_1_554' title='bbox 1435 2438 1496 2470; x_wconf 83' lang='lat' dir='ltr'>alio</span> <span class='ocrx_word' id='word_1_555' title='bbox 1521 2438 1824 2477; x_wconf 81' lang='lat' dir='ltr'>excomimlnicetur,</span> <span class='ocrx_word' id='word_1_556' title='bbox 1842 2439 1894 2480; x_wconf 90' lang='lat' dir='ltr'>qui</span> <span class='ocrx_word' id='word_1_557' title='bbox 1917 2449 1981 2471; x_wconf 71' lang='lat' dir='ltr'>non</span> <span class='ocrx_word' id='word_1_558' title='bbox 1999 2438 2053 2471; x_wconf 78' lang='lat' dir='ltr'>bct-</span> <span class='ocrx_word' id='word_1_559' title='bbox 2067 2448 2131 2476; x_wconf 80' lang='lat' dir='ltr'>Resp.</span> <span class='ocrx_word' id='word_1_560' title='bbox 2147 2449 2166 2470; x_wconf 71' lang='lat'>2.</span> 
     </span>
     <span class='ocr_line' id='line_1_83' title="bbox 1100 2489 2052 2531; baseline 0.003 -10"><span class='ocrx_word' id='word_1_561' title='bbox 1100 2489 1148 2521; x_wconf 82' lang='lat' dir='ltr'>bet</span> <span class='ocrx_word' id='word_1_562' title='bbox 1170 2491 1352 2522; x_wconf 83' lang='lat' dir='ltr'>canonicam</span> <span class='ocrx_word' id='word_1_563' title='bbox 1376 2491 1641 2529; x_wconf 84' lang='lat' dir='ltr'>iurisdictionem,</span> <span class='ocrx_word' id='word_1_564' title='bbox 1667 2495 1696 2523; x_wconf 90' lang='lat' dir='ltr'>et</span> <span class='ocrx_word' id='word_1_565' title='bbox 1725 2492 1783 2524; x_wconf 89' lang='lat' dir='ltr'>hoc</span> <span class='ocrx_word' id='word_1_566' title='bbox 1812 2496 1949 2531; x_wconf 79' lang='lat' dir='ltr'>constat3</span> <span class='ocrx_word' id='word_1_567' title='bbox 1978 2496 2052 2525; x_wconf 88' lang='lat' dir='ltr'>tunc</span> 
     </span>
     <span class='ocr_line' id='line_1_84' title="bbox 1098 2542 2052 2584; baseline 0.004 -11"><span class='ocrx_word' id='word_1_568' title='bbox 1098 2551 1158 2573; x_wconf 87' lang='lat' dir='ltr'>non</span> <span class='ocrx_word' id='word_1_569' title='bbox 1184 2546 1231 2574; x_wconf 88' lang='lat' dir='ltr'>est</span> <span class='ocrx_word' id='word_1_570' title='bbox 1256 2542 1406 2581; x_wconf 78' lang='lat' dir='ltr'>tenenda,</span> <span class='ocrx_word' id='word_1_571' title='bbox 1431 2546 1539 2584; x_wconf 86' lang='lat' dir='ltr'>utpote</span> <span class='ocrx_word' id='word_1_572' title='bbox 1563 2544 1588 2575; x_wconf 90' lang='lat' dir='ltr'>si</span> <span class='ocrx_word' id='word_1_573' title='bbox 1614 2544 1674 2575; x_wconf 90' lang='lat' dir='ltr'>sint</span> <span class='ocrx_word' id='word_1_574' title='bbox 1700 2544 1866 2583; x_wconf 80' lang='lat' dir='ltr'>haeretici,</span> <span class='ocrx_word' id='word_1_575' title='bbox 1891 2544 1939 2576; x_wconf 90' lang='lat' dir='ltr'>vel</span> <span class='ocrx_word' id='word_1_576' title='bbox 1957 2545 2052 2577; x_wconf 84' lang='lat' dir='ltr'>schis-</span> 
     </span>
     <span class='ocr_line' id='line_1_85' title="bbox 1100 2595 2052 2637; baseline 0.003 -12"><span class='ocrx_word' id='word_1_577' title='bbox 1100 2595 1220 2633; x_wconf 86' lang='lat' dir='ltr'>matici,</span> <span class='ocrx_word' id='word_1_578' title='bbox 1245 2598 1421 2636; x_wconf 82' lang='lat' dir='ltr'>apostatae,</span> <span class='ocrx_word' id='word_1_579' title='bbox 1446 2595 1574 2633; x_wconf 85' lang='lat' dir='ltr'>intrusi,</span> <span class='ocrx_word' id='word_1_580' title='bbox 1600 2596 1742 2637; x_wconf 85' lang='lat' dir='ltr'>suspensi</span> <span class='ocrx_word' id='word_1_581' title='bbox 1764 2605 1782 2627; x_wconf 89' lang='lat' dir='ltr'>a</span> <span class='ocrx_word' id='word_1_582' title='bbox 1805 2596 2052 2629; x_wconf 57' lang='lat' dir='ltr'>iurisdictiones.</span> 
     </span>
    </p>

    <p class='ocr_par' dir='ltr' id='par_1_23' title="bbox 1098 2647 2052 2743">
     <span class='ocr_line' id='line_1_86' title="bbox 1098 2647 2052 2687; baseline 0.004 -9"><span class='ocrx_word' id='word_1_583' title='bbox 1098 2647 1126 2678; x_wconf 83' lang='lat' dir='ltr'>Si</span> <span class='ocrx_word' id='word_1_584' title='bbox 1152 2651 1258 2679; x_wconf 88' lang='lat' dir='ltr'>autem</span> <span class='ocrx_word' id='word_1_585' title='bbox 1286 2647 1392 2679; x_wconf 85' lang='lat' dir='ltr'>talium</span> <span class='ocrx_word' id='word_1_586' title='bbox 1418 2648 1536 2680; x_wconf 85' lang='lat' dir='ltr'>crimen</span> <span class='ocrx_word' id='word_1_587' title='bbox 1562 2648 1601 2680; x_wconf 89' lang='lat' dir='ltr'>sit</span> <span class='ocrx_word' id='word_1_588' title='bbox 1625 2648 1799 2687; x_wconf 87' lang='lat' dir='ltr'>occultum,</span> <span class='ocrx_word' id='word_1_589' title='bbox 1826 2649 1988 2682; x_wconf 85' lang='lat' dir='ltr'>toleranda</span> <span class='ocrx_word' id='word_1_590' title='bbox 2005 2654 2052 2682; x_wconf 85' lang='lat' dir='ltr'>est</span> 
     </span>
     <span class='ocr_line' id='line_1_87' title="bbox 1099 2700 2050 2743; baseline 0.004 -12"><span class='ocrx_word' id='word_1_591' title='bbox 1099 2700 1209 2732; x_wconf 87' lang='lat' dir='ltr'>talium</span> <span class='ocrx_word' id='word_1_592' title='bbox 1232 2701 1393 2740; x_wconf 87' lang='lat' dir='ltr'>sententia,</span> <span class='ocrx_word' id='word_1_593' title='bbox 1415 2701 1496 2733; x_wconf 89' lang='lat' dir='ltr'>sicut</span> <span class='ocrx_word' id='word_1_594' title='bbox 1516 2705 1546 2733; x_wconf 92' lang='lat' dir='ltr'>et</span> <span class='ocrx_word' id='word_1_595' title='bbox 1567 2701 1624 2743; x_wconf 92' lang='lat' dir='ltr'>ipsi</span> <span class='ocrx_word' id='word_1_596' title='bbox 1646 2701 1823 2734; x_wconf 83' lang='lat' dir='ltr'>tolerantur</span> <span class='ocrx_word' id='word_1_597' title='bbox 1843 2703 1882 2734; x_wconf 87' lang='lat' dir='ltr'>ab</span> <span class='ocrx_word' id='word_1_598' title='bbox 1906 2703 2050 2736; x_wconf 88' lang='lat' dir='ltr'>Ecclesia.</span> 
     </span>
    </p>
   </div>
   <div class='ocr_carea' id='block_1_14' title="bbox 778 2820 1358 2825">
    <p class='ocr_par' dir='ltr' id='par_1_24' title="bbox 778 2820 1358 2825">
     <span class='ocr_line' id='line_1_88' title="bbox 778 2820 1358 2825; baseline 0 0"><span class='ocrx_word' id='word_1_599' title='bbox 778 2820 1358 2825; x_wconf 95' lang='lat' dir='ltr'> </span> 
     </span>
    </p>
   </div>
   <div class='ocr_carea' id='block_1_15' title="bbox 79 2902 1032 3374">
    <p class='ocr_par' dir='ltr' id='par_1_25' title="bbox 82 2902 1032 3067">
     <span class='ocr_line' id='line_1_89' title="bbox 151 2902 1032 2937; baseline 0.001 -9"><span class='ocrx_word' id='word_1_600' title='bbox 151 2902 159 2918; x_wconf 84' lang='lat'><em>¹</em></span> <span class='ocrx_word' id='word_1_601' title='bbox 180 2903 327 2928; x_wconf 80' lang='lat' dir='ltr'>Secundum</span> <span class='ocrx_word' id='word_1_602' title='bbox 348 2904 460 2929; x_wconf 77' lang='lat' dir='ltr'>Anselm.</span> <span class='ocrx_word' id='word_1_603' title='bbox 482 2904 547 2929; x_wconf 86' lang='lat' dir='ltr'>Vide</span> <span class='ocrx_word' id='word_1_604' title='bbox 568 2904 593 2928; x_wconf 90' lang='lat' dir='ltr'>ll.</span> <span class='ocrx_word' id='word_1_605' title='bbox 614 2904 681 2929; x_wconf 83' lang='lat' dir='ltr'>Sent.</span> <span class='ocrx_word' id='word_1_606' title='bbox 702 2904 727 2929; x_wconf 91' lang='lat' dir='ltr'>d.</span> <span class='ocrx_word' id='word_1_607' title='bbox 748 2904 789 2929; x_wconf 79' lang='lat'>25.</span> <span class='ocrx_word' id='word_1_608' title='bbox 810 2911 834 2936; x_wconf 86' lang='lat' dir='ltr'>p.</span> <span class='ocrx_word' id='word_1_609' title='bbox 851 2905 876 2929; x_wconf 91' lang='lat' dir='ltr'>ll.</span> <span class='ocrx_word' id='word_1_610' title='bbox 892 2912 916 2937; x_wconf 89' lang='lat' dir='ltr'>q.</span> <span class='ocrx_word' id='word_1_611' title='bbox 932 2904 1032 2929; x_wconf 80' lang='lat' dir='ltr'>3.1bid.</span> 
     </span>
     <span class='ocr_line' id='line_1_90' title="bbox 83 2948 1032 2981; baseline 0.002 -10"><span class='ocrx_word' id='word_1_612' title='bbox 83 2953 106 2978; x_wconf 89' lang='lat' dir='ltr'>q.</span> <span class='ocrx_word' id='word_1_613' title='bbox 128 2948 149 2971; x_wconf 57' lang='lat' dir='ltr'>il.</span> <span class='ocrx_word' id='word_1_614' title='bbox 169 2948 328 2979; x_wconf 78' lang='lat' dir='ltr'>explIcantur</span> <span class='ocrx_word' id='word_1_615' title='bbox 347 2948 442 2973; x_wconf 87' lang='lat' dir='ltr'>diversi</span> <span class='ocrx_word' id='word_1_616' title='bbox 463 2951 543 2973; x_wconf 82' lang='lat' dir='ltr'>status</span> <span class='ocrx_word' id='word_1_617' title='bbox 567 2948 639 2973; x_wconf 87' lang='lat' dir='ltr'>liberi</span> <span class='ocrx_word' id='word_1_618' title='bbox 668 2948 778 2980; x_wconf 81' lang='lat' dir='ltr'>arbitrii,</span> <span class='ocrx_word' id='word_1_619' title='bbox 800 2952 824 2973; x_wconf 90' lang='lat' dir='ltr'>et</span> <span class='ocrx_word' id='word_1_620' title='bbox 848 2949 981 2981; x_wconf 85' lang='lat' dir='ltr'>quomodo</span> <span class='ocrx_word' id='word_1_621' title='bbox 1008 2950 1032 2973; x_wconf 89' lang='lat' dir='ltr'>in</span> 
     </span>
     <span class='ocr_line' id='line_1_91' title="bbox 83 2990 1032 3026; baseline 0.002 -11"><span class='ocrx_word' id='word_1_622' title='bbox 83 2990 202 3016; x_wconf 88' lang='lat' dir='ltr'>omnibus</span> <span class='ocrx_word' id='word_1_623' title='bbox 220 2993 360 3024; x_wconf 79' lang='lat' dir='ltr'>aequaliter</span> <span class='ocrx_word' id='word_1_624' title='bbox 379 2993 515 3023; x_wconf 83' lang='lat' dir='ltr'>reperitur,</span> <span class='ocrx_word' id='word_1_625' title='bbox 536 2999 586 3017; x_wconf 90' lang='lat' dir='ltr'>non</span> <span class='ocrx_word' id='word_1_626' title='bbox 616 2992 759 3017; x_wconf 87' lang='lat' dir='ltr'>secundum</span> <span class='ocrx_word' id='word_1_627' title='bbox 784 2992 871 3026; x_wconf 68' lang='lat' dir='ltr'>mciyis</span> <span class='ocrx_word' id='word_1_628' title='bbox 891 2995 915 3017; x_wconf 89' lang='lat' dir='ltr'>et</span> <span class='ocrx_word' id='word_1_629' title='bbox 933 2992 1032 3018; x_wconf 76' lang='lat' dir='ltr'>minus.</span> 
     </span>
     <span class='ocr_line' id='line_1_92' title="bbox 82 3033 519 3067; baseline 0.005 -9"><span class='ocrx_word' id='word_1_630' title='bbox 82 3033 147 3059; x_wconf 89' lang='lat' dir='ltr'>Vide</span> <span class='ocrx_word' id='word_1_631' title='bbox 165 3035 240 3060; x_wconf 86' lang='lat' dir='ltr'>etiam</span> <span class='ocrx_word' id='word_1_632' title='bbox 260 3036 322 3061; x_wconf 87' lang='lat' dir='ltr'>ibid.</span> <span class='ocrx_word' id='word_1_633' title='bbox 341 3036 377 3061; x_wconf 86' lang='lat' dir='ltr'>lit.</span> <span class='ocrx_word' id='word_1_634' title='bbox 399 3037 519 3067; x_wconf 79' lang='lat' dir='ltr'>Magistri.</span> 
     </span>
    </p>

    <p class='ocr_par' dir='ltr' id='par_1_26' title="bbox 151 3078 516 3106">
     <span class='ocr_line' id='line_1_93' title="bbox 151 3078 516 3106; baseline 0.003 -3"><span class='ocrx_word' id='word_1_635' title='bbox 151 3078 162 3094; x_wconf 72' lang='lat'>2</span> <span class='ocrx_word' id='word_1_636' title='bbox 180 3079 243 3104; x_wconf 89' lang='lat' dir='ltr'>Edd.</span> <span class='ocrx_word' id='word_1_637' title='bbox 263 3080 293 3106; x_wconf 78' lang='lat' dir='ltr'>cle</span> <span class='ocrx_word' id='word_1_638' title='bbox 312 3087 339 3105; x_wconf 84' lang='lat' dir='ltr'>se</span> <span class='ocrx_word' id='word_1_639' title='bbox 358 3080 516 3106; x_wconf 76' lang='lat' dir='ltr'>eiectionem.</span> 
     </span>
    </p>

    <p class='ocr_par' dir='ltr' id='par_1_27' title="bbox 82 3122 1031 3193">
     <span class='ocr_line' id='line_1_94' title="bbox 149 3122 1031 3157; baseline 0.002 -9"><span class='ocrx_word' id='word_1_640' title='bbox 149 3122 160 3138; x_wconf 76' lang='grc'><strong>3</strong></span> <span class='ocrx_word' id='word_1_641' title='bbox 179 3122 260 3149; x_wconf 79' lang='lat' dir='ltr'>Causa</span> <span class='ocrx_word' id='word_1_642' title='bbox 285 3125 322 3149; x_wconf 87' lang='lat' dir='ltr'>lt.</span> <span class='ocrx_word' id='word_1_643' title='bbox 343 3132 367 3157; x_wconf 88' lang='lat' dir='ltr'>q.</span> <span class='ocrx_word' id='word_1_644' title='bbox 389 3126 412 3150; x_wconf 88' lang='lat'>3.</span> <span class='ocrx_word' id='word_1_645' title='bbox 433 3131 454 3149; x_wconf 87' lang='lat' dir='ltr'>c.</span> <span class='ocrx_word' id='word_1_646' title='bbox 480 3125 498 3149; x_wconf 91' lang='lat' dir='ltr'>l.</span> <span class='ocrx_word' id='word_1_647' title='bbox 519 3131 549 3149; x_wconf 82' lang='lat' dir='ltr'>ex</span> <span class='ocrx_word' id='word_1_648' title='bbox 569 3125 693 3156; x_wconf 60' lang='lat' dir='ltr'>(negor,</span> <span class='ocrx_word' id='word_1_649' title='bbox 723 3125 748 3149; x_wconf 88' lang='lat' dir='ltr'>ll.</span> <span class='ocrx_word' id='word_1_650' title='bbox 776 3125 868 3150; x_wconf 85' lang='lat' dir='ltr'>Homil.</span> <span class='ocrx_word' id='word_1_651' title='bbox 888 3126 913 3149; x_wconf 90' lang='lat' dir='ltr'>in</span> <span class='ocrx_word' id='word_1_652' title='bbox 934 3126 1031 3157; x_wconf 82' lang='lat' dir='ltr'>Evang.</span> 
     </span>
     <span class='ocr_line' id='line_1_95' title="bbox 82 3166 318 3193; baseline 0.017 -4"><span class='ocrx_word' id='word_1_653' title='bbox 82 3166 167 3191; x_wconf 87' lang='lat' dir='ltr'>homil.</span> <span class='ocrx_word' id='word_1_654' title='bbox 188 3168 229 3192; x_wconf 75' lang='lat'>26.</span> <span class='ocrx_word' id='word_1_655' title='bbox 248 3175 273 3193; x_wconf 76' lang='lat' dir='ltr'>n.</span> <span class='ocrx_word' id='word_1_656' title='bbox 294 3170 318 3193; x_wconf 83' lang='lat'>6.</span> 
     </span>
    </p>

    <p class='ocr_par' dir='ltr' id='par_1_28' title="bbox 79 3209 1031 3290">
     <span class='ocr_line' id='line_1_96' title="bbox 150 3209 1031 3239; baseline 0.003 -4"><span class='ocrx_word' id='word_1_657' title='bbox 150 3209 160 3226; x_wconf 82' lang='lat'>⁴</span> <span class='ocrx_word' id='word_1_658' title='bbox 179 3211 224 3236; x_wconf 85' lang='lat' dir='ltr'>Hic</span> <span class='ocrx_word' id='word_1_659' title='bbox 242 3213 266 3236; x_wconf 91' lang='lat' dir='ltr'>in</span> <span class='ocrx_word' id='word_1_660' title='bbox 287 3213 321 3238; x_wconf 92' lang='lat' dir='ltr'>lit.</span> <span class='ocrx_word' id='word_1_661' title='bbox 341 3220 362 3238; x_wconf 88' lang='lat' dir='ltr'>c.</span> <span class='ocrx_word' id='word_1_662' title='bbox 382 3213 406 3237; x_wconf 87' lang='lat'>7.</span> <span class='ocrx_word' id='word_1_663' title='bbox 427 3227 461 3230; x_wconf 97' lang='lat'><strong>—</strong></span> <span class='ocrx_word' id='word_1_664' title='bbox 482 3213 529 3237; x_wconf 85' lang='lat' dir='ltr'>Pro</span> <span class='ocrx_word' id='word_1_665' title='bbox 549 3212 627 3238; x_wconf 73' lang='lat' dir='ltr'>curia</span> <span class='ocrx_word' id='word_1_666' title='bbox 646 3212 722 3237; x_wconf 86' lang='lat' dir='ltr'>codd.</span> <span class='ocrx_word' id='word_1_667' title='bbox 744 3213 784 3237; x_wconf 83' lang='lat' dir='ltr'>lK</span> <span class='ocrx_word' id='word_1_668' title='bbox 804 3212 894 3238; x_wconf 76' lang='lat' dir='ltr'>iudeoe.</span> <span class='ocrx_word' id='word_1_669' title='bbox 916 3213 1031 3239; x_wconf 85' lang='lat' dir='ltr'>Subinde</span> 
     </span>
     <span class='ocr_line' id='line_1_97' title="bbox 79 3253 945 3290; baseline 0.003 -11"><span class='ocrx_word' id='word_1_670' title='bbox 79 3260 127 3284; x_wconf 78' lang='lat' dir='ltr'>pro</span> <span class='ocrx_word' id='word_1_671' title='bbox 146 3253 235 3286; x_wconf 75' lang='lat' dir='ltr'>favere</span> <span class='ocrx_word' id='word_1_672' title='bbox 255 3256 313 3281; x_wconf 88' lang='lat' dir='ltr'>edd.</span> <span class='ocrx_word' id='word_1_673' title='bbox 333 3256 430 3289; x_wconf 76' lang='lat' dir='ltr'>fovere,</span> <span class='ocrx_word' id='word_1_674' title='bbox 452 3260 476 3282; x_wconf 83' lang='lat' dir='ltr'>et</span> <span class='ocrx_word' id='word_1_675' title='bbox 496 3263 544 3288; x_wconf 83' lang='lat' dir='ltr'>pro</span> <span class='ocrx_word' id='word_1_676' title='bbox 564 3255 695 3290; x_wconf 79' lang='lat' dir='ltr'>quomodo</span> <span class='ocrx_word' id='word_1_677' title='bbox 716 3256 772 3281; x_wconf 84' lang='lat' dir='ltr'>eod.</span> <span class='ocrx_word' id='word_1_678' title='bbox 793 3257 810 3281; x_wconf 96' lang='lat' dir='ltr'>Z</span> <span class='ocrx_word' id='word_1_679' title='bbox 831 3256 945 3290; x_wconf 76' lang='lat' dir='ltr'>quando.</span> 
     </span>
    </p>

    <p class='ocr_par' dir='ltr' id='par_1_29' title="bbox 81 3298 1027 3374">
     <span class='ocr_line' id='line_1_98' title="bbox 150 3298 1027 3334; baseline 0.002 -10"><span class='ocrx_word' id='word_1_680' title='bbox 150 3298 161 3314; x_wconf 87' lang='lat'>⁵</span> <span class='ocrx_word' id='word_1_681' title='bbox 179 3299 327 3325; x_wconf 88' lang='lat' dir='ltr'>Secundum</span> <span class='ocrx_word' id='word_1_682' title='bbox 348 3301 459 3325; x_wconf 85' lang='lat' dir='ltr'>Gratian.</span> <span class='ocrx_word' id='word_1_683' title='bbox 481 3307 560 3331; x_wconf 81' lang='lat' dir='ltr'>super</span> <span class='ocrx_word' id='word_1_684' title='bbox 579 3299 605 3325; x_wconf 95' lang='lat' dir='ltr'>C.</span> <span class='ocrx_word' id='word_1_685' title='bbox 627 3299 782 3333; x_wconf 80' lang='lat' dir='ltr'>Episcopus,</span> <span class='ocrx_word' id='word_1_686' title='bbox 803 3299 940 3334; x_wconf 77' lang='lat' dir='ltr'>presbyter</span> <span class='ocrx_word' id='word_1_687' title='bbox 953 3301 1027 3333; x_wconf 82' lang='lat'>(65.),</span> 
     </span>
     <span class='ocr_line' id='line_1_99' title="bbox 81 3339 256 3374; baseline 0.017 -9"><span class='ocrx_word' id='word_1_688' title='bbox 81 3339 106 3365; x_wconf 92' lang='lat' dir='ltr'>C.</span> <span class='ocrx_word' id='word_1_689' title='bbox 129 3342 168 3366; x_wconf 72' lang='grc'>11.</span> <span class='ocrx_word' id='word_1_690' title='bbox 189 3349 212 3374; x_wconf 85' lang='lat' dir='ltr'>q.</span> <span class='ocrx_word' id='word_1_691' title='bbox 233 3344 256 3368; x_wconf 86' lang='lat'>3.</span> 
     </span>
    </p>
   </div>
   <div class='ocr_carea' id='block_1_16' title="bbox 1096 2904 2053 3336">
    <p class='ocr_par' dir='ltr' id='par_1_30' title="bbox 1097 2904 2051 3071">
     <span class='ocr_line' id='line_1_100' title="bbox 1168 2904 2050 2938; baseline 0 -8"><span class='ocrx_word' id='word_1_692' title='bbox 1168 2904 1179 2921; x_wconf 79' lang='grc'><strong>6</strong></span> <span class='ocrx_word' id='word_1_693' title='bbox 1198 2904 1247 2930; x_wconf 80' lang='lat' dir='ltr'>Ct&#39;r.</span> <span class='ocrx_word' id='word_1_694' title='bbox 1268 2906 1378 2930; x_wconf 83' lang='lat' dir='ltr'>Gratian.</span> <span class='ocrx_word' id='word_1_695' title='bbox 1399 2912 1478 2936; x_wconf 86' lang='lat' dir='ltr'>super</span> <span class='ocrx_word' id='word_1_696' title='bbox 1498 2904 1524 2930; x_wconf 93' lang='lat' dir='ltr'>C.</span> <span class='ocrx_word' id='word_1_697' title='bbox 1544 2905 1606 2931; x_wconf 80' lang='lat' dir='ltr'>Non</span> <span class='ocrx_word' id='word_1_698' title='bbox 1625 2904 1713 2930; x_wconf 79' lang='lat' dir='ltr'>solum</span> <span class='ocrx_word' id='word_1_699' title='bbox 1732 2905 1776 2931; x_wconf 81' lang='lat' dir='ltr'>ille</span> <span class='ocrx_word' id='word_1_700' title='bbox 1795 2912 1858 2931; x_wconf 84' lang='lat' dir='ltr'>reus</span> <span class='ocrx_word' id='word_1_701' title='bbox 1878 2906 1952 2938; x_wconf 83' lang='lat'>(77.)‚</span> <span class='ocrx_word' id='word_1_702' title='bbox 1968 2905 1993 2931; x_wconf 89' lang='lat' dir='ltr'>C.</span> <span class='ocrx_word' id='word_1_703' title='bbox 2013 2907 2050 2931; x_wconf 83' lang='lat' dir='ltr'>tt.</span> 
     </span>
     <span class='ocr_line' id='line_1_101' title="bbox 1098 2949 2051 2982; baseline 0.002 -8"><span class='ocrx_word' id='word_1_704' title='bbox 1098 2956 1122 2981; x_wconf 89' lang='lat' dir='ltr'>q.</span> <span class='ocrx_word' id='word_1_705' title='bbox 1144 2950 1166 2974; x_wconf 85' lang='lat'>3.</span> <span class='ocrx_word' id='word_1_706' title='bbox 1187 2964 1220 2967; x_wconf 89' lang='lat'>—</span> <span class='ocrx_word' id='word_1_707' title='bbox 1240 2950 1295 2975; x_wconf 86' lang='lat' dir='ltr'>Duo</span> <span class='ocrx_word' id='word_1_708' title='bbox 1315 2957 1386 2982; x_wconf 83' lang='lat' dir='ltr'>seqq.</span> <span class='ocrx_word' id='word_1_709' title='bbox 1416 2957 1492 2974; x_wconf 80' lang='lat' dir='ltr'>casus</span> <span class='ocrx_word' id='word_1_710' title='bbox 1520 2951 1682 2981; x_wconf 83' lang='lat' dir='ltr'>excipiuntur</span> <span class='ocrx_word' id='word_1_711' title='bbox 1702 2951 1726 2974; x_wconf 89' lang='lat' dir='ltr'>in</span> <span class='ocrx_word' id='word_1_712' title='bbox 1751 2949 1777 2975; x_wconf 89' lang='lat' dir='ltr'>C.</span> <span class='ocrx_word' id='word_1_713' title='bbox 1798 2950 1850 2975; x_wconf 86' lang='lat' dir='ltr'>Per</span> <span class='ocrx_word' id='word_1_714' title='bbox 1869 2951 1929 2975; x_wconf 75' lang='lat' dir='ltr'>tuas</span> <span class='ocrx_word' id='word_1_715' title='bbox 1950 2950 2051 2976; x_wconf 77' lang='lat' dir='ltr'>litteras</span> 
     </span>
     <span class='ocr_line' id='line_1_102' title="bbox 1098 2992 2049 3026; baseline 0.002 -9"><span class='ocrx_word' id='word_1_716' title='bbox 1098 2992 1171 3025; x_wconf 68' lang='lat' dir='ltr'>(te),</span> <span class='ocrx_word' id='word_1_717' title='bbox 1193 2993 1224 3018; x_wconf 85' lang='lat' dir='ltr'>X.</span> <span class='ocrx_word' id='word_1_718' title='bbox 1245 2993 1277 3018; x_wconf 85' lang='lat' dir='ltr'>de</span> <span class='ocrx_word' id='word_1_719' title='bbox 1306 2994 1434 3019; x_wconf 80' lang='lat' dir='ltr'>Sententia</span> <span class='ocrx_word' id='word_1_720' title='bbox 1464 3000 1628 3019; x_wconf 79' lang='lat' dir='ltr'>excommun.</span> <span class='ocrx_word' id='word_1_721' title='bbox 1651 2993 1704 3026; x_wconf 87' lang='lat' dir='ltr'>(lib.</span> <span class='ocrx_word' id='word_1_722' title='bbox 1726 2994 1755 3018; x_wconf 83' lang='lat' dir='ltr'>V.</span> <span class='ocrx_word' id='word_1_723' title='bbox 1776 2995 1812 3019; x_wconf 91' lang='lat' dir='ltr'>tit.</span> <span class='ocrx_word' id='word_1_724' title='bbox 1833 2995 1896 3025; x_wconf 84' lang='lat'>31.).</span> <span class='ocrx_word' id='word_1_725' title='bbox 1917 2994 1967 3020; x_wconf 88' lang='lat' dir='ltr'>Csr.</span> <span class='ocrx_word' id='word_1_726' title='bbox 1988 2995 2049 3020; x_wconf 87' lang='lat' dir='ltr'>ibid.</span> 
     </span>
     <span class='ocr_line' id='line_1_103' title="bbox 1097 3036 1865 3071; baseline 0 -8"><span class='ocrx_word' id='word_1_727' title='bbox 1097 3036 1124 3062; x_wconf 87' lang='lat' dir='ltr'>C.</span> <span class='ocrx_word' id='word_1_728' title='bbox 1145 3037 1187 3063; x_wconf 79' lang='lat' dir='ltr'>Ad</span> <span class='ocrx_word' id='word_1_729' title='bbox 1204 3039 1326 3063; x_wconf 73' lang='lat' dir='ltr'>tto-stram</span> <span class='ocrx_word' id='word_1_730' title='bbox 1346 3038 1405 3069; x_wconf 87' lang='lat'>(3.),</span> <span class='ocrx_word' id='word_1_731' title='bbox 1428 3038 1459 3062; x_wconf 88' lang='lat' dir='ltr'>de</span> <span class='ocrx_word' id='word_1_732' title='bbox 1480 3038 1606 3069; x_wconf 78' lang='lat' dir='ltr'>Appellat.</span> <span class='ocrx_word' id='word_1_733' title='bbox 1627 3037 1681 3070; x_wconf 86' lang='lat' dir='ltr'>(lib.</span> <span class='ocrx_word' id='word_1_734' title='bbox 1702 3039 1727 3063; x_wconf 92' lang='lat' dir='ltr'>ll.</span> <span class='ocrx_word' id='word_1_735' title='bbox 1747 3039 1782 3064; x_wconf 88' lang='lat' dir='ltr'>tit.</span> <span class='ocrx_word' id='word_1_736' title='bbox 1804 3038 1865 3071; x_wconf 61' lang='lat'>28.)</span> 
     </span>
    </p>

    <p class='ocr_par' dir='ltr' id='par_1_31' title="bbox 1167 3081 1670 3107">
     <span class='ocr_line' id='line_1_104' title="bbox 1167 3081 1670 3107; baseline 0.002 -1"><span class='ocrx_word' id='word_1_737' title='bbox 1167 3081 1178 3097; x_wconf 93' lang='lat'>⁷</span> <span class='ocrx_word' id='word_1_738' title='bbox 1198 3081 1247 3106; x_wconf 79' lang='lat' dir='ltr'>Csr.</span> <span class='ocrx_word' id='word_1_739' title='bbox 1268 3081 1328 3107; x_wconf 86' lang='lat' dir='ltr'>Can.</span> <span class='ocrx_word' id='word_1_740' title='bbox 1350 3083 1389 3106; x_wconf 87' lang='lat' dir='ltr'>cit.</span> <span class='ocrx_word' id='word_1_741' title='bbox 1410 3081 1461 3107; x_wconf 84' lang='lat' dir='ltr'>Per</span> <span class='ocrx_word' id='word_1_742' title='bbox 1481 3083 1541 3107; x_wconf 66' lang='lat' dir='ltr'>titas</span> <span class='ocrx_word' id='word_1_743' title='bbox 1561 3081 1670 3107; x_wconf 79' lang='lat' dir='ltr'>litteras.</span> 
     </span>
    </p>

    <p class='ocr_par' dir='ltr' id='par_1_32' title="bbox 1096 3125 2053 3336">
     <span class='ocr_line' id='line_1_105' title="bbox 1167 3125 2049 3160; baseline 0.003 -10"><span class='ocrx_word' id='word_1_744' title='bbox 1167 3125 1178 3141; x_wconf 78' lang='lat'>⁸</span> <span class='ocrx_word' id='word_1_745' title='bbox 1198 3125 1263 3150; x_wconf 90' lang='lat' dir='ltr'>Vide</span> <span class='ocrx_word' id='word_1_746' title='bbox 1282 3125 1309 3150; x_wconf 93' lang='lat' dir='ltr'>C.</span> <span class='ocrx_word' id='word_1_747' title='bbox 1330 3125 1503 3157; x_wconf 68' lang='lat' dir='ltr'>Audivimus,</span> <span class='ocrx_word' id='word_1_748' title='bbox 1526 3125 1597 3158; x_wconf 79' lang='lat' dir='ltr'>quod</span> <span class='ocrx_word' id='word_1_749' title='bbox 1616 3126 1671 3157; x_wconf 71' lang='grc'><strong>(4.),</strong></span> <span class='ocrx_word' id='word_1_750' title='bbox 1687 3126 1714 3152; x_wconf 91' lang='lat' dir='ltr'>C.</span> <span class='ocrx_word' id='word_1_751' title='bbox 1735 3126 1776 3152; x_wconf 68' lang='lat'>24.</span> <span class='ocrx_word' id='word_1_752' title='bbox 1798 3134 1822 3159; x_wconf 89' lang='lat' dir='ltr'>q.</span> <span class='ocrx_word' id='word_1_753' title='bbox 1845 3128 1868 3158; x_wconf 83' lang='lat' dir='ltr'>l,</span> <span class='ocrx_word' id='word_1_754' title='bbox 1888 3128 1996 3160; x_wconf 87' lang='lat' dir='ltr'>eiusque</span> <span class='ocrx_word' id='word_1_755' title='bbox 2009 3135 2049 3153; x_wconf 84' lang='lat' dir='ltr'>ex-</span> 
     </span>
     <span class='ocr_line' id='line_1_106' title="bbox 1097 3169 2053 3205; baseline 0.004 -12"><span class='ocrx_word' id='word_1_756' title='bbox 1097 3169 1250 3200; x_wconf 82' lang='lat' dir='ltr'>positionem</span> <span class='ocrx_word' id='word_1_757' title='bbox 1272 3176 1318 3200; x_wconf 87' lang='lat' dir='ltr'>per</span> <span class='ocrx_word' id='word_1_758' title='bbox 1337 3169 1463 3200; x_wconf 82' lang='lat' dir='ltr'>Gratian.;</span> <span class='ocrx_word' id='word_1_759' title='bbox 1483 3169 1544 3194; x_wconf 90' lang='lat' dir='ltr'>ibid.</span> <span class='ocrx_word' id='word_1_760' title='bbox 1565 3169 1593 3195; x_wconf 93' lang='lat' dir='ltr'>C.</span> <span class='ocrx_word' id='word_1_761' title='bbox 1615 3170 1718 3203; x_wconf 76' lang='lat' dir='ltr'>Aperte,</span> <span class='ocrx_word' id='word_1_762' title='bbox 1740 3169 1828 3204; x_wconf 79' lang='lat' dir='ltr'>inquit</span> <span class='ocrx_word' id='word_1_763' title='bbox 1846 3170 1925 3203; x_wconf 84' lang='lat'>(36.),</span> <span class='ocrx_word' id='word_1_764' title='bbox 1946 3179 2002 3205; x_wconf 88' lang='lat' dir='ltr'>seq.</span> <span class='ocrx_word' id='word_1_765' title='bbox 2018 3186 2053 3191; x_wconf 97' lang='lat'><strong>—</strong></span> 
     </span>
     <span class='ocr_line' id='line_1_107' title="bbox 1098 3206 2052 3249; baseline 0.005 -12"><span class='ocrx_word' id='word_1_766' title='bbox 1098 3213 1166 3238; x_wconf 82' lang='lat' dir='ltr'>Idem</span> <span class='ocrx_word' id='word_1_767' title='bbox 1181 3206 1243 3238; x_wconf 84' lang='lat' dir='ltr'>dub.</span> <span class='ocrx_word' id='word_1_768' title='bbox 1258 3213 1361 3238; x_wconf 87' lang='lat' dir='ltr'>solvunt</span> <span class='ocrx_word' id='word_1_769' title='bbox 1374 3213 1434 3238; x_wconf 79' lang='lat' dir='ltr'>Alex</span> <span class='ocrx_word' id='word_1_770' title='bbox 1449 3214 1511 3246; x_wconf 58' lang='lat' dir='ltr'>Hal„</span> <span class='ocrx_word' id='word_1_771' title='bbox 1522 3214 1546 3239; x_wconf 85' lang='lat' dir='ltr'>S.</span> <span class='ocrx_word' id='word_1_772' title='bbox 1558 3221 1583 3245; x_wconf 86' lang='lat' dir='ltr'>p.</span> <span class='ocrx_word' id='word_1_773' title='bbox 1597 3214 1636 3239; x_wconf 83' lang='lat' dir='ltr'>iv.</span> <span class='ocrx_word' id='word_1_774' title='bbox 1648 3222 1672 3247; x_wconf 87' lang='lat' dir='ltr'>q.</span> <span class='ocrx_word' id='word_1_775' title='bbox 1687 3215 1727 3240; x_wconf 79' lang='lat'>22.</span> <span class='ocrx_word' id='word_1_776' title='bbox 1743 3222 1777 3240; x_wconf 92' lang='lat' dir='ltr'>m.</span> <span class='ocrx_word' id='word_1_777' title='bbox 1793 3216 1816 3240; x_wconf 76' lang='lat'>2.</span> <span class='ocrx_word' id='word_1_778' title='bbox 1831 3223 1855 3248; x_wconf 89' lang='lat' dir='ltr'>q.</span> <span class='ocrx_word' id='word_1_779' title='bbox 1868 3216 1894 3247; x_wconf 74' lang='lat'>2;</span> <span class='ocrx_word' id='word_1_780' title='bbox 1910 3217 1934 3241; x_wconf 85' lang='lat' dir='ltr'>S.</span> <span class='ocrx_word' id='word_1_781' title='bbox 1950 3216 2052 3249; x_wconf 84' lang='lat' dir='ltr'>Thom.,</span> 
     </span>
     <span class='ocr_line' id='line_1_108' title="bbox 1096 3256 2051 3291; baseline 0.003 -10"><span class='ocrx_word' id='word_1_782' title='bbox 1096 3257 1137 3281; x_wconf 87' lang='lat' dir='ltr'>hic</span> <span class='ocrx_word' id='word_1_783' title='bbox 1163 3264 1187 3288; x_wconf 90' lang='lat' dir='ltr'>q.</span> <span class='ocrx_word' id='word_1_784' title='bbox 1217 3258 1241 3281; x_wconf 73' lang='lat'>⁶2.</span> <span class='ocrx_word' id='word_1_785' title='bbox 1269 3263 1291 3280; x_wconf 82' lang='lat' dir='ltr'>a.</span> <span class='ocrx_word' id='word_1_786' title='bbox 1315 3257 1336 3281; x_wconf 85' lang='lat' dir='ltr'>l.</span> <span class='ocrx_word' id='word_1_787' title='bbox 1357 3257 1516 3288; x_wconf 82' lang='lat' dir='ltr'>quaestione.</span> <span class='ocrx_word' id='word_1_788' title='bbox 1544 3256 1572 3288; x_wconf 80' lang='lat'>4;</span> <span class='ocrx_word' id='word_1_789' title='bbox 1604 3258 1667 3282; x_wconf 79' lang='lat' dir='ltr'>Petr.</span> <span class='ocrx_word' id='word_1_790' title='bbox 1697 3264 1711 3283; x_wconf 82' lang='lat' dir='ltr'>a</span> <span class='ocrx_word' id='word_1_791' title='bbox 1738 3258 1806 3289; x_wconf 65' lang='lat' dir='ltr'>Tar„</span> <span class='ocrx_word' id='word_1_792' title='bbox 1832 3259 1874 3284; x_wconf 88' lang='lat' dir='ltr'>hic</span> <span class='ocrx_word' id='word_1_793' title='bbox 1894 3266 1918 3291; x_wconf 85' lang='lat' dir='ltr'>q.</span> <span class='ocrx_word' id='word_1_794' title='bbox 1940 3260 1962 3284; x_wconf 79' lang='lat'>2.</span> <span class='ocrx_word' id='word_1_795' title='bbox 1983 3266 2006 3284; x_wconf 80' lang='lat' dir='ltr'>a.</span> <span class='ocrx_word' id='word_1_796' title='bbox 2029 3260 2051 3284; x_wconf 75' lang='lat'>4.</span> 
     </span>
     <span class='ocr_line' id='line_1_109' title="bbox 1096 3301 1814 3336; baseline 0.004 -11"><span class='ocrx_word' id='word_1_797' title='bbox 1096 3301 1255 3333; x_wconf 80' lang='lat' dir='ltr'>quaestione.</span> <span class='ocrx_word' id='word_1_798' title='bbox 1276 3301 1305 3331; x_wconf 73' lang='lat'>33</span> <span class='ocrx_word' id='word_1_799' title='bbox 1327 3301 1445 3326; x_wconf 81' lang='lat' dir='ltr'>Richard.</span> <span class='ocrx_word' id='word_1_800' title='bbox 1465 3309 1478 3326; x_wconf 87' lang='lat' dir='ltr'>a</span> <span class='ocrx_word' id='word_1_801' title='bbox 1500 3301 1574 3333; x_wconf 78' lang='lat' dir='ltr'>Med,</span> <span class='ocrx_word' id='word_1_802' title='bbox 1597 3303 1638 3327; x_wconf 86' lang='lat' dir='ltr'>hic</span> <span class='ocrx_word' id='word_1_803' title='bbox 1656 3309 1678 3327; x_wconf 83' lang='lat' dir='ltr'>a.</span> <span class='ocrx_word' id='word_1_804' title='bbox 1700 3303 1723 3327; x_wconf 88' lang='lat'>3.</span> <span class='ocrx_word' id='word_1_805' title='bbox 1743 3310 1768 3336; x_wconf 85' lang='lat' dir='ltr'>q.</span> <span class='ocrx_word' id='word_1_806' title='bbox 1790 3303 1814 3328; x_wconf 84' lang='lat'>5.</span> 
     </span>
    </p>
   </div>
  </div>
 </body>
</html>
