2483 3882
7 800 69 830 pposi-

8 835 30 850 m.

7 1487 31 1509 tio
41 1487 70 1508 in-

1 2173 38 2195 asio
47 2174 65 2195 1.

714 223 806 254 DIST.
832 222 917 255 XVII.
942 222 971 254 P.
998 222 1018 253 Ι.
1043 222 1124 254 ΑΒΤ.
1150 222 1170 253 Ι.
1195 221 1347 262 QUAEST.
1374 221 1417 253 ΙΙΙ.

81 318 167 358 parte
190 312 342 350 hominis;
367 311 422 344 sed
457 311 586 343 adultus
621 310 810 343 iustificatur
834 310 899 342 sine
923 310 1028 352 aliqua

84 366 252 401 variatione
276 365 358 397 circa
383 372 527 397 sensum:
553 372 627 405 ergo
650 372 778 396 necesse
802 366 866 402 est,
883 363 966 405 quod
990 362 1029 394 sit

83 419 212 454 variatio
235 418 318 451 circa
343 417 476 449 liberum
502 416 679 448 arbitrium.

169 473 198 504 [1.
223 472 316 509 Item,
342 470 424 503 Deus
448 469 520 511 plus
544 469 642 511 exigit
667 469 707 501 ab
731 469 867 508 homine,
885 468 936 510 qui
956 468 1028 510 plus

80 528 195 569 potest,
231 532 305 564 ergo
338 523 409 564 plus
444 523 483 554 al]
519 522 627 554 adulto
658 531 752 563 quam
779 521 930 563 parvulo,
955 530 1026 553 cum

81 579 151 622 plus
175 577 285 619 possin
314 576 369 608 sed
395 576 472 607 illud
498 575 581 617 quod
612 575 727 616 exigit,
763 584 824 606 non
849 578 950 616 potest
975 574 1029 605 mi-

80 641 137 665 nus
160 639 228 663 esse
251 638 345 671 quam
372 631 475 660 motus
500 628 589 660 liberi
616 628 758 660 arbitrii:
783 636 858 669 ergo
879 627 919 660 ad
943 627 1029 659 iusti-

79 684 250 718 ficationem
277 682 365 714 illum
391 682 498 723 exigit.

164 736 306 768 CONTRA:
334 736 361 766 1.
386 734 566 766 lustiticatio
597 737 644 766 est
678 742 734 775 per
772 733 939 770 virtutem;
972 731 1027 763 sed

87 789 212 822 «virtus
236 792 283 821 est
311 788 388 820 bona
422 787 558 829 qualitas
590 787 721 825 mentis,
758 795 852 828 quam
889 780 972 817 Deus
996 784 1026 816 in

79 843 165 876 nobis
189 842 255 874 sine
279 841 368 873 nobis
392 840 565 882 operatur¹
580 852 609 871 »:
636 849 710 881 ergo
735 843 791 872 etc.

164 896 193 927 Ξ.
210 894 284 926 Item
296 920 303 932 ,
320 894 351 925 111
370 892 587 925 iustificatione
604 893 724 925 accedit
741 893 835 924 homo
851 892 889 923 ad
909 891 1027 928 Deum3

79 948 131 982 sed
155 948 276 980 Ioannis
301 947 430 979 sexto²z
456 945 557 978 Nenio
591 946 679 977 venit
709 945 755 977 cut
778 954 845 983 ine,
870 944 938 975 nisi
961 948 1027 975 tra-

82 1001 166 1034 xerit
188 1010 261 1032 euin
286 1000 407 1037 Puter,·
432 999 485 1031 sed
512 1003 631 1031 tractus
655 1002 702 1031 est
727 1002 830 1030 motus
855 997 1026 1034 violentus,

80 1058 109 1088 et
132 1054 230 1086 libero
255 1053 385 1085 arbitrio
410 1061 471 1084 non
497 1055 598 1094 potest
621 1051 728 1084 inferri
762 1050 926 1083 violentia:
951 1059 1026 1091 ergo

77 1117 136 1140 non
160 1110 206 1139 est
229 1107 270 1138 ibi
297 1110 400 1138 motus
425 1106 513 1138 liberi
539 1105 672 1137 arbitrii.

163 1159 191 1192 3.
217 1160 306 1198 Item,
334 1159 491 1201 potentius
508 1167 603 1200 agens
620 1161 667 1190 est
684 1158 767 1190 Deus
784 1166 879 1198 quani
897 1156 1026 1198 aliquod

81 1222 172 1256 agens
197 1217 354 1251 creatum;
379 1213 433 1245 sed
458 1221 554 1254 agens
578 1215 718 1244 creatum
744 1211 810 1243 sine
834 1210 939 1251 aliqua
961 1219 1027 1242 coo-

80 1266 236 1309 peratione
271 1265 469 1307 suscipientis
504 1265 636 1307 expellit
663 1264 859 1306 oppositum,
884 1266 919 1295 ut
942 1266 1027 1304 patet

78 1320 109 1352 in
132 1319 220 1358 luce,
244 1328 325 1361 quae
350 1318 482 1360 expellit
506 1317 667 1349 tenebram
693 1317 759 1349 sine
790 1316 896 1358 aliqua
920 1324 1027 1357 coope-

78 1373 195 1406 ratione
218 1372 316 1404 aeris:
342 1381 417 1414 ergo
441 1375 497 1404 etc.

162 1426 255 1465 Item,
281 1434 416 1467 quaero,
441 1425 512 1466 quis
548 1424 587 1457 sit
622 1424 674 1456 ille
700 1427 821 1461 motus;
846 1432 917 1455 cum
943 1423 1026 1455 enim

82 1479 181 1512 omnis
217 1482 319 1511 motus
354 1478 534 1510 meritorius
566 1478 605 1509 sit
629 1487 646 1509 a
671 1477 770 1509 libero
794 1476 925 1508 arbitrio
939 1475 960 1515 ³,
986 1476 1028 1507 vi-

78 1533 184 1571 detur,
209 1532 293 1574 quod
318 1531 370 1564 ille
394 1531 492 1573 possit.
515 1539 583 1563 esse
608 1530 776 1563 cuiuslibet
801 1529 936 1561 virtutis.

430 1645 670 1669 CONCLUSIO.

78 1745 130 1777 Ad
154 1743 419 1786 iustificationent
445 1743 480 1775 in
511 1743 625 1775 actutto
648 1741 836 1785 requiritur
861 1746 968 1773 motus
993 1741 1027 1773 li-

162 1797 231 1829 beri
254 1796 393 1828 arbitrii
416 1796 617 1828 consentiens
639 1795 792 1837 qraticte,
817 1794 875 1837 qui
897 1799 943 1826 cst
962 1803 1027 1826 nto-

162 1854 213 1882 1113
236 1850 322 1892 fidei.

160 1958 363 1989 RuspoNnEo:
387 1956 580 1994 Dicendum,
617 1955 702 1997 quod
735 1955 816 1987 sicut
847 1954 1026 1986 iustificatio

80 2020 138 2043 non
162 2014 209 2043 est
233 2010 289 2042 nisi
327 2010 476 2048 volentis,
495 2009 537 2042 sic
562 2009 655 2041 etiam
681 2018 741 2040 non
760 2008 813 2040 dat
848 2017 918 2041 eam
942 2008 1026 2040 Deus

77 2064 132 2096 nisi
157 2063 288 2102 volenti,
315 2063 391 2095 dum
418 2063 456 2095 sit
481 2062 511 2094 in
536 2062 588 2094 tali
615 2065 716 2101 statu,
741 2062 825 2103 quod
850 2061 1026 2094 consentire

77 2121 106 2150 et
129 2117 292 2149 dissentire
316 2116 424 2158 possit.
450 2116 520 2148 Ideo
556 2115 595 2147 ad
621 2115 849 2157 susceptionem
881 2115 1026 2147 iustifica-

80 2170 168 2202 tionis
192 2170 221 2202 in
247 2170 355 2202 adulto
381 2169 554 2211 requiritur
578 2173 683 2201 motus
709 2168 798 2200 liberi
824 2168 957 2207 arbitrii,
982 2176 1026 2201 se-

1982 223 2042 255 421

1093 310 1233 342 cundum
1269 319 1363 351 quem
1400 309 1552 342 consentit
1588 309 1716 351 gratiae.
1754 309 1788 341 Et
1824 309 1898 350 quia
1921 310 2045 351 primus

1094 367 1215 402 motus,
1241 372 1296 404 per
1320 371 1413 404 quem
1438 362 1592 395 consentit
1616 362 1751 403 gratiae,
1769 365 1816 394 est
1833 366 1936 394 motus
1953 362 2174 401 fidei300n01usio
2184 374 2206 395 2.

1094 416 1163 448 ideo
1188 420 1292 448 motus
1317 415 1368 448 ille
1392 418 1438 448 est
1464 419 1567 447 motus
1591 415 1674 447 fidei.
1711 415 1797 447 Unde
1827 415 1867 447 ad
1893 416 2046 448 Romanos

1094 469 1202 510 quinto
1217 469 1240 500 ⁴:
1260 468 1438 510 lustisicctti
1460 478 1518 510 per
1541 468 1658 510 ficlenm
1675 468 1798 501 Glossa:
1824 480 1838 497 «
1856 469 1888 501 ld
1913 472 1976 507 est,
2005 478 2046 501 ex

1095 526 1181 554 motu
1207 522 1296 554 liberi
1322 522 1461 561 arbitrii,
1486 523 1539 564 qui
1565 526 1612 555 est
1636 531 1676 554 ex
1701 522 1806 555 fide».
1824 522 1894 554 ldeo
1912 522 2046 561 dicitur,

1094 575 1226 607 Ac-tuum
1263 575 1384 607 decimo
1420 575 1550 617 quinto:
1584 575 1665 607 Fide
1698 574 1886 617 purificans
1922 575 2045 614 corda,

1092 628 1166 669 quia
1191 632 1295 660 motus
1319 627 1392 660 fidei
1418 628 1519 669 primo
1536 628 1711 670 requiritur
1727 628 1766 660 ad
1784 628 2045 670 purificationem.

1185 681 1210 711 1.
1237 680 1280 712 Ad
1305 680 1383 712 illud
1420 689 1495 721 ergo
1530 681 1614 722 quod
1651 681 1816 719 obiicitur,
1852 681 1936 723 quod
1962 681 2045 714 Deus
2074 690 2153 720 suntin
2169 696 2205 717 01,-

1092 734 1262 775 operatur⁵
1286 733 1434 765 virtutem
1461 733 1527 766 sine
1550 734 1658 772 nobis,
1683 734 1871 773 dicendum,
1895 734 1979 775 quod
1998 719 2185 767 ve-p⁰³¹⁸⁰¹⁰m'

1094 796 1165 819 rum
1190 790 1237 819 est
1273 787 1339 818 sine
1372 786 1462 818 nobis
1497 786 1726 829 efficientibus,
1763 796 1823 819 non
1850 790 1953 819 tamen
1979 788 2045 820 sine

1093 840 1182 872 nohis
1208 839 1454 881 disponentibus
1478 840 1526 871 vel
1552 840 1832 872 consentientibus.

1181 893 1210 923 ⁹2.
1236 892 1279 924 Ad
1304 892 1381 924 illud
1408 892 1491 934 quod
1518 892 1681 931 obiicitur,
1713 893 1798 934 quod
1823 893 1907 925 Deus
1932 893 2046 931 trahit3

1093 945 1280 983 dicendum,
1305 945 1389 986 quod
1414 949 1461 977 est
1492 945 1575 977 trahi
1612 954 1668 986 per
1704 946 1921 984 coactionem,
1947 949 1977 978 et
2001 946 2044 978 sic
2060 954 2142 984 nupto}
2165 956 2206 975 tra.

1093 1007 1152 1030 non
1179 998 1296 1036 trahit3
1321 1002 1351 1030 et
1375 1001 1421 1030 est
1447 998 1529 1030 trahi
1555 1008 1612 1040 per
1648 998 1867 1031 inductionem
1893 1003 1924 1032 et
1947 999 2047 1031 suble·
2107 983 2157 1002 ω’

1092 1051 1274 1090 nationem,
1299 1055 1329 1084 et
1353 1051 1397 1083 sio
1422 1051 1635 1093 traliit,>quia
1659 1052 1787 1084 inducit
1812 1056 1841 1084 et
1865 1053 1958 1084 etiam
1976 1052 2047 1084 sub-

1093 1105 1177 1137 levat
1208 1105 1368 1137 hominem
1400 1105 1439 1137 ad
1465 1104 1562 1144 illud,
1598 1105 1639 1137 ad
1663 1105 1748 1147 quod
1773 1115 1829 1147 per
1854 1115 1886 1138 se
1910 1115 1970 1138 non
1996 1115 2047 1147 po-

1091 1161 1151 1190 test
1176 1158 1353 1200 pertingere
1365 1158 1384 1189 ὃ.

1183 1211 1211 1243 3.
1236 1212 1279 1243 Ad
1305 1211 1383 1243 illud
1408 1211 1492 1253 qnod
1517 1211 1682 1250 obiicitur,
1707 1212 1791 1254 quod
1815 1212 1900 1244 Deus
1924 1216 1971 1245 est
1996 1221 2047 1253 po—

1092 1265 1303 1303 tentissimus3
1339 1264 1529 1303 dloendum,
1566 1265 1650 1307 quod
1675 1265 1734 1297 hoc
1759 1274 1819 1297 non
1845 1268 1891 1297 est
1915 1268 2046 1307 propter

1092 1318 1306 1359 impotentiam
1332 1326 1372 1350 ex
1405 1321 1493 1359 parte
1518 1317 1590 1355 Dei,
1627 1318 1680 1350 sed
1714 1321 1843 1359 propter
1875 1327 2048 1360 congruen—

1093 1371 1166 1402 tiam
1193 1371 1224 1402 in
1248 1371 1379 1412 agendo.
1405 1371 1470 1403 Non
1495 1371 1578 1403 enim
1611 1371 1683 1403 facit
1708 1371 1792 1403 Deus
1816 1362 1969 1413 quidquid
1992 1381 2047 1413 po-
2062 1377 2191 1399 Notandum.

1094 1428 1171 1461 test,
1198 1424 1251 1456 sed
1278 1424 1362 1466 quod
1387 1424 1473 1455 decet
1497 1428 1527 1456 et
1558 1424 1642 1466 quod
1679 1424 1853 1466 congyruit;
1878 1428 1908 1456 et
1932 1424 2046 1456 decens

1093 1481 1157 1515 est,
1183 1477 1267 1518 quod
1291 1477 1453 1518 imprimat
1478 1477 1611 1508 formam
1637 1477 1667 1508 in
1687 1477 1864 1515 materiam,
1882 1477 1962 1509 sicut
1979 1486 2048 1509 con-

1098 1530 1183 1562 venit
1205 1529 1335 1572 formae
1352 1533 1382 1562 et
1405 1530 1567 1562 materiae
1583 1530 1784 1571 susoipienti3
1810 1534 1839 1562 et
1862 1529 1977 1573 formu
2001 1534 2048 1563 est

1093 1583 1228 1622 iustitia,
1254 1592 1334 1625 quae
1359 1586 1405 1615 est
1430 1583 1601 1622 libertatis;
1626 1587 1656 1615 et
1680 1583 1823 1615 materia
1841 1583 1984 1616 similiter
2001 1586 2048 1616 est

1093 1635 1238 1668 voluntas
1271 1636 1386 1674 libera,
1410 1635 1510 1667 libera
1547 1636 1576 1667 in
1610 1636 1735 1678 ayendo
1765 1640 1795 1668 et
1820 1636 2046 1677 recipiendffl:

1092 1692 1122 1720 et
1148 1689 1216 1721 ideo
1252 1697 1313 1720 non
1346 1689 1440 1720 datur
1476 1689 1542 1720 sine
1577 1692 1650 1720 actu
1674 1689 1760 1728 eius,
1790 1698 1862 1721 cum
1889 1699 1951 1732 quo
1975 1692 2048 1722 nata

1091 1745 1138 1773 est
1161 1750 1264 1783 agere.

1182 1795 1224 1827 Ad
1250 1795 1329 1827 illud
1354 1795 1439 1836 quod
1464 1795 1629 1836 quaeritur
1646 1795 1685 1827 de
1702 1795 1755 1827 illo
1773 1799 1878 1835 motu,
1903 1796 1973 1837 quis
1990 1796 2047 1835 sit;
2062 1797 2193 1845 {ffiss‘ffffi

1093 1848 1279 1885 dicendum,
1305 1848 1404 1890 quod,
1430 1848 1510 1880 sicut
1534 1848 1643 1881 Glossa
1674 1849 1748 1881 dicit
1773 1858 1941 1890 expresse,
1966 1858 2047 1891 quae

1091 1901 1181 1943 prius
1206 1901 1312 1933 habita
1336 1905 1383 1933 est
1407 1902 1446 1934 ad
1472 1902 1626 1934 Romanos
1650 1902 1759 1944 quinto
1772 1903 1791 1940 ⁸,
1810 1902 1861 1934 ille
1878 1906 1925 1934 est
1942 1906 2047 1935 motus

1092 1953 1175 1986 fidei.
1202 1954 1347 1987 Liberum
1372 1955 1455 1986 enim
1480 1955 1649 1987 arbitrium
1673 1959 1720 1987 est
1743 1955 1875 1987 facultas
1901 1955 2047 1987 volunta-

1092 2008 1133 2040 tis
1165 2011 1194 2040 et
1225 2008 1388 2046 rattonts;
1412 2012 1442 2040 et
1467 2008 1566 2050 gratia
1598 2008 1769 2041 adveniens
1798 2012 1966 2050 utramque
1996 2018 2046 2050 po-

1091 2061 1219 2093 tentiam
1244 2061 1316 2093 facit
1341 2061 1371 2093 in
1397 2065 1487 2099 actu,
1512 2065 1547 2093 ut
1570 2062 1659 2094 ratio
1677 2062 1716 2094 sit
1740 2061 1771 2093 in
1796 2065 1868 2094 actu
1885 2062 2044 2101 credendi,

1091 2115 1145 2157 qui
1170 2120 1216 2147 est
1240 2115 1331 2154 fidei,
1356 2118 1386 2147 et
1418 2114 1571 2147 voluntas
1606 2115 1638 2147 in
1666 2119 1738 2148 actu
1773 2115 1966 2155 detestandi,
1991 2116 2044 2157 qui

1090 2172 1137 2200 est
1161 2168 1356 2200 contritionis
1368 2168 1387 2199 ⁹.

931 2317 1115 2376 QUAESTIO
1139 2335 1185 2366 111.

587 2447 705 2479 Utrum
730 2447 776 2479 cth
800 2446 1066 2488 iustificctt't'oneni
1090 2446 1281 2478 neces-surici
1305 2446 1349 2478 sit
1372 2446 1535 2478 contritio.

164 2587 266 2619 Tertio
293 2587 475 2629 quaeritur,
501 2590 607 2617 utrum
634 2585 673 2617 ad
701 2585 952 2617 justificationem
978 2594 1027 2617 ne-

82 2641 213 2672 cessaria
237 2641 275 2672 sit
300 2640 453 2672 contritio.
481 2640 513 2671 Et
538 2639 620 2681 quod
647 2639 707 2677 sic,
734 2638 868 2670 videtur.

166 2695 192 2724 l.
217 2694 317 2735 Super
342 2693 421 2725 illud
447 2692 558 2725 Psalmi
575 2693 609 2723 ³⁰:
636 2691 851 2733 Sacrificium
876 2691 939 2722 Deo
963 2691 1026 2732 spi-

1091 2585 1179 2616 ritus
1203 2584 1465 2621 contributcttus;
1497 2585 1621 2616 Glossa:
1662 2584 1824 2625 «Spiritus
1857 2583 2204 2616 contribula-Fundamenta·

1090 2641 1141 2670 tus
1166 2642 1196 2669 et
1220 2637 1372 2669 contritus
1397 2641 1443 2669 est
1469 2637 1668 2675 sacrificium,
1694 2637 1725 2668 in
1750 2646 1812 2678 quo
1837 2640 1963 2678 peccata
1988 2636 2045 2668 sol-

1090 2694 1208 2722 vuntur
1222 2702 1250 2720 υ.

147 2937 155 2953 ¹
175 2939 323 2964 Secundum
344 2940 451 2970 August.
472 2946 486 2963 a
507 2939 639 2969 Magistro,
660 2938 684 2962 11.
706 2938 773 2963 Seni.
796 2938 821 2963 (1.
844 2937 947 2962 xxvn.
962 2944 983 2962 c.
998 2936 1025 2968 5,

81 2980 224 3012 allegatum.
246 2982 295 3007 Csr.
316 2982 377 3007 ibid.
398 2983 459 3007 dub.
481 2982 504 3006 3.

147 3025 157 3041 ‘³
177 3026 248 3051 νει-ε.
270 3026 316 3051 44:
337 3026 417 3051 Nonio
438 3029 521 3058 potest
548 3027 637 3050 venire
667 3026 700 3050 ad
726 3032 782 3056 me,
803 3026 849 3050 nisi
871 3025 956 3056 Pater,
983 3025 1026 3057 qui

81 3069 147 3093 misit
164 3076 218 3101 me,
240 3072 342 3095 traxerit
360 3077 430 3096 oum.
463 3069 512 3095 Csr.
542 3073 602 3095 toni.
630 3070 655 3094 ll.
681 3077 740 3101 pag.
763 3070 827 3101 618,
849 3072 905 3094 nota
928 3070 955 3100 2,
983 3069 1026 3094 ubi

83 3112 157 3137 etiam
177 3115 297 3139 sententia
319 3115 458 3139 Aristotelis
479 3115 511 3139 (le
531 3115 619 3141 linctu
638 3115 777 3139 invenitur.

148 3156 158 3172 3
178 3157 228 3182 Csr.
261 3162 323 3183 tom.
352 3159 378 3184 ll.
408 3166 468 3190 pag.
497 3159 560 3189 892,
589 3161 647 3182 nola
673 3159 704 3189 ἒς
731 3162 791 3182 toni.
819 3157 854 3182 111.
882 3164 940 3188 pag.
968 3157 1026 3188 350,

81 3204 138 3225 nota
160 3201 183 3225 9.
212 3206 236 3227 et
265 3210 323 3234 pag.
354 3203 417 3234 381,
448 3207 506 3227 nota
531 3203 549 3226 l.
570 3216 603 3219 —
624 3202 671 3226 Pro
699 3201 757 3234 quis
784 3202 824 3226 liic
850 3204 874 3226 et
898 3202 922 3225 in
949 3201 1024 3226 solut.

79 3243 136 3268 cod.
156 3244 176 3268 H
195 3245 265 3278 quid.

148 3287 158 3303 ⁴
178 3289 250 3314 Vcrs.
277 3290 304 3314 l:
324 3289 463 3324 laetificati
492 3296 554 3322 erqo
583 3296 617 3315 ecc
644 3289 701 3323 fide.
729 3290 754 3314 In
775 3290 908 3314 Glossariis
928 3289 1024 3319 strabi,

79 3330 142 3355 Petri
169 3331 306 3358 Lombardi
325 3339 349 3359 et
370 3335 460 3365 Lyrani
482 3335 504 3358 in
527 3335 594 3358 hune
614 3334 660 3358 loc.
684 3334 769 3364 glossa
789 3333 894 3364 allegata
920 3334 956 3358 sic
976 3340 1025 3358 non

82 3373 196 3400 habetur.
216 3377 291 3407 Apud
312 3379 375 3402 Petr.
396 3377 534 3402 Lombard.
547 3383 552 3401 2
573 3377 637 3408 Quia
651 3384 680 3401 ex
694 3376 745 3401 fide
759 3380 796 3402 est
809 3377 960 3402 iustificatio.
976 3376 1024 3402 Csr.

1091 2936 1117 2961 ll.
1138 2937 1206 2961 Sunt.
1227 2936 1260 2960 lit.
1282 2936 1408 2967 Magistri,
1432 2935 1455 2960 d.
1477 2935 1569 2960 XXVI.
1590 2942 1611 2960 c.
1634 2935 1656 2959 3.
1677 2942 1750 2967 seqq.
1770 2939 1794 2960 et
1815 2934 1839 2959 d.
1861 2935 1964 2960 XXVII.
1986 2942 2006 2960 c.
2021 2935 2044 2960 5.

1091 2984 1115 3006 et
1135 2981 1158 3005 Ο.
1178 2994 1212 2998 -
1232 2981 1290 3012 Seq.
1311 2983 1393 3005 textus
1412 2983 1449 3004 est
1469 2980 1522 3004 Act.
1549 2979 1591 3010 15,
1613 2979 1636 3004 9.

1163 3024 1173 3040 5
1192 3024 1254 3049 (jod.
1276 3024 1298 3048 X
1319 3023 1390 3048 addit
1410 3023 1435 3048 in
1456 3022 1539 3049 nobis.

1163 3067 1173 3083 ὓ
1193 3067 1241 3092 Csr.
1263 3068 1288 3092 ll.
1310 3068 1377 3092 Sent.
1399 3067 1423 3091 d.
1444 3066 1484 3091 25.
1511 3074 1536 3097 p.
1557 3066 1581 3091 11.
1603 3074 1627 3098 q.
1648 3066 1671 3091 5.
1696 3066 1729 3091 ad
1754 3067 1772 3091 l.
1794 3067 1817 3092 2.
1839 3067 1861 3091 3.
1877 3080 1910 3083 —
1928 3067 1976 3092 Pro
2000 3065 2045 3092 ho-

1091 3111 1187 3138 nzt'nem
1210 3112 1268 3137 cod.
1290 3112 1311 3137 Κ
1332 3111 1471 3137 rationem.

1162 3156 1172 3172 ⁷
1193 3156 1258 3181 Vide
1280 3156 1305 3181 11.
1325 3156 1394 3180 Sent.
1418 3156 1452 3180 lit.
1473 3156 1599 3186 Magistri,
1623 3155 1646 3180 d.
1667 3155 1751 3180 XXV.
1774 3162 1794 3180 c.
1817 3156 1839 3180 8.

1162 3200 1172 3216 Β
1195 3201 1266 3225 Υθι-ε.
1292 3200 1310 3224 1.
1332 3214 1366 3217 -
1386 3200 1420 3224 De
1447 3200 1528 3224 libero
1548 3199 1653 3224 arbitrio
1672 3199 1718 3225 cfr.
1739 3200 1763 3224 ll.
1785 3200 1852 3225 Sent.
1874 3200 1898 3225 d.
1920 3199 1960 3225 25.
1982 3208 2006 3232 p.
2027 3200 2043 3225 1.

1091 3252 1115 3277 q.
1137 3246 1159 3269 9..
1180 3252 1252 3276 seqq.

1161 3288 1171 3304 ⁰
1194 3288 1257 3312 vido
1277 3287 1391 3312 scholion
1412 3287 1445 3312 ad
1466 3287 1662 3318 praecedentem
1684 3292 1781 3321 quaest.

1163 3332 1183 3348 10
1204 3333 1294 3357 Psalm.
1309 3332 1355 3363 50,
1376 3333 1411 3357 19.
1426 3346 1460 3350 -
1474 3332 1589 3357 Giossam
1604 3332 1706 3358 exhibet
1726 3333 1789 3358 Pctr.
1810 3332 1961 3366 Lonibard.,
1977 3341 2044 3366 quae

1091 3380 1128 3401 est
1148 3376 1292 3401 secundun]
1313 3375 1427 3401 Cassiod.
1448 3377 1472 3400 in
1495 3378 1563 3401 hunc
1582 3377 1629 3401 loc.
