2483 3882
723 258 816 290 DIST.
842 257 939 290 XLVI.
963 257 1045 289 ART.
1070 257 1089 288 Ι.
1116 257 1267 299 QUAEST.
1293 257 1324 289 ll.

1942 257 2004 288 959

900 474 1082 516 QuAesrto
1107 475 1138 506 ιι.

422 597 538 629 Utrum
562 597 622 639 fiat
646 598 809 640 mitiyatio
834 598 1003 630 damnatis
1024 603 1159 640 propter
1183 598 1433 631 misericordiae
1453 599 1616 640 pictatem.

123 749 266 781 Sec-undo
289 748 463 790 quaeritur,
480 751 589 780 utrum
606 748 661 780 fiat
681 748 832 790 mitigatio
856 752 985 790 propter

37 802 268 835 misericordiae
296 802 444 843 pietatem
477 801 515 834 de
546 802 655 843 poenis
687 802 918 834 damnatorum.
952 802 986 833 Et

37 855 119 898 quod
144 864 222 894 non,
246 855 388 887 videtur:

125 908 151 939 1.
177 907 256 948 Quia
290 906 406 939 dicitur
441 907 640 948 Apocalypsis
675 907 796 939 decimo
831 907 983 939 octavo¹:

8 971 22 988 ·-
37 961 204 1002 Quantum
227 969 261 991 se
274 959 477 1002 yloi'ificavit
500 963 529 991 et
544 959 576 991 in
603 959 728 991 deliciis
744 958 829 1001 fuit,
856 963 985 991 tantum

35 1014 108 1046 date
131 1012 181 1044 illi
203 1016 409 1044 tormentum.

121 1066 150 1097 ⁶2.
175 1065 272 1104 Item,
308 1065 402 1097 Isaiae
442 1065 727 1106 quadragesimo&
765 1064 913 1106 Suscepit
948 1065 985 1096 de

34 1127 138 1150 manu
181 1117 314 1149 Domini
348 1117 518 1158 duplicia;
550 1117 665 1150 dicitur
702 1118 741 1149 de
777 1118 880 1149 anima
919 1127 985 1159 pec-

35 1170 156 1203 catrice.

122 1223 151 1255 3.
176 1223 266 1262 Item,
284 1232 380 1265 super
403 1223 483 1255 illud
501 1222 611 1255 Psalmi
626 1223 654 1254 ³:
674 1224 724 1254 Ex
747 1223 865 1254 usuris
881 1227 909 1254 et
926 1223 985 1254 ini-

34 1276 172 1319 quitate‚·
189 1276 311 1308 Glossa:
335 1288 349 1305 «
364 1276 482 1308 Usurae
499 1276 648 1308 dicuntur
665 1279 805 1317 peccata,
822 1276 895 1317 quia
912 1275 984 1317 plus

34 1329 106 1361 mali
135 1329 293 1361 invenitur
322 1329 353 1360 in
379 1328 553 1370 suppliciis,
580 1338 674 1370 quam
701 1328 905 1361 commissum
938 1333 985 1361 est

33 1382 63 1414 in
87 1381 188 1423 culpis
201 1393 235 1413 »:
261 1381 357 1423 igitur
381 1381 423 1413 ibi
448 1391 508 1413 non
534 1385 580 1414 est
603 1382 709 1423 aliqua
733 1381 893 1423 mitigatio.

118 1435 148 1466 lt.
174 1434 263 1473 Item,
297 1434 426 1466 ratione
454 1434 600 1466 videtur:
634 1434 708 1475 quia
741 1433 906 1466 delectatio
937 1437 985 1466 est

32 1491 248 1519 momentanea
269 1491 300 1519 et
320 1487 461 1525 modica,
479 1487 531 1519 sed
547 1487 556 1503 ⁴
581 1487 712 1528 punitur
734 1496 833 1528 poena
857 1491 984 1518 aeterna

31 1543 60 1572 et
83 1539 306 1579 acerbissima3
331 1540 384 1572 sed
410 1540 469 1572 hoc
493 1540 523 1571 in
549 1539 706 1572 infinitum
732 1539 856 1572 excedit
880 1539 982 1572 istud:

31 1601 104 1634 ergo
128 1592 259 1634 punitur
283 1602 380 1634 supra
397 1593 604 1634 condignum:
630 1602 705 1634 ergo
722 1602 782 1624 non
800 1597 846 1625 est
872 1592 911 1624 ibi
931 1593 984 1624 mi-

31 1645 145 1686 tigatio.

119 1697 267 1730 CONTRA:
296 1699 323 1729 1.
349 1698 381 1729 ln
405 1697 527 1730 Psalmo
542 1698 565 1729 ⁵:
592 1697 753 1740 Nunquid
775 1697 983 1729 obliviscetur

0 1750 184 1783 lamisem-z·
207 1750 322 1782 Deus?
347 1755 407 1782 aut
431 1750 604 1783 continebit
627 1751 662 1782 in
686 1751 742 1783 ira
768 1760 834 1783 sua
858 1750 984 1782 miseri-

31 1803 164 1835 cordias
179 1803 285 1836 suas?
303 1803 392 1845 quasi
409 1803 543 1842 diceret,
569 1813 648 1835 non:
673 1812 748 1845 ergo
765 1807 839 1835 tunc
863 1803 982 1844 aliquid

31 1856 161 1889 relaxat.

117 1911 146 1941 2.
172 1909 263 1948 Item,
288 1913 442 1951 peccator,
459 1918 532 1941 cum
556 1912 665 1951 peccat
681 1908 865 1948 mortaliter,
890 1908 984 1940 offen-

31 1962 75 1995 dit
96 1963 213 2001 Deum,
237 1971 255 1994 a
286 1972 348 2004 quo
373 1965 420 1994 est
450 1971 542 1994 omne
566 1962 704 1994 honum:
734 1970 809 2003 ergo
842 1965 983 1994 meretur

30 2016 173 2048 amittere
208 2024 300 2047 omne
324 2015 460 2054 bonum,
496 2024 571 2057 ergo
600 2018 631 2047 et
662 2015 769 2046 esseG:
803 2024 877 2056 ergo
908 2023 980 2047 cum

30 2067 113 2100 Deus
136 2067 293 2100 neminem
325 2067 457 2099 reducat
480 2067 520 2099 ad
551 2076 719 2105 non-esse,
749 2075 859 2099 omnes
891 2067 982 2108 punit

31 2120 106 2153 citra
130 2120 330 2162 condignum.

118 2173 146 2205 3.
180 2174 271 2212 ltem‚
304 2176 448 2215 peccator
481 2172 611 2205 offendit
641 2173 760 2212 Deum,
791 2182 810 2205 a
841 2183 903 2215 quo
935 2176 982 2206 est

32 2226 131 2258 omnis
162 2226 261 2265 ordo,
285 2235 360 2267 ergo
392 2235 425 2258 se
458 2226 641 2258 deordinat:
668 2236 743 2268 ergo
767 2226 792 2259 si
816 2231 981 2269 peccantes

31 2281 193 2311 merentur
223 2279 254 2310 in
282 2278 445 2321 suppliciis
476 2278 616 2311 ordinari
628 2279 649 2318 ⁷,
681 2279 785 2312 statim
817 2288 892 2321 ergo
921 2288 983 2311 me-

31 2335 139 2364 rentur
163 2331 289 2373 puniri:
315 2340 390 2372 ergo
414 2340 486 2364 cum
511 2341 573 2364 non
597 2332 771 2374 puniantur
795 2332 915 2372 statim,
932 2341 983 2374 pa-

31 2387 89 2423 tet,
114 2385 197 2426 quod
223 2384 301 2417 citra
325 2384 526 2426 condignum.

117 2438 147 2470 li.
165 2438 255 2477 Item,
273 2442 417 2479 peccator
433 2437 563 2471 offendit
579 2438 678 2470 Deum
690 2464 697 2477 ‚
722 2438 775 2480 qui
800 2443 847 2471 est
863 2439 980 2470 bonum

32 2490 186 2523 infinitum
211 2491 294 2523 omni
320 2491 489 2529 infinitate,
510 2500 585 2533 ergo
606 2491 726 2523 infinita
743 2492 883 2533 poenae*3
900 2500 983 2524 acer-

32 2543 125 2575 bitate
149 2543 242 2575 debet
258 2544 361 2585 puniri
377 2556 385 2582 ;
403 2544 457 2576 sed
476 2554 536 2576 non
553 2545 685 2585 punitur
699 2556 705 2575 :
727 2553 802 2586 ergo
819 2544 897 2577 citra
914 2553 983 2576 con-

33 2596 159 2638 dignum
184 2597 324 2638 punitur.

1405 759 1642 782 CONCLUSIO.

1053 828 1175 860 Divina
1204 828 1322 870 pietate
1354 829 1601 868 interveniente,
1627 835 1671 862 est
1696 830 1812 873 aliqua
1836 831 2000 873 mitiyatio

1136 890 1259 922 poenae
1272 882 1383 924 quoad
1398 881 1507 923 ipsam
1526 882 1727 914 taxationem
1745 887 1773 915 et
1789 883 2000 924 inflictionem

1139 934 1301 973 ciusdem,
1325 935 1382 967 sed
1404 944 1469 967 non
1492 939 1563 976 post
1587 936 1731 968 eandem.

1141 1013 1334 1046 RESPONDEo:
1359 1014 1552 1053 Dicendum²
1586 1015 1669 1056 quod
1702 1015 1853 1056 mitigatio
1884 1024 2001 1057 poenae
2018 1027 2137 1049 nanneno.

1051 1065 1271 1097 damnatorum
1298 1066 1466 1108 dupliciter
1483 1070 1583 1107 potest
1600 1067 1729 1108 intelligi
1744 1079 1750 1099 :
1775 1071 1830 1099 aut
1846 1072 2001 1109 quantum

1049 1117 1089 1149 ad
1113 1117 1314 1150 taxationem
1331 1122 1361 1150 et
1378 1118 1588 1160 inflictionem
1614 1128 1747 1160 poenae;
1764 1124 1795 1152 et
1815 1120 1858 1152 sic
1882 1121 2002 1162 absque
2017 1132 2128 1154 conciusio
2140 1133 2158 1153 t.

1050 1170 1147 1202 dubio
1171 1176 1218 1202 est
1242 1171 1284 1202 ibi
1310 1171 1477 1212 mitigatio,
1502 1172 1576 1213 quia
1600 1172 1706 1204 divina
1730 1173 1847 1205 iustitia
1875 1182 1936 1205 non
1962 1178 2003 1205 to-

1050 1227 1117 1255 tum
1142 1224 1256 1264 exigit,
1282 1233 1339 1265 pro
1364 1233 1400 1256 eo
1424 1225 1526 1266 quod,
1544 1225 1612 1257 eius
1637 1225 1750 1266 pietate
1768 1225 2001 1265 interveniente,

1050 1276 1188 1317 aliquam
1212 1280 1332 1317 partem
1351 1286 1469 1318 poenae
1486 1277 1655 1318 infligendo
1672 1279 1810 1310 remittit.
1828 1279 1892 1310 Alio
1909 1279 2002 1311 modo

1051 1332 1152 1370 potest
1177 1329 1307 1369 intelligi
1332 1330 1485 1371 mitigatio
1507 1335 1581 1371 post
1600 1340 1723 1372 poenae
1748 1332 1949 1363 taccationem
1971 1335 2001 1364 et

1050 1381 1278 1422 inflictionem;
1299 1386 1329 1414 et
1353 1383 1412 1415 hoc
1436 1383 1529 1415 modo
1553 1383 1640 1415 nulla
1657 1384 1739 1416 cadit
1756 1384 1906 1426 mitigatio
1922 1394 1938 1417 a
1958 1385 2001 1417 di·
2014 1395 2126 1417 Conclusio
2139 1397 2159 1417 ε).

1050 1435 1122 1466 vina
1148 1435 1381 1473 misericordia,
1408 1436 1481 1477 quia
1498 1445 1538 1468 ex
1556 1439 1630 1468 tunc
1647 1436 1765 1469 claudit
1781 1437 1825 1469 eis
1849 1437 2001 1470 Dominus

1049 1487 1169 1519 viscera
1193 1488 1316 1528 pietatis
1328 1487 1347 1518 ⁹.

1138 1540 1281 1572 Rationes
1312 1540 1408 1581 igitur
1437 1541 1653 1580 ostendentes,
1678 1542 1761 1583 quod
1787 1546 1833 1574 est
1857 1542 1896 1574 ihi
1924 1542 2001 1574 miti-
2015 1553 2049 1575 Ad
2065 1554 2158 1575 fundam.

1049 1592 1146 1633 gaud,
1171 1602 1280 1625 omnes
1304 1593 1481 1634 procedunt
1504 1594 1679 1626 secundum
1715 1595 1806 1626 istam
1832 1594 1929 1633 viam,
1947 1595 2002 1627 sci-

1048 1645 1120 1677 licet
1144 1650 1297 1687 quantum
1326 1646 1365 1678 ad
1399 1645 1609 1687 inflictionem
1623 1658 1633 1683 ;
1659 1647 1742 1679 unde
1765 1647 1934 1680 ostendunt
1958 1648 2000 1679 ibi
2015 1659 2117 1690 Mitigano

1049 1698 1272 1739 mitigationem
1303 1702 1455 1740 quantum
1481 1699 1520 1731 ad
1545 1708 1598 1738 ea,
1623 1700 1658 1731 in
1682 1699 1800 1742 quibus
1824 1700 1918 1732 homo
1946 1710 2002 1742 pu·
2029 1687 2112 1713 “mm

1048 1751 1150 1789 nitur,
1175 1754 1329 1792 quantum
1354 1751 1394 1783 ad
1420 1756 1545 1793 tempus
1573 1756 1603 1784 et
1634 1756 1786 1793 quantum
1812 1753 1850 1784 ad
1876 1762 2001 1784 mensu-

1048 1813 1144 1835 ram.-
1162 1804 1236 1845 quia
1260 1813 1320 1835 non
1346 1808 1467 1836 tantum
1493 1804 1596 1846 infert
1620 1805 1718 1843 Deus,
1736 1808 1888 1846 quantum
1907 1806 2000 1837 homo

1048 1857 1181 1895 meruit,
1206 1857 1404 1889 Threnorum
1431 1858 1521 1889 tertio
1535 1858 1571 1889 ¹⁰:
1596 1857 1844 1890 Misericordiae
1867 1858 2003 1890 Domini

1048 1914 1112 1948 est,
1137 1910 1224 1952 quod
1254 1919 1320 1941 non
1347 1920 1465 1942 sumus
1497 1910 1662 1942 consumti
1672 1922 1683 1948 ;
1708 1914 1739 1942 et
1770 1910 1902 1950 iterum,
1932 1921 2002 1952 poe-

1047 1972 1127 1994 nam
1152 1961 1285 2005 differt;
1309 1966 1339 1995 et
1364 1967 1541 2004 postremO,
1566 1963 1777 1996 acerbitatem
1802 1964 1944 1996 minuit.-
1970 1968 2000 1997 et

1047 2014 1118 2047 ideo
1142 2015 1214 2047 illae
1240 2015 1375 2047 rationes
1399 2016 1616 2048 concedendae
1640 2020 1722 2048 sunt.

1137 2068 1179 2099 Ad
1204 2068 1382 2109 oppositum
1407 2069 1591 2110 responderi
1615 2072 1717 2110 potest
1741 2078 1797 2111 per
1814 2070 1940 2102 unicam
1958 2070 2001 2102 di·
2027 2081 2107 2112 santio
2122 2088 2160 2108 op-

1047 2120 1254 2153 stinctionem.
2014 2111 2137 2135 ⁰⁰⁸¹wmm'

1139 2174 1165 2205 1.
1191 2175 1220 2205 ἓ.
1246 2173 1274 2205 3.
1300 2174 1343 2206 Ad
1372 2174 1451 2206 illud
1479 2183 1554 2216 ergo
1582 2175 1665 2216 quod
1691 2175 1837 2207 obiicitur
1861 2176 1899 2207 de
1924 2175 2001 2208 Scri-

1046 2228 1157 2267 ptura,
1182 2235 1263 2267 quae
1287 2226 1380 2265 dicit,
1405 2227 1490 2269 quod
1517 2231 1655 2266 tantum,
1685 2231 1715 2259 et
1739 2228 1822 2269 quod
1847 2228 1998 2269 duplum,

1046 2282 1077 2311 et
1100 2279 1183 2320 quod
1209 2279 1367 2320 amplius3
1384 2280 1422 2312 ad
1442 2280 1495 2311 illa
1511 2280 1615 2312 omnia
1631 2281 1897 2322 respondendum,
1914 2281 1998 2322 quod

1046 2335 1093 2364 est
1124 2340 1309 2373 comparare
1341 2332 1577 2365 delectationem
1603 2333 1641 2365 ad
1666 2342 1797 2374 poenam
1823 2334 1997 2366 secundum
2013 2345 2133 2367 nisenam.

1047 2384 1205 2425 duplicem
1226 2385 1505 2426 comparationem:
1524 2389 1578 2418 aut
1595 2386 1769 2418 secuudum
1787 2386 1999 2419 intensionem

1047 2435 1147 2468 liuius
1172 2437 1202 2468 in
1227 2446 1341 2479 genere
1362 2447 1496 2479 poenae,
1514 2442 1544 2470 et
1560 2438 1650 2470 illius
1676 2439 1704 2470 in
1730 2447 1843 2480 genere
1868 2438 2000 2471 delecta-

1047 2490 1162 2528 nonis,-
1179 2490 1266 2522 etsie
1284 2490 1383 2522 multo
1402 2491 1501 2522 maior
1518 2495 1564 2523 est
1577 2501 1684 2533 poena
1708 2500 1803 2533 quam
1821 2491 1997 2529 delectatio,

1047 2552 1104 2576 nec
1128 2548 1172 2576 est
1196 2544 1235 2575 ibi
1255 2544 1432 2585 proportio,
1450 2545 1503 2576 sed
1522 2554 1681 2577 excessus.
1708 2545 1758 2576 Est
1782 2545 1894 2576 iterum
1921 2554 2001 2577 com-

1049 2606 1163 2638 parare
1188 2597 1246 2629 lioc
1270 2597 1309 2629 ad
1336 2597 1414 2629 illud
1439 2598 1613 2630 secundum
1638 2598 1790 2630 rationem
1816 2598 1928 2630 meriti
1951 2598 2000 2630 vel

105 2994 113 3011 ¹
135 2995 206 3021 Vers.
225 2996 251 3022 7.

105 3038 115 3054 ²
132 3039 206 3065 Vers.
227 3041 250 3065 2.

105 3081 116 3098 ³
134 3083 224 3108 Psalm.
244 3083 290 3116 71,
313 3084 353 3109 114.
370 3099 402 3102 —
415 3085 503 3110 Glossa
523 3085 594 3117 apud
608 3085 730 3111 Strahum
745 3084 885 3111 ordinaria
898 3087 982 3110 sumta

35 3126 73 3150 est
91 3132 120 3150 ex
139 3126 257 3158 August„
278 3128 302 3152 in
323 3129 391 3153 hunc
410 3129 457 3154 loc.
478 3136 501 3154 n.
524 3130 564 3154 116.

106 3168 116 3185 ⁴
135 3170 203 3196 Multi
233 3171 308 3196 codd.
334 3173 454 3198 omittunt
482 3172 541 3204 sed,
572 3173 658 3198 minus
686 3179 816 3204 congrue,
847 3173 894 3197 nisi
923 3179 982 3197 cum

38 3212 111 3238 codd.
130 3213 174 3238 DS
195 3217 252 3245 post
270 3215 405 3242 delectatio
425 3216 536 3241 addatur
555 3223 632 3249 quae.
654 3216 717 3241 Cod.
739 3216 758 3240 N
778 3217 802 3241 et
821 3216 918 3241 tamen.

107 3256 118 3273 ⁵
136 3258 226 3284 Psalm.
246 3258 293 3291 76,
314 3260 360 3285 to:
381 3261 430 3285 Aut
449 3259 615 3285 obliviscetur
634 3262 681 3284 etc.

105 3301 116 3318 ⁶
135 3301 196 3328 (lod.
215 3304 237 3328 K
258 3303 275 3336 (l
296 3311 311 3329 a
330 3304 444 3329 secunda
465 3308 554 3336 manu)
575 3311 623 3335 pro
642 3310 705 3337 erqo
719 3305 742 3330 et
755 3311 810 3330 esse
829 3305 984 3336 completius

37 3343 83 3370 sed
99 3352 155 3371 esse
173 3348 211 3372 est
230 3346 341 3380 bonum,
364 3354 427 3381 erqo
446 3349 565 3373 meretur
580 3347 693 3380 perdere
712 3355 776 3372 csse.
797 3361 832 3366 —
850 3348 918 3373 Haec
940 3347 984 3373 do-

958 3391 975 3400 ,-

37 3388 116 3413 ctrina
135 3393 219 3415 sumta
238 3395 277 3417 est
294 3399 325 3416 ex
344 3392 464 3423 August⁷⁷
485 3392 510 3416 ll.
532 3391 564 3416 de
589 3391 703 3417 Moribus
727 3392 896 3417 Manichaeor.
917 3398 938 3416 c.
964 3398 982 3417 ι.

1047 3004 1071 3022 n.
1086 2998 1113 3022 9:
1129 2997 1228 3022 Dictum
1249 3000 1287 3021 est
1306 2997 1391 3021 cuim:
1412 2997 1475 3021 Nihil
1495 3004 1541 3028 per
1560 2997 1676 3022 divinam
1696 2997 1885 3028 providentiam
1906 2998 1939 3023 ad
1959 2999 2001 3030 id,

1047 3042 1077 3066 ut
1095 3048 1149 3067 non
1168 3040 1212 3070 sit,
1235 3041 1371 3072 pervenire
1392 3042 1556 3071 permittitur.

1117 3085 1128 3101 ⁷
1147 3086 1264 3116 August,
1286 3085 1363 3115 Epist.
1395 3084 1451 3109 tto.
1481 3084 1553 3116 (altas
1587 3086 1652 3116 120.)
1679 3092 1700 3110 c.
1722 3087 1745 3111 2.
1767 3093 1792 3111 n.
1814 3085 1842 3110 4:
1863 3086 1911 3117 Qui
1931 3088 1999 3112 enim

1048 3130 1139 3154 iniuste
1159 3136 1186 3153 se
1205 3129 1306 3154 ordinat
1325 3130 1349 3153 in
1371 3130 1481 3159 pcccatis
1501 3130 1566 3154 iuste
1586 3130 1721 3155 ordinatur
1740 3131 1764 3155 in
1785 3132 1884 3162 poenis.

1118 3172 1128 3189 Β
1147 3173 1214 3198 Multi
1235 3172 1312 3198 codd.
1332 3179 1432 3205 poena,
1454 3173 1511 3204 cod.
1531 3174 1551 3197 G
1570 3180 1656 3207 poena
1675 3175 1707 3199 et.

1118 3216 1128 3232 ⁹
1149 3217 1292 3247 Respicitur
1321 3217 1336 3241 1.
1366 3216 1431 3241 loan.
1452 3215 1482 3248 3Υ
1507 3216 1550 3241 l7:
1579 3217 1626 3248 Qui
1657 3217 1803 3242 habuerit...
1829 3221 1853 3243 et
1882 3218 2000 3244 clauserit

1047 3262 1146 3285 viscera
1167 3267 1212 3285 sua
1232 3259 1265 3285 ab
1286 3266 1316 3284 eo
1335 3263 1382 3285 etc.

1120 3303 1140 3319 ¹⁰
1161 3304 1233 3328 Vers.
1245 3304 1291 3328 ⁶22:
1303 3303 1491 3329 Misericordiae
1502 3304 1678 3337 Domini‚quia
1688 3312 1736 3329 non
1750 3305 1792 3337 [ita
1804 3308 1829 3330 ct
1842 3305 1898 3331 cod.
1910 3305 1942 3339 L]
1953 3310 1999 3332 etc.

1048 3362 1082 3366 —
1102 3349 1150 3373 Pro
1168 3347 1249 3379 insert
1277 3354 1326 3372 non
1357 3349 1431 3379 pauci
1461 3348 1536 3373 codd.
1565 3347 1668 3381 aufert,
1691 3349 1767 3374 codd.
1788 3350 1837 3374 GL
1857 3357 1887 3375 aa
1912 3350 2001 3382 legunt

1047 3398 1102 3417 non
1122 3392 1206 3417 totum
1225 3391 1326 3425 aufert,
1349 3391 1420 3425 quod
1437 3391 1515 3418 homo
1535 3396 1582 3418 etc.
