2483 3882
322 1464 354 1485 Ad
370 1463 452 1490 opposi-

362 1492 413 1511 tum.

465 266 526 297 916

463 354 501 385 de
519 353 717 384 damnatione
729 364 764 388 »;
789 351 812 383 si
838 360 912 391 ergo
929 350 1004 382 certi
1030 357 1158 386 sumus,
1176 347 1260 389 quod
1284 347 1410 388 reprobi

464 405 707 439 damnabuntur,
733 403 807 435 certi
826 411 937 434 sumus
961 403 1068 439 etiam,
1090 400 1174 442 quod
1199 399 1413 441 pulcritudine

465 467 523 489 11011
549 456 791 489 decorabuntur.

552 511 580 540 2.
607 509 696 545 item,
722 516 740 538 a
771 506 956 547 corporibus
988 506 1209 537 damnatorum
1243 514 1304 536 non
1329 503 1413 536 tolle-

466 566 516 593 tur
547 560 676 592 tarditas
708 567 763 590 nec
794 558 1000 599 passibilitas:
1033 567 1115 599 ergo*
1140 566 1196 589 nec
1231 557 1414 589 deformitas

465 612 616 644 consimili
644 612 771 643 ratione.
797 610 918 642 Prima
950 614 1051 651 patet,
1076 610 1223 651 quoniam
1254 608 1414 651 passibilia

464 668 556 697 erunt
581 664 800 695 damnatorum
826 672 958 704 corpora
982 666 1012 695 et
1036 662 1144 704 gravia
1159 662 1182 693 ¹:
1208 670 1283 703 ergo
1307 664 1365 693 etc.

553 716 582 748 3.
608 717 700 755 ltem,
725 716 809 758 quod
831 716 1045 748 deformitates
1064 715 1214 747 tollantur
1238 714 1277 746 ab
1294 713 1414 752 electis,

466 771 523 802 lioc
544 769 661 810 gratiae
686 772 749 806 est;
774 768 829 800 sed
853 768 940 800 nulla
965 768 1064 809 gratia
1088 767 1181 799 debet
1197 766 1263 799 fieri
1291 766 1417 799 damna-

466 823 519 854 tis:
546 831 620 862 ergo
645 821 684 853 ab
708 821 752 853 eis
777 821 990 853 deformitates
1014 829 1075 851 non
1100 820 1215 852 debent
1239 818 1366 851 auferri.
1400 833 1403 834 ⁷

554 875 583 906 [ι.
609 874 701 911 116111,
728 873 942 905 deformitates
970 873 1150 904 animarum
1180 872 1220 904 ab
1251 871 1417 904 animabus

466 936 526 958 non
551 926 721 958 tolluntur:
747 935 822 966 ergo
846 934 903 957 nec
926 934 943 957 a
968 925 1154 967 corporibus
1178 924 1297 956 ratione
1321 923 1417 956 consi-

467 980 546 1018 mili,
572 979 668 1010 immo
692 989 714 1011 a
738 978 888 1016 causet&
913 978 987 1020 quia
1019 978 1200 1010 deformitas
1232 977 1343 1018 culpae
1371 979 1418 1008 est

466 1041 560 1064 causa
585 1031 791 1063 deformitatis
815 1040 943 1072 poenae.
1148 1046 1151 1047 ⁷

557 1085 585 1116 5.
610 1084 702 1121 item,
735 1093 849 1124 corpus
885 1084 1040 1115 damnatis
1076 1082 1242 1114 animabus
1274 1082 1419 1114 redditur

466 1146 526 1168 non
552 1140 680 1178 propter
704 1137 945 1178 perfectionem,
969 1136 1024 1168 sed
1049 1139 1178 1176 propter
1197 1135 1348 1167 maiorem
1365 1144 1420 1176 pu-

467 1186 633 1227 nitionem3
658 1189 712 1222 sed
739 1189 921 1221 deformitas
944 1188 1086 1230 corporis
1110 1188 1268 1220 redundat
1296 1188 1327 1220 in
1352 1197 1421 1229 poe-

467 1252 536 1274 nam
562 1242 701 1274 animae:
733 1251 804 1274 cum
838 1250 913 1282 ergo
945 1250 1005 1273 non
1038 1241 1151 1273 debeat
1183 1241 1212 1272 in
1246 1241 1290 1273 eis
1321 1249 1421 1282 poena

467 1295 583 1333 minui,
609 1295 663 1327 sed
687 1295 816 1335 augeri,
841 1304 902 1326 non
926 1294 1020 1326 debet
1044 1303 1160 1335 corpus
1184 1303 1294 1326 eorum
1321 1294 1422 1326 defor-

469 1348 630 1380 mitatibus
654 1348 748 1387 exui,
772 1348 827 1380 sed
853 1347 988 1379 reindui.
1327 1377 1329 1379 ,

556 1401 698 1433 CONTRA:
728 1402 755 1432 1.
780 1400 1000 1432 Deformitates
1024 1399 1054 1432 in
1079 1399 1193 1432 effectu
1225 1399 1356 1432 veniunt
1380 1408 1419 1431 ex

467 1463 575 1486 errore
600 1453 725 1485 virtutis
749 1453 952 1494 producentis
967 1452 996 1491 ³3
1020 1453 1074 1485 sed
1100 1462 1232 1494 corpora
1257 1461 1422 1494 resurgen-

469 1508 547 1538 tium
573 1506 638 1538 sola
664 1506 765 1538 virtus
789 1506 896 1538 divina
921 1505 1054 1538 reficiet:
1080 1514 1155 1546 ergo
1180 1505 1204 1537 si
1223 1505 1276 1537 illa
1294 1514 1356 1537 non
1372 1514 1422 1546 po-

470 1564 528 1593 test
552 1568 677 1598 errare,
702 1558 895 1601 impossibile
919 1562 982 1597 est,
1008 1558 1090 1600 quod
1117 1558 1254 1591 habeant
1278 1558 1423 1590 deformi-

470 1617 572 1645 tatem.

556 1667 585 1698 2.
612 1666 704 1703 116111,
729 1664 861 1702 artifeX,
886 1664 938 1705 qui
964 1664 1110 1696 effectum
1132 1673 1204 1695 cum
1223 1663 1423 1696 deformitati-

468 1719 528 1751 bus
553 1718 715 1760 producit,
740 1726 801 1749 non
834 1717 949 1749 dicitur
982 1715 1205 1757 reforiizator,
1231 1717 1284 1748 sed
1318 1715 1424 1758 defor-

468 1775 596 1803 mcttor:
618 1779 692 1811 ergo
715 1771 739 1802 si
765 1770 849 1802 Deus
873 1778 1005 1810 corpora
1030 1769 1252 1801 damnatorum
1276 1778 1348 1801 cum
1374 1769 1424 1801 de-

470 1823 680 1855 formitatibus
704 1822 776 1854 facit
801 1830 986 1863 resurgere,
1010 1830 1071 1853 non
1104 1821 1197 1854 debet
1229 1821 1289 1854 dici
1320 1820 1424 1863 refor-

469 1880 590 1913 mator,
608 1875 662 1907 sed
681 1873 895 1916 deforiizator.
914 1874 972 1906 Sed
997 1874 1055 1906 1106
1078 1878 1126 1906 651
1146 1874 1249 1906 facere
1266 1878 1425 1906 contume-

472 1929 543 1960 liam
562 1928 620 1969 ipsi
638 1927 766 1966 artifici,
784 1936 878 1968 quam
896 1929 1019 1968 oportet
1043 1926 1133 1968 longe
1150 1936 1168 1958 a
1185 1926 1248 1958 Deo
1266 1926 1422 1968 relegare:

471 1990 545 2022 ergo
571 1980 657 2012 nullo
682 1980 775 2012 modo
800 1988 872 2012 cum
899 1979 1151 2012 deformitatibus
1175 1979 1330 2020 producit.

561 2033 589 2065 3.
615 2034 708 2071 ltem,
738 2032 872 2074 «optimi
907 2036 954 2064 est
985 2032 1140 2074 optimum
1172 2031 1424 2073 producere⁴»:

472 2086 496 2118 si
522 2095 596 2127 ergo
622 2085 704 2117 Deus
729 2085 866 2127 optimus
891 2088 937 2117 est
961 2084 1092 2123 artifex,
1118 2093 1192 2125 ergo
1217 2084 1334 2126 optima
1356 2083 1426 2115 arti-

472 2139 574 2171 ficiata
599 2138 764 2180 producit3
779 2138 834 2169 sed
853 2138 918 2178 ipse
935 2141 982 2169 est
997 2137 1112 2169 artifex
1130 2137 1159 2168 in
1178 2137 1426 2174 resurrectione,

473 2196 502 2224 et
527 2200 659 2233 corpora
684 2190 836 2223 deformia
860 2199 920 2221 non
947 2193 1020 2222 sunt
1044 2190 1123 2222 bene
1147 2190 1227 2222 sacta
1259 2199 1315 2222 nec
1347 2190 1428 2222 ordi-

473 2247 559 2275 nata:
586 2252 661 2285 ergo
686 2247 743 2275 etc.

561 2297 590 2328 [1.
618 2296 709 2337 item,
734 2299 782 2328 est
806 2296 884 2328 ordo
909 2295 1046 2337 partium
1072 2295 1103 2326 in
1128 2298 1208 2333 toto,
1226 2298 1256 2327 et
1280 2294 1357 2326 ordo
1382 2294 1427 2326 rei

473 2350 511 2381 ad
538 2349 651 2387 finem,
676 2353 706 2381 et
730 2349 853 2390 primus
886 2347 1013 2390 respicit
1044 2348 1246 2389 sapientiam,
1271 2347 1429 2380 secundus

474 2402 603 2444 respicit
627 2402 797 2434 bonitatem
813 2400 843 2440 5;
867 2401 922 2434 5611
948 2402 1049 2440 Deus,
1073 2411 1145 2434 cum
1172 2401 1210 2433 sit
1232 2401 1350 2441 bonus,
1368 2409 1429 2432 non

475 2459 577 2497 potest
600 2455 704 2487 facere
728 2463 794 2486 rem
825 2454 886 2487 fine
911 2458 1071 2486 carentem
1103 2454 1168 2486 sive
1200 2463 1218 2485 a
1250 2453 1311 2485 fine
1343 2453 1430 2485 deor-

472 2508 633 2540 -dinatam:
658 2516 733 2548 ergo
758 2516 829 2539 cum
855 2507 894 2538 sit
917 2515 1041 2539 summe
1073 2507 1213 2548 sapiens,
1238 2515 1298 2538 non
1329 2508 1430 2547 potest

475 2569 542 2592 rem
568 2560 745 2601 producere
770 2559 987 2591 deordinatam
1013 2563 1166 2600 quantum
1196 2559 1236 2590 ad
1268 2558 1429 2597 ordinem,

475 2613 530 2654 qui
555 2616 602 2645 est
628 2613 763 2654 partium
790 2612 819 2643 in
845 2615 925 2643 toto:
951 2621 1026 2653 ergo
1050 2620 1106 2643 nec
1131 2610 1354 2643 deformitates.

567 2665 722 2703 5.116111,
757 2674 776 2696 a
810 2665 994 2707 damnatis⁶
1030 2665 1191 2697 auferetur
1228 2663 1429 2701 deformitas,

478 2727 558 2759 quae
583 2722 629 2750 est
654 2727 710 2759 per
735 2718 994 2756 diininutione1n;
1026 2717 1111 2750 unde
1144 2718 1167 2749 si
1200 2720 1285 2749 caret
1317 2725 1430 2755 manu,

478 2780 539 2802 non
565 2770 684 2802 carebit
708 2780 821 2802 manu:
848 2779 922 2811 ergo
947 2769 1013 2811 pari
1041 2769 1160 2801 ratione
1184 2772 1214 2801 et
1231 2769 1430 2806 deformitas,

480 2831 560 2864 quae
585 2826 631 2854 cst
655 2832 693 2854 ex
721 2822 954 2864 superfluitate,
981 2825 1010 2854 et
1036 2822 1093 2860 ita,
1112 2826 1146 2853 ut
1170 2822 1305 2860 videtur,
1330 2821 1431 2853 omnis

479 2875 669 2907 deformitas.

1222 261 1505 293 SENTENTIARUM
1531 261 1597 291 [ΑΒ.
1621 261 1668 292 lV.

1830 356 2069 379 CONCLUSIO.

1568 450 1716 492 Corpora
1738 451 1957 492 reproborum
1980 456 2153 494 resurgent
2177 462 2252 484 oum
2269 454 2341 485 sitis

1814 502 2089 545 deformitatibus.

1568 609 1765 641 REspoNnEo:
1791 609 1983 647 Dicendum,
2008 610 2092 650 quod
2115 610 2307 651 Augustinus
2324 611 2353 643 in
2372 612 2426 644 En·
2440 622 2483 645 Nou

1480 661 1633 693 chiridio⁷
1651 661 1741 693 istam
1760 661 1974 703 quaestionem
1992 661 2120 694 dimittit
2137 663 2303 695 insolutam
2316 689 2323 702 ,
2340 665 2429 705 quasi

1480 722 1542 745 non
1566 714 1605 745 sit
1629 722 1760 755 magnae
1784 713 1945 752 utilitatis;
1969 717 2106 747 attamen
2131 724 2202 747 cum
2228 716 2364 757 assignet
2385 726 2431 749 ra-

1481 766 1615 805 tionem,
1640 775 1738 808 quare
1763 766 1845 798 circa
1870 766 1928 798 1106
1952 775 2014 798 11011
2039 767 2131 799 debet
2155 767 2309 807 laborari,
2334 769 2432 801 deter-

1481 818 1682 851 minationem
1708 818 1899 859 quaestionis
1924 819 2014 851 nobis
2039 819 2158 851 tribuit.
2183 820 2265 853 Dum
2289 822 2372 853 enim
2390 822 2432 854 di-

1481 871 1539 909 cit,
1564 871 1648 913 quod
1672 880 1734 903 non
1759 871 1851 903 debet
1875 880 1931 903 nos
1960 871 2127 904 molestare
2160 873 2318 914 inquisitio
2351 874 2433 907 circa

1481 924 1727 965 pulcritudinem
1739 923 1818 962 ,ubi
1842 927 1889 955 est
1913 924 2069 956 certitudo
2086 924 2168 957 circa
2185 925 2432 965 damnationem;

1483 977 1507 1009 si
1532 976 1614 1008 enim
1639 976 1678 1008 ad
1712 976 1769 1008 boc
1802 980 1990 1017 resurgunt,
2017 980 2051 1008 111
2082 977 2289 1017 damnentur,
2314 988 2375 1010 non
2399 983 2434 1012 ut

1483 1028 1638 1067 melioris,
1664 1029 1719 1060 sed
1742 1031 1777 1060 ut
1800 1029 1916 1070 peioris
1944 1029 2006 1061 sint
2037 1029 2240 1069 conditionis3
2271 1031 2433 1064 manifeste

1483 1085 1630 1123 apparet,
1663 1081 1748 1123 quod
1780 1090 1841 1113 non
1874 1081 2000 1113 dabitur
2032 1082 2076 1114 eis
2107 1082 2311 1123 pulcritudo,
2338 1087 2433 1125 quam
2447 1093 2483 1116 con

1483 1144 1544 1168 non
1570 1134 1768 1173 babuerunt,
1790 1142 1847 1166 nec
1871 1134 2033 1166 auferetur
2054 1134 2254 1174 deformitas,
2272 1145 2366 1177 quam
2384 1137 2434 1169 ha-

1485 1187 1632 1219 buerunt.
1658 1187 1745 1219 Unde
1769 1187 1853 1219 Deus
1877 1190 2030 1228 quantum
2055 1187 2093 1219 ad
2119 1196 2172 1219 eos
2195 1192 2242 1220 est
2266 1198 2366 1230 purus
2389 1199 2435 1221 re-

1484 1238 1669 1281 formator,
1700 1239 1774 1280 quia
1805 1239 1980 1271 secundum
2012 1239 2144 1271 eandem
2177 1240 2309 1272 formam
2343 1241 2436 1273 refor-

1484 1296 1566 1331 mat,
1591 1301 1684 1334 quam
1710 1292 1755 1324 eis
1779 1296 1893 1324 natura
1909 1292 2003 1325 dedit
2031 1293 2061 1324 in
2094 1293 2294 1334 generatione
2325 1294 2435 1335 prima-

1486 1346 1541 1379 ria.
1558 1364 1602 1367 —
1618 1345 1649 1377 In
1667 1354 1729 1387 qua
1746 1345 1967 1379 reformatione
1992 1350 2123 1387 apparet
2146 1346 2200 1378 Dei
2225 1347 2389 1388 sapientia
2406 1350 2435 1380 et
2445 1351 2483 1378 coi¹

1485 1398 1633 1430 iustitia.-
1658 1397 1841 1439 sapientia,
1866 1398 1940 1439 quia
1963 1399 2021 1431 scit
2045 1399 2171 1430 omnino
2203 1400 2314 1431 eodem
2346 1400 2436 1433 modo

1487 1460 1652 1493 reparare,
1677 1451 1758 1483 sicut
1789 1454 1859 1482 ante
1892 1451 1950 1482 fuit
1967 1451 1997 1490 ⁸3
2028 1451 2177 1489 iustitia,
2204 1455 2255 1490 ut,
2280 1452 2361 1485 sicut
2384 1453 2437 1494 qui

1486 1504 1603 1536 meruit
1626 1504 1657 1535 in
1681 1512 1813 1544 corpore
1838 1503 1966 1544 pulcro,
1991 1508 2213 1536 remuneretur
2238 1505 2355 1537 ineius
2372 1505 2438 1547 pul-

1487 1556 1659 1594 critudine3
1685 1555 1728 1588 sic
1753 1555 1806 1597 qui
1837 1555 1866 1587 in
1897 1555 1980 1596 turpi
2011 1556 2151 1597 peccavit
2182 1557 2211 1588 in
2245 1557 2312 1589 eius
2344 1557 2438 1598 turpi-

1487 1609 1596 1641 tudine
1620 1608 1755 1640 cruciari
1780 1607 1890 1646 dehet,
1915 1617 1970 1640 nec
1995 1608 2095 1640 debet
2109 1608 2246 1647 auferri,
2264 1609 2319 1641 sed
2336 1609 2438 1650 potius

1487 1660 1679 1694 confirmari.
1703 1679 1746 1684 —
1770 1661 1805 1692 Et
1837 1660 1973 1692 rationes
2008 1660 2067 1693 hoc
2102 1661 2300 1693 ostendentes
2336 1670 2438 1694 conce-

1487 1713 1609 1746 dendae
1634 1716 1716 1745 sunt.

1580 1767 1606 1797 1.
1631 1765 1674 1798 Ad
1700 1765 1778 1797 illud
1810 1773 1885 1806 ergo
1908 1765 2001 1807 vquod
2033 1766 2179 1798 obiicitur
2212 1766 2330 1807 primo,
2355 1766 2438 1808 quod
2462 1775 2483 1797 Su

1489 1819 1573 1852 venit
1604 1828 1644 1851 ex
1677 1827 1785 1851 errore
1818 1818 1961 1857 virtutis,
1993 1818 2178 1857 dicendum,
2211 1819 2295 1860 quod
2327 1828 2436 1852 verum
2450 1807 2483 1829 ⁹⁰⁵

1488 1875 1535 1904 est
1559 1872 1591 1904 in
1615 1871 1796 1913 operatione
1819 1874 1983 1908 naturae,
2009 1880 2089 1912 quae
2113 1872 2259 1913 producit
2275 1872 2436 1911 effectum,

1488 1928 1606 1966 quanto
1630 1924 1745 1956 melius
1770 1927 1888 1965 potest3
1905 1924 1958 1956 sed
1977 1933 2039 1956 non
2057 1924 2100 1956 516
2117 1924 2148 1956 111
2165 1925 2345 1966 operatione
2361 1925 2420 1957 Dei
2429 1950 2436 1962 ,
2449 1932 2483 1954 Not

1489 1978 1541 2019 (1111
1568 1987 1629 2009 11011
1653 1981 1796 2018 reparat,
1822 1977 1996 2009 secundum
2018 1977 2103 2018 quod
2120 1977 2233 2010 melius
2249 1981 2366 2019 potest,
2384 1978 2437 2011 sed

1489 2030 1664 2063 secundum
1690 2030 1774 2071 quod
1800 2029 1919 2062 meritis
1942 2030 2010 2062 eius
2035 2030 2146 2062 melius
2170 2030 2324 2071 congruit.

1579 2085 1608 2115 Ξ.
1634 2083 1676 2115 Ad
1701 2082 1799 2120 illud,
1822 2082 1907 2123 quod
1922 2082 1933 2097 ⁹
1958 2082 2135 2123 producens
2164 2083 2310 2115 effectum
2341 2083 2438 2115 defor-

1491 2144 1572 2168 mem
1598 2139 1645 2167 est
1669 2135 1878 2173 deformator3
1904 2134 2090 2173 dicendum,
2115 2135 2198 2176 quod
2232 2135 2361 2168 effectus
2391 2135 2438 2167 de-

1491 2188 1600 2220 formis
1624 2188 1798 2229 productus
1821 2190 1923 2228 potest
1947 2187 2115 2229 dupliciter
2148 2188 2357 2220 considerari:
2386 2190 2438 2220 aut
2450 2195 2480 2216 Dis

1491 2241 1653 2278 absolute,
1680 2243 1734 2272 aut
1759 2240 1793 2271 in
1818 2240 2075 2281 comparatione.
2100 2240 2129 2272 Si
2148 2240 2312 2278 absolute,
2330 2249 2436 2273 verum

1492 2297 1556 2331 est;
1580 2294 1605 2326 si
1638 2297 1742 2325 autem
1776 2293 1811 2324 in
1843 2292 2089 2334 comparatione.
2120 2293 2159 2325 ad
2192 2294 2358 2332 meritum,
2390 2296 2441 2325 aut

1492 2347 1531 2378 ad
1558 2346 1796 2388 praecedentem
1821 2348 1955 2384 statum,
1980 2355 2040 2377 non
2073 2349 2120 2378 est
2152 2355 2272 2378 verum.
2306 2347 2340 2378 Et
2373 2355 2442 2388 quo·
2482 2336 2483 2374 1

1492 2399 1575 2435 niam
1606 2399 1736 2432 effectus
1768 2397 1915 2439 competit
1946 2398 2065 2430 meritis
2098 2398 2336 2438 damnatorum,
2366 2407 2441 2431 com-

1493 2451 1571 2493 petit
1594 2450 1797 2485 nibilominus
1823 2451 1916 2483 statui
1946 2451 2133 2492 praeterit03
2158 2451 2226 2484 ideo
2259 2452 2329 2484 talis
2359 2461 2441 2493 repa·
2481 2447 2483 2484 ἱ

1495 2505 1574 2536 ratio
1599 2513 1659 2535 non
1684 2502 1893 2546 cleforiizcttio,
1912 2503 1965 2536 sed
1991 2502 2187 2546 reformatio
2209 2508 2239 2537 et
2260 2503 2440 2546 conforma-

1495 2556 1655 2588 tiodebet
1687 2556 1757 2589 dici.
1777 2575 1816 2578 —
1835 2556 1870 2588 Et
1897 2560 1944 2588 est
1968 2556 2150 2598 exemplum
2175 2557 2205 2588 in
2230 2557 2365 2596 artifice,
2380 2556 2475 2599 vquiEi

1495 2609 1650 2650 picturam
1676 2608 1792 2640 diaboli
1815 2609 1887 2641 facit
1912 2612 2055 2650 turpem,
2079 2609 2146 2650 ipse
2170 2609 2251 2641 enim
2284 2619 2344 2642 non
2372 2609 2439 2642 dici·
2479 2641 2481 2652 ‚

1497 2666 1546 2694 tur
1571 2660 1786 2704 deformator,
1813 2662 1866 2694 sed
1893 2661 2131 2703 eonforiizcttor,
2155 2663 2227 2703 quia
2252 2662 2437 2703 conformem
2479 2659 2481 2670 ¹

1494 2714 1588 2746 statui
1622 2714 1774 2746 diabolico
1807 2714 1960 2755 picturam
1994 2714 2082 2753 facit,
2108 2716 2252 2756 quamvis
2283 2716 2313 2747 in
2346 2724 2378 2748 56
2400 2714 2440 2756 111-
2478 2708 2480 2715 ’

1495 2771 1585 2799 ctura
1609 2767 1648 2798 sit
1673 2767 1832 2798 deformis.
1864 2767 1912 2798 Sic
1947 2767 2038 2798 etiam
2077 2767 2105 2798 in
2143 2768 2301 2809 proposito
2336 2766 2439 2799 intelli·
2477 2787 2479 2801 l

1495 2820 1643 2861 gendum.

1585 2872 1615 2904 3.
1641 2873 1682 2904 Ad
1716 2872 1793 2904 illud
1827 2872 1910 2913 quod
1948 2872 2103 2911 obiicitur,
2136 2873 2217 2913 quod
2254 2873 2359 2914 optimi
2396 2874 2438 2903 est

554 3083 562 3098 1
583 3082 632 3108 Cfr.
653 3090 732 3114 snpra
759 3083 793 3107 lit.
822 3083 948 3114 Magistri,
976 3082 999 3107 d.
1020 3082 1102 3107 XLlll.
1129 3090 1149 3106 c.
1170 3082 1193 3113 7,
1214 3086 1239 3106 ct
1258 3082 1322 3106 infra
1348 3082 1372 3106 d.
1393 3081 1433 3106 49.

482 3135 506 3158 11.
529 3128 552 3151 11.
574 3132 633 3152 sect.
656 3128 678 3151 2.
699 3135 721 3151 a,
743 3128 765 3151 3.
787 3135 810 3158 ‘l·
837 3128 854 3151 1.

552 3171 562 3186 2
584 3171 649 3195 Vide
669 3178 747 3202 supra
768 3178 828 3202 pag.
851 3172 914 3202 1103,
936 3173 993 3195 nota
1018 3171 1055 3195 10.

552 3214 562 3230 3
582 3215 632 3239 Cfr.
653 3215 762 3245 Aristot.,
784 3215 808 3238 ΙΙ.
830 3215 904 3244 Phys.
926 3217 982 3239 text.
1005 3216 1047 3239 82.
1069 3207 1142 3246 561111.
1163 3215 1196 3246 (c.
1218 3215 1262 3246 8.).

553 3257 562 3273 4
583 3259 731 3283 secundum
753 3258 865 3289 Dionys„
887 3258 919 3283 de
939 3258 995 3283 Div⁴
1015 3258 1088 3283 Nom.
1109 3265 1130 3283 c.
1152 3257 1175 3283 4.
1191 3258 1205 3289 ξ]
1222 3258 1261 3282 19.
1276 3257 1325 3282 Cfr.
1341 3261 1400 3282 10111.
1416 3257 1432 3281 l.

484 3308 544 3332 pag.
564 3302 628 3331 720,
650 3306 706 3326 nota
728 3302 754 3325 7.

555 3344 566 3360 5
587 3344 651 3369 Vide
672 3345 685 3368 l.
708 3346 774 3369 Sunt.
797 3345 820 3369 d.
852 3345 891 3369 44.
919 3353 941 3369 a.
975 3346 994 3370 l.
1024 3352 1048 3377 (1.
1075 3345 1099 3369 3.
1122 3345 1145 3369 in
1166 3352 1238 3376 corp.
1259 3358 1291 3361 —
1311 3344 1368 3369 Mox
1387 3351 1435 3375 pro

486 3386 669 3412 (lrorde'imtmn
691 3388 750 3412 cdd.
770 3387 978 3413 (leortlinanlem.

1569 3080 1580 3096 ‘³
1599 3080 1661 3105 Cod.
1682 3080 1718 3105 bb
1747 3079 1881 3112 reprobis,
1904 3080 1943 3104 alii
1973 3080 2047 3105 codd⁴
2079 3084 2103 3105 et
2128 3080 2169 3105 ed.
2194 3081 2201 3104 l
2230 3079 2328 3110 electis,
2350 3078 2404 3104 cod.
2424 3077 2437 3102 F
2474 3066 2476 3104 J

1499 3124 1584 3150 electis
1604 3126 1628 3150 el
1646 3124 1725 3150 etiam
1752 3123 1878 3157 reprobis.
1900 3125 1957 3149 l‘ost
1985 3123 2055 3149 mide
2073 3123 2097 3149 si
2115 3124 2171 3149 cod.
2192 3123 2212 3148 O
2236 3124 2338 3155 supplet
2360 3127 2436 3152 ritino,
2474 3118 2476 3156 1

1500 3170 1555 3194 vat.
1575 3168 1667 3200 morlo,
1690 3176 1756 3200 quae
1776 3169 1851 3193 etiam
1872 3168 1961 3193 verbis
1979 3174 2033 3193 ‘non
2053 3167 2151 3193 carebit
2171 3169 2307 3199 111-(1611111111
2327 3168 2394 3192 tumn
2473 3176 2475 3206 1

1569 3213 1579 3229 7
1598 3212 1659 3244 Cap⁴
1681 3213 1722 3237 92.
1742 3220 1765 3237 11.
1787 3213 1827 3237 23.
1847 3225 1883 3230 —-
1901 3212 2006 3236 insci-ius
2026 3219 2073 3242 pro
2094 3210 2186 3237 tribuit
2203 3211 2261 3236 edd.
2281 3210 2373 3236 iamim.
2473 3210 2474 3213 ’

1569 3256 1580 3272 8
1599 3256 1661 3281 Edd.
1681 3255 1755 3288 fecit,
1778 3256 1834 3281 cod.
1858 3256 1877 3279 V
1896 3254 1969 3288 facit.
2472 3253 2474 3271 ¹

1569 3300 1579 3316 ⁹
1599 3300 1679 3326 Codd.
1700 3300 1745 3324 LZ
1766 3307 1795 3324 aa
1815 3299 1914 3324 addunt
1932 3298 2069 3330 obiicitur,
2086 3298 2163 3332 quod⁴
2184 3299 2231 3323 Pro
2245 3297 2369 3332 deforiitis
2382 3295 2436 3321 edd.
2472 3292 2473 3334 1

1498 3343 1659 3377 deformiter.
2471 3343 2473 3375 1
