2483 3882
848 246 1058 278 DISTINCTIO
1082 246 1207 278 XXXIX.

51 335 181 376 ligamen
207 334 346 375 primum
371 334 528 374 solvatur,
553 334 666 376 poterit
691 334 865 367 secundum
890 335 994 366 matri-

50 386 187 419 monium
212 389 304 419 stare.

136 438 225 479 Quod
250 439 431 480 quaeritur,
455 443 582 478 utrum,
608 439 730 471 vivente
754 440 873 481 prima,
898 439 995 481 possit

2 500 41 521 est·
51 491 218 525 secundam
243 492 309 524 sine
333 495 459 533 peccato
484 500 692 533 cognoscere;
717 491 791 524 dicit
814 492 960 533 Magister
973 492 994 531 ¹,

49 544 129 587 quod
155 544 216 582 sic,
240 543 265 576 si
290 544 402 576 reddat
426 544 566 576 debitum
592 543 775 585 compulsus
791 544 831 576 ab
850 544 993 577 Ecclesia.

1944 248 2006 280 829

1058 334 1115 367 Sed
1142 334 1220 367 illud
1245 335 1338 367 hodie
1370 344 1429 366 non
1455 338 1595 374 tenetur,
1620 335 1694 376 quia
1718 334 1926 367 ecclesiastica
1957 343 2007 366 ex-

1059 387 1299 420 communicatio
1323 397 1382 419 non
1413 387 1529 429 obligat
1560 388 1599 419 ad
1631 387 1803 420 faciendam
1836 387 2010 419 fornicatio-

1059 449 1129 472 nem
1154 449 1211 473 nec
1234 444 1386 480 excusat3
1410 444 1440 473 et
1463 440 1534 473 ideo
1559 440 1628 473 talis
1653 449 1713 472 non
1739 440 1831 472 debet
1856 439 2008 473 Ecclesiae

1059 492 1205 532 obedire,
1222 496 1252 524 et
1269 493 1326 525 hoc
1344 493 1478 525 habetur
1503 493 1616 533 Extra,
1641 493 1680 525 de
1704 493 1860 525 Sententia
1884 501 2007 526 excom-

1059 545 1278 578 municationis
1292 545 1302 560 ²
1313 571 1321 585 ,
1345 545 1565 588 Inqztz'sz'lz'om'.

740 745 1066 787 DISTINOTIO
1096 746 1308 787 XXXIX.

464 933 531 964 CAP.
554 933 574 963 I.

368 1032 410 1061 De
432 1030 554 1070 dispari
574 1030 664 1060 culm.

122 1129 191 1158 Post
213 1128 289 1158 haec
311 1127 348 1157 de
364 1127 477 1166 dispari
493 1127 577 1157 cultu
599 1126 761 1156 videndum
778 1129 830 1156 est.
853 1126 934 1156 Haec
950 1129 995 1155 est

45 1177 122 1207 enim
145 1184 205 1206 una
228 1176 265 1205 de
286 1175 400 1211 causis,
424 1175 535 1214 quibus
558 1183 704 1213 personae
727 1174 898 1213 illegitimae
920 1174 996 1203 fiunt

45 1226 82 1257 ad
102 1224 341 1255 contrahendum
363 1223 597 1254 matrimonium.
620 1223 685 1253 Non
709 1223 788 1253 enim
817 1223 887 1252 licet
915 1222 995 1252 Chri-

45 1274 141 1304 stiano
173 1281 240 1303 cum
266 1272 368 1311 gentili
395 1271 441 1301 vel
470 1271 580 1302 Iudaea
611 1271 686 1300 inire
707 1271 893 1309 coniugium,
923 1271 994 1309 quia

45 1323 135 1353 etiam
158 1322 186 1351 in
209 1321 302 1351 veteri
325 1323 502 1350 testamento
530 1319 717 1358 prohibitum
740 1322 799 1356 est,
827 1319 930 1349 fideles
953 1320 995 1348 vi-

44 1380 93 1401 ros
110 1370 245 1400 infideles
261 1369 372 1400 ducere
391 1377 516 1404 uxoreS,
539 1368 665 1398 Domitio
680 1368 799 1397 dicente
812 1367 838 1397 ¹:
860 1368 931 1398 Non
953 1377 997 1397 ae-

45 1418 135 1458 cipies
156 1427 266 1448 umores
288 1416 324 1447 de
343 1416 469 1457 filiabus
490 1416 737 1456 alieulqemcrum
759 1415 834 1455 filiis
857 1415 935 1450 tuis,
958 1424 995 1445 ne

46 1466 206 1497 traducant
226 1475 273 1496 eos
294 1470 361 1505 post
383 1464 451 1495 deos
472 1474 551 1495 suos.
573 1465 659 1495 quta
682 1464 740 1494 1100
768 1465 886 1494 Domini
909 1472 996 1503 prae-

44 1518 163 1554 ceptum
180 1514 358 1544 Iudaeorum
372 1514 511 1551 coniugia
527 1522 596 1543 cum
613 1513 787 1550 alienigenis
800 1513 872 1543 inita
883 1513 995 1543 Esdras

44 1563 203 1603 separavit.
227 1563 290 1593 Hoc
312 1562 391 1592 idem
424 1562 512 1592 etiam
543 1562 572 1591 in
596 1570 673 1592 novo
697 1565 872 1592 testamento
895 1570 996 1592 serva-

0 1629 28 1645 ns.
43 1616 99 1643 tur.
115 1612 201 1642 Unde
218 1610 436 1649 Augtistinu52:
459 1610 526 1640 «Ne
541 1610 634 1640 nubat
653 1611 774 1648 semina,
790 1611 847 1640 nisi
862 1619 935 1640 suae
953 1619 996 1640 re-

41 1661 159 1700 ligionis
175 1661 254 1696 viro,
270 1659 316 1689 vel
332 1668 368 1689 ne
383 1660 429 1689 vir
446 1659 533 1689 talem
549 1659 640 1689 ducat
656 1667 789 1689 uxorem.
806 1659 837 1688 Id
853 1660 946 1695 enim,
963 1662 995 1689 ut

43 1710 133 1745 dicis,
149 1708 233 1739 iubet
254 1708 412 1743 Dominus,
429 1707 518 1737 docet
532 1707 708 1746 Apostolus,
731 1711 893 1746 utrumque
912 1716 996 1746 prae-

0 1775 27 1791 15.
42 1758 115 1797 cipit
136 1761 388 1788 testamentum».
407 1757 478 1786 Item
502 1756 713 1786 Anibrosius⁸:
738 1756 851 1793 «Cave,
875 1756 995 1786 Christi-

42 1815 110 1843 ane,
136 1806 237 1845 gentili
268 1805 314 1835 vel
337 1805 447 1836 Iudaeo
475 1805 566 1835 filiam
591 1809 672 1835 tuam
694 1805 829 1841 tradere3
853 1812 936 1840 cave,
958 1813 995 1834 ne

39 1854 179 1895 gentilem
207 1854 252 1884 vel
275 1854 415 1884 Iudaeam
448 1853 495 1883 vel
517 1853 731 1892 alienigenam,
758 1852 787 1882 id
809 1856 853 1882 est
868 1853 995 1883 baereti-

41 1913 121 1942 cam,
144 1906 173 1933 et
194 1911 313 1933 omnem
342 1902 470 1933 alienam
493 1910 509 1932 a
536 1902 595 1932 fide
623 1906 672 1932 tua
702 1910 827 1932 uxorem
856 1910 996 1932 accersas

41 1952 94 1982 tibi
110 1965 137 1981 n.
153 1952 242 1981 Item:
270 1963 281 1977 «
298 1950 327 1981 Si
344 1951 412 1989 quis
433 1950 577 1987 Iudaeae,
599 1950 663 1980 sive
678 1949 846 1980 Christiana
868 1949 995 1986 Iudaeo,

42 2001 105 2030 sive
126 1999 236 2030 Iudaea
251 1998 422 2029 Christiano
445 1998 557 2029 carnali
573 1998 725 2028 consortio
745 1998 917 2034 misceatur,
934 1998 998 2037 qui-

43 2056 173 2087 cumque
189 2050 302 2077 tantum
319 2047 401 2077 nefas
416 2047 584 2082 admiserit,
600 2055 617 2076 a
639 2047 803 2077 christiano
826 2049 914 2077 coetu
929 2055 996 2085 pro-

44 2096 122 2126 tinus
144 2099 360 2134 segregetur».
374 2112 414 2117 —
429 2095 474 2124 Ex
496 2095 543 2124 his
561 2095 689 2133 aliisque
705 2095 844 2133 pluribus
865 2095 994 2124 testimo-

10 2155 28 2176 1.
44 2145 100 2175 niis
122 2148 265 2183 apparet,
287 2152 345 2174 non
368 2152 457 2182 posse
473 2143 610 2173 contrahi
632 2144 805 2181 coniugium
825 2144 863 2173 ab
878 2144 926 2173 his
941 2144 993 2183 qui

44 2196 112 2223 sunt
134 2192 272 2223 diversae
293 2191 447 2230 religionis
469 2195 497 2222 et
516 2192 594 2222 fidei.

453 2288 521 2318 CAP.
544 2288 576 2318 ΙΙ.

54 2385 95 2415 De
117 2384 257 2425 com'uyz‘o
276 2383 377 2424 fidelis
398 2389 424 2414 et
445 2383 579 2424 infidelis
600 2389 627 2414 et
648 2384 781 2415 duorum
803 2384 984 2425 infidelium.

122 2481 199 2511 Huic
221 2484 321 2511 autem
344 2481 464 2511 videtur
490 2481 614 2511 obviare
636 2481 717 2520 quod
744 2481 929 2520 Apostolus4
955 2482 997 2512 ait

46 2529 83 2559 de
112 2529 279 2568 imparibus
301 2529 466 2568 coniugiis:
490 2530 553 2568 qu
575 2528 654 2563 dico,
683 2538 746 2559 non
772 2528 942 2559 Dominus:
964 2529 998 2559 Si

46 2577 112 2616 quis
132 2578 229 2617 frater
255 2577 342 2608 habet
363 2586 490 2608 umorem
511 2576 683 2617 infidelem,
705 2581 732 2606 et
759 2577 831 2607 haec
852 2577 998 2607 consentit

49 2624 184 2656 habitare
207 2635 275 2656 eum
297 2625 371 2661 illo,
393 2635 456 2656 non
478 2625 612 2655 dimittat
634 2625 745 2662 illatum
766 2625 835 2655 etsi
854 2635 914 2665 qua
934 2635 999 2656 mu-

0 2688 35 2704 tus.
51 2673 106 2704 tier
128 2677 183 2704 etc.
206 2674 264 2705 Sed
293 2687 305 2700 «
320 2674 401 2704 aliud
430 2674 489 2704 hoc
511 2682 590 2710 esse,
613 2674 695 2704 aliud
725 2674 814 2710 illud,
844 2674 998 2714 evidenter

48 2723 176 2753 ostendit
199 2723 385 2761 Augustinus
396 2723 415 2752 ⁵.
432 2723 473 2753 Ibi
497 2723 575 2753 enim
598 2723 697 2760 agitur
712 2722 749 2753 de
772 2722 830 2752 illis
852 2723 1000 2760 coniugiis

1059 933 1192 963 fidelium
1209 937 1237 964 et
1252 934 1433 972 infidelium,
1449 943 1527 973 quae
1549 936 1768 967 contrahuntur
1790 937 1827 967 ab
1844 937 1887 967 eis
1909 937 1938 967 in
1954 937 2011 967 dis-

1059 982 1125 1020 pari
1156 982 1299 1021 religione
1321 986 1350 1013 et
1378 983 1436 1013 fide
1459 984 1657 1014 manentibus.
1681 985 1842 1023 Apostolus
1864 994 1935 1015 vero
1952 986 2012 1024 agit

1059 1030 1097 1060 de
1129 1030 1187 1060 illis
1219 1032 1271 1069 qui
1304 1031 1392 1061 unius
1426 1032 1622 1071 eiusdemque
1654 1033 1837 1064 infidelitatis
1873 1034 2011 1072 suerunt,

1060 1079 1181 1116 quando
1205 1079 1355 1109 coniuncti
1378 1083 1460 1115 sunt3
1485 1080 1538 1110 sed
1560 1089 1629 1110 cuin
1653 1082 1783 1111 veniSset
1798 1082 2010 1120 Evangelium‚

1059 1126 1134 1156 alter
1149 1127 1212 1157 sine
1229 1127 1321 1157 altera
1338 1128 1476 1157 credidit.
1492 1128 1671 1167 Intelligisne
1686 1130 1758 1168 quid
1775 1130 1892 1160 dicam?
1904 1143 1916 1156 »
1938 1143 1950 1156 «
1964 1130 2013 1160 At·
2022 1139 2161 1166 Augustinus.

1059 1175 1162 1211 tende,
1186 1179 1295 1206 utrem
1318 1177 1414 1215 ipsam
1433 1177 1605 1215 diligentius
1628 1178 1796 1217 explanem.
1811 1180 1890 1209 Ecce
1911 1180 2012 1210 coniu-

1058 1232 1110 1262 ges
1133 1224 1193 1254 duo
1215 1225 1304 1254 unius
1334 1225 1517 1255 infidelitatis
1545 1226 1677 1264 fuerunt,
1708 1227 1828 1265 quando
1858 1229 2011 1258 coniuncti

1059 1275 1144 1308 sunt;
1166 1272 1245 1302 nulla
1270 1273 1307 1302 dc
1330 1273 1376 1302 1115
1398 1273 1533 1312 quaestio
1557 1277 1617 1309 est,
1640 1283 1717 1313 quae
1739 1275 1888 1313 pertineat
1917 1276 1954 1306 ad
1977 1276 2012 1306 il-

1059 1320 1110 1350 lud
1134 1324 1330 1359 praeceptum
1354 1322 1463 1351 veteris
1486 1326 1514 1351 et
1529 1323 1597 1352 novi
1622 1324 1807 1361 testamenti,
1829 1332 1889 1363 quo
1912 1324 2012 1363 prohi-

1059 1368 1148 1398 betur
1163 1369 1259 1398 fidelis
1281 1378 1349 1399 cum
1366 1370 1478 1400 infideli
1501 1371 1646 1409 copulare
1661 1372 1843 1410 coniugium.
1866 1373 1926 1403 Iam
1942 1376 2012 1403 sunt

1059 1418 1223 1454 coniuges,
1252 1421 1281 1447 et
1311 1418 1399 1448 ambo
1429 1419 1529 1448 adhuc
1558 1423 1627 1449 sunt
1656 1419 1809 1456 infideles;
1842 1421 1914 1450 tales
1943 1425 2012 1451 sunt

1060 1465 1176 1501 adhuc,
1199 1466 1303 1504 quales
1320 1467 1471 1496 coniuncti
1495 1471 1572 1498 sunt.
1588 1468 1737 1506 Venitqne
1759 1469 1911 1506 Evangelii
1928 1478 2012 1508 prae-

1060 1513 1187 1551 dicator,
1209 1514 1339 1544 credidit
1361 1523 1465 1544 eorum
1488 1524 1565 1545 unus
1588 1515 1633 1545 vel
1657 1525 1732 1553 una,
1754 1517 1806 1546 sed
1830 1517 1886 1552 ita,
1916 1522 1947 1547 ut
1971 1518 2012 1547 in—

1059 1562 1156 1592 fidelis
1178 1570 1246 1592 cum
1271 1562 1350 1592 fideli
1373 1563 1510 1593 habitare
1528 1564 1707 1600 consentiat,
1730 1573 1788 1594 non
1811 1565 1894 1595 iubet
1916 1565 2012 1595 Domi-

1060 1619 1129 1646 nus,
1152 1614 1185 1640 ut
1206 1611 1303 1640 fidelis
1329 1611 1479 1641 infidelem
1503 1611 1633 1642 dimittat
1659 1612 1756 1642 taliter
1777 1614 2011 1644 coniunctum».

1067 1670 1079 1684 «
1094 1658 1156 1688 Nec
1177 1659 1338 1697 Apostolus
1360 1658 1458 1694 lubet,
1481 1663 1513 1689 ut
1536 1668 1593 1689 non
1616 1660 1761 1697 dimittat,
1784 1661 1837 1690 sed
1859 1662 2007 1698 consulit,

1060 1710 1105 1742 ut,
1120 1707 1145 1736 si
1161 1708 1228 1745 quis
1250 1707 1337 1737 aliter
1359 1711 1441 1746 agat,
1464 1716 1522 1738 non
1538 1708 1576 1738 sit
1599 1711 1813 1746 transgressor,
1836 1710 1915 1739 sicut
1930 1713 1959 1740 et
1975 1710 2013 1740 de

1061 1755 1228 1792 virginibus
1250 1756 1421 1786 consulit».
1449 1769 1462 1782 «
1478 1757 1581 1787 Monet
1603 1765 1689 1795 ergo,
1711 1757 1792 1796 quod
1809 1762 1853 1787 est
1874 1758 2012 1788 lucrandi

1059 1805 1194 1841 occasiO,
1217 1813 1286 1834 cum
1317 1805 1411 1843 possit
1433 1805 1515 1835 licite
1543 1805 1731 1844 relinquere,
1753 1806 1894 1836 sed‘non
1922 1815 2013 1845 expe-

1059 1852 1145 1883 dit»v
1174 1853 1285 1882 «Tunc
1315 1853 1393 1883 enim
1416 1862 1474 1883 non
1504 1854 1627 1892 expedit
1656 1854 1685 1883 id
1708 1854 1789 1893 quod
1816 1855 1931 1885 licitum
1954 1859 2013 1893 est,

1060 1901 1182 1940 quando
1203 1901 1388 1940 permittitur
1406 1902 1545 1940 quidem,
1560 1902 1611 1932 sed
1635 1911 1709 1933 usus
1730 1903 1826 1941 ipsius
1841 1903 1908 1934 aliis
1931 1904 2015 1934 affert

1059 1949 1307 1988 impedimentum
1323 1950 1443 1984 salutis,
1459 1950 1538 1980 sieut
1553 1950 1696 1981 discessio
1713 1951 1810 1981 fidelis
1825 1952 1863 1982 al)
1886 1952 2014 1989 infideli,

1059 2006 1150 2036 quam
1166 2006 1223 2027 non
1248 1998 1389 2036 prohibet
1410 1999 1569 2034 Dominus,
1593 1999 1663 2037 quia
1687 2007 1790 2029 eoram
1813 2000 1864 2030 illo
1887 2009 1945 2030 non
1972 2004 2015 2030 est

1060 2046 1185 2081 iniusta;
1208 2046 1261 2076 sed
1285 2047 1461 2085 Apostolus,
1484 2055 1521 2077 ne
1543 2047 1609 2083 fiat,
1632 2048 1759 2077 consilio
1781 2048 1917 2078 caritatis
1946 2057 2015 2078 sua·
2030 2058 2122 2079 nubium
2139 2059 2161 2079 a.

1059 2094 1122 2130 det,
1146 2099 1176 2124 ut
1193 2103 1280 2124 nemo
1297 2095 1325 2124 in
1341 2103 1374 2125 ea
1390 2104 1423 2125 re
1439 2089 1580 2125 iussionis
1597 2097 1776 2127 necessitate
1798 2100 1944 2134 teneatur,
1960 2097 2014 2127 sed

1059 2143 1175 2173 consilii
1200 2144 1353 2174 voluntate
1369 2144 1463 2174 libere
1486 2145 1672 2175 11101111».-
1686 2146 1731 2175 Ex
1752 2146 1799 2175 liis
1822 2149 2014 2182 monstratur,

1059 2195 1087 2221 et
1111 2192 1188 2221 inter
1211 2191 1369 2221 infideles⁶
1391 2193 1562 2230 coniugium
1587 2201 1668 2230 esse,
1696 2197 1724 2223 et
1754 2193 1913 2223 consilium
1936 2194 2013 2232 Apo-

1059 2239 1125 2268 stoli
1150 2248 1207 2269 non
1231 2239 1354 2269 obviare
1371 2244 1533 2278 praecepto
1557 2241 1686 2275 Domini,
1703 2249 1763 2279 quo
1780 2241 1878 2278 iubet,
1894 2241 2013 2271 fidelem

1059 2297 1118 2317 non
1142 2289 1221 2326 iungi
1246 2288 1374 2324 infideli,
1394 2293 1419 2318 et
1437 2289 1460 2318 si
1485 2289 1636 2319 coniuncti
1654 2290 1778 2327 suerint,
1802 2291 1946 2328 separari.
1963 2290 2015 2320 Le-

1060 2337 1139 2373 gitur
1155 2337 1247 2372 enim,
1264 2337 1345 2375 quod
1366 2350 1377 2362 ι(
1391 2337 1501 2367 Esdras
1517 2339 1675 2376 propheta,
1692 2339 1783 2368 immo
1799 2339 1943 2368 Dominus
1958 2347 2013 2377 per
2023 2347 2163 2374 Augustinus.

1061 2392 1143 2420 eum,
1166 2385 1252 2414 iussit
1274 2385 1416 2415 Israelitis
1439 2394 1549 2415 uxores
1565 2386 1716 2416 dimittere
1738 2386 1936 2424 alienigenaS,
1961 2394 2015 2425 per

1061 2441 1137 2471 quas
1153 2433 1236 2463 ibant
1258 2433 1295 2463 ad
1312 2433 1385 2463 deos
1401 2433 1527 2469 alienos,
1545 2442 1602 2463 non
1622 2434 1690 2463 illae
1706 2443 1760 2472 per
1776 2434 1898 2464 maritos
1914 2435 2015 2473 acqui-

1061 2481 1206 2511 rebantur
1228 2482 1298 2511 Deo.
1320 2482 1411 2511 Recte
1439 2482 1497 2512 hoc
1520 2483 1688 2521 praecepit,
1717 2483 1788 2521 quia
1818 2491 1872 2521 per
1892 2483 2015 2522 Moysen

1062 2529 1191 2559 iusserat
1214 2530 1371 2565 Dominus,
1394 2538 1429 2560 ne
1458 2530 1525 2568 quis
1549 2538 1673 2560 uxorem
1702 2530 1900 2568 alienigenam
1924 2531 2016 2561 duce-

1062 2582 1116 2608 ret.
1147 2578 1252 2608 Merito
1282 2587 1352 2616 ergo
1382 2587 1457 2617 quas
1480 2579 1644 2616 duxerant,
1669 2579 1793 2608 Domino
1815 2579 2014 2617 prohibente,

1062 2627 1189 2656 Domino
1213 2626 1350 2664 iubente,
1379 2626 1580 2657 dimiserunt⁷
1595 2637 1623 2663 »;
1653 2627 1740 2666 quia,
1771 2631 1803 2657 ut
1825 2628 1866 2657 ait
1887 2628 2014 2658 Ambro-
2028 2637 2161 2659 Ambrosius.

1062 2675 1143 2710 sius,
1179 2687 1191 2700 (ι
1206 2683 1264 2704 11011
1294 2678 1338 2704 est
1367 2675 1533 2713 putandum
1567 2675 1790 2705 matrimonium
1820 2676 1902 2714 quod
1930 2680 2014 2706 extra

1062 2723 1115 2752 Dei
1138 2723 1292 2753 decretum
1315 2727 1360 2753 est
1383 2723 1512 2760 factum3
1535 2723 1585 2753 sed
1610 2732 1677 2753 cum
1693 2724 1900 2762 cognoscitur,
1917 2733 2014 2754 emen-

118 2887 126 2903 1
147 2888 192 2913 Hic
210 2888 235 2913 in
256 2888 289 2914 lit.
310 2895 331 2914 c.
353 2889 376 2913 3.

118 2931 130 2948 ²
146 2931 214 2957 Libr.
234 2932 266 2957 V.
286 2933 321 2958 tit.
342 2933 383 2957 39.
405 2939 426 2958 c.
447 2932 488 2958 44.
509 2947 542 2951 —
556 2932 627 2957 Idem
647 2932 709 2958 dub.
729 2933 833 2958 solvunt
852 2934 876 2958 S.
897 2934 998 2965 Thom.,

51 2975 115 3000 Petr.
135 2982 149 3000 a
169 2976 228 3001 Tar.
248 2979 273 3001 et
291 2976 410 3002 Richard.
431 2983 445 3002 a
465 2976 542 3009 Med,
564 2977 605 3002 1110
625 2978 691 3002 circa
711 2977 746 3002 lit.

243 3045 349 3071 NOTAE
368 3045 410 3071 AD
428 3045 514 3072 LIBR.
535 3045 804 3072 SENTENTIARUM.

120 3105 128 3121 ¹
149 3107 227 3133 Exod.
247 3107 296 3139 34,
330 3108 375 3139 16;
395 3108 468 3133 Deut.
487 3108 518 3139 7,
540 3108 568 3140 3;
590 3115 650 3133 mox
676 3108 692 3132 Ι.
718 3108 790 3133 Esdr.
818 3108 864 3140 10,
886 3109 926 3133 11.
947 3108 1001 3134 Ηο0

52 3149 191 3180 capitulum
212 3154 327 3176 sumtum
348 3154 386 3176 est
405 3158 434 3176 ex
454 3151 572 3183 Hugone,
592 3152 664 3177 Sum.
691 3152 759 3177 Sent.
785 3154 816 3176 tr.
835 3151 859 3176 7.
879 3159 902 3177 0.
924 3152 947 3176 8.
967 3166 1002 3169 -

52 3192 99 3217 Pro
117 3193 228 3226 accipies
247 3194 316 3226 edd,
336 3198 441 3226 excepta
463 3195 492 3225 1,
513 3194 644 3228 accipias,
666 3195 856 3226 refragantibus
881 3195 958 3220 codd.
977 3198 1002 3220 et

54 3236 170 3268 Vulgata.

120 3281 132 3297 2
149 3281 218 3307 Libr.
238 3283 255 3307 1.
276 3282 309 3308 (10
338 3282 470 3314 Coniugiis
498 3283 656 3313 adulterinis,
676 3289 697 3307 c.
719 3283 766 3314 21,
786 3290 810 3308 n.
838 3283 885 3315 255
906 3283 933 3309 C.
957 3283 1003 3310 Sic

54 3323 124 3350 enim
151 3324 209 3358 (9.),
228 3325 255 3351 C.
277 3327 318 3351 28.
338 3334 364 3359 q.
388 3327 410 3352 1.
434 3327 449 3358 S
478 3327 501 3351 6.
527 3327 564 3351 De
592 3329 731 3358 praecepto
758 3326 874 3358 Apostoli
899 3327 944 3352 cfr.
973 3327 1001 3353 ll.

54 3367 111 3394 Cor.
131 3369 159 3401 6,
181 3369 221 3394 14.

1136 2888 1147 2905 ³
1165 2888 1234 2913 Libr.
1254 2889 1270 2912 l.
1291 2888 1323 2913 de
1342 2888 1481 2919 Abraham,
1502 2895 1523 2913 c.
1554 2889 1577 2913 9.
1604 2895 1627 2912 n.
1649 2887 1695 2920 843
1716 2887 1742 2913 C.
1763 2888 1831 2915 Cave
1860 2889 1932 2922 (45),
1952 2889 2015 2914 ibid.

1066 2934 1124 2965 Seq.
1146 2933 1218 2957 locus
1237 2936 1276 2957 est
1294 2932 1321 2957 C.
1343 2931 1374 2958 Si
1391 2931 1451 2965 quis
1469 2930 1594 2957 Iudaicae
1614 2931 1686 2965 (17.),
1706 2931 1768 2957 ibid.

1136 2975 1146 2992 ⁴¹
1166 2977 1242 3008 Epist.
1263 2976 1279 3000 1.
1300 2975 1358 3001 Cor.
1377 2976 1407 3007 7,
1429 2976 1469 3000 42.

1136 3019 1147 3036 ⁵
1164 3020 1224 3045 Loc.
1244 3021 1285 3044 cit.
1305 3021 1363 3051 ch.
1384 3020 1455 3044 100115
1474 3019 1535 3044 ibid.
1556 3026 1580 3044 n.
1601 3020 1649 3051 26,
1670 3022 1694 3044 et
1713 3027 1769 3044 can.
1789 3021 1829 3045 cit.
1848 3020 1899 3052 (57.
1915 3020 2017 3045 Tertius

1066 3067 1104 3088 est
1122 3065 1239 3094 August„
1260 3064 1275 3088 l.
1296 3063 1327 3088 de
1348 3064 1429 3088 Serui.
1450 3063 1550 3088 Domini
1570 3064 1594 3087 in
1615 3066 1709 3094 monte,
1728 3070 1748 3088 c.
1770 3064 1810 3088 16.
1831 3071 1855 3089 n.
1876 3063 1922 3095 443
1943 3071 2017 3096 quar-

1066 3110 1107 3132 tus
1128 3107 1144 3132 l.
1164 3107 1197 3132 de
1216 3107 1349 3138 Coniugiis
1368 3107 1526 3137 adulterinis,
1537 3114 1558 3132 c.
1582 3107 1621 3131 13.
1636 3114 1660 3132 n.
1681 3106 1728 3138 443
1748 3107 1774 3133 C.
1795 3108 1853 3133 Iam
1871 3115 1944 3134 mmo
1961 3108 2016 3141 (7.),

1067 3151 1134 3182 ibid,
1150 3152 1255 3183 quintus
1274 3151 1336 3176 ibid.
1357 3158 1378 3176 0.
1400 3152 1440 3175 18.
1461 3158 1485 3175 n.
1505 3151 1545 3175 22.
1566 3151 1675 3176 Eosdem
1696 3151 1766 3177 locos
1785 3152 1857 3177 afi'crt
1875 3152 1963 3177 Glossa
1983 3152 2017 3178 ad

1068 3196 1083 3220 l.
1104 3195 1162 3220 Cor.
1182 3194 1206 3225 7,
1232 3196 1268 3226 12,
1288 3194 1358 3225 apud
1379 3195 1516 3226 Lyranum.

1139 3239 1150 3255 ⁶
1169 3239 1257 3263 Plures
1276 3238 1337 3263 edd.
1360 3239 1423 3264 salso
1440 3238 1543 3272 fideles,
1564 3240 1641 3264 simul
1660 3240 1780 3265 omittunt
1798 3241 1823 3266 et
1840 3243 1898 3265 ante
1915 3240 1992 3267 inter.

1137 3282 1147 3298 ⁷
1166 3284 1288 3314 August„
1310 3283 1357 3308 loc.
1377 3284 1417 3308 cit.
1432 3290 1454 3308 0.
1470 3284 1510 3308 18.
1525 3291 1548 3309 n.
1564 3285 1605 3309 20.
1619 3284 1718 3316 (quoad
1731 3284 1926 3317 substantiam);
1946 3285 2018 3311 locus

1067 3328 1129 3352 alter
1148 3330 1186 3352 est
1205 3326 1347 3352 Comment.
1368 3328 1392 3352 in
1413 3328 1430 3352 1.
1449 3327 1482 3352 ad
1502 3326 1561 3353 Cor.
1581 3327 1611 3360 7,
1628 3327 1659 3353 15
1673 3328 1749 3360 (inter
1766 3335 1845 3360 opera
1864 3328 2018 3362 Ambrosii);

1068 3371 1114 3396 cfr.
1135 3370 1162 3396 C.
1183 3371 1224 3396 28.
1244 3378 1269 3403 q.
1291 3371 1313 3403 1,
1333 3371 1497 3397 introductio.
