2483 3882
27 553 60 575 Ad
74 553 154 580 opposi-

63 581 113 600 tum.

7 1926 105 1955 Quaestio
120 1927 150 1947 in-

31 1954 104 1975 cidens
114 1953 134 1974 1.

4 2139 104 2167 Quaestio
116 2139 148 2160 in-

31 2166 104 2187 cidens
113 2166 133 2186 ⁵2.

32 2665 151 2687 Conclusio.

885 249 978 280 DlST.
1004 249 1038 280 V.
1062 248 1144 280 ART.
1169 248 1200 280 ll.
1226 248 1379 289 QUAEST.
1404 248 1423 280 I.

168 337 242 379 cipit
265 336 406 378 accipere
430 336 574 368 Matthaei
592 336 742 377 vigesimo
768 336 858 369 tertio
872 336 900 368 ¹:
919 345 994 378 ergo
1018 335 1118 368 multo

167 389 279 421 fortius
295 388 347 421 ille
371 388 423 430 qui
442 388 594 430 baptizat,
619 389 764 430 quamvis
782 389 898 427 malus,
923 392 1025 431 potest
1042 388 1117 421 dare

168 441 284 473 bonum
309 440 501 482 baptismum
525 440 591 473 sive
615 441 759 473 effectum
784 441 940 483 baptismi.

255 494 402 525 CONTRA:
442 494 468 524 1.
505 493 673 526 Malachiae
707 493 887 526 secundo²:
923 493 1118 526 Maledicam

171 544 444 578 benedictionibus
467 545 596 583 vestris,
622 546 737 578 dicitur
769 547 860 579 malis
883 545 1100 579 sacerdotibus
1109 558 1117 584 3

167 602 198 631 et
214 598 321 630 Glossa
338 598 528 639 Hieronymi:
560 598 747 640 «Quidquid
765 608 782 630 a
808 599 895 631 vobis
918 597 1116 631 benedictum

166 651 277 689 fuerit,
302 660 320 682 a
343 659 394 683 me
419 650 624 683 maledicetur
641 663 677 682 »:
702 660 777 693 ergo
809 652 862 693 qui
895 651 1072 693 baptizatur
1100 659 1118 681 a

167 704 249 735 malo
274 703 435 736 sacerdote
458 703 645 735 maledictus
669 707 731 736 est:
750 713 809 735 non
828 712 902 745 ergo
928 703 1037 745 recipit
1061 711 1117 745 per

167 756 234 789 eius
260 756 469 788 ministerium
491 756 634 797 gratiam.

255 810 284 840 2.
321 809 413 847 item,
447 808 651 841 Ecclesiastici
685 809 844 850 trigesimo
879 809 1033 851 quarto²:
1067 808 1117 840 Ab

167 861 337 893 immundo
373 860 453 903 quid
486 861 705 893 mandabam·
722 862 737 893 t>
760 862 820 894 Sed
844 862 991 895 sacerdos
1016 862 1117 894 malus

166 917 213 946 est
249 914 448 946 immundus:
475 923 549 955 ergo
584 914 624 946 ab
655 915 722 956 ipso
756 916 804 948 vel
836 925 892 957 per
924 916 1026 957 ipsum
1056 924 1117 947 non

168 967 328 999 confertur
353 966 382 998 in
407 966 563 1008 baptismo
587 967 703 1008 gratia,
721 977 801 1009 quae
818 968 950 1000 mundat
970 968 1117 1000 animam.

256 1020 284 1051 3.
310 1020 400 1059 ltem,
426 1020 554 1052 racione
583 1021 724 1053 videtur:
751 1022 834 1063 quia,
852 1022 932 1054 sicut
952 1030 1064 1054 sensus
1088 1025 1118 1054 et

168 1076 271 1104 motus
294 1072 399 1104 fluunt
422 1082 440 1104 a
464 1073 564 1114 capite
589 1074 618 1105 in
644 1074 786 1106 membra
817 1074 992 1116 corporalia.
1016 1078 1047 1106 et
1077 1074 1117 1106 ab

166 1135 230 1157 uno
253 1126 396 1158 membro
428 1126 459 1158 in
484 1126 589 1164 aliud,
620 1127 662 1159 ita
686 1131 715 1159 et
739 1127 769 1159 in
803 1136 934 1169 corpore
966 1127 1116 1169 mystico:

166 1187 240 1220 ergo
265 1179 288 1210 si
316 1179 495 1211 membrum
527 1180 652 1212 aridum
676 1189 736 1212 non
770 1180 871 1212 defert
903 1189 1048 1219 sensum,
1074 1189 1119 1212 sa-

165 1231 294 1270 cerdos,
319 1232 371 1273 qui
397 1237 444 1264 est
469 1233 498 1264 in
526 1233 648 1265 mortali
673 1237 818 1275 peccato,
843 1233 1030 1275 baptizando
1055 1242 1117 1265 nou

167 1284 287 1316 confert
311 1285 442 1326 gratiam
468 1285 624 1327 baptizato
638 1286 659 1317 ⁴.

254 1337 284 1368 ίι.
309 1337 402 1376 item,
419 1338 518 1370 oratio
542 1338 671 1370 vitiatur
695 1347 735 1371 ex
761 1339 836 1371 vitio
859 1339 992 1378 orantis,
1017 1343 1047 1371 et
1067 1349 1118 1381 po-

165 1390 227 1422 tius
258 1394 398 1422 meretur
433 1391 527 1422 homo
561 1391 641 1423 iram
677 1401 773 1433 quam
809 1392 940 1433 gratiam
966 1411 1009 1415 ——
1032 1392 1117 1424 uude

165 1442 372 1484 Gregorius⁵z
404 1443 511 1475 «Cum
538 1443 564 1475 is
588 1444 642 1485 qui
674 1443 834 1485 displicet,
858 1444 898 1476 ad
927 1444 1118 1477 interceden-

165 1495 242 1527 dum
260 1496 404 1534 mittitur,
423 1496 492 1528 irati
510 1496 635 1529 animus
651 1497 691 1529 ad
709 1497 866 1529 deteriora
889 1501 1080 1539 provocatur
1096 1510 1111 1526 »

163 1557 295 1590 —ergo
319 1549 495 1590 baptismus
519 1549 648 1581 vitiatur
672 1558 711 1582 ex
738 1550 813 1582 vitio
838 1549 1037 1592 baptizantis3
1062 1554 1117 1583 aut

164 1602 189 1634 si
214 1611 275 1634 non
301 1602 447 1641 vitiatur;
472 1611 543 1635 cum
578 1602 661 1635 Deus
686 1603 802 1635 iudicet
826 1603 865 1635 de
898 1603 1048 1645 operibus
1074 1612 1118 1635 se-

163 1654 303 1686 cundum
329 1654 492 1694 interiora,
518 1658 548 1688 et
572 1655 720 1688 sacerdos
744 1655 783 1687 sit
807 1659 967 1694 mortuus,
984 1659 1015 1688 et
1036 1665 1116 1696 opus

162 1707 231 1739 eius
256 1711 433 1746 mortuum,
459 1712 605 1740 mortuus
628 1712 733 1740 autem
751 1717 813 1740 non
837 1708 990 1740 vivificet:
1016 1712 1115 1750 patet,

162 1759 248 1801 quod
272 1760 375 1792 malus
410 1760 557 1793 sacerdos
581 1760 723 1793 conferre
752 1769 813 1792 non
849 1764 951 1802 potest
982 1761 1115 1802 gratiam

162 1813 384 1846 vivificantem.

251 1866 344 1905 Item,
369 1867 551 1908 quaeritur,
575 1871 684 1899 utrum
717 1870 824 1909 peccet
852 1867 878 1900 is
910 1867 964 1909 qui
996 1867 1117 1900 accedit

162 1919 202 1952 ad
227 1920 422 1952 sacerdotem
448 1919 576 1951 malum.
603 1920 637 1952 Et
669 1919 813 1959 videtur,
838 1920 923 1962 quod
947 1920 1008 1953 sic:
1041 1920 1116 1962 quia

163 1972 194 2004 in
218 1972 320 2013 Lege6
336 1976 540 2014 praeceptum
565 1976 633 2005 erat
656 1972 765 2014 sugere
783 1973 984 2005 immundum
1009 1982 1116 2015 corpo-

162 2024 290 2057 raliter:
323 2033 398 2066 ergo
422 2024 629 2066 spiritualiter
652 2024 731 2057 illud
756 2025 910 2057 debemus
934 2025 1115 2058 observare.

250 2078 343 2116 Item,
367 2081 433 2110 esto
451 2078 534 2119 quod
552 2078 700 2111 sacerdos
720 2081 805 2120 petat
828 2078 965 2120 pretium
990 2088 1047 2120 pro
1066 2079 1117 2111 ba-

162 2131 293 2173 ptismo,
318 2131 461 2173 nunquid
487 2135 533 2164 est
556 2132 584 2164 ei
609 2131 775 2164 dandum?
799 2132 829 2163 Si
853 2131 918 2170 sic,
943 2141 1015 2164 cum
1033 2135 1117 2164 emat

162 2184 417 2223 Sacramentum,
441 2187 489 2216 est
513 2184 654 2216 simonia.
679 2184 709 2216 Si
734 2193 815 2222 ηοη,
839 2185 916 2217 aut⁷
941 2185 1116 2217 remanebit

162 2245 224 2268 non
247 2236 441 2278 baptizatus,
466 2240 497 2268 et
520 2237 578 2269 hoc
603 2240 651 2269 est
676 2237 871 2278 periculum;
895 2241 950 2269 aut
982 2237 1118 2279 baptiza-

162 2293 213 2322 tus
237 2289 304 2322 sine
328 2289 489 2322 sacerdote
514 2292 639 2331 praeter
662 2290 889 2323 necessitatem.

519 2386 759 2410 CONCLUSIO.

163 2465 272 2497 Malus
288 2465 444 2497 sacerdos
461 2463 589 2506 confert
604 2475 669 2496 mm
690 2469 820 2497 cantum
838 2465 1093 2498 Sacramentum
1105 2491 1115 2504 ,

377 2517 434 2549 secl
457 2517 556 2549 ctiam
580 2527 650 2549 rem
675 2517 895 2549 Sacramenti.

252 2606 451 2638 ResroNnno:
485 2605 677 2644 Dicendum,
715 2605 800 2646 quod
833 2605 936 2637 malus
968 2606 1117 2637 sacerdos

162 2667 224 2690 non
250 2662 370 2690 tantum
397 2659 652 2697 Sacramentum,
677 2658 731 2690 sed
757 2658 850 2690 etiam
869 2667 935 2690 rem
961 2658 1031 2697 dat,
1056 2668 1115 2690 non

235 2854 243 2870 ¹
266 2855 337 2880 Vers.
359 2855 391 2880 3:
417 2855 507 2880 Omnia
528 2862 591 2886 ergo
618 2862 801 2887 quaecumque
827 2855 937 2880 dixerim
962 2854 1119 2888 [Pharisaei]

164 2897 254 2929 vobis,
275 2903 376 2924 servale
396 2901 421 2924 et
439 2899 521 2923 facite.

235 2942 245 2958 ²
266 2942 338 2967 Vcrs.
359 2944 382 2968 ⁶2.
402 2956 438 2961 —
457 2943 542 2968 Verba
563 2943 726 2975 Hieronymi,
746 2944 771 2968 iu
792 2945 862 2968 bunc
881 2944 928 2969 loc..
949 2946 1023 2969 sunt:
1043 2943 1120 2975 Quid-

166 2985 228 3018 quid
248 2993 261 3010 a
282 2986 358 3011 vobis
377 2986 558 3019 benedicetur,
579 2994 593 3012 a
613 2994 655 3012 me
675 2987 840 3012 maledictum
861 2988 918 3013 erit.

235 3029 246 3045 3
266 3030 338 3055 Vers.
359 3029 382 3054 4.
401 3044 437 3048 —
457 3030 482 3055 ln
503 3031 553 3055 tine
572 3038 627 3062 arg.
647 3031 705 3056 cod.
725 3031 742 3055 Z
763 3038 831 3064 quae
850 3031 963 3057 mundat
985 3031 1118 3057 hominem

165 3072 207 3098 vel
225 3072 354 3098 (zozimum.

235 3116 245 3132 ⁴
264 3117 339 3141 Eccli.
360 3116 406 3148 34,
428 3117 478 3142 30:
499 3118 547 3149 Qui
567 3117 712 3149 baptizatur
731 3125 745 3143 a
766 3122 883 3150 mortuo,
904 3122 929 3143 et
954 3120 1047 3144 iterum
1069 3123 1120 3144 tan-

166 3161 203 3191 git
222 3167 297 3191 cum,
318 3160 380 3192 quid
401 3161 503 3192 proficit
521 3162 616 3187 lavatio
636 3162 723 3187 illius?

235 3203 246 3220 ⁵
265 3204 355 3235 Regul.
376 3205 496 3236 pastoral.
511 3212 536 3236 p.
551 3206 567 3230 l.
582 3212 603 3230 c.
625 3206 665 3230 110.
686 3205 736 3231 Csr.
757 3207 869 3231 (ii-alian.
890 3207 990 3232 initium
1004 3207 1062 3233 dist.
1078 3207 1118 3233 49.

166 3261 199 3264 --
220 3247 325 3272 interius
345 3249 481 3279 respicitur
501 3249 516 3272 l.
537 3248 600 3279 Reg.
622 3249 667 3279 16,
688 3249 722 3274 7;
742 3249 792 3274 Nec
811 3250 878 3274 iuxta
899 3250 1020 3275 intuitum
1040 3251 1119 3276 homi-

166 3291 205 3316 uis
223 3298 273 3322 ego
293 3291 405 3317 iudico...
426 3292 551 3317 Dominus
571 3295 656 3317 autem
676 3293 790 3318 intuetur
809 3301 861 3318 cor.

236 3334 247 3351 ⁶
265 3335 345 3361 Levit.
366 3336 395 3367 5,
417 3337 439 3360 ⁵2.
460 3343 529 3369 seq,
550 3336 624 3361 Num.
650 3337 690 3367 19,
707 3337 715 3361 rl
728 3337 747 3361 1.
761 3344 848 3370 seqq,
864 3337 908 3363 ubi
922 3339 998 3363 etiam
1015 3339 1050 3368 (v.
1066 3339 1118 3371 22.)

166 3378 266 3404 dicitur:
295 3379 428 3411 Quidquid
449 3381 559 3411 tetigerit
578 3380 741 3412 immundus,
763 3381 929 3406 immundum
950 3382 1032 3408 saciet.

2076 254 2135 285 195

1181 335 1263 376 ipse,
1288 336 1342 368 sed
1368 336 1469 375 Deus,
1494 336 1585 369 cuius
1608 337 1809 369 Sacramenta
1832 341 1905 370 suut
1922 338 2003 371 bona
2027 343 2058 371 et
2082 340 2136 371 im-

1181 387 1311 429 polluta.
1337 388 1369 419 ln
1394 388 1550 430 baptismo
1581 388 1664 420 euim
1689 398 1750 420 non
1776 390 1907 422 mundat
1935 400 2036 433 neque
2061 392 2137 425 inte-

1181 440 1249 472 rius
1282 440 1417 482 baptizat
1441 440 1593 479 minister,
1626 441 1678 473 sed
1707 442 1798 474 Deus.
1821 461 1862 465 —
1879 444 1938 476 Sed
1963 453 2034 476 cum
2053 445 2136 477 Deus
2151 451 2276 473 Difficultas.

1181 493 1265 525 lavet
1290 492 1437 531 interius,
1463 493 1670 534 praecedente
1695 495 1809 527 lotione
1833 496 2001 535 exteriori,
2031 501 2061 529 et
2084 506 2136 530 ex-

1182 545 1279 578 terior
1315 545 1495 587 displiceat,
1531 546 1605 588 quia
1641 547 1749 580 lavans
1784 548 1945 590 displicet;
1977 551 2136 591 quomodo

1181 607 1377 640 consequens
1394 603 1457 637 est,
1475 603 1523 638 ut,
1542 600 1665 632 lavante
1690 601 1772 633 malo
1789 602 1951 635 sacerdote
1975 604 2134 642 exterius,

1182 651 1266 683 Deus
1292 651 1374 684 lavet
1398 651 1555 684 interius?

1270 704 1304 736 Et
1328 704 1367 736 ad
1394 704 1472 736 illud
1497 708 1545 737 est
1568 706 1760 745 notandum,
1785 708 1869 748 quod
1894 711 1941 740 est
1965 709 2133 750 quoddam

2199 714 2279 735 Solutio

1182 766 1278 798 opus,
1303 757 1388 799 quod
1411 757 1505 789 habet
1524 758 1671 791 virtutem
1689 768 1707 791 a
1724 759 1852 792 caritate
1870 760 1992 792 interna
2009 761 2111 793 solum
2125 774 2132 800 ;
2147 741 2280 788 ffissugffit-m'

1181 809 1368 851 quoddam,
1393 810 1477 851 quod
1506 810 1601 842 habet
1632 811 1671 842 ab
1696 811 1889 844 institutione
1921 813 2035 845 divina.
2061 814 2135 845 Pri-

1180 871 1272 893 mum
1304 871 1384 903 opus
1407 866 1454 894 est
1479 862 1603 895 virtutis
1628 866 1658 896 et
1682 864 1746 895 vitii
1779 868 1809 896 et
1840 874 1858 897 a
1885 866 1949 897 Deo
1981 870 2131 907 pensatur

1153 938 1155 941 .
1181 914 1355 947 secundum
1374 915 1557 956 qualitatem
1571 916 1771 949 voluntatisss.
1787 917 1974 950 Seeundmn
1992 923 2038 951 est
2055 929 2135 961 opus

1181 968 1390 1007 Sacramenti,
1415 972 1445 1000 et
1470 969 1528 1001 hoc
1561 973 1711 1010 pensatur
1740 971 1914 1003 secuudum
1940 973 2088 1004 meritum
2106 977 2135 1005 et

1181 1021 1363 1063 dignitatem
1389 1021 1503 1053 Christi
1529 1022 1734 1061 instituentis;
1762 1023 1820 1055 tale
1845 1032 1970 1065 semper
1995 1029 2136 1057 remanet

1181 1074 1293 1107 efficax
1312 1079 1341 1107 et
1359 1075 1561 1116 impollutum
1582 1084 1639 1108 nec
1656 1079 1757 1117 potest
1780 1076 1886 1118 aliquo
1912 1078 2003 1110 modo
2021 1078 2134 1119 pollui,

1181 1128 1262 1160 sicut
1286 1137 1342 1161 nec
1369 1129 1536 1161 meliorari.
1563 1129 1659 1161 Habet
1682 1129 1766 1161 enim
1791 1130 1941 1162 virtutem
1958 1140 1976 1163 a
1993 1131 2131 1170 Christo,

1183 1191 1243 1213 non
1260 1191 1278 1213 a
1296 1181 1455 1221 ministr03
1481 1182 1562 1214 sicut
1579 1191 1686 1214 semen
1704 1182 1820 1215 iactum
1838 1183 1867 1214 in
1887 1188 2002 1215 terram
2020 1193 2133 1226 aequa-

1182 1233 1253 1265 liter
1269 1233 1454 1272 sructificat,
1479 1234 1545 1267 sive
1569 1235 1608 1267 sit
1625 1235 1726 1267 bonus
1750 1235 1801 1277 qui
1821 1236 1970 1274 seminat,
1988 1236 2053 1268 sive
2071 1246 2133 1269 ma-

1182 1287 1249 1326 lus;
1274 1290 1304 1319 et
1329 1287 1372 1319 sic
1397 1288 1456 1320 hic.

1271 1340 1314 1371 Ex
1341 1340 1390 1372 his
1424 1343 1532 1381 patent
1566 1341 1702 1373 obiecta:
1729 1350 1801 1373 nam
1837 1342 2037 1374 Sacramenta
2061 1345 2294 1394 suntssolcffigirouffie·

1181 1392 1413 1425 benedictiones
1438 1393 1513 1431 Dei,
1537 1402 1598 1425 non
1624 1393 1801 1426 malorum.
1819 1413 1862 1417 —
1878 1395 2027 1427 Similiter
2048 1399 2132 1437 patet

1181 1454 1330 1487 sequeus,
1355 1447 1429 1487 quia
1453 1446 1638 1479 immundus
1662 1447 1704 1479 ibi
1730 1457 1790 1479 non
1816 1448 1957 1480 mundat.
1975 1467 2017 1472 —-
2045 1448 2134 1481 Simi-

1181 1498 1252 1530 liter
1275 1498 1314 1530 ad
1340 1499 1418 1530 illud
1452 1499 1533 1541 quod
1564 1499 1711 1532 obiicitur
1739 1500 1778 1532 de
1811 1500 1905 1532 simili
1930 1510 1947 1532 a
1977 1501 2133 1542 corporali

1179 1551 1373 1583 nutrimento
1386 1552 1408 1590 ⁹,
1433 1555 1517 1593 patet
1541 1552 1716 1593 responsio,
1742 1553 1826 1594 quod
1853 1562 1912 1585 non
1941 1557 1988 1586 est
2016 1553 2132 1593 simile,

1179 1604 1253 1645 quia
1276 1604 1360 1636 Deus
1384 1604 1564 1637 immediate
1588 1604 1642 1637 dat
1665 1605 1797 1646 gratiam
1823 1606 1986 1647 baptizato.

1267 1657 1311 1688 Ad
1329 1656 1407 1688 illud
1426 1657 1509 1698 quod
1534 1657 1713 1699 quaeritur,
1740 1662 1845 1689 utrum
1876 1662 1983 1700 peccet
2006 1659 2058 1700 qui
2084 1668 2131 1692 ac·
2141 1663 2291 1711 ³5⁶¹„10{({¹⁰³e⁵t'

1179 1709 1262 1742 cedit
1285 1709 1325 1741 ad
1351 1709 1468 1741 malum
1494 1710 1707 1749 sacerdote1n;
1732 1711 1921 1749 dicendum,
1946 1712 2029 1753 quod
2054 1722 2131 1750 non,
2220 1705 2225 1710 ’

1179 1761 1276 1792 immo
1300 1761 1399 1802 magis
1427 1765 1534 1802 peccat
1558 1762 1610 1795 ille
1634 1762 1686 1804 qui
1712 1771 1784 1795 eum
1815 1768 1955 1802 recusat,
1982 1764 2132 1801 credens,

1179 1814 1416 1846 Sacramentum
1442 1823 1498 1856 per
1523 1815 1626 1856 ipsum
1651 1815 1867 1856 dispensatum
1884 1825 1951 1849 esse
1970 1817 2132 1856 vitiatum,

1180 1866 1254 1907 quia
1278 1866 1351 1899 facit
1375 1867 1523 1899 iniuriam
1546 1867 1747 1900 Sacramento
1762 1868 1796 1899 ¹⁰.
1814 1887 1858 1891 —
1874 1869 1933 1901 Ncc
1952 1869 2033 1902 valet
2049 1870 2134 1911 quod

1179 1919 1303 1958 obiicit,
1328 1920 1402 1961 quia
1426 1919 1505 1952 illud
1529 1920 1715 1962 intelligitur
1739 1921 1779 1953 de
1804 1925 1888 1953 tactu
1914 1931 1970 1963 per
1991 1922 2134 1954 imitatio-

1178 1980 1251 2004 nem
1276 1975 1306 2004 et
1330 1980 1517 2004 consensum
1545 1972 1573 2004 in
1600 1973 1738 2012 malum3
1763 1983 1823 2005 Ποῖ]
1849 1974 1892 2006 sic
1909 1978 2014 2007 autem
2037 1975 2135 2017 tangit

1179 2024 1233 2065 qui
1257 2024 1450 2066 baptismum
1476 2025 1598 2067 recipit.

1289 2077 1334 2109 Ad
1359 2077 1438 2110 illud
1466 2078 1551 2120 quod
1579 2078 1727 2111 obiicitur
1751 2079 1790 2112 de
1814 2079 2001 2119 simoniaco,
2027 2080 2295 2132 dicuntAffigugoefg3

1179 2130 1320 2172 quidam,
1337 2131 1421 2172 quod
1439 2131 1528 2172 prius
1540 2131 1563 2145 ¹¹
1582 2132 1675 2164 debet
1691 2132 1762 2174 quis
1779 2142 1812 2165 se
1829 2133 1981 2175 baptizari
1998 2134 2100 2166 facere
2116 2143 2134 2166 a
2162 2137 2191 2158 tio
2207 2127 2227 2158 13

1180 2183 1268 2215 laico.
1292 2184 1351 2215 Sed
1376 2187 1442 2216 esto
1466 2184 1551 2226 quod
1580 2194 1641 2217 non
1670 2189 1752 2218 esset
1775 2186 1872 2224 alius;
1898 2186 2024 2225 dicunt,
2048 2187 2133 2228 quod

1180 2246 1241 2268 non
1266 2241 1367 2278 potest
1391 2237 1468 2270 dare
1492 2238 1648 2279 pretium,
1673 2243 1709 2270 ut
1741 2248 1868 2272 sacrum
1893 2244 1991 2278 emat,
2017 2240 2071 2272 sed
2103 2245 2135 2272 ut

1180 2293 1263 2322 emat
1286 2299 1413 2332 aquam.
1450 2291 1509 2323 Sed
1534 2295 1610 2331 este,
1635 2292 1718 2333 quod
1745 2301 1827 2334 aqua
1862 2292 1902 2325 sit
1937 2297 2134 2329 consecrata:

1180 2346 1255 2375 tunc
1279 2343 1405 2382 dicunt,
1431 2345 1515 2385 quod
1539 2349 1611 2377 ante
1644 2345 1736 2377 debet
1761 2345 1936 2384 dimittere,
1962 2347 2132 2387 parvulum

1180 2395 1259 2426 mori
1285 2395 1351 2428 sine
1377 2396 1548 2437 baptismo,
1574 2397 1647 2438 quia
1672 2407 1733 2429 non
1758 2401 1832 2429 sunt
1855 2397 1998 2430 facienda
2021 2398 2132 2437 mala,

1180 2452 1217 2479 uc
1232 2448 1383 2480 eveniant
1399 2448 1483 2481 bona
1497 2449 1533 2480 ¹².
1547 2469 1590 2472 —
1607 2450 1716 2482 Melius
1733 2453 1835 2482 tamen
1854 2454 1901 2483 est
1917 2451 2031 2490 dicere,
2048 2452 2132 2493 quod
2148 2451 2279 2499 Sss{3‡}3.³¹¹'

1180 2501 1248 2533 dari
1274 2504 1375 2542 potest
1400 2502 1535 2543 pretium
1554 2511 1615 2534 non
1640 2503 1679 2535 ad
1701 2503 1870 2535 emendum
1896 2504 2133 2536 Sacramentum

1180 2553 1229 2585 vel
1253 2563 1383 2595 aquam,
1420 2555 1475 2586 scd
1499 2555 1539 2586 ad
1576 2555 1791 2588 redimendam
1830 2556 2028 2588 vexationem
2053 2557 2131 2589 iuris

1180 2606 1227 2639 sui
1245 2606 1280 2637 ¹³.
1299 2607 1332 2638 Et
1349 2607 1407 2639 hoc
1433 2608 1531 2648 magis
1556 2608 1680 2640 videtur
1705 2618 1876 2641 consonare
1900 2609 2007 2651 pietati
2032 2614 2061 2642 et
2086 2619 2131 2642 ra-

1180 2658 1255 2690 tioni
1281 2661 1312 2690 et
1337 2659 1429 2690 eliam
1456 2659 1525 2691 iuri.

1254 2855 1265 2871 ⁷
1285 2855 1365 2880 Codd.
1386 2856 1462 2880 FHL
1482 2855 1580 2881 addunt
1599 2862 1671 2889 erqo.

1254 2899 1265 2916 ⁸
1285 2900 1334 2924 (Il'r.
1361 2900 1385 2924 ll.
1413 2900 1480 2925 Scut.
1505 2900 1529 2924 d.
1551 2901 1592 2924 ⁴29.
1618 2908 1640 2925 a.
1665 2901 1684 2925 1.
1705 2908 1729 2933 q.
1755 2902 1773 2933 l,
1795 2901 1819 2926 (l.
1841 2902 1882 2926 38.
1902 2909 1924 2926 a.
1950 2903 1969 2927 l.
1990 2910 2014 2935 (Ι.
2040 2903 2059 2928 l.
2080 2910 2134 2935 seq.

1183 2947 1208 2969 et
1228 2944 1252 2969 d.
1274 2943 1313 2968 40.
1335 2951 1356 2968 a.
1381 2944 1400 2969 1.
1422 2951 1446 2976 q.
1471 2945 1489 2968 l.
1509 2951 1562 2976 seq.
1576 2958 1611 2962 —
1624 2943 1686 2969 Cod.
1707 2945 1724 2969 Z
1744 2945 1873 2977 caritates,
1896 2946 1971 2971 codd.
1992 2947 2013 2971 K
2026 2947 2047 2971 M
2059 2954 2087 2971 aa
2100 2947 2135 2972 bb

1184 2985 1305 3012 caritatis
1318 2988 1343 3011 et
1355 2986 1507 3014 colluctans.
1524 2987 1599 3012 codd.
1614 2988 1629 3011 S
1641 2988 1661 3012 T
1674 2988 1693 3012 U
1707 2987 1828 3014 caritatis
1840 2989 1921 3021 pacis.
1937 2990 2062 3021 Superius
2076 2994 2133 3021 post

1183 3036 1201 3055 α
1214 3029 1325 3055 caritate
1344 3029 1382 3063 [in
1403 3030 1460 3055 cod.
1476 3031 1492 3054 Ε
1506 3038 1520 3055 a
1536 3031 1649 3056 secunda
1670 3038 1747 3057 manu
1768 3039 1783 3057 u
1802 3032 1943 3066 qualitate]
1957 3033 2015 3058 edd.
2031 3033 2135 3058 subiun-

1184 3077 1246 3105 gunt
1266 3074 1308 3100 ¹vel
1325 3074 1468 3100 voluntate.
1483 3074 1599 3099 Subinde
1614 3075 1701 3100 verbis
1720 3082 1737 3101 a
1756 3076 1809 3101 Deo
1824 3076 1880 3101 cod.
1895 3077 1913 3101 Z
1927 3078 2065 3107 praemittit
2078 3076 2134 3103 hoc.

1253 3118 1264 3134 ⁰
1284 3119 1315 3142 lta
1337 3118 1412 3143 codd.
1432 3121 1457 3143 ct
1475 3118 1535 3143 edd.
1556 3119 1719 3144 Vocabulum
1747 3121 1795 3145 hoc
1821 3121 1925 3152 largiori
1951 3128 2028 3146 sensu
2049 3121 2136 3146 intelli-

1184 3162 1300 3193 gendum
1319 3166 1364 3187 est.
1580 3163 1600 3179 ¹0
1620 3164 1685 3188 Vide
1704 3171 1782 3195 supra
1803 3172 1825 3189 a.
1850 3166 1869 3189 1.
1891 3172 1914 3197 q.
1936 3166 1959 3190 2.
1980 3165 2096 3190 fundam.
2112 3167 2135 3190 2.

1255 3206 1274 3222 ¹¹
1295 3207 1321 3231 ld
1341 3210 1379 3231 est
1397 3206 1493 3240 potius,
1509 3207 1580 3239 quod
1599 3207 1659 3232 cdd.
1679 3207 1846 3233 substituunt.
1867 3209 1973 3234 inferius
1993 3217 2041 3241 pro
2065 3209 2136 3235 alius

1183 3250 1241 3275 cod.
1261 3250 1279 3274 C
1300 3249 1393 3281 laicus,
1416 3254 1441 3275 et
1460 3257 1508 3281 pro
1526 3252 1611 3283 polest
1629 3251 1687 3276 cod.
1708 3252 1724 3276 Ρ
1742 3253 1837 3284 posset.

1257 3294 1277 3310 ¹²
1297 3294 1369 3319 Rom.
1384 3295 1411 3325 3,
1428 3295 1451 3319 8.
1465 3294 1516 3319 Csr.
1531 3295 1595 3320 iufra
1610 3295 1643 3320 lit.
1658 3296 1783 3327 Magistri,
1799 3296 1825 3321 d.
1839 3296 1922 3321 XXV.
1936 3304 1957 3322 c.
1974 3297 1996 3321 4.
2011 3311 2044 3315 —
2058 3298 2136 3323 Paulo

1183 3340 1240 3362 ante
1261 3345 1308 3368 pro
1328 3337 1399 3363 «lebet
1418 3338 1494 3363 codd.
1514 3342 1532 3363 Α
1545 3338 1564 3363 Ο
1578 3340 1598 3364 V
1617 3338 1728 3365 deberet.

1256 3381 1276 3398 ¹³
1296 3382 1361 3407 Vide
1376 3386 1436 3407 tom.
1452 3383 1486 3407 ill.
1501 3390 1560 3414 pag.
1573 3383 1631 3415 835,
1644 3388 1702 3409 nota
1718 3385 1723 3408 1
1736 3385 1755 3409 l.
1768 3384 1817 3409 Csr.
1830 3384 1920 3410 dehac
1934 3388 1959 3410 et
1971 3392 2024 3418 seq.
2037 3389 2137 3418 quaest.
