2483 3882
438 218 501 251 364

437 306 543 338 divina
572 306 787 338 misericordia
812 305 975 343 iustificat,
1000 304 1130 336 remittit
1161 312 1286 335 omnem
1323 303 1387 335 cicl-

432 369 515 400 pum
539 362 569 391 et
592 362 723 390 reatum
747 366 865 399 poenae
881 361 1040 395 aeternae,
1058 356 1111 397 qui
1136 355 1388 397 inseparabiliter

437 411 589 443 adhaeret
612 410 733 452 culpae.
758 410 817 441 Sed
853 410 926 451 quia
962 408 1177 441 misericordia
1201 417 1261 440 non
1287 411 1388 450 potest

438 464 657 505 praeiudicare
682 462 835 500 iustitiae,
871 462 961 494 cuius
985 465 1032 493 est
1057 461 1138 493 mala
1162 461 1293 503 punire;
1319 461 1389 493 ideo

280 524 390 545 Conclusio
405 524 423 544 1.
440 516 483 548 sic
508 515 599 548 solvit
635 525 652 546 a
688 514 780 555 culpa
815 518 845 546 et
880 523 979 555 poena
993 514 1010 552 ¹,
1037 517 1070 545 ut
1099 518 1203 545 tamen
1229 517 1389 545 remaneat

441 568 597 609 obligatus
620 568 659 599 ad
683 567 911 609 aliquantulam
937 575 1068 608 poenam
1093 566 1311 607 temporalem.
1329 566 1388 599 Sed

439 621 586 662 quoniam
613 623 755 661 peccator
780 619 883 661 ipsum
909 619 1082 652 offenderat
1099 623 1129 652 et
1152 619 1246 652 etiam
1272 619 1389 651 damni-

438 672 588 705 ficaverat
611 672 678 704 eius
705 672 890 710 Ecclesiam;
915 672 1070 705 commisit
1087 672 1239 704 Dominus
1264 672 1391 704 iudicia-

439 725 518 756 riam
544 728 728 766 potestatem
753 734 849 766 super
873 728 1052 766 peccatores
1081 724 1258 757 rectoribus
1291 724 1390 757 Eccle-

439 777 502 809 siae
526 781 556 810 et
580 777 609 809 in
635 787 687 810 eos
711 777 925 819 compromisit
950 781 1098 820 tanquam
1124 778 1153 809 iu
1179 777 1333 816 arbitros,
1356 781 1390 809 ut

441 830 484 862 sic
509 830 681 862 innotescat
705 830 851 862 voluntas
875 830 929 863 Dei
955 827 1186 872 poenitentibus
1211 840 1268 872 per
1290 840 1391 863 sacer-

441 882 543 920 dotes,
567 887 597 914 et
621 892 677 924 per
714 883 783 915 illos
814 883 996 925 imponatur
1032 892 1131 925 poena
1155 883 1390 925 peccatoribus,

439 939 469 967 et
493 935 624 972 Domino
661 936 791 968 satisfiat
825 936 1057 978 principaliter
1093 940 1124 968 et
1157 935 1309 968 Ecclesiae
1330 945 1391 977 per

279 995 390 1016 Conclusio
403 995 422 1015 Ξ.
439 997 644 1031 consequens.
682 989 768 1021 Unde
800 989 968 1021 satisfactio
992 989 1120 1031 proprie
1145 989 1184 1020 de
1208 991 1334 1029 peccato
1358 987 1392 1019 sit

438 1041 496 1083 ipsi
526 1041 608 1080 Deo,
636 1047 737 1074 tamen
768 1052 827 1083 per
861 1042 1026 1074 Ecclesiam
1051 1046 1082 1074 et
1106 1042 1140 1073 in
1166 1042 1300 1074 Ecclesia
1312 1042 1332 1073 2.
1349 1061 1391 1065 —

441 1094 475 1126 Et
499 1095 635 1127 concedo
661 1095 796 1127 rationes
820 1095 860 1127 ad
886 1095 945 1127 hoc
969 1095 1124 1127 inductas.

533 1149 558 1179 1.
582 1148 626 1180 Ad
651 1148 730 1180 illud
755 1157 830 1189 ergo
855 1148 939 1189 quod
963 1147 1126 1187 obiicitur,
1151 1148 1235 1189 quod
1259 1157 1320 1179 uon
1346 1151 1393 1179 est

294 1206 375 1237 solutio
389 1211 425 1233 01³-
441 1200 597 1242 speranda
623 1200 753 1233 dimidia
777 1201 882 1238 venia3
900 1200 1086 1239 dicendum,
1108 1200 1193 1242 quod
1210 1204 1285 1233 tunc
1303 1200 1393 1233 venia

280 1235 405 1260 pnsum-um.

440 1252 635 1291 dimidiatur,
657 1253 783 1295 quando
808 1262 906 1285 unum
933 1253 1065 1285 mortale
1091 1252 1270 1292 dimittitur,
1295 1256 1325 1285 et
1348 1262 1394 1285 re-

442 1305 564 1347 liquum
601 1310 726 1338 tenetur
737 1318 745 1344 3
769 1309 799 1338 et
834 1306 893 1338 hoc
925 1309 972 1338 est
1004 1306 1226 1339 inconveniens
1261 1315 1393 1348 ponere,

442 1359 526 1400 quod
551 1359 649 1398 Deus,
681 1359 733 1401 qui
771 1359 873 1391 iustus
905 1364 968 1398 est,
994 1363 1098 1401 posset
1122 1360 1338 1392 confoederari
1362 1364 1393 1392 et

442 1411 635 1444 reconciliari
662 1412 781 1443 homini
799 1412 829 1443 in
847 1421 904 1444 sua
922 1412 1073 1444 iniustitia
1090 1412 1305 1454 permanentig
1322 1413 1394 1444 alio-

442 1464 518 1506 quin
543 1464 636 1497 simul
662 1468 743 1497 esset
767 1465 888 1497 amicus
912 1468 942 1497 et
966 1465 1143 1497 inimicus3.
1173 1465 1238 1497 Non
1263 1466 1307 1498 sic
1343 1475 1395 1497 au-

441 1521 503 1549 tem
529 1521 576 1549 est
600 1517 638 1549 de
663 1517 859 1559 aliquantula
882 1527 982 1559 poena
1014 1518 1197 1559 temporali,
1223 1518 1297 1561 quia
1321 1519 1396 1551 obli-

442 1570 524 1612 gatio
548 1570 587 1602 ad
613 1579 744 1612 poenam
771 1580 831 1602 uon
856 1571 929 1603 facit
946 1571 1127 1603 iniustitiam
1146 1571 1175 1603 in
1194 1580 1230 1603 eo
1255 1571 1308 1613 qui
1327 1571 1395 1604 vult

441 1623 572 1655 solvere.

530 1677 558 1707 ζ).
584 1676 626 1707 Ad
652 1676 731 1708 illud
757 1676 840 1718 quod
866 1676 1028 1716 obiicitur,
1054 1677 1138 1718 quod
1156 1677 1185 1709 in
1212 1677 1396 1709 contritione

443 1728 571 1760 dimittit
594 1738 726 1770 poenam
752 1733 930 1768 aeternamg
948 1730 1135 1769 dicendum,
1154 1731 1239 1772 quod
1264 1731 1322 1763 hoc
1340 1735 1396 1769 est,

1197 216 1480 248 SENTENTIARUM
1506 216 1572 247 ΗΒ.
1599 216 1643 247 ll'.

2457 81 2459 109 1

2458 111 2460 131 l

2458 135 2460 148 1

2458 150 2460 171 l

2459 211 2461 232 1

2459 236 2461 247 Ι

2460 263 2462 279 1

1452 303 1526 344 quia
1562 303 1602 334 ibi
1641 303 1853 344 principaliter
1889 308 2039 345 operatur
2064 304 2296 337 misericordia
2318 301 2483 346 reta-uouit„

1453 364 1558 392 mcum,
1583 355 1638 387 sed
1672 355 1701 387 iu
1734 355 1942 388 satisfactione
1975 356 2128 395 iusticia,
2154 357 2183 389 iu
2210 358 2399 392 confessione

1453 417 1528 439 vero
1552 413 1712 450 utraque,
1738 408 1822 440 unde
1854 409 1941 450 quasi
1968 409 2107 442 medium
2134 413 2216 442 tenet
2226 423 2233 449 3
2258 411 2287 442 in
2313 411 2401 445 cuius
2461 403 2464 437 l

1453 461 1576 501 signum
1604 460 1637 492 sit
1663 461 1703 492 ibi
1740 461 1845 502 ligatio
1880 465 1911 493 et
1946 462 2068 494 solutio.
2107 463 2140 494 Et
2172 463 2243 495 ideo
2273 473 2332 495 nou
2356 469 2400 498 est
2462 442 2465 512 Ῑ

1454 513 1565 545 simile.
2463 515 2465 555 1

1544 566 1572 598 3.
1596 567 1637 598 Ad
1665 566 1743 599 illud
1780 567 1862 608 quod
1896 567 2062 606 obiicitur,
2087 569 2171 609 quod
2197 572 2281 600 tanta
2304 574 2402 610 potest
2464 563 2466 639 Ν

1454 628 1521 651 esse
1546 619 1707 657 contritio,
1744 620 1827 661 quod
1862 624 1961 651 totum
1994 620 2182 659 remittitur3
2218 621 2401 662 dicendum,

1455 671 1537 713 quod
1566 680 1676 703 verum
1701 676 1768 709 est;
1798 672 1852 704 sed
1885 673 1958 713 quia
1993 672 2144 705 Ecclesiae
2177 682 2236 705 non
2268 678 2461 714 constat,uou

1455 723 1524 755 ideo
1561 723 1653 755 debet
1688 735 1706 755 a
1741 724 1902 756 sacerdote
1935 725 2051 766 imponi
2066 725 2084 755 ⁴.
2117 725 2145 756 si
2178 730 2283 757 autem
2309 735 2404 759 sacer-

1455 777 1518 808 doti
1552 781 1725 815 constaret,
1759 781 1921 819 reputaret
1946 778 2072 809 omniuo
2104 778 2161 810 sibi
2195 778 2405 819 satisfactum,

1455 834 1485 862 et
1510 833 1583 862 tunc
1609 839 1740 871 poenam
1766 839 1825 862 non
1858 830 2049 871 imponeret,
2075 831 2129 863 sed
2154 831 2332 863 absolutum
2357 832 2407 864 ab·

1456 883 1601 915 solveret.
1626 883 1713 915 Nunc
1737 887 1843 915 autem
1869 884 1898 915 in
1917 883 2076 925 aliquibus
2093 884 2265 926 decipitur,
2288 884 2342 916 sed
2359 885 2407 917 de-

1456 937 1556 977 ceptio
1582 940 1627 968 est
1651 936 1813 968 fructuosa
1837 956 1879 959 —
1904 937 1978 979 quia
2009 946 2133 979 semper
2165 937 2278 970 merita
2302 946 2407 970 cumu-

1458 989 1562 1021 lantur
1586 1009 1629 1013 —
1653 994 1683 1022 et
1708 990 1862 1022 Ecclesiae
1887 990 2056 1032 imponenti
2082 994 2112 1022 et
2135 990 2270 1023 ulterius
2294 991 2408 1023 satisfa-

1457 1043 1570 1081 cienti;
1596 1043 1670 1084 quia
1694 1043 1777 1075 enim
1802 1043 1955 1076 Dominus
1978 1052 2040 1075 non
2072 1043 2140 1075 vult
2164 1043 2249 1075 ultra
2277 1047 2408 1084 sortem,

1457 1095 1616 1137 reliquum
1643 1096 1671 1127 in
1698 1095 1856 1128 thesauris
1888 1095 2042 1128 Ecclesiae
2067 1096 2202 1128 habetur
2227 1096 2407 1138 repositum.

1545 1148 1575 1180 li.
1601 1148 1644 1180 Ad
1669 1147 1747 1180 illud
1773 1148 1857 1189 quod
1882 1147 2045 1187 obiicitur,
2071 1149 2158 1190 quod
2189 1148 2340 1180 consessio
2364 1152 2409 1181 est

1457 1204 1586 1242 propter
1611 1200 1918 1239 reconciliationem,
1943 1201 2131 1240 dicendum,
2163 1202 2247 1243 quod
2278 1211 2338 1234 non
2363 1206 2409 1235 est
2423 1207 2483 1244 Noiga

1458 1254 1561 1286 solum
1585 1258 1714 1295 propter
1739 1254 1815 1292 hoc,
1839 1254 1894 1286 sed
1911 1254 1951 1286 ad
1968 1254 2188 1286 arbitrandum
2213 1263 2345 1296 poenam
2369 1255 2410 1287 in-

1460 1310 1506 1339 ter
1531 1307 1690 1339 bominem
1712 1311 1742 1339 et
1766 1307 1889 1346 Deu1n3
1913 1316 1976 1349 qua
1999 1307 2119 1346 soluta,
2151 1310 2226 1340 tunc
2250 1307 2284 1339 fit
2307 1316 2411 1340 recon-

1459 1360 1573 1392 ciliatio
1598 1360 1742 1401 perfecta.

1547 1414 1576 1444 5.
1602 1413 1645 1444 Ad
1670 1413 1749 1445 illud
1774 1413 1859 1455 quod
1883 1413 2046 1452 obiicitur,
2079 1413 2163 1455 quod
2196 1413 2331 1446 Ecclesia
2361 1413 2411 1446 ab·
2473 1450 2475 1457 .

1459 1465 1552 1498 solvit
1576 1475 1594 1497 a
1619 1466 1729 1498 maiori
1754 1470 1865 1507 parte;
1890 1466 2078 1505 dicendum,
2103 1466 2188 1508 quod
2213 1466 2272 1499 hoc
2289 1475 2348 1498 non
2367 1470 2412 1499 est
2426 1469 2483 1495 Nouii

1459 1519 1662 1556 remittendo,
1688 1519 1743 1551 sed
1768 1528 1825 1560 pro
1849 1527 1885 1550 eo
1909 1518 2059 1551 solvendo
2085 1519 2123 1551 de
2148 1519 2305 1552 thesauris
2330 1519 2410 1558 suis,-

1461 1571 1509 1603 vel
1534 1572 1607 1613 quia
1631 1571 1715 1603 Deus
1739 1571 1879 1612 plenarie
1904 1572 2118 1613 compromisit
2150 1572 2180 1604 in
2213 1581 2265 1604 eos
2297 1572 2411 1614 quibus

1460 1624 1688 1666 plenitudinem
1715 1624 1844 1656 tradidit
1868 1624 2040 1666 potestatis.
2064 1625 2154 1666 Quod
2175 1629 2280 1657 autem
2298 1625 2411 1657 horum

1460 1687 1572 1710 verum
1599 1678 1698 1719 magis
1723 1678 1777 1715 sit=
1804 1677 1908 1709 infra5
1932 1677 2108 1717 videbitur,
2134 1687 2205 1710 cum
2231 1677 2270 1710 de
2294 1677 2414 1710 relaxa-

1461 1731 1599 1762 tionibus
1623 1734 1742 1772 agetur.

2469 693 2483 709 ut

2465 714 2467 724 ‹

2466 726 2467 738 1

2465 740 2468 755 l

2466 758 2468 777 i

2466 782 2468 799 1

2466 802 2469 829 l

2466 832 2469 846 l

1307 1869 1490 1910 QUAESTIO
1508 1869 1553 1900 lll.

1038 1980 1107 2011 Per
1132 1979 1248 2022 qualia
1272 1989 1372 2021 opera
1397 1980 1507 2012 debeat
1529 1979 1606 2022 sieri
1627 1979 1824 2022 satisfactio.

533 2103 636 2136 Tertio
661 2104 845 2145 quaeritur,
871 2113 926 2146 per
951 2105 1056 2146 qualia
1073 2114 1169 2147 opera
1193 2105 1305 2138 debeat
1329 2105 1396 2138 sieri

444 2155 622 2188 satisfactio.
649 2157 683 2188 Et
707 2156 851 2195 videtur,
875 2157 958 2198 quod
985 2161 1107 2189 tantum
1132 2167 1187 2199 per
1209 2158 1373 2199 poenalia..

536 2210 563 2239 l.
593 2208 763 2250 Gregorius
795 2210 826 2241 in
859 2210 995 2251 quadam
1030 2210 1199 2242 liomiliassz
1239 2223 1252 2239 «
1278 2210 1396 2242 lustum

286 2264 511 2300 Fundamenta.est,
536 2265 572 2293 ut
597 2266 740 2303 peccator
771 2266 857 2294 tanto
888 2263 1007 2295 maiora
1040 2263 1152 2296 inferat
1180 2264 1237 2296 sibi
1263 2264 1399 2296 lamenta

443 2323 499 2356 per
524 2315 764 2356 poenitentiam,
790 2320 907 2357 quanto
932 2316 1051 2348 maiora
1076 2316 1179 2348 intulit
1205 2317 1318 2349 damna
1343 2326 1399 2358 per

446 2367 569 2409 culpam
589 2380 617 2399 ».

535 2422 564 2453 ἱ).
589 2421 663 2454 item
676 2448 683 2460 ,
700 2422 829 2453 ratione
846 2422 988 2454 videtur:
1007 2423 1080 2464 quia
1102 2427 1256 2464 peccator,
1273 2432 1309 2455 eo
1334 2423 1400 2465 ipso

447 2474 531 2516 quod
564 2475 723 2516 peccavit,
755 2479 802 2507 est
835 2475 957 2507 debitor
981 2484 1120 2516 poenaeg
1146 2476 1199 2508 sed
1225 2476 1255 2507 in
1278 2476 1401 2508 ‘satisfa-

446 2528 547 2560 ctione
583 2527 676 2559 solvit
711 2528 795 2569 quod
833 2528 945 2560 debet:
987 2537 1061 2569 ergo
1100 2538 1231 2570 poenam
1268 2529 1399 2568 solvit⁷,

446 2589 520 2621 ergo
544 2584 600 2612 etc.

535 2633 563 2665 3.
590 2634 683 2672 Item,
708 2634 893 2666 universum
921 2638 1098 2666 remaneret
1118 2634 1351 2673 inordinatum,
1376 2635 1401 2667 si

448 2690 611 2727 peccatum
642 2690 820 2718 remaneret
852 2687 1087 2728 impunitum&
1111 2687 1165 2719 sed
1192 2691 1262 2729 post
1286 2688 1403 2720 satisfa—

1461 2105 1595 2138 ctionem
1630 2109 1774 2147 peccator
1806 2114 1866 2137 non
1898 2105 2050 2147 punitur:
2084 2114 2158 2147 ergo
2194 2115 2319 2139 necesse
2351 2110 2412 2146 est,

1461 2159 1545 2200 quod
1570 2162 1641 2190 ante
1665 2159 1824 2200 puniatur.
2082 2159 2087 2161 “

1551 2211 1580 2242 [ι.
1605 2211 1698 2250 Item,
1724 2211 1916 2252 Gregorius-⁰
1939 2211 2031 2250 dicit,
2056 2215 2086 2244 et
2110 2221 2221 2244 verum
2246 2217 2307 2251 est,
2331 2212 2413 2254 quod

1463 2264 1544 2296 sicut
1568 2265 1598 2296 in
1624 2265 1858 2306 corporalibus,
1885 2265 1927 2297 ita
1951 2269 1981 2297 et
2006 2266 2035 2297 in
2061 2265 2279 2307 spiritualibus
2303 2269 2349 2297 est
2365 2274 2414 2298 cu-

1464 2317 1543 2349 ratio
1566 2326 1622 2359 per
1647 2318 1863 2357 contrarium3
1889 2318 1942 2351 sed
1960 2322 2121 2359 peccatum
2142 2318 2341 2351 libidinosum
2359 2327 2413 2360 per

1464 2370 1703 2403 delectationem
1736 2371 1942 2404 committitur
1967 2376 1997 2404 et
2021 2380 2077 2413 per
2102 2371 2342 2404 satisfactionem
2366 2380 2414 2404 cu-

1465 2426 1574 2455 ratur:
1600 2432 1675 2465 ergo
1701 2424 1868 2456 satisfactio
1893 2424 1986 2456 debet
2009 2433 2077 2456 esse
2101 2432 2157 2466 per
2180 2433 2322 2466 poenam.

1555 2478 1582 2508 5.
1608 2477 1700 2516 item,
1727 2478 1755 2509 in
1787 2477 1976 2518 poenitentia
2001 2482 2031 2509 et
2054 2478 2122 2510 eius
2147 2477 2289 2519 partibus
2320 2477 2414 2509 sumit
2480 2480 2482 2514 l

1464 2533 1610 2571 peccator
1634 2529 1672 2561 de
1697 2538 1729 2561 se
1754 2529 1904 2561 iustitiam
1930 2533 1960 2561 et
1984 2529 2171 2568 vindictam,
2189 2530 2269 2562 sicut
2285 2528 2414 2571 supra¹O
2480 2518 2482 2579 Ξ

1466 2583 1587 2624 patuit;
1612 2583 1666 2614 sed
1693 2582 1829 2615 vindicta
1858 2592 1918 2615 non
1943 2583 2001 2615 nisi
2034 2591 2091 2624 per
2122 2591 2253 2624 poenam
2280 2583 2414 2615 sumitur
2481 2587 2482 2626 1

1467 2635 1505 2667 de
1530 2639 1675 2676 peccato:
1701 2645 1775 2676 ergo
1800 2640 1857 2668 etc.
2481 2629 2482 2690 1

1559 2690 1585 2719 l.
1604 2689 1746 2720 CONTRA:
1765 2689 1929 2721 :inselmus
1947 2688 1977 2720 in
1995 2688 2075 2720 libro
2095 2689 2163 2721 Cur
2180 2689 2264 2721 Deus
2282 2687 2412 2720 ltomoss:
2427 2687 2483 2744 Adai

518 2876 525 2891 1
548 2877 572 2900 1η
593 2876 649 2901 cod.
672 2877 693 2901 X
714 2877 818 2902 additur
838 2879 954 2903 aeterua.
976 2879 1101 2909 Superius
1127 2886 1174 2910 pro
1199 2879 1246 2912 qut*
1263 2879 1401 2912 insepara-

449 2919 534 2945 uiliter
553 2920 610 2945 cod.
632 2920 667 2945 bb
695 2928 763 2954 quac
790 2921 1009 2954 i'iiselmrabt'li'lei·.
1030 2923 1137 2947 interius
1157 2927 1215 2954 post
1234 2922 1319 2956 ipsum
1342 2925 1398 2949 Vat.

448 2964 551 2995 supplet
571 2964 662 2990 Dentri.

518 3008 528 3024 2⁷
548 3007 597 3033 Ct‘r.
618 3009 682 3033 iul'ra
703 3008 728 3033 (1.
755 3009 790 3033 17.
813 3016 836 3040 p.
860 3010 883 3034 ll.
905 3017 927 3033 a.
952 3011 971 3034 1.
994 3017 1018 3042 q.
1040 3010 1064 3035 Ξ,
1087 3013 1111 3034 et
1132 3011 1171 3034 18.
1187 3018 1212 3041 p.
1230 3011 1357 3043 l.a.2.(1.
1372 3012 1400 3043 2,

450 3051 493 3075 ubi
508 3052 584 3076 etiam
604 3053 679 3077 solut.
701 3052 733 3077 ad
754 3054 777 3077 2.
798 3056 822 3077 et
842 3053 865 3078 4.
886 3054 1036 3078 insinuatur.

522 3095 532 3111 ³
552 3096 615 3121 Vide
637 3097 676 3121 liic
697 3097 731 3121 lit.
753 3097 880 3128 Magistri,
902 3104 923 3122 c.
944 3098 968 3129 7,
989 3101 1013 3122 et
1032 3097 1176 3122 Comment.
1198 3105 1224 3128 p.
1247 3099 1262 3122 l.
1283 3106 1307 3130 q.
1329 3100 1352 3123 2.

521 3138 530 3153 4
549 3139 611 3164 Cod.
632 3141 654 3164 1⁷„
679 3141 784 3171 supplet
811 3140 967 3173 satisfactio.
990 3141 1048 3167 Post
1074 3148 1156 3172 pauca
1183 3148 1230 3173 pro
1255 3141 1401 3167 absoleerct

450 3181 508 3206 edd.
529 3182 681 3208 ostenderet.

521 3225 531 3240 5
550 3225 609 3249 Dist.
631 3227 673 3251 21).
696 3234 721 3258 p.
745 3227 769 3251 ll.
791 3235 814 3259 q.
836 3229 859 3252 ⁶2.
880 3243 914 3245 —
934 3229 958 3253 lu
979 3230 1106 3260 principio
1132 3229 1206 3254 solut.
1227 3228 1302 3254 codd.
1329 3230 1401 3254 omit-

452 3271 506 3292 tunt
524 3268 650 3294 Ecclesia.
664 3284 698 3288 —
714 3271 778 3296 Vide
798 3273 913 3297 scholion
933 3273 966 3297 ad
986 3273 1183 3304 praecedentem
1204 3277 1302 3305 quaest.

522 3311 532 3327 Β
551 3312 618 3336 Litir.
648 3313 664 3337 1.
691 3314 782 3338 llomil.
811 3316 836 3339 in
863 3316 960 3346 Evang.
987 3317 1073 3341 liomil.
1101 3317 1142 3341 20.
1169 3324 1192 3341 η.
1220 3317 1253 3341 S:
1280 3317 1326 3341 l‘er
1352 3318 1401 3342 lioc

452 3361 528 3386 ergo,
544 3355 613 3386 quod
635 3356 743 3381 dicitur:
758 3358 846 3383 Facile
860 3358 954 3391 digmus
965 3359 1074 3392 fructus
1086 3359 1259 3393 poenitentiae
1279 3360 1354 3392 [Luc.
1371 3361 1397 3392 3,

2482 2783 2483 2803 1

2481 2804 2483 2826 1

2482 2841 2483 2863 1

2482 2865 2483 2876 l

2482 2878 2483 2893 1

1466 2880 1519 2911 S.]‚
1537 2881 1740 2912 uniuscuiusque
1756 2881 1908 2905 conscii-ntia
1922 2881 2082 2911 convenitur,
2099 2884 2126 2905 ut
2140 2882 2209 2904 tanto
2230 2880 2325 2904 maiora
2341 2885 2414 2911 quae-

1465 2928 1503 2949 rat
1525 2923 1654 2948 bonorum
1675 2931 1784 2955 operum
1806 2924 1874 2949 lucra
1895 2931 1941 2955 per
1961 2925 2157 2955 poeniteutiam,
2179 2927 2275 2956 quanto
2296 2924 2414 2954 graviora

1465 2967 1513 2992 sibi
1533 2968 1615 2993 intulit
1635 2967 1727 2992 damna
1750 2975 1796 2999 per
1816 2968 1927 2998 culpam.

1535 3010 1545 3026 ⁷
1565 3010 1627 3035 Edd.
1648 3017 1710 3044 eryt]
1729 3018 1777 3044 per
1795 3017 1908 3044 pneuma
1924 3010 2061 3043 satisfacit.

1535 3054 1544 3070 S
1564 3055 1713 3079 Secundum
1740 3056 1927 3086 Augustiuum3
1948 3056 1992 3080 cfr.
2019 3062 2097 3086 supra
2124 3062 2185 3086 pag.
2214 3055 2279 3082 363.
2308 3056 2364 3079 nota
2391 3053 2413 3077 6.

1466 3112 1499 3115 —
1519 3099 1574 3123 Mox
1595 3106 1641 3129 pro
1660 3100 1783 3131 peccator
1802 3099 1861 3124 edd.
1878 3100 2033 3132 peccatum,
2056 3106 2121 3131 quae
2146 3100 2222 3124 etiam
2247 3100 2271 3123 in
2292 3099 2340 3123 fine
2360 3104 2413 3128 arg.

1465 3142 1564 3166 addunt
1582 3141 1680 3168 scilicet
1697 3149 1745 3175 pei·
1764 3142 1979 3175 satisfactionem.

1535 3185 1546 3201 9
1567 3185 1632 3210 Libr.
1654 3186 1745 3210 XXlV.
1768 3186 1853 3211 Moral.
1883 3193 1905 3211 c.
1928 3187 1950 3211 2.
1978 3194 2002 3211 η.
2023 3187 2052 3217 2,
2072 3189 2096 3211 et
2117 3186 2141 3210 ll.
2161 3186 2252 3211 Homil.
2274 3187 2298 3210 iu
2317 3186 2413 3215 Evaug.

1465 3230 1552 3254 homil.
1574 3230 1615 3254 32.
1639 3237 1662 3254 n.
1687 3231 1705 3254 l.
1727 3230 1791 3255 Vide
1812 3233 1875 3255 tom.
1898 3231 1932 3255 lll.
1953 3237 2013 3262 pag.
2035 3230 2097 3260 261,
2118 3234 2175 3255 uota
2203 3232 2225 3254 Q.
2246 3230 2315 3255 ldcm
2341 3228 2414 3254 docet

1465 3274 1574 3304 Aristot„
1595 3274 1620 3298 ll.
1641 3274 1720 3299 Etliic.
1741 3282 1762 3299 c.
1785 3275 1808 3299 3.

1537 3316 1557 3332 1⁰
1578 3318 1679 3348 Quaest.
1705 3318 1724 3341 l.
1744 3321 1766 3342 et
1787 3318 1811 3342 d.
1834 3317 1874 3343 14,
1894 3325 1918 3349 p.
1941 3318 1965 3342 ll.
1987 3318 2048 3343 duh.
2070 3319 2092 3342 6.

1537 3360 1556 3376 11
1578 3361 1644 3385 Libr.
1666 3361 1682 3385 l.
1703 3369 1725 3386 c.
1753 3362 1788 3386 ll.
