<?xml version="1.0" encoding="UTF-8"?>
<!DOCTYPE html PUBLIC "-//W3C//DTD XHTML 1.0 Transitional//EN"
    "http://www.w3.org/TR/xhtml1/DTD/xhtml1-transitional.dtd">
<html xmlns="http://www.w3.org/1999/xhtml" xml:lang="en" lang="en">
 <head>
  <title>
</title>
<meta http-equiv="Content-Type" content="text/html;charset=utf-8" />
  <meta name='ocr-system' content='tesseract 3.04.00' />
  <meta name='ocr-capabilities' content='ocr_page ocr_carea ocr_par ocr_line ocrx_word'/>
</head>
<body>
  <div class='ocr_page' id='page_1' title='image "./doctorisseraphic04bona_0674.png"; bbox 0 0 2483 3882; ppageno 0'>
   <div class='ocr_carea' id='block_1_1' title="bbox 313 403 455 449">
    <p class='ocr_par' dir='ltr' id='par_1_1' title="bbox 313 403 455 449">
     <span class='ocr_line' id='line_1_1' title="bbox 313 403 455 427; baseline 0.014 -6"><span class='ocrx_word' id='word_1_1' title='bbox 313 403 412 427; x_wconf 72' lang='lat' dir='ltr'>Quaestio</span> <span class='ocrx_word' id='word_1_2' title='bbox 424 403 455 423; x_wconf 84' lang='lat' dir='ltr'>in-</span> 
     </span>
     <span class='ocr_line' id='line_1_2' title="bbox 338 429 414 449; baseline -0.013 0"><span class='ocrx_word' id='word_1_3' title='bbox 338 429 378 449; x_wconf 83' lang='lat' dir='ltr'>cid.</span> <span class='ocrx_word' id='word_1_4' title='bbox 394 429 414 449; x_wconf 89' lang='grc'>3.</span> 
     </span>
    </p>
   </div>
   <div class='ocr_carea' id='block_1_2' title="bbox 331 974 456 1021">
    <p class='ocr_par' dir='ltr' id='par_1_2' title="bbox 331 974 456 1021">
     <span class='ocr_line' id='line_1_3' title="bbox 331 974 456 995; baseline 0 0"><span class='ocrx_word' id='word_1_5' title='bbox 331 974 456 995; x_wconf 78' lang='lat' dir='ltr'>Disserentia</span> 
     </span>
     <span class='ocr_line' id='line_1_4' title="bbox 353 1001 441 1021; baseline 0 0"><span class='ocrx_word' id='word_1_6' title='bbox 353 1001 441 1021; x_wconf 82' lang='lat' dir='ltr'>ordinis.</span> 
     </span>
    </p>
   </div>
   <div class='ocr_carea' id='block_1_3' title="bbox 344 1815 460 1837">
    <p class='ocr_par' dir='ltr' id='par_1_3' title="bbox 344 1815 460 1837">
     <span class='ocr_line' id='line_1_5' title="bbox 344 1815 460 1837; baseline -0.009 0"><span class='ocrx_word' id='word_1_7' title='bbox 344 1815 460 1837; x_wconf 78' lang='lat' dir='ltr'>Conclusio.</span> 
     </span>
    </p>
   </div>
   <div class='ocr_carea' id='block_1_4' title="bbox 346 2080 464 2126">
    <p class='ocr_par' dir='ltr' id='par_1_4' title="bbox 346 2080 464 2126">
     <span class='ocr_line' id='line_1_6' title="bbox 373 2080 464 2100; baseline 0.022 -2"><span class='ocrx_word' id='word_1_8' title='bbox 373 2080 464 2100; x_wconf 75' lang='lat' dir='ltr'>Corolla-</span> 
     </span>
     <span class='ocr_line' id='line_1_7' title="bbox 346 2106 435 2126; baseline 0 0"><span class='ocrx_word' id='word_1_9' title='bbox 346 2106 400 2126; x_wconf 81' lang='lat' dir='ltr'>riom</span> <span class='ocrx_word' id='word_1_10' title='bbox 416 2106 435 2126; x_wconf 77' lang='lat' dir='ltr'>l.</span> 
     </span>
    </p>
   </div>
   <div class='ocr_carea' id='block_1_5' title="bbox 348 2396 464 2442">
    <p class='ocr_par' dir='ltr' id='par_1_5' title="bbox 348 2396 464 2442">
     <span class='ocr_line' id='line_1_8' title="bbox 374 2396 464 2416; baseline 0 0"><span class='ocrx_word' id='word_1_11' title='bbox 374 2396 464 2416; x_wconf 68' lang='lat' dir='ltr'>Corolla-</span> 
     </span>
     <span class='ocr_line' id='line_1_9' title="bbox 348 2423 436 2442; baseline 0 0"><span class='ocrx_word' id='word_1_12' title='bbox 348 2423 401 2442; x_wconf 82' lang='lat' dir='ltr'>rium</span> <span class='ocrx_word' id='word_1_13' title='bbox 417 2423 436 2442; x_wconf 75' lang='lat'>2.</span> 
     </span>
    </p>
   </div>
   <div class='ocr_carea' id='block_1_6' title="bbox 322 2712 467 2764">
    <p class='ocr_par' dir='ltr' id='par_1_6' title="bbox 322 2712 467 2764">
     <span class='ocr_line' id='line_1_10' title="bbox 336 2712 467 2741; baseline 0 -10"><span class='ocrx_word' id='word_1_14' title='bbox 336 2712 416 2741; x_wconf 72' lang='lat' dir='ltr'>Soiutio</span> <span class='ocrx_word' id='word_1_15' title='bbox 431 2717 467 2738; x_wconf 88' lang='lat' dir='ltr'>op·</span> 
     </span>
     <span class='ocr_line' id='line_1_11' title="bbox 322 2740 446 2764; baseline -0.008 -6"><span class='ocrx_word' id='word_1_16' title='bbox 322 2740 446 2764; x_wconf 45' lang='lat' dir='ltr'>posxtorum,</span> 
     </span>
    </p>
   </div>
   <div class='ocr_carea' id='block_1_7' title="bbox 476 254 538 286">
    <p class='ocr_par' dir='ltr' id='par_1_7' title="bbox 476 254 538 286">
     <span class='ocr_line' id='line_1_12' title="bbox 476 254 538 286; baseline 0 0"><span class='ocrx_word' id='word_1_17' title='bbox 476 254 538 286; x_wconf 67' lang='lat'>654</span> 
     </span>
    </p>
   </div>
   <div class='ocr_carea' id='block_1_8' title="bbox 469 330 1419 538">
    <p class='ocr_par' dir='ltr' id='par_1_8' title="bbox 469 330 1419 538">
     <span class='ocr_line' id='line_1_13' title="bbox 560 330 1418 378; baseline -0.013 -6"><span class='ocrx_word' id='word_1_18' title='bbox 560 341 593 372; x_wconf 86' lang='lat' dir='ltr'>Et</span> <span class='ocrx_word' id='word_1_19' title='bbox 618 340 748 371; x_wconf 86' lang='lat' dir='ltr'>iterum:</span> <span class='ocrx_word' id='word_1_20' title='bbox 776 345 874 378; x_wconf 91' lang='lat' dir='ltr'>quare</span> <span class='ocrx_word' id='word_1_21' title='bbox 898 334 1059 367; x_wconf 82' lang='lat' dir='ltr'>fornicatio</span> <span class='ocrx_word' id='word_1_22' title='bbox 1084 333 1194 364; x_wconf 85' lang='lat' dir='ltr'>uxoris</span> <span class='ocrx_word' id='word_1_23' title='bbox 1218 331 1322 372; x_wconf 87' lang='lat' dir='ltr'>potius</span> <span class='ocrx_word' id='word_1_24' title='bbox 1346 330 1418 362; x_wconf 85' lang='lat' dir='ltr'>facit</span> 
     </span>
     <span class='ocr_line' id='line_1_14' title="bbox 469 385 1419 431; baseline -0.013 -6"><span class='ocrx_word' id='word_1_25' title='bbox 469 394 572 425; x_wconf 82' lang='lat' dir='ltr'>virum</span> <span class='ocrx_word' id='word_1_26' title='bbox 598 390 804 431; x_wconf 79' lang='lat' dir='ltr'>irregularem</span> <span class='ocrx_word' id='word_1_27' title='bbox 820 389 828 405; x_wconf 91' lang='lat'>¹</span> <span class='ocrx_word' id='word_1_28' title='bbox 855 396 949 428; x_wconf 86' lang='lat' dir='ltr'>quam</span> <span class='ocrx_word' id='word_1_29' title='bbox 974 386 1135 418; x_wconf 84' lang='lat' dir='ltr'>fornicatio</span> <span class='ocrx_word' id='word_1_30' title='bbox 1159 385 1237 421; x_wconf 87' lang='lat' dir='ltr'>viri,</span> <span class='ocrx_word' id='word_1_31' title='bbox 1262 392 1334 415; x_wconf 88' lang='lat' dir='ltr'>cum</span> <span class='ocrx_word' id='word_1_32' title='bbox 1357 391 1419 414; x_wconf 89' lang='lat' dir='ltr'>ma-</span> 
     </span>
     <span class='ocr_line' id='line_1_15' title="bbox 469 436 1419 486; baseline -0.011 -10"><span class='ocrx_word' id='word_1_33' title='bbox 469 446 515 486; x_wconf 81' lang='lat' dir='ltr'>gis</span> <span class='ocrx_word' id='word_1_34' title='bbox 546 442 724 485; x_wconf 85' lang='lat' dir='ltr'>puniendus</span> <span class='ocrx_word' id='word_1_35' title='bbox 761 441 799 472; x_wconf 89' lang='lat' dir='ltr'>sit</span> <span class='ocrx_word' id='word_1_36' title='bbox 831 443 959 480; x_wconf 88' lang='lat' dir='ltr'>propter</span> <span class='ocrx_word' id='word_1_37' title='bbox 991 438 1175 470; x_wconf 84' lang='lat' dir='ltr'>divisionem</span> <span class='ocrx_word' id='word_1_38' title='bbox 1209 436 1311 468; x_wconf 88' lang='lat' dir='ltr'>carnis</span> <span class='ocrx_word' id='word_1_39' title='bbox 1343 443 1419 467; x_wconf 88' lang='lat' dir='ltr'>suae</span> 
     </span>
     <span class='ocr_line' id='line_1_16' title="bbox 470 496 729 538; baseline -0.015 -9"><span class='ocrx_word' id='word_1_40' title='bbox 470 506 563 538; x_wconf 90' lang='lat' dir='ltr'>quam</span> <span class='ocrx_word' id='word_1_41' title='bbox 588 496 729 527; x_wconf 83' lang='lat' dir='ltr'>alienae?</span> 
     </span>
    </p>
   </div>
   <div class='ocr_carea' id='block_1_9' title="bbox 827 604 1065 629">
    <p class='ocr_par' dir='ltr' id='par_1_9' title="bbox 827 604 1065 629">
     <span class='ocr_line' id='line_1_17' title="bbox 827 604 1065 629; baseline -0.008 -1"><span class='ocrx_word' id='word_1_42' title='bbox 827 604 1065 629; x_wconf 88' lang='lat' dir='ltr'>CONCLUSIO.</span> 
     </span>
    </p>
   </div>
   <div class='ocr_carea' id='block_1_10' title="bbox 471 698 1421 846">
    <p class='ocr_par' dir='ltr' id='par_1_10' title="bbox 471 698 1421 846">
     <span class='ocr_line' id='line_1_18' title="bbox 471 698 1421 745; baseline -0.006 -10"><span class='ocrx_word' id='word_1_43' title='bbox 471 703 606 745; x_wconf 74' lang='lat' dir='ltr'>Biqami</span> <span class='ocrx_word' id='word_1_44' title='bbox 624 706 759 744; x_wconf 78' lang='lat' dir='ltr'>propter</span> <span class='ocrx_word' id='word_1_45' title='bbox 777 700 937 742; x_wconf 78' lang='lat' dir='ltr'>desectam</span> <span class='ocrx_word' id='word_1_46' title='bbox 953 699 1208 741; x_wconf 71' lang='lat' dir='ltr'>sigyiiisicatiouis</span> <span class='ocrx_word' id='word_1_47' title='bbox 1226 698 1327 740; x_wconf 69' lang='lat' dir='ltr'>inepti</span> <span class='ocrx_word' id='word_1_48' title='bbox 1343 702 1421 729; x_wconf 73' lang='lat' dir='ltr'>sitiit</span> 
     </span>
     <span class='ocr_line' id='line_1_19' title="bbox 557 751 1421 796; baseline -0.006 -9"><span class='ocrx_word' id='word_1_49' title='bbox 557 755 603 787; x_wconf 72' lang='lat' dir='ltr'>acl</span> <span class='ocrx_word' id='word_1_50' title='bbox 632 754 868 796; x_wconf 76' lang='lat' dir='ltr'>susceptionem.</span> <span class='ocrx_word' id='word_1_51' title='bbox 899 753 1046 790; x_wconf 74' lang='lat' dir='ltr'>ordinis,</span> <span class='ocrx_word' id='word_1_52' title='bbox 1076 751 1275 793; x_wconf 78' lang='lat' dir='ltr'>praesertim</span> <span class='ocrx_word' id='word_1_53' title='bbox 1307 751 1421 789; x_wconf 77' lang='lat' dir='ltr'>sac-ri,</span> 
     </span>
     <span class='ocr_line' id='line_1_20' title="bbox 558 805 1318 846; baseline -0.004 -7"><span class='ocrx_word' id='word_1_54' title='bbox 558 808 605 839; x_wconf 84' lang='lat' dir='ltr'>ita</span> <span class='ocrx_word' id='word_1_55' title='bbox 631 812 755 845; x_wconf 67' lang='lat' dir='ltr'>taimen,</span> <span class='ocrx_word' id='word_1_56' title='bbox 782 810 818 838; x_wconf 79' lang='lat' dir='ltr'>at</span> <span class='ocrx_word' id='word_1_57' title='bbox 841 805 949 838; x_wconf 77' lang='lat' dir='ltr'>valide</span> <span class='ocrx_word' id='word_1_58' title='bbox 974 805 1122 837; x_wconf 76' lang='lat' dir='ltr'>ordinem</span> <span class='ocrx_word' id='word_1_59' title='bbox 1146 805 1318 846; x_wconf 69' lang='lat' dir='ltr'>recipiant.</span> 
     </span>
    </p>
   </div>
   <div class='ocr_carea' id='block_1_11' title="bbox 471 909 1431 2798">
    <p class='ocr_par' dir='ltr' id='par_1_11' title="bbox 471 909 1427 1532">
     <span class='ocr_line' id='line_1_21' title="bbox 559 909 1423 952; baseline -0.003 -9"><span class='ocrx_word' id='word_1_60' title='bbox 559 913 757 944; x_wconf 81' lang='lat' dir='ltr'>RESPONDEO:</span> <span class='ocrx_word' id='word_1_61' title='bbox 787 911 831 943; x_wconf 82' lang='lat' dir='ltr'>Ad</span> <span class='ocrx_word' id='word_1_62' title='bbox 856 911 1090 952; x_wconf 88' lang='lat' dir='ltr'>praedictorum</span> <span class='ocrx_word' id='word_1_63' title='bbox 1115 909 1350 951; x_wconf 75' lang='lat' dir='ltr'>intelligentiam</span> <span class='ocrx_word' id='word_1_64' title='bbox 1376 912 1423 941; x_wconf 89' lang='lat' dir='ltr'>est</span> 
     </span>
     <span class='ocr_line' id='line_1_22' title="bbox 471 961 1423 1005; baseline -0.004 -9"><span class='ocrx_word' id='word_1_65' title='bbox 471 964 661 1003; x_wconf 88' lang='lat' dir='ltr'>notandum,</span> <span class='ocrx_word' id='word_1_66' title='bbox 695 964 779 1005; x_wconf 86' lang='lat' dir='ltr'>quod</span> <span class='ocrx_word' id='word_1_67' title='bbox 804 964 1040 996; x_wconf 86' lang='lat' dir='ltr'>Sacramentum</span> <span class='ocrx_word' id='word_1_68' title='bbox 1070 962 1189 994; x_wconf 79' lang='lat' dir='ltr'>ordinis</span> <span class='ocrx_word' id='word_1_69' title='bbox 1219 962 1360 994; x_wconf 78' lang='lat' dir='ltr'>abundat</span> <span class='ocrx_word' id='word_1_70' title='bbox 1383 961 1423 992; x_wconf 88' lang='lat' dir='ltr'>ab</span> 
     </span>
     <span class='ocr_line' id='line_1_23' title="bbox 472 1014 1420 1058; baseline -0.004 -9"><span class='ocrx_word' id='word_1_71' title='bbox 472 1017 541 1049; x_wconf 81' lang='lat' dir='ltr'>aliis</span> <span class='ocrx_word' id='word_1_72' title='bbox 566 1017 596 1048; x_wconf 94' lang='lat' dir='ltr'>in</span> <span class='ocrx_word' id='word_1_73' title='bbox 628 1017 747 1048; x_wconf 86' lang='lat' dir='ltr'>ratione</span> <span class='ocrx_word' id='word_1_74' title='bbox 778 1015 1011 1058; x_wconf 59' lang='lat' dir='ltr'>significandi,</span> <span class='ocrx_word' id='word_1_75' title='bbox 1045 1015 1192 1057; x_wconf 87' lang='lat' dir='ltr'>quoniam</span> <span class='ocrx_word' id='word_1_76' title='bbox 1225 1024 1286 1046; x_wconf 87' lang='lat' dir='ltr'>non</span> <span class='ocrx_word' id='word_1_77' title='bbox 1320 1014 1420 1046; x_wconf 87' lang='lat' dir='ltr'>solum</span> 
     </span>
     <span class='ocr_line' id='line_1_24' title="bbox 472 1066 1423 1111; baseline -0.004 -10"><span class='ocrx_word' id='word_1_78' title='bbox 472 1070 551 1102; x_wconf 89' lang='lat' dir='ltr'>illud</span> <span class='ocrx_word' id='word_1_79' title='bbox 568 1070 653 1111; x_wconf 83' lang='lat' dir='ltr'>quod</span> <span class='ocrx_word' id='word_1_80' title='bbox 669 1069 838 1101; x_wconf 89' lang='lat' dir='ltr'>adhibetur</span> <span class='ocrx_word' id='word_1_81' title='bbox 862 1069 1017 1106; x_wconf 87' lang='lat' dir='ltr'>exterius,</span> <span class='ocrx_word' id='word_1_82' title='bbox 1043 1068 1212 1108; x_wconf 78' lang='lat' dir='ltr'>significat,</span> <span class='ocrx_word' id='word_1_83' title='bbox 1237 1067 1333 1098; x_wconf 87' lang='lat' dir='ltr'>immo</span> <span class='ocrx_word' id='word_1_84' title='bbox 1358 1066 1423 1108; x_wconf 90' lang='lat' dir='ltr'>ipse</span> 
     </span>
     <span class='ocr_line' id='line_1_25' title="bbox 473 1120 1424 1164; baseline -0.004 -10"><span class='ocrx_word' id='word_1_85' title='bbox 473 1123 646 1164; x_wconf 85' lang='lat' dir='ltr'>suscipiens</span> <span class='ocrx_word' id='word_1_86' title='bbox 671 1122 793 1163; x_wconf 82' lang='lat' dir='ltr'>signum</span> <span class='ocrx_word' id='word_1_87' title='bbox 827 1125 890 1160; x_wconf 88' lang='lat' dir='ltr'>est,</span> <span class='ocrx_word' id='word_1_88' title='bbox 923 1125 952 1153; x_wconf 86' lang='lat' dir='ltr'>et</span> <span class='ocrx_word' id='word_1_89' title='bbox 978 1120 1130 1161; x_wconf 80' lang='lat' dir='ltr'>significat</span> <span class='ocrx_word' id='word_1_90' title='bbox 1162 1120 1227 1161; x_wconf 91' lang='lat' dir='ltr'>ipse</span> <span class='ocrx_word' id='word_1_91' title='bbox 1259 1120 1424 1160; x_wconf 88' lang='lat' dir='ltr'>episcopus</span> 
     </span>
     <span class='ocr_line' id='line_1_26' title="bbox 473 1172 1424 1216; baseline -0.004 -9"><span class='ocrx_word' id='word_1_92' title='bbox 473 1179 673 1208; x_wconf 88' lang='lat' dir='ltr'>consecratus</span> <span class='ocrx_word' id='word_1_93' title='bbox 694 1175 744 1207; x_wconf 81' lang='lat' dir='ltr'>vel</span> <span class='ocrx_word' id='word_1_94' title='bbox 772 1174 935 1216; x_wconf 73' lang='lat' dir='ltr'><strong>presbyter</strong></span> <span class='ocrx_word' id='word_1_95' title='bbox 953 1174 1116 1205; x_wconf 80' lang='lat' dir='ltr'>ordinatus</span> <span class='ocrx_word' id='word_1_96' title='bbox 1134 1173 1234 1214; x_wconf 87' lang='lat' dir='ltr'>ipsum</span> <span class='ocrx_word' id='word_1_97' title='bbox 1254 1172 1424 1210; x_wconf 75' lang='lat' dir='ltr'>Christum,</span> 
     </span>
     <span class='ocr_line' id='line_1_27' title="bbox 475 1225 1425 1269; baseline -0.005 -8"><span class='ocrx_word' id='word_1_98' title='bbox 475 1228 650 1261; x_wconf 86' lang='lat' dir='ltr'>secundum</span> <span class='ocrx_word' id='word_1_99' title='bbox 675 1227 759 1269; x_wconf 87' lang='lat' dir='ltr'>quod</span> <span class='ocrx_word' id='word_1_100' title='bbox 793 1226 965 1268; x_wconf 71' lang='grc' dir='ltr'>ευρθΓίΠε2</span> <span class='ocrx_word' id='word_1_101' title='bbox 998 1230 1116 1258; x_wconf 88' lang='lat' dir='ltr'>tactum</span> <span class='ocrx_word' id='word_1_102' title='bbox 1149 1229 1204 1257; x_wconf 86' lang='lat' dir='ltr'>est.</span> <span class='ocrx_word' id='word_1_103' title='bbox 1239 1225 1272 1256; x_wconf 82' lang='lat' dir='ltr'>Et</span> <span class='ocrx_word' id='word_1_104' title='bbox 1305 1225 1334 1256; x_wconf 87' lang='lat' dir='ltr'>iu</span> <span class='ocrx_word' id='word_1_105' title='bbox 1367 1225 1425 1256; x_wconf 85' lang='lat' dir='ltr'>hac</span> 
     </span>
     <span class='ocr_line' id='line_1_28' title="bbox 474 1278 1424 1323; baseline -0.005 -10"><span class='ocrx_word' id='word_1_106' title='bbox 474 1281 665 1323; x_wconf 71' lang='lat' dir='ltr'>proprietate</span> <span class='ocrx_word' id='word_1_107' title='bbox 689 1280 794 1312; x_wconf 81' lang='lat' dir='ltr'>differt</span> <span class='ocrx_word' id='word_1_108' title='bbox 818 1280 857 1311; x_wconf 89' lang='lat' dir='ltr'>ab</span> <span class='ocrx_word' id='word_1_109' title='bbox 874 1279 943 1311; x_wconf 85' lang='lat' dir='ltr'>aliis</span> <span class='ocrx_word' id='word_1_110' title='bbox 960 1278 1185 1317; x_wconf 86' lang='lat' dir='ltr'>Sacramentis,</span> <span class='ocrx_word' id='word_1_111' title='bbox 1203 1281 1424 1319; x_wconf 85' lang='lat' dir='ltr'>praeterquam</span> 
     </span>
     <span class='ocr_line' id='line_1_29' title="bbox 474 1331 1424 1374; baseline -0.004 -8"><span class='ocrx_word' id='word_1_112' title='bbox 474 1344 491 1366; x_wconf 89' lang='lat' dir='ltr'>a</span> <span class='ocrx_word' id='word_1_113' title='bbox 516 1334 733 1372; x_wconf 86' lang='lat' dir='ltr'>matrimonio,</span> <span class='ocrx_word' id='word_1_114' title='bbox 766 1333 795 1364; x_wconf 88' lang='lat' dir='ltr'>in</span> <span class='ocrx_word' id='word_1_115' title='bbox 821 1342 883 1374; x_wconf 87' lang='lat' dir='ltr'>quo</span> <span class='ocrx_word' id='word_1_116' title='bbox 911 1333 978 1373; x_wconf 83' lang='lat' dir='ltr'>ipse</span> <span class='ocrx_word' id='word_1_117' title='bbox 1001 1332 1067 1370; x_wconf 77' lang='lat' dir='ltr'>vir,</span> <span class='ocrx_word' id='word_1_118' title='bbox 1100 1331 1153 1372; x_wconf 90' lang='lat' dir='ltr'>qui</span> <span class='ocrx_word' id='word_1_119' title='bbox 1179 1334 1224 1363; x_wconf 89' lang='lat' dir='ltr'>est</span> <span class='ocrx_word' id='word_1_120' title='bbox 1249 1331 1424 1362; x_wconf 84' lang='lat' dir='ltr'>subiectum</span> 
     </span>
     <span class='ocr_line' id='line_1_30' title="bbox 474 1382 1427 1427; baseline -0.004 -9"><span class='ocrx_word' id='word_1_121' title='bbox 474 1386 573 1427; x_wconf 87' lang='lat' dir='ltr'>ipsius</span> <span class='ocrx_word' id='word_1_122' title='bbox 597 1385 807 1424; x_wconf 87' lang='lat' dir='ltr'>Sacramenti,</span> <span class='ocrx_word' id='word_1_123' title='bbox 840 1385 964 1426; x_wconf 82' lang='lat' dir='ltr'>signum</span> <span class='ocrx_word' id='word_1_124' title='bbox 989 1388 1035 1416; x_wconf 87' lang='lat' dir='ltr'>est</span> <span class='ocrx_word' id='word_1_125' title='bbox 1059 1384 1158 1425; x_wconf 91' lang='lat' dir='ltr'>ipsius</span> <span class='ocrx_word' id='word_1_126' title='bbox 1182 1382 1314 1422; x_wconf 84' lang='lat' dir='ltr'>Christi,</span> <span class='ocrx_word' id='word_1_127' title='bbox 1345 1382 1427 1415; x_wconf 87' lang='lat' dir='ltr'>sicut</span> 
     </span>
     <span class='ocr_line' id='line_1_31' title="bbox 474 1435 1425 1479; baseline -0.003 -9"><span class='ocrx_word' id='word_1_128' title='bbox 474 1439 589 1471; x_wconf 87' lang='lat' dir='ltr'>mulier</span> <span class='ocrx_word' id='word_1_129' title='bbox 613 1439 737 1479; x_wconf 81' lang='lat' dir='ltr'>signum</span> <span class='ocrx_word' id='word_1_130' title='bbox 762 1441 809 1470; x_wconf 88' lang='lat' dir='ltr'>est</span> <span class='ocrx_word' id='word_1_131' title='bbox 841 1437 1012 1475; x_wconf 78' lang='lat' dir='ltr'>Ecclesiae,</span> <span class='ocrx_word' id='word_1_132' title='bbox 1045 1440 1075 1468; x_wconf 86' lang='lat' dir='ltr'>et</span> <span class='ocrx_word' id='word_1_133' title='bbox 1099 1436 1140 1468; x_wconf 87' lang='lat' dir='ltr'>ita</span> <span class='ocrx_word' id='word_1_134' title='bbox 1169 1439 1363 1468; x_wconf 90' lang='lat' dir='ltr'>concurrunt</span> <span class='ocrx_word' id='word_1_135' title='bbox 1386 1435 1425 1467; x_wconf 85' lang='lat' dir='ltr'>ad</span> 
     </span>
     <span class='ocr_line' id='line_1_32' title="bbox 475 1490 835 1532; baseline -0.008 -8"><span class='ocrx_word' id='word_1_136' title='bbox 475 1492 558 1524; x_wconf 87' lang='lat' dir='ltr'>idem</span> <span class='ocrx_word' id='word_1_137' title='bbox 583 1490 835 1532; x_wconf 81' lang='lat' dir='ltr'>significandum.</span> 
     </span>
    </p>

    <p class='ocr_par' dir='ltr' id='par_1_12' title="bbox 475 1541 1431 2640">
     <span class='ocr_line' id='line_1_33' title="bbox 564 1541 1427 1584; baseline -0.005 -8"><span class='ocrx_word' id='word_1_138' title='bbox 564 1544 716 1584; x_wconf 81' lang='lat' dir='ltr'>Quoniam</span> <span class='ocrx_word' id='word_1_139' title='bbox 742 1552 817 1584; x_wconf 82' lang='lat' dir='ltr'>ergo</span> <span class='ocrx_word' id='word_1_140' title='bbox 842 1543 880 1575; x_wconf 90' lang='lat' dir='ltr'>de</span> <span class='ocrx_word' id='word_1_141' title='bbox 904 1542 1128 1583; x_wconf 85' lang='lat' dir='ltr'>significatione</span> <span class='ocrx_word' id='word_1_142' title='bbox 1160 1541 1280 1573; x_wconf 84' lang='lat' dir='ltr'>ordinis</span> <span class='ocrx_word' id='word_1_143' title='bbox 1302 1541 1427 1582; x_wconf 76' lang='lat' dir='ltr'>prima-</span> 
     </span>
     <span class='ocr_line' id='line_1_34' title="bbox 476 1594 1427 1637; baseline -0.003 -9"><span class='ocrx_word' id='word_1_144' title='bbox 476 1597 531 1629; x_wconf 78' lang='lat' dir='ltr'>ria</span> <span class='ocrx_word' id='word_1_145' title='bbox 554 1601 617 1635; x_wconf 83' lang='lat' dir='ltr'>est,</span> <span class='ocrx_word' id='word_1_146' title='bbox 642 1596 726 1637; x_wconf 89' lang='lat' dir='ltr'>quod</span> <span class='ocrx_word' id='word_1_147' title='bbox 750 1596 915 1627; x_wconf 87' lang='lat' dir='ltr'>ordinatus</span> <span class='ocrx_word' id='word_1_148' title='bbox 940 1594 1094 1636; x_wconf 78' lang='lat' dir='ltr'>significet·</span> <span class='ocrx_word' id='word_1_149' title='bbox 1109 1594 1268 1626; x_wconf 82' lang='lat' dir='ltr'>Christum</span> <span class='ocrx_word' id='word_1_150' title='bbox 1288 1598 1322 1626; x_wconf 83' lang='lat' dir='ltr'>ut</span> <span class='ocrx_word' id='word_1_151' title='bbox 1338 1603 1427 1635; x_wconf 85' lang='lat' dir='ltr'>spon-</span> 
     </span>
     <span class='ocr_line' id='line_1_35' title="bbox 476 1647 1428 1690; baseline -0.004 -8"><span class='ocrx_word' id='word_1_152' title='bbox 476 1659 546 1682; x_wconf 89' lang='lat' dir='ltr'>sum</span> <span class='ocrx_word' id='word_1_153' title='bbox 572 1650 741 1688; x_wconf 86' lang='lat' dir='ltr'>Ecclesiae;</span> <span class='ocrx_word' id='word_1_154' title='bbox 774 1653 803 1681; x_wconf 90' lang='lat' dir='ltr'>et</span> <span class='ocrx_word' id='word_1_155' title='bbox 827 1649 886 1681; x_wconf 90' lang='lat' dir='ltr'>hoc</span> <span class='ocrx_word' id='word_1_156' title='bbox 919 1657 978 1680; x_wconf 91' lang='lat' dir='ltr'>non</span> <span class='ocrx_word' id='word_1_157' title='bbox 1011 1651 1113 1690; x_wconf 86' lang='lat' dir='ltr'>potest</span> <span class='ocrx_word' id='word_1_158' title='bbox 1144 1647 1321 1689; x_wconf 82' lang='lat' dir='ltr'>significare</span> <span class='ocrx_word' id='word_1_159' title='bbox 1346 1647 1428 1688; x_wconf 81' lang='lat' dir='ltr'>biga-</span> 
     </span>
     <span class='ocr_line' id='line_1_36' title="bbox 475 1699 1429 1744; baseline -0.003 -10"><span class='ocrx_word' id='word_1_160' title='bbox 475 1712 564 1741; x_wconf 89' lang='lat' dir='ltr'>mus,</span> <span class='ocrx_word' id='word_1_161' title='bbox 597 1703 648 1744; x_wconf 90' lang='lat' dir='ltr'>qui</span> <span class='ocrx_word' id='word_1_162' title='bbox 674 1702 786 1734; x_wconf 89' lang='lat' dir='ltr'>habuit</span> <span class='ocrx_word' id='word_1_163' title='bbox 809 1711 943 1734; x_wconf 80' lang='lat' dir='ltr'>uxorem</span> <span class='ocrx_word' id='word_1_164' title='bbox 976 1701 1122 1739; x_wconf 84' lang='lat' dir='ltr'>viduam,</span> <span class='ocrx_word' id='word_1_165' title='bbox 1156 1700 1303 1742; x_wconf 90' lang='lat' dir='ltr'>quoniam</span> <span class='ocrx_word' id='word_1_166' title='bbox 1331 1699 1429 1732; x_wconf 86' lang='lat' dir='ltr'>Eccle-</span> 
     </span>
     <span class='ocr_line' id='line_1_37' title="bbox 476 1753 1426 1796; baseline -0.003 -9"><span class='ocrx_word' id='word_1_167' title='bbox 476 1755 521 1788; x_wconf 84' lang='lat' dir='ltr'>sia</span> <span class='ocrx_word' id='word_1_168' title='bbox 545 1755 674 1787; x_wconf 89' lang='lat' dir='ltr'>unicum</span> <span class='ocrx_word' id='word_1_169' title='bbox 712 1755 821 1786; x_wconf 85' lang='lat' dir='ltr'>habuit</span> <span class='ocrx_word' id='word_1_170' title='bbox 857 1763 1025 1796; x_wconf 87' lang='lat' dir='ltr'>sponsum,</span> <span class='ocrx_word' id='word_1_171' title='bbox 1061 1757 1090 1786; x_wconf 92' lang='lat' dir='ltr'>et</span> <span class='ocrx_word' id='word_1_172' title='bbox 1122 1753 1265 1785; x_wconf 85' lang='lat' dir='ltr'>Christus</span> <span class='ocrx_word' id='word_1_173' title='bbox 1301 1753 1426 1785; x_wconf 90' lang='lat' dir='ltr'>unicam</span> 
     </span>
     <span class='ocr_line' id='line_1_38' title="bbox 477 1804 1428 1849; baseline -0.004 -9"><span class='ocrx_word' id='word_1_174' title='bbox 477 1817 639 1849; x_wconf 85' lang='lat' dir='ltr'>sponsam:</span> <span class='ocrx_word' id='word_1_175' title='bbox 666 1808 738 1839; x_wconf 85' lang='lat' dir='ltr'>hinc</span> <span class='ocrx_word' id='word_1_176' title='bbox 762 1810 825 1845; x_wconf 88' lang='lat' dir='ltr'>est,</span> <span class='ocrx_word' id='word_1_177' title='bbox 857 1807 941 1848; x_wconf 88' lang='lat' dir='ltr'>quod</span> <span class='ocrx_word' id='word_1_178' title='bbox 966 1806 1043 1838; x_wconf 87' lang='lat' dir='ltr'>tales</span> <span class='ocrx_word' id='word_1_179' title='bbox 1067 1806 1162 1847; x_wconf 85' lang='lat' dir='ltr'>inepti</span> <span class='ocrx_word' id='word_1_180' title='bbox 1187 1809 1260 1837; x_wconf 87' lang='lat' dir='ltr'>sunt</span> <span class='ocrx_word' id='word_1_181' title='bbox 1284 1805 1323 1837; x_wconf 90' lang='lat' dir='ltr'>ad</span> <span class='ocrx_word' id='word_1_182' title='bbox 1348 1804 1428 1836; x_wconf 88' lang='lat' dir='ltr'>ordi-</span> 
     </span>
     <span class='ocr_line' id='line_1_39' title="bbox 477 1857 1428 1901; baseline -0.005 -9"><span class='ocrx_word' id='word_1_183' title='bbox 477 1869 549 1899; x_wconf 85' lang='lat' dir='ltr'>nes,</span> <span class='ocrx_word' id='word_1_184' title='bbox 574 1860 713 1892; x_wconf 79' lang='lat' dir='ltr'>maxime</span> <span class='ocrx_word' id='word_1_185' title='bbox 733 1859 938 1901; x_wconf 72' lang='lat' dir='ltr'>principales</span> <span class='ocrx_word' id='word_1_186' title='bbox 955 1863 985 1890; x_wconf 88' lang='lat' dir='ltr'>et</span> <span class='ocrx_word' id='word_1_187' title='bbox 1000 1868 1135 1896; x_wconf 71' lang='lat' dir='ltr'>sacros,</span> <span class='ocrx_word' id='word_1_188' title='bbox 1154 1858 1184 1889; x_wconf 93' lang='lat' dir='ltr'>in</span> <span class='ocrx_word' id='word_1_189' title='bbox 1201 1858 1317 1899; x_wconf 85' lang='lat' dir='ltr'>quibus</span> <span class='ocrx_word' id='word_1_190' title='bbox 1335 1857 1428 1888; x_wconf 89' lang='lat' dir='ltr'>homo</span> 
     </span>
     <span class='ocr_line' id='line_1_40' title="bbox 477 1910 1429 1954; baseline -0.003 -10"><span class='ocrx_word' id='word_1_191' title='bbox 477 1913 539 1944; x_wconf 86' lang='lat' dir='ltr'>iam</span> <span class='ocrx_word' id='word_1_192' title='bbox 564 1913 672 1953; x_wconf 75' lang='lat' dir='ltr'>incipit</span> <span class='ocrx_word' id='word_1_193' title='bbox 695 1921 845 1954; x_wconf 83' lang='lat' dir='ltr'>expresse</span> <span class='ocrx_word' id='word_1_194' title='bbox 877 1912 1015 1953; x_wconf 84' lang='lat' dir='ltr'>figurare</span> <span class='ocrx_word' id='word_1_195' title='bbox 1047 1911 1206 1943; x_wconf 80' lang='lat' dir='ltr'>Christum</span> <span class='ocrx_word' id='word_1_196' title='bbox 1222 1910 1243 1941; x_wconf 75' lang='lat'>³.</span> <span class='ocrx_word' id='word_1_197' title='bbox 1276 1910 1362 1942; x_wconf 89' lang='lat' dir='ltr'>Unde</span> <span class='ocrx_word' id='word_1_198' title='bbox 1387 1910 1429 1941; x_wconf 91' lang='lat' dir='ltr'>bi-</span> 
     </span>
     <span class='ocr_line' id='line_1_41' title="bbox 478 1963 1429 2006; baseline -0.004 -9"><span class='ocrx_word' id='word_1_199' title='bbox 478 1965 580 2005; x_wconf 77' lang='lat' dir='ltr'>gamia</span> <span class='ocrx_word' id='word_1_200' title='bbox 604 1965 708 1997; x_wconf 87' lang='lat' dir='ltr'>reddit</span> <span class='ocrx_word' id='word_1_201' title='bbox 732 1965 871 2006; x_wconf 88' lang='lat' dir='ltr'>ineptum</span> <span class='ocrx_word' id='word_1_202' title='bbox 897 1964 935 1996; x_wconf 87' lang='lat' dir='ltr'>ad</span> <span class='ocrx_word' id='word_1_203' title='bbox 962 1964 1161 1996; x_wconf 89' lang='lat' dir='ltr'>diaconatum</span> <span class='ocrx_word' id='word_1_204' title='bbox 1179 1966 1209 1994; x_wconf 91' lang='lat' dir='ltr'>et</span> <span class='ocrx_word' id='word_1_205' title='bbox 1225 1963 1429 1994; x_wconf 88' lang='lat' dir='ltr'>subdiacona-</span> 
     </span>
     <span class='ocr_line' id='line_1_42' title="bbox 478 2016 1428 2058; baseline -0.002 -10"><span class='ocrx_word' id='word_1_206' title='bbox 478 2021 545 2049; x_wconf 86' lang='lat' dir='ltr'>tum</span> <span class='ocrx_word' id='word_1_207' title='bbox 570 2021 600 2050; x_wconf 91' lang='lat' dir='ltr'>et</span> <span class='ocrx_word' id='word_1_208' title='bbox 628 2017 838 2050; x_wconf 72' lang='lat' dir='ltr'>sacerdotium</span> <span class='ocrx_word' id='word_1_209' title='bbox 871 2021 901 2049; x_wconf 90' lang='lat' dir='ltr'>et</span> <span class='ocrx_word' id='word_1_210' title='bbox 932 2016 1092 2058; x_wconf 86' lang='lat' dir='ltr'>potissime</span> <span class='ocrx_word' id='word_1_211' title='bbox 1124 2016 1164 2048; x_wconf 89' lang='lat' dir='ltr'>ad</span> <span class='ocrx_word' id='word_1_212' title='bbox 1196 2016 1409 2056; x_wconf 88' lang='lat' dir='ltr'>episcopatum</span> <span class='ocrx_word' id='word_1_213' title='bbox 1420 2027 1428 2053; x_wconf 74' lang='lat'><em>3</em></span> 
     </span>
     <span class='ocr_line' id='line_1_43' title="bbox 478 2068 1430 2110; baseline -0.004 -8"><span class='ocrx_word' id='word_1_214' title='bbox 478 2074 508 2102; x_wconf 90' lang='grc' dir='ltr'>θῖ</span> <span class='ocrx_word' id='word_1_215' title='bbox 532 2070 602 2102; x_wconf 89' lang='lat' dir='ltr'>ideo</span> <span class='ocrx_word' id='word_1_216' title='bbox 627 2070 657 2101; x_wconf 91' lang='lat' dir='ltr'>in</span> <span class='ocrx_word' id='word_1_217' title='bbox 682 2070 730 2102; x_wconf 89' lang='lat' dir='ltr'>his</span> <span class='ocrx_word' id='word_1_218' title='bbox 755 2069 919 2102; x_wconf 81' lang='lat' dir='ltr'>ordinibus</span> <span class='ocrx_word' id='word_1_219' title='bbox 943 2078 1105 2110; x_wconf 87' lang='lat' dir='ltr'>nunquam</span> <span class='ocrx_word' id='word_1_220' title='bbox 1132 2068 1246 2109; x_wconf 79' lang='lat' dir='ltr'>legitur</span> <span class='ocrx_word' id='word_1_221' title='bbox 1271 2068 1430 2109; x_wconf 84' lang='lat' dir='ltr'>dispensa-</span> 
     </span>
     <span class='ocr_line' id='line_1_44' title="bbox 477 2121 1428 2164; baseline -0.004 -9"><span class='ocrx_word' id='word_1_222' title='bbox 477 2126 545 2155; x_wconf 89' lang='lat' dir='ltr'>tum</span> <span class='ocrx_word' id='word_1_223' title='bbox 569 2132 626 2155; x_wconf 88' lang='lat' dir='ltr'>nec</span> <span class='ocrx_word' id='word_1_224' title='bbox 650 2123 826 2164; x_wconf 87' lang='lat' dir='ltr'>dispensari</span> <span class='ocrx_word' id='word_1_225' title='bbox 851 2122 987 2160; x_wconf 70' lang='lat' dir='ltr'>dehet⁴;</span> <span class='ocrx_word' id='word_1_226' title='bbox 1010 2131 1071 2153; x_wconf 91' lang='lat' dir='ltr'>non</span> <span class='ocrx_word' id='word_1_227' title='bbox 1096 2121 1170 2162; x_wconf 90' lang='lat' dir='ltr'>quia</span> <span class='ocrx_word' id='word_1_228' title='bbox 1191 2122 1428 2153; x_wconf 84' lang='lat' dir='ltr'>Sacramentum</span> 
     </span>
     <span class='ocr_line' id='line_1_45' title="bbox 478 2174 1430 2219; baseline -0.002 -12"><span class='ocrx_word' id='word_1_229' title='bbox 478 2176 692 2219; x_wconf 68' lang='lat' dir='ltr'>essentialiter</span> <span class='ocrx_word' id='word_1_230' title='bbox 716 2175 864 2217; x_wconf 69' lang='lat' dir='ltr'>deficiat,</span> <span class='ocrx_word' id='word_1_231' title='bbox 896 2176 993 2207; x_wconf 87' lang='lat' dir='ltr'>immo</span> <span class='ocrx_word' id='word_1_232' title='bbox 1017 2175 1162 2216; x_wconf 77' lang='lat' dir='ltr'>bigamus</span> <span class='ocrx_word' id='word_1_233' title='bbox 1190 2174 1301 2215; x_wconf 85' lang='lat' dir='ltr'>recipit</span> <span class='ocrx_word' id='word_1_234' title='bbox 1324 2174 1430 2205; x_wconf 87' lang='lat' dir='ltr'>chara-</span> 
     </span>
     <span class='ocr_line' id='line_1_46' title="bbox 479 2226 1430 2270; baseline -0.004 -9"><span class='ocrx_word' id='word_1_235' title='bbox 479 2233 613 2268; x_wconf 87' lang='lat' dir='ltr'>cterem,</span> <span class='ocrx_word' id='word_1_236' title='bbox 638 2229 692 2261; x_wconf 89' lang='lat' dir='ltr'>sed</span> <span class='ocrx_word' id='word_1_237' title='bbox 717 2229 790 2270; x_wconf 85' lang='lat' dir='ltr'>quia</span> <span class='ocrx_word' id='word_1_238' title='bbox 811 2227 969 2270; x_wconf 75' lang='lat' dir='ltr'>perfectio</span> <span class='ocrx_word' id='word_1_239' title='bbox 994 2227 1185 2259; x_wconf 85' lang='lat' dir='ltr'>Sacramenti</span> <span class='ocrx_word' id='word_1_240' title='bbox 1211 2227 1241 2258; x_wconf 90' lang='lat' dir='ltr'>in</span> <span class='ocrx_word' id='word_1_241' title='bbox 1266 2227 1333 2267; x_wconf 90' lang='lat' dir='ltr'>ipso</span> <span class='ocrx_word' id='word_1_242' title='bbox 1358 2226 1430 2267; x_wconf 75' lang='lat' dir='ltr'>desi-</span> 
     </span>
     <span class='ocr_line' id='line_1_47' title="bbox 478 2279 1429 2323; baseline -0.003 -10"><span class='ocrx_word' id='word_1_243' title='bbox 478 2282 539 2320; x_wconf 85' lang='lat' dir='ltr'>cit,</span> <span class='ocrx_word' id='word_1_244' title='bbox 564 2290 644 2323; x_wconf 85' lang='lat' dir='ltr'>quae</span> <span class='ocrx_word' id='word_1_245' title='bbox 662 2281 748 2313; x_wconf 88' lang='lat' dir='ltr'>nulla</span> <span class='ocrx_word' id='word_1_246' title='bbox 765 2281 884 2313; x_wconf 89' lang='lat' dir='ltr'>ratione</span> <span class='ocrx_word' id='word_1_247' title='bbox 902 2284 1003 2322; x_wconf 90' lang='lat' dir='ltr'>potest</span> <span class='ocrx_word' id='word_1_248' title='bbox 1020 2280 1160 2321; x_wconf 89' lang='lat' dir='ltr'>suppleri</span> <span class='ocrx_word' id='word_1_249' title='bbox 1188 2289 1245 2321; x_wconf 88' lang='lat' dir='ltr'>per</span> <span class='ocrx_word' id='word_1_250' title='bbox 1271 2279 1429 2311; x_wconf 86' lang='lat' dir='ltr'>hominem</span> 
     </span>
     <span class='ocr_line' id='line_1_48' title="bbox 479 2331 1431 2375; baseline -0.004 -9"><span class='ocrx_word' id='word_1_251' title='bbox 479 2343 535 2366; x_wconf 88' lang='lat' dir='ltr'>nec</span> <span class='ocrx_word' id='word_1_252' title='bbox 558 2334 800 2375; x_wconf 72' lang='lat' dir='ltr'>recompensari.</span> <span class='ocrx_word' id='word_1_253' title='bbox 834 2334 948 2365; x_wconf 84' lang='lat' dir='ltr'>Tamen</span> <span class='ocrx_word' id='word_1_254' title='bbox 978 2333 1009 2364; x_wconf 92' lang='lat' dir='ltr'>in</span> <span class='ocrx_word' id='word_1_255' title='bbox 1033 2333 1198 2364; x_wconf 84' lang='lat' dir='ltr'>ordinibus</span> <span class='ocrx_word' id='word_1_256' title='bbox 1230 2331 1431 2364; x_wconf 88' lang='lat' dir='ltr'>inferioribus</span> 
     </span>
     <span class='ocr_line' id='line_1_49' title="bbox 478 2384 1431 2427; baseline -0.004 -8"><span class='ocrx_word' id='word_1_257' title='bbox 478 2396 519 2419; x_wconf 84' lang='lat' dir='ltr'>ex</span> <span class='ocrx_word' id='word_1_258' title='bbox 543 2396 638 2419; x_wconf 88' lang='lat' dir='ltr'>causa</span> <span class='ocrx_word' id='word_1_259' title='bbox 669 2387 861 2419; x_wconf 82' lang='lat' dir='ltr'>necessitatis</span> <span class='ocrx_word' id='word_1_260' title='bbox 893 2386 1157 2427; x_wconf 82' lang='lat' dir='ltr'>dispensationem</span> <span class='ocrx_word' id='word_1_261' title='bbox 1189 2385 1317 2425; x_wconf 78' lang='lat' dir='ltr'>recipit,</span> <span class='ocrx_word' id='word_1_262' title='bbox 1350 2384 1431 2416; x_wconf 79' lang='lat' dir='ltr'>sicut</span> 
     </span>
     <span class='ocr_line' id='line_1_50' title="bbox 480 2437 1429 2481; baseline -0.003 -10"><span class='ocrx_word' id='word_1_263' title='bbox 480 2440 595 2472; x_wconf 85' lang='lat' dir='ltr'>dicitur</span> <span class='ocrx_word' id='word_1_264' title='bbox 613 2439 771 2481; x_wconf 81' lang='lat' dir='ltr'>trigesima</span> <span class='ocrx_word' id='word_1_265' title='bbox 787 2442 900 2480; x_wconf 86' lang='lat' dir='ltr'>quarta</span> <span class='ocrx_word' id='word_1_266' title='bbox 917 2438 1114 2470; x_wconf 88' lang='lat' dir='ltr'>distinctione</span> <span class='ocrx_word' id='word_1_267' title='bbox 1130 2438 1150 2476; x_wconf 59' lang='grc' dir='ltr'>ὃ,</span> <span class='ocrx_word' id='word_1_268' title='bbox 1170 2437 1365 2469; x_wconf 70' lang='lat' dir='ltr'>Necessitate</span> <span class='ocrx_word' id='word_1_269' title='bbox 1382 2446 1429 2467; x_wconf 88' lang='lat' dir='ltr'>co-</span> 
     </span>
     <span class='ocr_line' id='line_1_51' title="bbox 476 2489 1430 2534; baseline -0.003 -11"><span class='ocrx_word' id='word_1_270' title='bbox 476 2496 588 2534; x_wconf 76' lang='lat' dir='ltr'>9ente;</span> <span class='ocrx_word' id='word_1_271' title='bbox 611 2496 641 2524; x_wconf 85' lang='lat' dir='ltr'>et</span> <span class='ocrx_word' id='word_1_272' title='bbox 664 2492 796 2529; x_wconf 87' lang='lat' dir='ltr'>iterum,</span> <span class='ocrx_word' id='word_1_273' title='bbox 822 2492 934 2523; x_wconf 72' lang='lat' dir='ltr'>Lector</span> <span class='ocrx_word' id='word_1_274' title='bbox 957 2491 989 2522; x_wconf 82' lang='lat' dir='ltr'>si</span> <span class='ocrx_word' id='word_1_275' title='bbox 1011 2491 1149 2522; x_wconf 74' lang='lat' dir='ltr'>viduam</span> <span class='ocrx_word' id='word_1_276' title='bbox 1174 2495 1230 2522; x_wconf 91' lang='lat' dir='ltr'>etc.</span> <span class='ocrx_word' id='word_1_277' title='bbox 1250 2509 1292 2513; x_wconf 84' lang='lat'>—-</span> <span class='ocrx_word' id='word_1_278' title='bbox 1311 2490 1354 2521; x_wconf 78' lang='lat' dir='ltr'>Ex</span> <span class='ocrx_word' id='word_1_279' title='bbox 1381 2489 1430 2521; x_wconf 90' lang='lat' dir='ltr'>his</span> 
     </span>
     <span class='ocr_line' id='line_1_52' title="bbox 479 2543 1430 2587; baseline -0.004 -10"><span class='ocrx_word' id='word_1_280' title='bbox 479 2549 579 2587; x_wconf 83' lang='lat' dir='ltr'>patet,</span> <span class='ocrx_word' id='word_1_281' title='bbox 597 2545 681 2586; x_wconf 86' lang='lat' dir='ltr'>quod</span> <span class='ocrx_word' id='word_1_282' title='bbox 699 2544 811 2576; x_wconf 84' lang='lat' dir='ltr'>divisio</span> <span class='ocrx_word' id='word_1_283' title='bbox 836 2545 938 2576; x_wconf 87' lang='lat' dir='ltr'>carnis</span> <span class='ocrx_word' id='word_1_284' title='bbox 955 2544 1099 2584; x_wconf 82' lang='lat' dir='ltr'>impedit,</span> <span class='ocrx_word' id='word_1_285' title='bbox 1118 2548 1147 2575; x_wconf 83' lang='lat' dir='ltr'>et</span> <span class='ocrx_word' id='word_1_286' title='bbox 1164 2553 1263 2585; x_wconf 80' lang='lat' dir='ltr'>quare</span> <span class='ocrx_word' id='word_1_287' title='bbox 1280 2543 1430 2584; x_wconf 80' lang='lat' dir='ltr'>impedit,</span> 
     </span>
     <span class='ocr_line' id='line_1_53' title="bbox 480 2597 760 2640; baseline -0.004 -10"><span class='ocrx_word' id='word_1_288' title='bbox 480 2602 510 2630; x_wconf 90' lang='lat' dir='ltr'>et</span> <span class='ocrx_word' id='word_1_289' title='bbox 534 2607 614 2640; x_wconf 85' lang='lat' dir='ltr'>quae</span> <span class='ocrx_word' id='word_1_290' title='bbox 639 2597 760 2630; x_wconf 88' lang='lat' dir='ltr'>divisio.</span> 
     </span>
    </p>

    <p class='ocr_par' dir='ltr' id='par_1_13' title="bbox 481 2649 1431 2798">
     <span class='ocr_line' id='line_1_54' title="bbox 572 2649 1431 2691; baseline -0.005 -8"><span class='ocrx_word' id='word_1_291' title='bbox 572 2653 598 2683; x_wconf 78' lang='grc'>1.</span> <span class='ocrx_word' id='word_1_292' title='bbox 624 2654 653 2683; x_wconf 64' lang='lat'>02.</span> <span class='ocrx_word' id='word_1_293' title='bbox 677 2651 720 2683; x_wconf 69' lang='lat' dir='ltr'>Ad</span> <span class='ocrx_word' id='word_1_294' title='bbox 745 2651 824 2683; x_wconf 89' lang='lat' dir='ltr'>illud</span> <span class='ocrx_word' id='word_1_295' title='bbox 848 2660 922 2691; x_wconf 75' lang='lat' dir='ltr'>ergo</span> <span class='ocrx_word' id='word_1_296' title='bbox 958 2650 1042 2691; x_wconf 88' lang='lat' dir='ltr'>quod</span> <span class='ocrx_word' id='word_1_297' title='bbox 1078 2649 1226 2682; x_wconf 84' lang='lat' dir='ltr'>obiicitur</span> <span class='ocrx_word' id='word_1_298' title='bbox 1261 2649 1299 2681; x_wconf 91' lang='lat' dir='ltr'>de</span> <span class='ocrx_word' id='word_1_299' title='bbox 1325 2657 1431 2681; x_wconf 85' lang='lat' dir='ltr'>corru-</span> 
     </span>
     <span class='ocr_line' id='line_1_55' title="bbox 481 2702 1430 2745; baseline -0.003 -10"><span class='ocrx_word' id='word_1_300' title='bbox 481 2705 599 2745; x_wconf 74' lang='lat' dir='ltr'>ptione,</span> <span class='ocrx_word' id='word_1_301' title='bbox 623 2704 810 2741; x_wconf 79' lang='lat' dir='ltr'>dicendum,</span> <span class='ocrx_word' id='word_1_302' title='bbox 835 2704 917 2745; x_wconf 88' lang='lat' dir='ltr'>quod</span> <span class='ocrx_word' id='word_1_303' title='bbox 951 2712 1011 2735; x_wconf 89' lang='lat' dir='ltr'>non</span> <span class='ocrx_word' id='word_1_304' title='bbox 1049 2706 1095 2735; x_wconf 89' lang='lat' dir='ltr'>est</span> <span class='ocrx_word' id='word_1_305' title='bbox 1120 2702 1237 2735; x_wconf 86' lang='lat' dir='ltr'>simile:</span> <span class='ocrx_word' id='word_1_306' title='bbox 1272 2702 1344 2743; x_wconf 84' lang='lat' dir='ltr'>quia</span> <span class='ocrx_word' id='word_1_307' title='bbox 1370 2710 1430 2733; x_wconf 87' lang='lat' dir='ltr'>non</span> 
     </span>
     <span class='ocr_line' id='line_1_56' title="bbox 482 2754 1427 2798; baseline -0.003 -10"><span class='ocrx_word' id='word_1_308' title='bbox 482 2761 634 2798; x_wconf 77' lang='lat' dir='ltr'>repugnat</span> <span class='ocrx_word' id='word_1_309' title='bbox 652 2756 836 2788; x_wconf 68' lang='lat' dir='ltr'>necessitati</span> <span class='ocrx_word' id='word_1_310' title='bbox 849 2757 859 2771; x_wconf 72' lang='lat'><strong>⁶</strong></span> <span class='ocrx_word' id='word_1_311' title='bbox 885 2756 1075 2788; x_wconf 73' lang='lat' dir='ltr'>sacramenti</span> <span class='ocrx_word' id='word_1_312' title='bbox 1097 2764 1153 2787; x_wconf 88' lang='lat' dir='ltr'>nec</span> <span class='ocrx_word' id='word_1_313' title='bbox 1169 2754 1427 2797; x_wconf 59' lang='lat' dir='ltr'>significationi,</span> 
     </span>
    </p>
   </div>
   <div class='ocr_carea' id='block_1_12' title="bbox 1227 243 1673 276">
    <p class='ocr_par' dir='ltr' id='par_1_14' title="bbox 1227 243 1673 276">
     <span class='ocr_line' id='line_1_57' title="bbox 1227 243 1673 276; baseline -0.007 0"><span class='ocrx_word' id='word_1_314' title='bbox 1227 244 1512 276; x_wconf 73' lang='lat' dir='ltr'>SENTENTIARUM</span> <span class='ocrx_word' id='word_1_315' title='bbox 1536 243 1603 274; x_wconf 87' lang='lat' dir='ltr'>LlB.</span> <span class='ocrx_word' id='word_1_316' title='bbox 1626 243 1673 274; x_wconf 88' lang='lat' dir='ltr'>IV.</span> 
     </span>
    </p>
   </div>
   <div class='ocr_carea' id='block_1_13' title="bbox 1450 347 1467 2793">
    <p class='ocr_par' dir='ltr' id='par_1_15' title="bbox 1450 347 1467 2793">
     <span class='ocr_line' id='line_1_58' title="bbox 1450 347 1467 2793; baseline 0 0"><span class='ocrx_word' id='word_1_317' title='bbox 1450 347 1467 2793; x_wconf 95' lang='lat' dir='ltr'> </span> 
     </span>
    </p>
   </div>
   <div class='ocr_carea' id='block_1_14' title="bbox 1481 328 2483 2795">
    <p class='ocr_par' dir='ltr' id='par_1_16' title="bbox 1481 328 2427 475">
     <span class='ocr_line' id='line_1_59' title="bbox 1481 328 2425 370; baseline 0.004 -9"><span class='ocrx_word' id='word_1_318' title='bbox 1481 333 1517 361; x_wconf 90' lang='lat' dir='ltr'>ut</span> <span class='ocrx_word' id='word_1_319' title='bbox 1540 329 1686 370; x_wconf 78' lang='lat' dir='ltr'>bigamia.</span> <span class='ocrx_word' id='word_1_320' title='bbox 1711 328 1859 360; x_wconf 85' lang='lat' dir='ltr'>Similiter</span> <span class='ocrx_word' id='word_1_321' title='bbox 1883 328 1994 360; x_wconf 89' lang='lat' dir='ltr'>divisio</span> <span class='ocrx_word' id='word_1_322' title='bbox 2018 337 2074 369; x_wconf 88' lang='lat' dir='ltr'>per</span> <span class='ocrx_word' id='word_1_323' title='bbox 2110 328 2342 362; x_wconf 84' lang='lat' dir='ltr'>fornicationem</span> <span class='ocrx_word' id='word_1_324' title='bbox 2367 342 2425 365; x_wconf 86' lang='lat' dir='ltr'>non</span> 
     </span>
     <span class='ocr_line' id='line_1_60' title="bbox 1482 381 2427 424; baseline 0.005 -12"><span class='ocrx_word' id='word_1_325' title='bbox 1482 381 1628 421; x_wconf 84' lang='lat' dir='ltr'>impedit,</span> <span class='ocrx_word' id='word_1_326' title='bbox 1654 381 1727 421; x_wconf 87' lang='lat' dir='ltr'>quia</span> <span class='ocrx_word' id='word_1_327' title='bbox 1752 390 1811 412; x_wconf 89' lang='lat' dir='ltr'>non</span> <span class='ocrx_word' id='word_1_328' title='bbox 1838 384 1884 413; x_wconf 89' lang='lat' dir='ltr'>est</span> <span class='ocrx_word' id='word_1_329' title='bbox 1908 381 2019 412; x_wconf 86' lang='lat' dir='ltr'>divisio</span> <span class='ocrx_word' id='word_1_330' title='bbox 2050 390 2106 422; x_wconf 90' lang='lat' dir='ltr'>per</span> <span class='ocrx_word' id='word_1_331' title='bbox 2137 382 2427 424; x_wconf 56' lang='lat' dir='ltr'>siqnificastonenu</span> 
     </span>
     <span class='ocr_line' id='line_1_61' title="bbox 1483 433 2075 475; baseline -0.002 -9"><span class='ocrx_word' id='word_1_332' title='bbox 1483 434 1537 466; x_wconf 89' lang='lat' dir='ltr'>sed</span> <span class='ocrx_word' id='word_1_333' title='bbox 1563 435 1639 465; x_wconf 89' lang='lat' dir='ltr'>haec</span> <span class='ocrx_word' id='word_1_334' title='bbox 1663 437 1710 465; x_wconf 84' lang='lat' dir='ltr'>est</span> <span class='ocrx_word' id='word_1_335' title='bbox 1735 433 1847 465; x_wconf 89' lang='lat' dir='ltr'>divisio</span> <span class='ocrx_word' id='word_1_336' title='bbox 1870 433 2075 475; x_wconf 65' lang='lat' dir='ltr'>significans.</span> 
     </span>
    </p>

    <p class='ocr_par' dir='ltr' id='par_1_17' title="bbox 1483 486 2483 1106">
     <span class='ocr_line' id='line_1_62' title="bbox 1572 486 2427 531; baseline 0.008 -14"><span class='ocrx_word' id='word_1_337' title='bbox 1572 486 1600 517; x_wconf 83' lang='lat'>3.</span> <span class='ocrx_word' id='word_1_338' title='bbox 1625 486 1668 518; x_wconf 84' lang='lat' dir='ltr'>Ad</span> <span class='ocrx_word' id='word_1_339' title='bbox 1694 486 1771 518; x_wconf 87' lang='lat' dir='ltr'>illud</span> <span class='ocrx_word' id='word_1_340' title='bbox 1797 486 1881 527; x_wconf 89' lang='lat' dir='ltr'>quod</span> <span class='ocrx_word' id='word_1_341' title='bbox 1897 486 2060 525; x_wconf 89' lang='lat' dir='ltr'>obiicitur,</span> <span class='ocrx_word' id='word_1_342' title='bbox 2077 491 2132 519; x_wconf 84' lang='lat' dir='ltr'>aut</span> <span class='ocrx_word' id='word_1_343' title='bbox 2149 487 2207 519; x_wconf 89' lang='lat' dir='ltr'>hoc</span> <span class='ocrx_word' id='word_1_344' title='bbox 2224 492 2271 520; x_wconf 89' lang='lat' dir='ltr'>est</span> <span class='ocrx_word' id='word_1_345' title='bbox 2286 497 2326 520; x_wconf 80' lang='lat' dir='ltr'>ex</span> <span class='ocrx_word' id='word_1_346' title='bbox 2342 495 2427 531; x_wconf 87' lang='lat' dir='ltr'>parte</span> 
     </span>
     <span class='ocr_line' id='line_1_63' title="bbox 1483 538 2475 582; baseline 0.006 -13"><span class='ocrx_word' id='word_1_347' title='bbox 1483 538 1623 576; x_wconf 82' lang='lat' dir='ltr'>animae,</span> <span class='ocrx_word' id='word_1_348' title='bbox 1648 542 1703 570; x_wconf 87' lang='lat' dir='ltr'>aut</span> <span class='ocrx_word' id='word_1_349' title='bbox 1725 547 1765 570; x_wconf 82' lang='lat' dir='ltr'>ex</span> <span class='ocrx_word' id='word_1_350' title='bbox 1790 542 1879 579; x_wconf 84' lang='lat' dir='ltr'>parte</span> <span class='ocrx_word' id='word_1_351' title='bbox 1904 539 2024 576; x_wconf 82' lang='lat' dir='ltr'>carnis;</span> <span class='ocrx_word' id='word_1_352' title='bbox 2049 539 2234 578; x_wconf 86' lang='lat' dir='ltr'>dicendum,</span> <span class='ocrx_word' id='word_1_353' title='bbox 2252 541 2335 582; x_wconf 88' lang='lat' dir='ltr'>quod</span> <span class='ocrx_word' id='word_1_354' title='bbox 2351 544 2427 576; x_wconf 83' lang='lat' dir='ltr'>ratio</span> <span class='ocrx_word' id='word_1_355' title='bbox 2441 544 2475 566; x_wconf 66' lang='lat'>⁸⁰²</span> 
     </span>
     <span class='ocr_line' id='line_1_64' title="bbox 1483 591 2483 632; baseline 0.004 -10"><span class='ocrx_word' id='word_1_356' title='bbox 1483 592 1621 623; x_wconf 88' lang='lat' dir='ltr'>sumitur</span> <span class='ocrx_word' id='word_1_357' title='bbox 1645 600 1685 623; x_wconf 82' lang='lat' dir='ltr'>ex</span> <span class='ocrx_word' id='word_1_358' title='bbox 1710 595 1800 632; x_wconf 87' lang='lat' dir='ltr'>parte</span> <span class='ocrx_word' id='word_1_359' title='bbox 1825 592 1923 623; x_wconf 69' lang='lat' dir='ltr'>totius</span> <span class='ocrx_word' id='word_1_360' title='bbox 1948 591 2108 630; x_wconf 65' lang='lat' dir='ltr'>licinia-is,</span> <span class='ocrx_word' id='word_1_361' title='bbox 2133 593 2223 625; x_wconf 87' lang='lat' dir='ltr'>cuius</span> <span class='ocrx_word' id='word_1_362' title='bbox 2258 598 2304 626; x_wconf 81' lang='lat' dir='ltr'>est</span> <span class='ocrx_word' id='word_1_363' title='bbox 2330 598 2430 628; x_wconf 89' lang='lat' dir='ltr'>matri·</span> <span class='ocrx_word' id='word_1_364' title='bbox 2480 613 2483 626; x_wconf 70' lang='lat'><strong>.</strong></span> 
     </span>
     <span class='ocr_line' id='line_1_65' title="bbox 1485 643 2429 685; baseline 0.006 -11"><span class='ocrx_word' id='word_1_365' title='bbox 1485 644 1624 675; x_wconf 87' lang='lat' dir='ltr'>monium</span> <span class='ocrx_word' id='word_1_366' title='bbox 1650 643 1854 682; x_wconf 81' lang='lat' dir='ltr'>contrahere,</span> <span class='ocrx_word' id='word_1_367' title='bbox 1879 648 1909 676; x_wconf 91' lang='lat' dir='ltr'>et</span> <span class='ocrx_word' id='word_1_368' title='bbox 1933 645 2017 685; x_wconf 90' lang='lat' dir='ltr'>quod</span> <span class='ocrx_word' id='word_1_369' title='bbox 2047 649 2093 676; x_wconf 89' lang='lat' dir='ltr'>est</span> <span class='ocrx_word' id='word_1_370' title='bbox 2128 645 2304 678; x_wconf 85' lang='lat' dir='ltr'>subiectum</span> <span class='ocrx_word' id='word_1_371' title='bbox 2329 650 2429 681; x_wconf 91' lang='lat' dir='ltr'>matri-</span> 
     </span>
     <span class='ocr_line' id='line_1_66' title="bbox 1484 695 2430 738; baseline 0.004 -11"><span class='ocrx_word' id='word_1_372' title='bbox 1484 696 1600 734; x_wconf 72' lang='lat' dir='ltr'>monii,</span> <span class='ocrx_word' id='word_1_373' title='bbox 1623 696 1653 727; x_wconf 92' lang='lat' dir='ltr'>in</span> <span class='ocrx_word' id='word_1_374' title='bbox 1679 705 1740 737; x_wconf 88' lang='lat' dir='ltr'>quo</span> <span class='ocrx_word' id='word_1_375' title='bbox 1765 695 1893 737; x_wconf 88' lang='lat' dir='ltr'>quidem</span> <span class='ocrx_word' id='word_1_376' title='bbox 1918 700 1965 728; x_wconf 89' lang='lat' dir='ltr'>est</span> <span class='ocrx_word' id='word_1_377' title='bbox 2001 697 2260 738; x_wconf 87' lang='lat' dir='ltr'>impedimentum</span> <span class='ocrx_word' id='word_1_378' title='bbox 2293 707 2353 730; x_wconf 92' lang='lat' dir='ltr'>non</span> <span class='ocrx_word' id='word_1_379' title='bbox 2387 709 2430 732; x_wconf 89' lang='lat' dir='ltr'>ra-</span> 
     </span>
     <span class='ocr_line' id='line_1_67' title="bbox 1484 748 2430 794; baseline 0.006 -15"><span class='ocrx_word' id='word_1_380' title='bbox 1484 749 1567 780; x_wconf 89' lang='lat' dir='ltr'>tione</span> <span class='ocrx_word' id='word_1_381' title='bbox 1592 748 1824 780; x_wconf 74' lang='lat' dir='ltr'>immimditiae</span> <span class='ocrx_word' id='word_1_382' title='bbox 1856 749 1905 780; x_wconf 88' lang='lat' dir='ltr'>vel</span> <span class='ocrx_word' id='word_1_383' title='bbox 1930 749 2102 791; x_wconf 72' lang='lat' dir='ltr'>qualitatis</span> <span class='ocrx_word' id='word_1_384' title='bbox 2134 749 2321 789; x_wconf 74' lang='lat' dir='ltr'>absolutae,</span> <span class='ocrx_word' id='word_1_385' title='bbox 2354 761 2430 794; x_wconf 86' lang='lat' dir='ltr'>quae</span> 
     </span>
     <span class='ocr_line' id='line_1_68' title="bbox 1485 801 2430 844; baseline 0.005 -12"><span class='ocrx_word' id='word_1_386' title='bbox 1485 801 1520 832; x_wconf 83' lang='lat' dir='ltr'>fit</span> <span class='ocrx_word' id='word_1_387' title='bbox 1544 801 1573 832; x_wconf 88' lang='lat' dir='ltr'>in</span> <span class='ocrx_word' id='word_1_388' title='bbox 1592 810 1702 839; x_wconf 87' lang='lat' dir='ltr'>carne,</span> <span class='ocrx_word' id='word_1_389' title='bbox 1720 801 1773 833; x_wconf 87' lang='lat' dir='ltr'>sed</span> <span class='ocrx_word' id='word_1_390' title='bbox 1792 805 1921 842; x_wconf 86' lang='lat' dir='ltr'>propter</span> <span class='ocrx_word' id='word_1_391' title='bbox 1937 801 2212 843; x_wconf 57' lang='lat' dir='ltr'>significationem</span> <span class='ocrx_word' id='word_1_392' title='bbox 2230 803 2430 844; x_wconf 70' lang='lat' dir='ltr'>deficientem.</span> 
     </span>
     <span class='ocr_line' id='line_1_69' title="bbox 1486 853 2483 896; baseline 0.005 -12"><span class='ocrx_word' id='word_1_393' title='bbox 1486 853 1565 894; x_wconf 81' lang='lat' dir='ltr'>Quia</span> <span class='ocrx_word' id='word_1_394' title='bbox 1581 853 1664 885; x_wconf 89' lang='lat' dir='ltr'>enim</span> <span class='ocrx_word' id='word_1_395' title='bbox 1682 853 1839 885; x_wconf 83' lang='lat' dir='ltr'>contraxit</span> <span class='ocrx_word' id='word_1_396' title='bbox 1862 863 1933 885; x_wconf 88' lang='lat' dir='ltr'>cum</span> <span class='ocrx_word' id='word_1_397' title='bbox 1953 853 2032 893; x_wconf 81' lang='lat' dir='ltr'>una,</span> <span class='ocrx_word' id='word_1_398' title='bbox 2051 855 2242 896; x_wconf 75' lang='lat' dir='ltr'>significavit</span> <span class='ocrx_word' id='word_1_399' title='bbox 2259 856 2431 896; x_wconf 77' lang='lat' dir='ltr'>Christum3</span> <span class='ocrx_word' id='word_1_400' title='bbox 2481 877 2483 881; x_wconf 39' lang='grc' dir='ltr'><strong><em>ι</em></strong></span> 
     </span>
     <span class='ocr_line' id='line_1_70' title="bbox 1486 906 2431 950; baseline 0.005 -13"><span class='ocrx_word' id='word_1_401' title='bbox 1486 907 1560 948; x_wconf 81' lang='lat' dir='ltr'>quia</span> <span class='ocrx_word' id='word_1_402' title='bbox 1585 915 1659 938; x_wconf 91' lang='lat' dir='ltr'>vero</span> <span class='ocrx_word' id='word_1_403' title='bbox 1676 906 1715 938; x_wconf 83' lang='lat' dir='ltr'>ab</span> <span class='ocrx_word' id='word_1_404' title='bbox 1733 915 1796 937; x_wconf 89' lang='lat' dir='ltr'>una</span> <span class='ocrx_word' id='word_1_405' title='bbox 1812 907 1941 939; x_wconf 83' lang='lat' dir='ltr'>recessit</span> <span class='ocrx_word' id='word_1_406' title='bbox 1964 911 1994 939; x_wconf 91' lang='lat' dir='ltr'>et</span> <span class='ocrx_word' id='word_1_407' title='bbox 2023 908 2179 939; x_wconf 81' lang='lat' dir='ltr'>contraxit</span> <span class='ocrx_word' id='word_1_408' title='bbox 2196 917 2267 940; x_wconf 88' lang='lat' dir='ltr'>cum</span> <span class='ocrx_word' id='word_1_409' title='bbox 2285 910 2431 950; x_wconf 80' lang='lat' dir='ltr'>secunda,</span> 
     </span>
     <span class='ocr_line' id='line_1_71' title="bbox 1487 959 2433 1001; baseline 0.004 -11"><span class='ocrx_word' id='word_1_410' title='bbox 1487 959 1616 991; x_wconf 84' lang='lat' dir='ltr'>recessit</span> <span class='ocrx_word' id='word_1_411' title='bbox 1639 968 1657 990; x_wconf 89' lang='lat' dir='ltr'>a</span> <span class='ocrx_word' id='word_1_412' title='bbox 1681 959 1923 999; x_wconf 75' lang='lat' dir='ltr'>significatione,</span> <span class='ocrx_word' id='word_1_413' title='bbox 1948 964 1978 991; x_wconf 90' lang='lat' dir='ltr'>et</span> <span class='ocrx_word' id='word_1_414' title='bbox 2010 960 2052 991; x_wconf 88' lang='lat' dir='ltr'>ita</span> <span class='ocrx_word' id='word_1_415' title='bbox 2075 964 2121 992; x_wconf 89' lang='lat' dir='ltr'>est</span> <span class='ocrx_word' id='word_1_416' title='bbox 2150 959 2294 1001; x_wconf 79' lang='lat' dir='ltr'>defectas</span> <span class='ocrx_word' id='word_1_417' title='bbox 2318 961 2433 995; x_wconf 76' lang='lat' dir='ltr'>Sacra-</span> 
     </span>
     <span class='ocr_line' id='line_1_72' title="bbox 1486 1011 2433 1053; baseline 0.004 -11"><span class='ocrx_word' id='word_1_418' title='bbox 1486 1012 1602 1048; x_wconf 75' lang='lat' dir='ltr'>menti,</span> <span class='ocrx_word' id='word_1_419' title='bbox 1630 1011 1747 1043; x_wconf 85' lang='lat' dir='ltr'>scilicet</span> <span class='ocrx_word' id='word_1_420' title='bbox 1772 1011 1916 1050; x_wconf 86' lang='lat' dir='ltr'>unitatis,</span> <span class='ocrx_word' id='word_1_421' title='bbox 1941 1021 2022 1053; x_wconf 88' lang='lat' dir='ltr'>quae</span> <span class='ocrx_word' id='word_1_422' title='bbox 2047 1012 2077 1043; x_wconf 95' lang='lat' dir='ltr'>in</span> <span class='ocrx_word' id='word_1_423' title='bbox 2110 1012 2311 1045; x_wconf 87' lang='lat' dir='ltr'>Sacramento</span> <span class='ocrx_word' id='word_1_424' title='bbox 2335 1016 2433 1047; x_wconf 88' lang='lat' dir='ltr'>matri-</span> 
     </span>
     <span class='ocr_line' id='line_1_73' title="bbox 1487 1063 2140 1106; baseline 0.005 -12"><span class='ocrx_word' id='word_1_425' title='bbox 1487 1063 1583 1095; x_wconf 82' lang='lat' dir='ltr'>monii</span> <span class='ocrx_word' id='word_1_426' title='bbox 1608 1068 1637 1095; x_wconf 87' lang='lat' dir='ltr'>et</span> <span class='ocrx_word' id='word_1_427' title='bbox 1661 1064 1780 1096; x_wconf 88' lang='lat' dir='ltr'>ordinis</span> <span class='ocrx_word' id='word_1_428' title='bbox 1805 1064 1938 1096; x_wconf 87' lang='lat' dir='ltr'>debebat</span> <span class='ocrx_word' id='word_1_429' title='bbox 1962 1065 2140 1106; x_wconf 79' lang='lat' dir='ltr'>significari.</span> 
     </span>
    </p>

    <p class='ocr_par' dir='ltr' id='par_1_18' title="bbox 1489 1116 2483 1889">
     <span class='ocr_line' id='line_1_74' title="bbox 1576 1116 2483 1162; baseline 0.006 -15"><span class='ocrx_word' id='word_1_430' title='bbox 1576 1116 1605 1147; x_wconf 76' lang='lat' dir='ltr'>li.</span> <span class='ocrx_word' id='word_1_431' title='bbox 1632 1116 1666 1147; x_wconf 88' lang='lat' dir='ltr'>Et</span> <span class='ocrx_word' id='word_1_432' title='bbox 1691 1125 1745 1157; x_wconf 89' lang='lat' dir='ltr'>per</span> <span class='ocrx_word' id='word_1_433' title='bbox 1770 1117 1828 1148; x_wconf 89' lang='lat' dir='ltr'>hoc</span> <span class='ocrx_word' id='word_1_434' title='bbox 1853 1120 1937 1158; x_wconf 85' lang='lat' dir='ltr'>patet</span> <span class='ocrx_word' id='word_1_435' title='bbox 1961 1126 2111 1158; x_wconf 88' lang='lat' dir='ltr'>sequens,</span> <span class='ocrx_word' id='word_1_436' title='bbox 2129 1118 2213 1159; x_wconf 89' lang='lat' dir='ltr'>quod</span> <span class='ocrx_word' id='word_1_437' title='bbox 2238 1118 2382 1151; x_wconf 85' lang='lat' dir='ltr'>obiicitur</span> <span class='ocrx_word' id='word_1_438' title='bbox 2398 1120 2433 1153; x_wconf 88' lang='lat' dir='ltr'>de</span> <span class='ocrx_word' id='word_1_439' title='bbox 2482 1159 2483 1162; x_wconf 11' lang='grc' dir='ltr'><strong>Ἴ</strong></span> 
     </span>
     <span class='ocr_line' id='line_1_75' title="bbox 1489 1166 2483 1212; baseline 0.006 -13"><span class='ocrx_word' id='word_1_440' title='bbox 1489 1168 1612 1200; x_wconf 87' lang='lat' dir='ltr'>defectu</span> <span class='ocrx_word' id='word_1_441' title='bbox 1637 1169 1846 1206; x_wconf 62' lang='lat' dir='ltr'>Sacramenm</span> <span class='ocrx_word' id='word_1_442' title='bbox 1871 1170 1940 1201; x_wconf 89' lang='lat' dir='ltr'>dico</span> <span class='ocrx_word' id='word_1_443' title='bbox 1973 1170 2073 1209; x_wconf 87' lang='lat' dir='ltr'>enim,</span> <span class='ocrx_word' id='word_1_444' title='bbox 2098 1171 2182 1212; x_wconf 79' lang='lat' dir='ltr'>quod</span> <span class='ocrx_word' id='word_1_445' title='bbox 2212 1172 2241 1202; x_wconf 91' lang='lat' dir='ltr'>in</span> <span class='ocrx_word' id='word_1_446' title='bbox 2266 1180 2302 1203; x_wconf 87' lang='lat' dir='ltr'>eo</span> <span class='ocrx_word' id='word_1_447' title='bbox 2334 1166 2483 1208; x_wconf 62' lang='lat' dir='ltr'>deficitNffl}</span> 
     </span>
     <span class='ocr_line' id='line_1_76' title="bbox 1489 1222 2433 1266; baseline 0.003 -14"><span class='ocrx_word' id='word_1_448' title='bbox 1489 1222 1726 1253; x_wconf 86' lang='lat' dir='ltr'>Sacramentum</span> <span class='ocrx_word' id='word_1_449' title='bbox 1752 1222 1910 1260; x_wconf 77' lang='lat' dir='ltr'>unitatis,</span> <span class='ocrx_word' id='word_1_450' title='bbox 1935 1223 2019 1264; x_wconf 87' lang='lat' dir='ltr'>quod</span> <span class='ocrx_word' id='word_1_451' title='bbox 2046 1223 2111 1255; x_wconf 86' lang='lat' dir='ltr'>sive</span> <span class='ocrx_word' id='word_1_452' title='bbox 2135 1223 2259 1255; x_wconf 83' lang='lat' dir='ltr'>deficiat</span> <span class='ocrx_word' id='word_1_453' title='bbox 2286 1232 2327 1256; x_wconf 81' lang='lat' dir='ltr'>ex</span> <span class='ocrx_word' id='word_1_454' title='bbox 2350 1228 2433 1266; x_wconf 82' lang='lat' dir='ltr'>parte</span> 
     </span>
     <span class='ocr_line' id='line_1_77' title="bbox 1490 1274 2483 1317; baseline 0.004 -12"><span class='ocrx_word' id='word_1_455' title='bbox 1490 1283 1563 1312; x_wconf 87' lang='lat' dir='ltr'>sua,</span> <span class='ocrx_word' id='word_1_456' title='bbox 1588 1274 1653 1306; x_wconf 87' lang='lat' dir='ltr'>sive</span> <span class='ocrx_word' id='word_1_457' title='bbox 1677 1283 1715 1306; x_wconf 88' lang='lat' dir='ltr'>ex</span> <span class='ocrx_word' id='word_1_458' title='bbox 1742 1278 1831 1315; x_wconf 86' lang='lat' dir='ltr'>parte</span> <span class='ocrx_word' id='word_1_459' title='bbox 1856 1275 1983 1313; x_wconf 74' lang='lat' dir='ltr'>uxoris,</span> <span class='ocrx_word' id='word_1_460' title='bbox 2001 1275 2105 1307; x_wconf 87' lang='lat' dir='ltr'>reddit</span> <span class='ocrx_word' id='word_1_461' title='bbox 2129 1275 2231 1317; x_wconf 88' lang='lat' dir='ltr'>ipsum</span> <span class='ocrx_word' id='word_1_462' title='bbox 2258 1276 2361 1309; x_wconf 86' lang='lat' dir='ltr'>miuus</span> <span class='ocrx_word' id='word_1_463' title='bbox 2377 1277 2435 1309; x_wconf 87' lang='lat' dir='ltr'>ido·</span> <span class='ocrx_word' id='word_1_464' title='bbox 2482 1280 2483 1291; x_wconf 72' lang='lat'>³</span> 
     </span>
     <span class='ocr_line' id='line_1_78' title="bbox 1490 1327 2483 1371; baseline 0.005 -13"><span class='ocrx_word' id='word_1_465' title='bbox 1490 1336 1583 1358; x_wconf 88' lang='lat' dir='ltr'>neum</span> <span class='ocrx_word' id='word_1_466' title='bbox 1610 1327 1647 1359; x_wconf 86' lang='lat' dir='ltr'>ad</span> <span class='ocrx_word' id='word_1_467' title='bbox 1674 1327 1794 1360; x_wconf 87' lang='lat' dir='ltr'>ordinis</span> <span class='ocrx_word' id='word_1_468' title='bbox 1830 1328 2067 1360; x_wconf 87' lang='lat' dir='ltr'>Sacramentum</span> <span class='ocrx_word' id='word_1_469' title='bbox 2083 1329 2102 1359; x_wconf 88' lang='lat'>⁷.</span> <span class='ocrx_word' id='word_1_470' title='bbox 2129 1329 2157 1360; x_wconf 85' lang='lat' dir='ltr'>Si</span> <span class='ocrx_word' id='word_1_471' title='bbox 2191 1338 2264 1370; x_wconf 81' lang='lat' dir='ltr'>ergo</span> <span class='ocrx_word' id='word_1_472' title='bbox 2288 1339 2432 1371; x_wconf 85' lang='lat' dir='ltr'>quaeras:</span> <span class='ocrx_word' id='word_1_473' title='bbox 2482 1334 2483 1365; x_wconf 62' lang='grc' dir='ltr'>ζ</span> 
     </span>
     <span class='ocr_line' id='line_1_79' title="bbox 1490 1381 2435 1421; baseline 0.003 -9"><span class='ocrx_word' id='word_1_474' title='bbox 1490 1381 1574 1421; x_wconf 86' lang='lat' dir='ltr'>quod</span> <span class='ocrx_word' id='word_1_475' title='bbox 1599 1381 1836 1413; x_wconf 81' lang='lat' dir='ltr'>Sacramentum</span> <span class='ocrx_word' id='word_1_476' title='bbox 1862 1381 1983 1419; x_wconf 80' lang='lat' dir='ltr'>deficit,</span> <span class='ocrx_word' id='word_1_477' title='bbox 2010 1385 2118 1414; x_wconf 88' lang='lat' dir='ltr'>utrum</span> <span class='ocrx_word' id='word_1_478' title='bbox 2143 1382 2280 1421; x_wconf 82' lang='lat' dir='ltr'>ordinis,</span> <span class='ocrx_word' id='word_1_479' title='bbox 2305 1383 2354 1415; x_wconf 89' lang='lat' dir='ltr'>vel</span> <span class='ocrx_word' id='word_1_480' title='bbox 2378 1393 2435 1415; x_wconf 86' lang='lat' dir='ltr'>ma-</span> 
     </span>
     <span class='ocr_line' id='line_1_80' title="bbox 1490 1433 2435 1476; baseline 0.004 -12"><span class='ocrx_word' id='word_1_481' title='bbox 1490 1433 1654 1465; x_wconf 85' lang='lat' dir='ltr'>trimonii?</span> <span class='ocrx_word' id='word_1_482' title='bbox 1679 1434 1765 1472; x_wconf 88' lang='lat' dir='ltr'>dico,</span> <span class='ocrx_word' id='word_1_483' title='bbox 1790 1435 1873 1475; x_wconf 88' lang='lat' dir='ltr'>quod</span> <span class='ocrx_word' id='word_1_484' title='bbox 1900 1435 2136 1467; x_wconf 83' lang='lat' dir='ltr'>Sacramentum</span> <span class='ocrx_word' id='word_1_485' title='bbox 2163 1435 2291 1467; x_wconf 71' lang='lat' dir='ltr'>oraim-s</span> <span class='ocrx_word' id='word_1_486' title='bbox 2321 1436 2435 1476; x_wconf 86' lang='lat' dir='ltr'>deficit,</span> 
     </span>
     <span class='ocr_line' id='line_1_81' title="bbox 1491 1487 2436 1530; baseline 0.004 -13"><span class='ocrx_word' id='word_1_487' title='bbox 1491 1487 1564 1527; x_wconf 86' lang='lat' dir='ltr'>quia</span> <span class='ocrx_word' id='word_1_488' title='bbox 1588 1496 1649 1518; x_wconf 88' lang='lat' dir='ltr'>non</span> <span class='ocrx_word' id='word_1_489' title='bbox 1674 1491 1721 1519; x_wconf 83' lang='lat' dir='ltr'>est</span> <span class='ocrx_word' id='word_1_490' title='bbox 1745 1487 1910 1528; x_wconf 84' lang='lat' dir='ltr'>perfectio,</span> <span class='ocrx_word' id='word_1_491' title='bbox 1928 1496 2008 1529; x_wconf 85' lang='lat' dir='ltr'>quae</span> <span class='ocrx_word' id='word_1_492' title='bbox 2034 1488 2131 1529; x_wconf 86' lang='lat' dir='ltr'>possit</span> <span class='ocrx_word' id='word_1_493' title='bbox 2159 1488 2333 1530; x_wconf 78' lang='lat' dir='ltr'>significare</span> <span class='ocrx_word' id='word_1_494' title='bbox 2357 1489 2436 1530; x_wconf 87' lang='lat' dir='ltr'>quod</span> 
     </span>
     <span class='ocr_line' id='line_1_82' title="bbox 1491 1539 2437 1580; baseline 0.003 -10"><span class='ocrx_word' id='word_1_495' title='bbox 1491 1539 1589 1580; x_wconf 82' lang='lat' dir='ltr'>exigit</span> <span class='ocrx_word' id='word_1_496' title='bbox 1613 1540 1699 1571; x_wconf 90' lang='lat' dir='ltr'>ordo.</span> <span class='ocrx_word' id='word_1_497' title='bbox 1726 1540 1922 1578; x_wconf 74' lang='lat' dir='ltr'>Praeterea,</span> <span class='ocrx_word' id='word_1_498' title='bbox 1947 1544 1993 1572; x_wconf 85' lang='lat' dir='ltr'>est</span> <span class='ocrx_word' id='word_1_499' title='bbox 2011 1541 2151 1573; x_wconf 88' lang='lat' dir='ltr'>defectus</span> <span class='ocrx_word' id='word_1_500' title='bbox 2168 1541 2356 1574; x_wconf 87' lang='lat' dir='ltr'>Sacramenti</span> <span class='ocrx_word' id='word_1_501' title='bbox 2374 1551 2437 1574; x_wconf 74' lang='lat' dir='ltr'>ma-</span> 
     </span>
     <span class='ocr_line' id='line_1_83' title="bbox 1492 1592 2436 1637; baseline 0.004 -14"><span class='ocrx_word' id='word_1_502' title='bbox 1492 1592 1659 1630; x_wconf 71' lang='lat' dir='ltr'>trimonii,</span> <span class='ocrx_word' id='word_1_503' title='bbox 1685 1592 1842 1631; x_wconf 84' lang='lat' dir='ltr'>defectus,</span> <span class='ocrx_word' id='word_1_504' title='bbox 1868 1593 2014 1635; x_wconf 85' lang='lat' dir='ltr'>inquam,</span> <span class='ocrx_word' id='word_1_505' title='bbox 2040 1603 2101 1625; x_wconf 91' lang='lat' dir='ltr'>non</span> <span class='ocrx_word' id='word_1_506' title='bbox 2126 1594 2277 1636; x_wconf 89' lang='lat' dir='ltr'>simplicis</span> <span class='ocrx_word' id='word_1_507' title='bbox 2301 1595 2436 1637; x_wconf 71' lang='lat' dir='ltr'>izeyatio-</span> 
     </span>
     <span class='ocr_line' id='line_1_84' title="bbox 1491 1645 2436 1688; baseline 0.004 -12"><span class='ocrx_word' id='word_1_508' title='bbox 1491 1645 1559 1682; x_wconf 73' lang='lat' dir='ltr'>uis,</span> <span class='ocrx_word' id='word_1_509' title='bbox 1585 1645 1666 1677; x_wconf 88' lang='lat' dir='ltr'>sicut</span> <span class='ocrx_word' id='word_1_510' title='bbox 1688 1649 1735 1677; x_wconf 89' lang='lat' dir='ltr'>est</span> <span class='ocrx_word' id='word_1_511' title='bbox 1760 1646 1789 1677; x_wconf 94' lang='lat' dir='ltr'>in</span> <span class='ocrx_word' id='word_1_512' title='bbox 1814 1655 1850 1678; x_wconf 91' lang='lat' dir='ltr'>eo</span> <span class='ocrx_word' id='word_1_513' title='bbox 1875 1646 1928 1688; x_wconf 86' lang='lat' dir='ltr'>qui</span> <span class='ocrx_word' id='word_1_514' title='bbox 1946 1656 2107 1688; x_wconf 81' lang='lat' dir='ltr'>nunquam</span> <span class='ocrx_word' id='word_1_515' title='bbox 2126 1647 2183 1679; x_wconf 85' lang='lat' dir='ltr'>fuit</span> <span class='ocrx_word' id='word_1_516' title='bbox 2200 1651 2369 1687; x_wconf 86' lang='lat' dir='ltr'>uxoratus,</span> <span class='ocrx_word' id='word_1_517' title='bbox 2385 1649 2436 1681; x_wconf 89' lang='lat' dir='ltr'>sed</span> 
     </span>
     <span class='ocr_line' id='line_1_85' title="bbox 1492 1697 2436 1741; baseline 0.003 -12"><span class='ocrx_word' id='word_1_518' title='bbox 1492 1697 1632 1729; x_wconf 87' lang='lat' dir='ltr'>defectus</span> <span class='ocrx_word' id='word_1_519' title='bbox 1648 1698 1863 1739; x_wconf 48' lang='lat' dir='ltr'>privationi&amp;</span> <span class='ocrx_word' id='word_1_520' title='bbox 1882 1699 1936 1731; x_wconf 87' lang='lat' dir='ltr'>ubi</span> <span class='ocrx_word' id='word_1_521' title='bbox 1952 1698 2071 1740; x_wconf 87' lang='lat' dir='ltr'>aliquid</span> <span class='ocrx_word' id='word_1_522' title='bbox 2090 1703 2136 1732; x_wconf 90' lang='lat' dir='ltr'>est</span> <span class='ocrx_word' id='word_1_523' title='bbox 2153 1700 2191 1732; x_wconf 90' lang='lat' dir='ltr'>de</span> <span class='ocrx_word' id='word_1_524' title='bbox 2209 1700 2436 1741; x_wconf 81' lang='lat' dir='ltr'>significatione,</span> 
     </span>
     <span class='ocr_line' id='line_1_86' title="bbox 1491 1750 2438 1793; baseline 0.002 -12"><span class='ocrx_word' id='word_1_525' title='bbox 1491 1750 1611 1791; x_wconf 84' lang='lat' dir='ltr'>aliquid</span> <span class='ocrx_word' id='word_1_526' title='bbox 1636 1750 1675 1782; x_wconf 90' lang='lat' dir='ltr'>de</span> <span class='ocrx_word' id='word_1_527' title='bbox 1699 1750 1891 1791; x_wconf 84' lang='lat' dir='ltr'>privatione,</span> <span class='ocrx_word' id='word_1_528' title='bbox 1916 1759 1997 1792; x_wconf 88' lang='lat' dir='ltr'>quae</span> <span class='ocrx_word' id='word_1_529' title='bbox 2021 1755 2149 1792; x_wconf 81' lang='lat' dir='ltr'>generat</span> <span class='ocrx_word' id='word_1_530' title='bbox 2174 1751 2331 1793; x_wconf 86' lang='lat' dir='ltr'>quandam</span> <span class='ocrx_word' id='word_1_531' title='bbox 2356 1760 2438 1784; x_wconf 89' lang='lat' dir='ltr'>enor-</span> 
     </span>
     <span class='ocr_line' id='line_1_87' title="bbox 1492 1803 2435 1842; baseline 0.002 -8"><span class='ocrx_word' id='word_1_532' title='bbox 1492 1803 1631 1835; x_wconf 82' lang='lat' dir='ltr'>mitatem</span> <span class='ocrx_word' id='word_1_533' title='bbox 1665 1803 1730 1835; x_wconf 87' lang='lat' dir='ltr'>sive</span> <span class='ocrx_word' id='word_1_534' title='bbox 1763 1803 2009 1842; x_wconf 84' lang='lat' dir='ltr'>deformitatem,</span> <span class='ocrx_word' id='word_1_535' title='bbox 2035 1804 2154 1836; x_wconf 87' lang='lat' dir='ltr'>ratione</span> <span class='ocrx_word' id='word_1_536' title='bbox 2190 1805 2279 1836; x_wconf 87' lang='lat' dir='ltr'>cuius</span> <span class='ocrx_word' id='word_1_537' title='bbox 2314 1805 2353 1836; x_wconf 89' lang='lat' dir='ltr'>ad</span> <span class='ocrx_word' id='word_1_538' title='bbox 2377 1808 2435 1836; x_wconf 87' lang='lat' dir='ltr'>tam</span> 
     </span>
     <span class='ocr_line' id='line_1_88' title="bbox 1492 1856 2217 1889; baseline 0.003 -2"><span class='ocrx_word' id='word_1_539' title='bbox 1492 1856 1596 1888; x_wconf 90' lang='lat' dir='ltr'>nobile</span> <span class='ocrx_word' id='word_1_540' title='bbox 1620 1856 1856 1888; x_wconf 86' lang='lat' dir='ltr'>Sacramentum</span> <span class='ocrx_word' id='word_1_541' title='bbox 1883 1866 1942 1888; x_wconf 88' lang='lat' dir='ltr'>non</span> <span class='ocrx_word' id='word_1_542' title='bbox 1969 1857 2062 1889; x_wconf 88' lang='lat' dir='ltr'>debet</span> <span class='ocrx_word' id='word_1_543' title='bbox 2085 1857 2217 1889; x_wconf 85' lang='lat' dir='ltr'>admitti.</span> 
     </span>
    </p>

    <p class='ocr_par' dir='ltr' id='par_1_19' title="bbox 1492 1906 2478 2109">
     <span class='ocr_line' id='line_1_89' title="bbox 1583 1906 2478 1953; baseline 0.002 -13"><span class='ocrx_word' id='word_1_544' title='bbox 1583 1909 1627 1940; x_wconf 85' lang='lat' dir='ltr'>Ex</span> <span class='ocrx_word' id='word_1_545' title='bbox 1652 1909 1700 1941; x_wconf 84' lang='lat' dir='ltr'>his</span> <span class='ocrx_word' id='word_1_546' title='bbox 1726 1913 1831 1950; x_wconf 87' lang='lat' dir='ltr'>patent</span> <span class='ocrx_word' id='word_1_547' title='bbox 1847 1909 2045 1951; x_wconf 84' lang='lat' dir='ltr'>quaestiones</span> <span class='ocrx_word' id='word_1_548' title='bbox 2070 1913 2253 1951; x_wconf 84' lang='lat' dir='ltr'>sequentes,</span> <span class='ocrx_word' id='word_1_549' title='bbox 2272 1919 2368 1952; x_wconf 86' lang='lat' dir='ltr'>quare</span> <span class='ocrx_word' id='word_1_550' title='bbox 2389 1906 2478 1953; x_wconf 61' lang='lat' dir='ltr'>sci-‘³4d</span> 
     </span>
     <span class='ocr_line' id='line_1_90' title="bbox 1493 1961 2438 2004; baseline 0.001 -11"><span class='ocrx_word' id='word_1_551' title='bbox 1493 1961 1564 1993; x_wconf 83' lang='lat' dir='ltr'>licet</span> <span class='ocrx_word' id='word_1_552' title='bbox 1588 1962 1719 2002; x_wconf 88' lang='lat' dir='ltr'>impedit</span> <span class='ocrx_word' id='word_1_553' title='bbox 1751 1962 1880 1999; x_wconf 85' lang='lat' dir='ltr'>divisio,</span> <span class='ocrx_word' id='word_1_554' title='bbox 1906 1971 1967 1993; x_wconf 88' lang='lat' dir='ltr'>non</span> <span class='ocrx_word' id='word_1_555' title='bbox 1999 1963 2176 2004; x_wconf 86' lang='lat' dir='ltr'>corruptio,</span> <span class='ocrx_word' id='word_1_556' title='bbox 2201 1963 2275 2004; x_wconf 87' lang='lat' dir='ltr'>quia</span> <span class='ocrx_word' id='word_1_557' title='bbox 2300 1972 2359 1994; x_wconf 93' lang='lat' dir='ltr'>non</span> <span class='ocrx_word' id='word_1_558' title='bbox 2383 1963 2438 2004; x_wconf 88' lang='lat' dir='ltr'>pri-</span> 
     </span>
     <span class='ocr_line' id='line_1_91' title="bbox 1492 2015 2437 2056; baseline 0.002 -11"><span class='ocrx_word' id='word_1_559' title='bbox 1492 2018 1585 2046; x_wconf 87' lang='lat' dir='ltr'>vatur</span> <span class='ocrx_word' id='word_1_560' title='bbox 1610 2015 1847 2047; x_wconf 85' lang='lat' dir='ltr'>Sacramentum</span> <span class='ocrx_word' id='word_1_561' title='bbox 1865 2015 2009 2056; x_wconf 87' lang='lat' dir='ltr'>aliquod,</span> <span class='ocrx_word' id='word_1_562' title='bbox 2028 2024 2083 2047; x_wconf 91' lang='lat' dir='ltr'>nec</span> <span class='ocrx_word' id='word_1_563' title='bbox 2100 2015 2235 2047; x_wconf 86' lang='lat' dir='ltr'>efficitur</span> <span class='ocrx_word' id='word_1_564' title='bbox 2256 2015 2437 2048; x_wconf 86' lang='lat' dir='ltr'>defectivum</span> 
     </span>
     <span class='ocr_line' id='line_1_92' title="bbox 1492 2067 2395 2109; baseline 0.001 -11"><span class='ocrx_word' id='word_1_565' title='bbox 1492 2071 1622 2108; x_wconf 77' lang='lat' dir='ltr'>propter</span> <span class='ocrx_word' id='word_1_566' title='bbox 1647 2067 1911 2108; x_wconf 71' lang='lat' dir='ltr'>corruptioitern,</span> <span class='ocrx_word' id='word_1_567' title='bbox 1937 2068 2018 2100; x_wconf 85' lang='lat' dir='ltr'>sicut</span> <span class='ocrx_word' id='word_1_568' title='bbox 2042 2071 2171 2109; x_wconf 85' lang='lat' dir='ltr'>propter</span> <span class='ocrx_word' id='word_1_569' title='bbox 2196 2068 2395 2099; x_wconf 71' lang='lat' dir='ltr'>divisionem.</span> 
     </span>
    </p>

    <p class='ocr_par' dir='ltr' id='par_1_20' title="bbox 1494 2116 2483 2680">
     <span class='ocr_line' id='line_1_93' title="bbox 1583 2116 2477 2163; baseline 0.002 -12"><span class='ocrx_word' id='word_1_570' title='bbox 1583 2120 1625 2152; x_wconf 72' lang='lat' dir='ltr'>Ad</span> <span class='ocrx_word' id='word_1_571' title='bbox 1650 2120 1728 2151; x_wconf 89' lang='lat' dir='ltr'>illud</span> <span class='ocrx_word' id='word_1_572' title='bbox 1759 2120 1843 2161; x_wconf 85' lang='lat' dir='ltr'>quod</span> <span class='ocrx_word' id='word_1_573' title='bbox 1879 2120 2058 2161; x_wconf 87' lang='lat' dir='ltr'>quaeritur:</span> <span class='ocrx_word' id='word_1_574' title='bbox 2084 2130 2183 2162; x_wconf 86' lang='lat' dir='ltr'>quare</span> <span class='ocrx_word' id='word_1_575' title='bbox 2219 2130 2280 2152; x_wconf 89' lang='lat' dir='ltr'>non</span> <span class='ocrx_word' id='word_1_576' title='bbox 2317 2116 2477 2163; x_wconf 43' lang='lat' dir='ltr'>impediit}</span> 
     </span>
     <span class='ocr_line' id='line_1_94' title="bbox 1494 2173 2439 2214; baseline 0.002 -10"><span class='ocrx_word' id='word_1_577' title='bbox 1494 2173 1654 2214; x_wconf 88' lang='lat' dir='ltr'>corruptio</span> <span class='ocrx_word' id='word_1_578' title='bbox 1679 2173 1944 2205; x_wconf 87' lang='lat' dir='ltr'>consecrationem</span> <span class='ocrx_word' id='word_1_579' title='bbox 1969 2174 2043 2212; x_wconf 86' lang='lat' dir='ltr'>viri,</span> <span class='ocrx_word' id='word_1_580' title='bbox 2068 2174 2148 2206; x_wconf 85' lang='lat' dir='ltr'>sicut</span> <span class='ocrx_word' id='word_1_581' title='bbox 2172 2177 2202 2206; x_wconf 91' lang='lat' dir='ltr'>et</span> <span class='ocrx_word' id='word_1_582' title='bbox 2220 2175 2384 2207; x_wconf 81' lang='lat' dir='ltr'>mulieris?</span> <span class='ocrx_word' id='word_1_583' title='bbox 2400 2174 2439 2206; x_wconf 90' lang='lat' dir='ltr'>di-</span> 
     </span>
     <span class='ocr_line' id='line_1_95' title="bbox 1494 2221 2483 2268; baseline 0.002 -11"><span class='ocrx_word' id='word_1_584' title='bbox 1494 2230 1569 2258; x_wconf 86' lang='lat' dir='ltr'>cunt</span> <span class='ocrx_word' id='word_1_585' title='bbox 1593 2226 1688 2267; x_wconf 87' lang='lat' dir='ltr'>aliqui</span> <span class='ocrx_word' id='word_1_586' title='bbox 1714 2226 1861 2264; x_wconf 87' lang='lat' dir='ltr'>iuristae,</span> <span class='ocrx_word' id='word_1_587' title='bbox 1886 2227 1968 2267; x_wconf 91' lang='lat' dir='ltr'>quod</span> <span class='ocrx_word' id='word_1_588' title='bbox 1996 2227 2161 2268; x_wconf 82' lang='lat' dir='ltr'>episcopus</span> <span class='ocrx_word' id='word_1_589' title='bbox 2178 2227 2330 2268; x_wconf 77' lang='lat' dir='ltr'>significat</span> <span class='ocrx_word' id='word_1_590' title='bbox 2348 2221 2483 2263; x_wconf 65' lang='lat' dir='ltr'>Recte-⁵⁰³,</span> 
     </span>
     <span class='ocr_line' id='line_1_96' title="bbox 1495 2278 2436 2321; baseline 0.001 -12"><span class='ocrx_word' id='word_1_591' title='bbox 1495 2278 1572 2310; x_wconf 89' lang='lat' dir='ltr'>siam</span> <span class='ocrx_word' id='word_1_592' title='bbox 1597 2278 1801 2316; x_wconf 84' lang='lat' dir='ltr'>militantem,</span> <span class='ocrx_word' id='word_1_593' title='bbox 1827 2279 1878 2311; x_wconf 84' lang='lat' dir='ltr'>sed</span> <span class='ocrx_word' id='word_1_594' title='bbox 1906 2279 1994 2320; x_wconf 82' lang='lat' dir='ltr'>virgo</span> <span class='ocrx_word' id='word_1_595' title='bbox 2019 2279 2172 2320; x_wconf 85' lang='lat' dir='ltr'>significat</span> <span class='ocrx_word' id='word_1_596' title='bbox 2196 2279 2372 2318; x_wconf 86' lang='lat' dir='ltr'>Christum,</span> <span class='ocrx_word' id='word_1_597' title='bbox 2389 2279 2436 2321; x_wconf 88' lang='lat' dir='ltr'>qui</span> 
     </span>
     <span class='ocr_line' id='line_1_97' title="bbox 1495 2325 2483 2373; baseline 0.002 -11"><span class='ocrx_word' id='word_1_598' title='bbox 1495 2331 1554 2363; x_wconf 88' lang='lat' dir='ltr'>fuit</span> <span class='ocrx_word' id='word_1_599' title='bbox 1578 2331 1674 2372; x_wconf 78' lang='lat' dir='ltr'>virgo.</span> <span class='ocrx_word' id='word_1_600' title='bbox 1700 2331 1759 2363; x_wconf 83' lang='lat' dir='ltr'>Sed</span> <span class='ocrx_word' id='word_1_601' title='bbox 1784 2331 1863 2363; x_wconf 89' lang='lat' dir='ltr'>illud</span> <span class='ocrx_word' id='word_1_602' title='bbox 1881 2341 1941 2363; x_wconf 88' lang='lat' dir='ltr'>non</span> <span class='ocrx_word' id='word_1_603' title='bbox 1960 2332 2041 2373; x_wconf 85' lang='lat' dir='ltr'>capit</span> <span class='ocrx_word' id='word_1_604' title='bbox 2059 2332 2137 2363; x_wconf 90' lang='lat' dir='ltr'>ratio</span> <span class='ocrx_word' id='word_1_605' title='bbox 2156 2335 2248 2364; x_wconf 88' lang='lat' dir='ltr'>rec-ta.</span> <span class='ocrx_word' id='word_1_606' title='bbox 2265 2350 2309 2354; x_wconf 91' lang='lat'>—</span> <span class='ocrx_word' id='word_1_607' title='bbox 2325 2332 2356 2364; x_wconf 85' lang='lat' dir='ltr'>Et</span> <span class='ocrx_word' id='word_1_608' title='bbox 2372 2332 2436 2364; x_wconf 87' lang='lat' dir='ltr'>ideo</span> <span class='ocrx_word' id='word_1_609' title='bbox 2449 2325 2483 2371; x_wconf 42' lang='lat'>⁸⁰1}</span> 
     </span>
     <span class='ocr_line' id='line_1_98' title="bbox 1495 2383 2437 2425; baseline 0.001 -10"><span class='ocrx_word' id='word_1_610' title='bbox 1495 2383 1586 2415; x_wconf 90' lang='lat' dir='ltr'>aliter</span> <span class='ocrx_word' id='word_1_611' title='bbox 1610 2384 1797 2420; x_wconf 80' lang='lat' dir='ltr'>dicendum,</span> <span class='ocrx_word' id='word_1_612' title='bbox 1815 2384 1899 2425; x_wconf 89' lang='lat' dir='ltr'>quod</span> <span class='ocrx_word' id='word_1_613' title='bbox 1917 2384 2083 2425; x_wconf 87' lang='lat' dir='ltr'>episcopus</span> <span class='ocrx_word' id='word_1_614' title='bbox 2100 2384 2253 2425; x_wconf 74' lang='lat' dir='ltr'>significat</span> <span class='ocrx_word' id='word_1_615' title='bbox 2270 2384 2437 2423; x_wconf 83' lang='lat' dir='ltr'>Christum,</span> 
     </span>
     <span class='ocr_line' id='line_1_99' title="bbox 1496 2436 2483 2479; baseline 0.001 -11"><span class='ocrx_word' id='word_1_616' title='bbox 1496 2437 1551 2469; x_wconf 89' lang='lat' dir='ltr'>sed</span> <span class='ocrx_word' id='word_1_617' title='bbox 1577 2437 1689 2468; x_wconf 89' lang='lat' dir='ltr'>mulier</span> <span class='ocrx_word' id='word_1_618' title='bbox 1714 2436 1868 2478; x_wconf 78' lang='lat' dir='ltr'>significat</span> <span class='ocrx_word' id='word_1_619' title='bbox 1893 2436 2061 2469; x_wconf 88' lang='lat' dir='ltr'>Ecclesiam</span> <span class='ocrx_word' id='word_1_620' title='bbox 2087 2437 2353 2479; x_wconf 85' lang='lat' dir='ltr'>triumphantem,</span> <span class='ocrx_word' id='word_1_621' title='bbox 2376 2437 2436 2469; x_wconf 85' lang='lat' dir='ltr'>sive</span> <span class='ocrx_word' id='word_1_622' title='bbox 2482 2450 2483 2468; x_wconf 74' lang='lat' dir='ltr'>l</span> 
     </span>
     <span class='ocr_line' id='line_1_100' title="bbox 1496 2489 2439 2531; baseline 0 -10"><span class='ocrx_word' id='word_1_623' title='bbox 1496 2490 1594 2530; x_wconf 83' lang='lat' dir='ltr'>ipsam</span> <span class='ocrx_word' id='word_1_624' title='bbox 1624 2489 1808 2528; x_wconf 85' lang='lat' dir='ltr'>Ecclesiam,</span> <span class='ocrx_word' id='word_1_625' title='bbox 1833 2499 1915 2530; x_wconf 87' lang='lat' dir='ltr'>quae</span> <span class='ocrx_word' id='word_1_626' title='bbox 1939 2489 2026 2531; x_wconf 78' lang='lat' dir='ltr'>virgo</span> <span class='ocrx_word' id='word_1_627' title='bbox 2064 2493 2110 2522; x_wconf 89' lang='lat' dir='ltr'>est</span> <span class='ocrx_word' id='word_1_628' title='bbox 2141 2493 2171 2521; x_wconf 89' lang='lat' dir='ltr'>et</span> <span class='ocrx_word' id='word_1_629' title='bbox 2202 2499 2362 2531; x_wconf 86' lang='lat' dir='ltr'>nunquam</span> <span class='ocrx_word' id='word_1_630' title='bbox 2385 2489 2439 2521; x_wconf 85' lang='lat' dir='ltr'>fuit</span> 
     </span>
     <span class='ocr_line' id='line_1_101' title="bbox 1495 2541 2453 2583; baseline -0.001 -10"><span class='ocrx_word' id='word_1_631' title='bbox 1495 2543 1552 2574; x_wconf 86' lang='lat' dir='ltr'>nisi</span> <span class='ocrx_word' id='word_1_632' title='bbox 1578 2551 1661 2574; x_wconf 87' lang='lat' dir='ltr'>uxor</span> <span class='ocrx_word' id='word_1_633' title='bbox 1687 2542 1818 2580; x_wconf 76' lang='lat' dir='ltr'>Christi,</span> <span class='ocrx_word' id='word_1_634' title='bbox 1843 2542 1986 2574; x_wconf 87' lang='lat' dir='ltr'>Christus</span> <span class='ocrx_word' id='word_1_635' title='bbox 2010 2546 2126 2580; x_wconf 85' lang='lat' dir='ltr'>autem,</span> <span class='ocrx_word' id='word_1_636' title='bbox 2158 2543 2214 2574; x_wconf 89' lang='lat' dir='ltr'>etsi</span> <span class='ocrx_word' id='word_1_637' title='bbox 2252 2543 2339 2583; x_wconf 81' lang='lat' dir='ltr'>virgo</span> <span class='ocrx_word' id='word_1_638' title='bbox 2368 2541 2453 2580; x_wconf 62' lang='lat' dir='ltr'>suit,⁴</span> 
     </span>
     <span class='ocr_line' id='line_1_102' title="bbox 1498 2594 2439 2636; baseline -0.001 -10"><span class='ocrx_word' id='word_1_639' title='bbox 1498 2599 1598 2627; x_wconf 84' lang='lat' dir='ltr'>tamen</span> <span class='ocrx_word' id='word_1_640' title='bbox 1632 2595 1826 2636; x_wconf 81' lang='lat' dir='ltr'>Synagogam</span> <span class='ocrx_word' id='word_1_641' title='bbox 1853 2595 1962 2627; x_wconf 85' lang='lat' dir='ltr'>hahuit</span> <span class='ocrx_word' id='word_1_642' title='bbox 1985 2604 2046 2626; x_wconf 88' lang='lat' dir='ltr'>non</span> <span class='ocrx_word' id='word_1_643' title='bbox 2082 2599 2118 2626; x_wconf 87' lang='lat' dir='ltr'>ut</span> <span class='ocrx_word' id='word_1_644' title='bbox 2149 2604 2298 2634; x_wconf 76' lang='lat' dir='ltr'>uxorem,</span> <span class='ocrx_word' id='word_1_645' title='bbox 2327 2594 2380 2626; x_wconf 88' lang='lat' dir='ltr'>sed</span> <span class='ocrx_word' id='word_1_646' title='bbox 2406 2595 2439 2625; x_wconf 90' lang='lat' dir='ltr'>ut</span> 
     </span>
     <span class='ocr_line' id='line_1_103' title="bbox 1496 2647 1879 2680; baseline -0.008 -1"><span class='ocrx_word' id='word_1_647' title='bbox 1496 2648 1701 2680; x_wconf 86' lang='lat' dir='ltr'>concubinam</span> <span class='ocrx_word' id='word_1_648' title='bbox 1715 2647 1734 2678; x_wconf 66' lang='lat'>³.</span> <span class='ocrx_word' id='word_1_649' title='bbox 1878 2658 1879 2663; x_wconf 51' lang='lat'>¹</span> 
     </span>
    </p>

    <p class='ocr_par' dir='ltr' id='par_1_21' title="bbox 1497 2691 2476 2795">
     <span class='ocr_line' id='line_1_104' title="bbox 1587 2691 2476 2742; baseline -0.003 -10"><span class='ocrx_word' id='word_1_650' title='bbox 1587 2701 1620 2732; x_wconf 85' lang='lat' dir='ltr'>Et</span> <span class='ocrx_word' id='word_1_651' title='bbox 1643 2709 1699 2742; x_wconf 88' lang='lat' dir='ltr'>per</span> <span class='ocrx_word' id='word_1_652' title='bbox 1725 2701 1782 2732; x_wconf 90' lang='lat' dir='ltr'>hoc</span> <span class='ocrx_word' id='word_1_653' title='bbox 1815 2703 1898 2741; x_wconf 86' lang='lat' dir='ltr'>patet</span> <span class='ocrx_word' id='word_1_654' title='bbox 1930 2700 2095 2738; x_wconf 88' lang='lat' dir='ltr'>ultimum,</span> <span class='ocrx_word' id='word_1_655' title='bbox 2121 2708 2219 2741; x_wconf 92' lang='lat' dir='ltr'>quare</span> <span class='ocrx_word' id='word_1_656' title='bbox 2243 2699 2294 2731; x_wconf 89' lang='lat' dir='ltr'>ille</span> <span class='ocrx_word' id='word_1_657' title='bbox 2318 2699 2370 2740; x_wconf 88' lang='lat' dir='ltr'>qui</span> <span class='ocrx_word' id='word_1_658' title='bbox 2393 2691 2476 2739; x_wconf 53' lang='lat' dir='ltr'>(Ie-‘⁸3⁴¹⁴</span> 
     </span>
     <span class='ocr_line' id='line_1_105' title="bbox 1497 2752 2438 2795; baseline -0.003 -10"><span class='ocrx_word' id='word_1_659' title='bbox 1497 2757 1624 2795; x_wconf 84' lang='lat' dir='ltr'>sponsat</span> <span class='ocrx_word' id='word_1_660' title='bbox 1648 2755 1829 2794; x_wconf 87' lang='lat' dir='ltr'>corruptam</span> <span class='ocrx_word' id='word_1_661' title='bbox 1855 2753 1894 2784; x_wconf 88' lang='lat' dir='ltr'>ab</span> <span class='ocrx_word' id='word_1_662' title='bbox 1919 2752 1979 2784; x_wconf 83' lang='lat' dir='ltr'>alio</span> <span class='ocrx_word' id='word_1_663' title='bbox 2001 2756 2030 2784; x_wconf 89' lang='lat' dir='ltr'>et</span> <span class='ocrx_word' id='word_1_664' title='bbox 2059 2752 2233 2793; x_wconf 82' lang='lat' dir='ltr'>cognoscit,</span> <span class='ocrx_word' id='word_1_665' title='bbox 2259 2754 2304 2784; x_wconf 88' lang='lat' dir='ltr'>est</span> <span class='ocrx_word' id='word_1_666' title='bbox 2321 2752 2438 2792; x_wconf 89' lang='lat' dir='ltr'>ineptus</span> 
     </span>
    </p>
   </div>
   <div class='ocr_carea' id='block_1_15' title="bbox 2477 130 2483 1274">
    <p class='ocr_par' dir='ltr' id='par_1_22' title="bbox 2477 130 2483 1274">
     <span class='ocr_line' id='line_1_106' title="bbox 2477 130 2483 1274; baseline 0 0"><span class='ocrx_word' id='word_1_667' title='bbox 2477 130 2483 1274; x_wconf 95' lang='lat' dir='ltr'> </span> 
     </span>
    </p>
   </div>
   <div class='ocr_carea' id='block_1_16' title="bbox 1177 2880 1758 2886">
    <p class='ocr_par' dir='ltr' id='par_1_23' title="bbox 1177 2880 1758 2886">
     <span class='ocr_line' id='line_1_107' title="bbox 1177 2880 1758 2886; baseline 0 0"><span class='ocrx_word' id='word_1_668' title='bbox 1177 2880 1758 2886; x_wconf 95' lang='lat' dir='ltr'> </span> 
     </span>
    </p>
   </div>
   <div class='ocr_carea' id='block_1_17' title="bbox 483 2971 1434 3397">
    <p class='ocr_par' dir='ltr' id='par_1_24' title="bbox 553 2971 1175 3005">
     <span class='ocr_line' id='line_1_108' title="bbox 553 2971 1175 3005; baseline -0.005 -7"><span class='ocrx_word' id='word_1_669' title='bbox 553 2973 561 2989; x_wconf 80' lang='lat'>1</span> <span class='ocrx_word' id='word_1_670' title='bbox 583 2973 647 2998; x_wconf 75' lang='lat' dir='ltr'>Vitlc</span> <span class='ocrx_word' id='word_1_671' title='bbox 668 2973 694 2998; x_wconf 86' lang='lat' dir='ltr'>C.</span> <span class='ocrx_word' id='word_1_672' title='bbox 715 2972 873 2999; x_wconf 64' lang='lat' dir='ltr'>Carambim</span> <span class='ocrx_word' id='word_1_673' title='bbox 893 2972 958 3005; x_wconf 75' lang='grc'>(9.),</span> <span class='ocrx_word' id='word_1_674' title='bbox 978 2979 1068 3004; x_wconf 66' lang='lat' dir='ltr'>seqq,</span> <span class='ocrx_word' id='word_1_675' title='bbox 1089 2972 1113 2996; x_wconf 89' lang='lat' dir='ltr'>d.</span> <span class='ocrx_word' id='word_1_676' title='bbox 1134 2971 1175 2996; x_wconf 70' lang='lat'>34.</span> 
     </span>
    </p>

    <p class='ocr_par' dir='ltr' id='par_1_25' title="bbox 483 3015 1433 3092">
     <span class='ocr_line' id='line_1_109' title="bbox 552 3015 1433 3049; baseline -0.005 -6"><span class='ocrx_word' id='word_1_677' title='bbox 552 3018 562 3033; x_wconf 60' lang='grc' dir='ltr'>ἵ</span> <span class='ocrx_word' id='word_1_678' title='bbox 583 3018 641 3043; x_wconf 84' lang='lat' dir='ltr'>Dist.</span> <span class='ocrx_word' id='word_1_679' title='bbox 663 3017 704 3042; x_wconf 68' lang='lat'>24..</span> <span class='ocrx_word' id='word_1_680' title='bbox 727 3025 752 3048; x_wconf 90' lang='lat' dir='ltr'>p.</span> <span class='ocrx_word' id='word_1_681' title='bbox 776 3018 798 3041; x_wconf 96' lang='lat' dir='ltr'>ll.</span> <span class='ocrx_word' id='word_1_682' title='bbox 820 3024 841 3041; x_wconf 83' lang='lat' dir='ltr'>a.</span> <span class='ocrx_word' id='word_1_683' title='bbox 868 3018 887 3041; x_wconf 95' lang='lat' dir='ltr'>l.</span> <span class='ocrx_word' id='word_1_684' title='bbox 910 3024 934 3049; x_wconf 83' lang='lat' dir='ltr'>q.</span> <span class='ocrx_word' id='word_1_685' title='bbox 960 3017 980 3041; x_wconf 93' lang='lat' dir='ltr'>l.</span> <span class='ocrx_word' id='word_1_686' title='bbox 1002 3016 1035 3041; x_wconf 83' lang='lat' dir='ltr'>ad</span> <span class='ocrx_word' id='word_1_687' title='bbox 1054 3017 1076 3040; x_wconf 77' lang='lat'>2,</span> <span class='ocrx_word' id='word_1_688' title='bbox 1098 3019 1122 3041; x_wconf 88' lang='lat' dir='ltr'>et</span> <span class='ocrx_word' id='word_1_689' title='bbox 1142 3023 1166 3047; x_wconf 87' lang='lat' dir='ltr'>q.</span> <span class='ocrx_word' id='word_1_690' title='bbox 1189 3015 1211 3040; x_wconf 79' lang='lat'>4.</span> <span class='ocrx_word' id='word_1_691' title='bbox 1232 3016 1255 3039; x_wconf 83' lang='lat' dir='ltr'>in</span> <span class='ocrx_word' id='word_1_692' title='bbox 1277 3015 1334 3040; x_wconf 76' lang='lat' dir='ltr'>sine,</span> <span class='ocrx_word' id='word_1_693' title='bbox 1350 3029 1382 3032; x_wconf 97' lang='lat'><strong>—</strong></span> <span class='ocrx_word' id='word_1_694' title='bbox 1399 3015 1433 3039; x_wconf 89' lang='lat' dir='ltr'>ln-</span> 
     </span>
     <span class='ocr_line' id='line_1_110' title="bbox 483 3061 1003 3092; baseline 0.004 -9"><span class='ocrx_word' id='word_1_695' title='bbox 483 3062 560 3086; x_wconf 68' lang='lat' dir='ltr'>ior-ius</span> <span class='ocrx_word' id='word_1_696' title='bbox 578 3062 714 3092; x_wconf 80' lang='lat' dir='ltr'>respicitur</span> <span class='ocrx_word' id='word_1_697' title='bbox 733 3062 796 3092; x_wconf 88' lang='lat' dir='ltr'>Eph.</span> <span class='ocrx_word' id='word_1_698' title='bbox 819 3061 848 3091; x_wconf 78' lang='lat'>5,</span> <span class='ocrx_word' id='word_1_699' title='bbox 869 3061 909 3085; x_wconf 76' lang='lat'>22.</span> <span class='ocrx_word' id='word_1_700' title='bbox 931 3067 1003 3092; x_wconf 80' lang='lat' dir='ltr'>seqq.</span> 
     </span>
    </p>

    <p class='ocr_par' dir='ltr' id='par_1_26' title="bbox 483 3103 1434 3223">
     <span class='ocr_line' id='line_1_111' title="bbox 553 3103 1432 3136; baseline -0.003 -6"><span class='ocrx_word' id='word_1_701' title='bbox 553 3105 563 3121; x_wconf 79' lang='lat'>³</span> <span class='ocrx_word' id='word_1_702' title='bbox 583 3104 632 3130; x_wconf 72' lang='lat' dir='ltr'>Cir.</span> <span class='ocrx_word' id='word_1_703' title='bbox 653 3105 679 3130; x_wconf 88' lang='lat' dir='ltr'>C.</span> <span class='ocrx_word' id='word_1_704' title='bbox 699 3104 811 3131; x_wconf 61' lang='lat' dir='ltr'>Avillius</span> <span class='ocrx_word' id='word_1_705' title='bbox 831 3105 892 3136; x_wconf 73' lang='grc'>(2.),</span> <span class='ocrx_word' id='word_1_706' title='bbox 914 3105 938 3129; x_wconf 77' lang='lat' dir='ltr'>il.</span> <span class='ocrx_word' id='word_1_707' title='bbox 966 3105 1005 3129; x_wconf 74' lang='lat'>26.</span> <span class='ocrx_word' id='word_1_708' title='bbox 1033 3104 1086 3135; x_wconf 85' lang='lat' dir='ltr'>(qui</span> <span class='ocrx_word' id='word_1_709' title='bbox 1108 3106 1145 3128; x_wconf 83' lang='lat' dir='ltr'>est</span> <span class='ocrx_word' id='word_1_710' title='bbox 1165 3103 1288 3134; x_wconf 66' lang='lat' dir='ltr'>August,</span> <span class='ocrx_word' id='word_1_711' title='bbox 1310 3103 1342 3127; x_wconf 87' lang='lat' dir='ltr'>de</span> <span class='ocrx_word' id='word_1_712' title='bbox 1362 3103 1432 3127; x_wconf 76' lang='lat' dir='ltr'>Bono</span> 
     </span>
     <span class='ocr_line' id='line_1_112' title="bbox 483 3146 1434 3179; baseline -0.001 -8"><span class='ocrx_word' id='word_1_713' title='bbox 483 3148 622 3179; x_wconf 67' lang='lat' dir='ltr'>coniugali,</span> <span class='ocrx_word' id='word_1_714' title='bbox 643 3154 663 3172; x_wconf 86' lang='lat' dir='ltr'>c.</span> <span class='ocrx_word' id='word_1_715' title='bbox 689 3149 727 3172; x_wconf 79' lang='lat' dir='ltr'>is.</span> <span class='ocrx_word' id='word_1_716' title='bbox 749 3155 772 3172; x_wconf 87' lang='lat' dir='ltr'>n.</span> <span class='ocrx_word' id='word_1_717' title='bbox 794 3148 856 3179; x_wconf 61' lang='lat'>21),</span> <span class='ocrx_word' id='word_1_718' title='bbox 872 3151 896 3173; x_wconf 88' lang='lat' dir='ltr'>et</span> <span class='ocrx_word' id='word_1_719' title='bbox 916 3148 979 3172; x_wconf 78' lang='lat' dir='ltr'>Petr.</span> <span class='ocrx_word' id='word_1_720' title='bbox 1000 3148 1128 3178; x_wconf 59' lang='lat' dir='ltr'>Bonnam,</span> <span class='ocrx_word' id='word_1_721' title='bbox 1144 3146 1186 3171; x_wconf 85' lang='lat' dir='ltr'>lib.</span> <span class='ocrx_word' id='word_1_722' title='bbox 1201 3146 1340 3177; x_wconf 86' lang='lat' dir='ltr'>inscriptus</span> <span class='ocrx_word' id='word_1_723' title='bbox 1358 3154 1369 3168; x_wconf 76' lang='grc' dir='ltr'>α</span> <span class='ocrx_word' id='word_1_724' title='bbox 1384 3146 1434 3170; x_wconf 84' lang='lat' dir='ltr'>Do-</span> 
     </span>
     <span class='ocr_line' id='line_1_113' title="bbox 484 3191 865 3223; baseline 0.005 -9"><span class='ocrx_word' id='word_1_725' title='bbox 484 3192 568 3216; x_wconf 81' lang='lat' dir='ltr'>minus</span> <span class='ocrx_word' id='word_1_726' title='bbox 587 3191 724 3216; x_wconf 75' lang='lat' dir='ltr'>vobiscum</span> <span class='ocrx_word' id='word_1_727' title='bbox 739 3201 762 3223; x_wconf 81' lang='lat'>»‚</span> <span class='ocrx_word' id='word_1_728' title='bbox 783 3199 803 3217; x_wconf 89' lang='lat' dir='ltr'>c.</span> <span class='ocrx_word' id='word_1_729' title='bbox 826 3192 865 3216; x_wconf 71' lang='grc'>12.</span> 
     </span>
    </p>

    <p class='ocr_par' dir='ltr' id='par_1_27' title="bbox 486 3233 1433 3397">
     <span class='ocr_line' id='line_1_114' title="bbox 554 3233 1433 3267; baseline 0 -9"><span class='ocrx_word' id='word_1_730' title='bbox 554 3234 563 3249; x_wconf 70' lang='lat'>⁴¹</span> <span class='ocrx_word' id='word_1_731' title='bbox 584 3235 608 3258; x_wconf 87' lang='lat' dir='ltr'>ln</span> <span class='ocrx_word' id='word_1_732' title='bbox 628 3235 654 3259; x_wconf 69' lang='grc' dir='ltr'>(ἶ.</span> <span class='ocrx_word' id='word_1_733' title='bbox 674 3235 762 3267; x_wconf 74' lang='lat' dir='ltr'>Super</span> <span class='ocrx_word' id='word_1_734' title='bbox 781 3242 809 3260; x_wconf 87' lang='lat' dir='ltr'>eo</span> <span class='ocrx_word' id='word_1_735' title='bbox 831 3236 893 3267; x_wconf 76' lang='grc'>(2.),</span> <span class='ocrx_word' id='word_1_736' title='bbox 915 3236 946 3260; x_wconf 80' lang='lat' dir='ltr'>X.</span> <span class='ocrx_word' id='word_1_737' title='bbox 968 3235 1000 3260; x_wconf 79' lang='lat' dir='ltr'>tle</span> <span class='ocrx_word' id='word_1_738' title='bbox 1030 3235 1144 3266; x_wconf 69' lang='lat' dir='ltr'>bigamis</span> <span class='ocrx_word' id='word_1_739' title='bbox 1173 3241 1222 3259; x_wconf 87' lang='lat' dir='ltr'>non</span> <span class='ocrx_word' id='word_1_740' title='bbox 1253 3233 1433 3265; x_wconf 82' lang='lat' dir='ltr'>dispensandis</span> 
     </span>
     <span class='ocr_line' id='line_1_115' title="bbox 486 3277 1433 3310; baseline 0.002 -11"><span class='ocrx_word' id='word_1_741' title='bbox 486 3277 538 3301; x_wconf 78' lang='lat' dir='ltr'>(iil).</span> <span class='ocrx_word' id='word_1_742' title='bbox 560 3278 576 3301; x_wconf 88' lang='lat' dir='ltr'>l.</span> <span class='ocrx_word' id='word_1_743' title='bbox 598 3279 632 3302; x_wconf 81' lang='lat' dir='ltr'>til.</span> <span class='ocrx_word' id='word_1_744' title='bbox 653 3279 704 3307; x_wconf 76' lang='lat'>21.)</span> <span class='ocrx_word' id='word_1_745' title='bbox 726 3279 834 3303; x_wconf 83' lang='lat' dir='ltr'>dicitur:</span> <span class='ocrx_word' id='word_1_746' title='bbox 855 3280 918 3310; x_wconf 79' lang='lat' dir='ltr'>Quia</span> <span class='ocrx_word' id='word_1_747' title='bbox 940 3280 963 3303; x_wconf 92' lang='lat' dir='ltr'>in</span> <span class='ocrx_word' id='word_1_748' title='bbox 985 3279 1096 3310; x_wconf 78' lang='lat' dir='ltr'>bigamis</span> <span class='ocrx_word' id='word_1_749' title='bbox 1116 3281 1203 3303; x_wconf 82' lang='lat' dir='ltr'>contra</span> <span class='ocrx_word' id='word_1_750' title='bbox 1225 3278 1375 3309; x_wconf 70' lang='lat' dir='ltr'>Apostolum</span> <span class='ocrx_word' id='word_1_751' title='bbox 1400 3277 1433 3301; x_wconf 74' lang='lat' dir='ltr'>ili-</span> 
     </span>
     <span class='ocr_line' id='line_1_116' title="bbox 486 3321 1433 3353; baseline 0.002 -10"><span class='ocrx_word' id='word_1_752' title='bbox 486 3327 607 3349; x_wconf 69' lang='lat' dir='ltr'>sponsure</span> <span class='ocrx_word' id='word_1_753' title='bbox 634 3328 682 3345; x_wconf 85' lang='lat' dir='ltr'>non</span> <span class='ocrx_word' id='word_1_754' title='bbox 713 3322 783 3352; x_wconf 69' lang='lat' dir='ltr'>lieet,</span> <span class='ocrx_word' id='word_1_755' title='bbox 816 3325 842 3346; x_wconf 86' lang='lat' dir='ltr'>ut</span> <span class='ocrx_word' id='word_1_756' title='bbox 870 3323 981 3347; x_wconf 77' lang='lat' dir='ltr'>debeant</span> <span class='ocrx_word' id='word_1_757' title='bbox 1000 3322 1032 3347; x_wconf 87' lang='lat' dir='ltr'>ad</span> <span class='ocrx_word' id='word_1_758' title='bbox 1053 3329 1140 3347; x_wconf 85' lang='lat' dir='ltr'>sacros</span> <span class='ocrx_word' id='word_1_759' title='bbox 1159 3322 1263 3347; x_wconf 77' lang='lat' dir='ltr'>ordines</span> <span class='ocrx_word' id='word_1_760' title='bbox 1284 3321 1433 3353; x_wconf 74' lang='lat' dir='ltr'>promoveri</span> 
     </span>
     <span class='ocr_line' id='line_1_117' title="bbox 486 3363 1104 3397; baseline 0.006 -11"><span class='ocrx_word' id='word_1_761' title='bbox 486 3363 526 3386; x_wconf 53' lang='grc' dir='ltr'>νυ]</span> <span class='ocrx_word' id='word_1_762' title='bbox 547 3364 570 3386; x_wconf 86' lang='lat' dir='ltr'>iii</span> <span class='ocrx_word' id='word_1_763' title='bbox 591 3365 641 3394; x_wconf 69' lang='lat' dir='ltr'>eis,</span> <span class='ocrx_word' id='word_1_764' title='bbox 663 3365 682 3388; x_wconf 87' lang='lat' dir='ltr'>si</span> <span class='ocrx_word' id='word_1_765' title='bbox 704 3366 813 3395; x_wconf 81' lang='lat' dir='ltr'>promoti</span> <span class='ocrx_word' id='word_1_766' title='bbox 834 3366 940 3397; x_wconf 75' lang='lat' dir='ltr'>suerint,</span> <span class='ocrx_word' id='word_1_767' title='bbox 963 3373 1104 3390; x_wconf 75' lang='lat' dir='ltr'>remanere.</span> 
     </span>
    </p>
   </div>
   <div class='ocr_carea' id='block_1_18' title="bbox 1497 2964 2482 3397">
    <p class='ocr_par' dir='ltr' id='par_1_28' title="bbox 1497 2956 2482 3089">
     <span class='ocr_line' id='line_1_118' title="bbox 1567 2964 2482 3003; baseline -0.005 -8"><span class='ocrx_word' id='word_1_768' title='bbox 1567 2970 1577 2986; x_wconf 81' lang='lat'>⁵</span> <span class='ocrx_word' id='word_1_769' title='bbox 1596 2971 1716 3001; x_wconf 61' lang='lat' dir='ltr'>Gratiam,</span> <span class='ocrx_word' id='word_1_770' title='bbox 1733 2969 1757 2995; x_wconf 86' lang='lat' dir='ltr'>C.</span> <span class='ocrx_word' id='word_1_771' title='bbox 1774 2970 1880 3001; x_wconf 75' lang='lat' dir='ltr'>Lector,</span> <span class='ocrx_word' id='word_1_772' title='bbox 1903 2969 1927 2995; x_wconf 82' lang='lat' dir='ltr'>si</span> <span class='ocrx_word' id='word_1_773' title='bbox 1944 2969 2054 2995; x_wconf 75' lang='lat' dir='ltr'>riclaam</span> <span class='ocrx_word' id='word_1_774' title='bbox 2074 2969 2152 3001; x_wconf 64' lang='lat' dir='ltr'>(ts),</span> <span class='ocrx_word' id='word_1_775' title='bbox 2174 2969 2197 2994; x_wconf 77' lang='lat' dir='ltr'>cl.</span> <span class='ocrx_word' id='word_1_776' title='bbox 2218 2968 2263 3000; x_wconf 71' lang='lat'>34,</span> <span class='ocrx_word' id='word_1_777' title='bbox 2284 2969 2346 2992; x_wconf 81' lang='lat' dir='ltr'>hacc</span> <span class='ocrx_word' id='word_1_778' title='bbox 2364 2965 2439 2991; x_wconf 79' lang='lat' dir='ltr'>verba</span> <span class='ocrx_word' id='word_1_779' title='bbox 2480 2964 2482 3003; x_wconf 59' lang='lat' dir='ltr'>l</span> 
     </span>
     <span class='ocr_line' id='line_1_119' title="bbox 1497 3009 2482 3045; baseline -0.003 -7"><span class='ocrx_word' id='word_1_780' title='bbox 1497 3015 1651 3045; x_wconf 68' lang='lat' dir='ltr'>praciriittit:</span> <span class='ocrx_word' id='word_1_781' title='bbox 1672 3014 1823 3039; x_wconf 76' lang='lat' dir='ltr'>Necessitate</span> <span class='ocrx_word' id='word_1_782' title='bbox 1841 3017 1925 3038; x_wconf 79' lang='lat' dir='ltr'>tamen</span> <span class='ocrx_word' id='word_1_783' title='bbox 1945 3014 2070 3044; x_wconf 72' lang='lat' dir='ltr'>exigente,</span> <span class='ocrx_word' id='word_1_784' title='bbox 2090 3013 2212 3043; x_wconf 79' lang='lat' dir='ltr'>bigamus</span> <span class='ocrx_word' id='word_1_785' title='bbox 2232 3019 2313 3044; x_wconf 87' lang='lat' dir='ltr'>usque</span> <span class='ocrx_word' id='word_1_786' title='bbox 2332 3011 2363 3036; x_wconf 85' lang='lat' dir='ltr'>ad</span> <span class='ocrx_word' id='word_1_787' title='bbox 2386 3009 2439 3035; x_wconf 83' lang='lat' dir='ltr'>sub-</span> <span class='ocrx_word' id='word_1_788' title='bbox 2480 3029 2482 3041; x_wconf 83' lang='lat'><strong><em>‚</em></strong></span> 
     </span>
     <span class='ocr_line' id='line_1_120' title="bbox 1498 3056 2322 3089; baseline -0.002 -7"><span class='ocrx_word' id='word_1_789' title='bbox 1498 3058 1659 3082; x_wconf 76' lang='lat' dir='ltr'>diaconatum</span> <span class='ocrx_word' id='word_1_790' title='bbox 1683 3061 1765 3089; x_wconf 76' lang='lat' dir='ltr'>potest</span> <span class='ocrx_word' id='word_1_791' title='bbox 1784 3059 1941 3088; x_wconf 83' lang='lat' dir='ltr'>promoveri.</span> <span class='ocrx_word' id='word_1_792' title='bbox 1962 3058 2034 3082; x_wconf 77' lang='lat' dir='ltr'>Unde</span> <span class='ocrx_word' id='word_1_793' title='bbox 2054 3058 2174 3082; x_wconf 81' lang='lat' dir='ltr'>Martinus</span> <span class='ocrx_word' id='word_1_794' title='bbox 2194 3058 2261 3087; x_wconf 84' lang='lat' dir='ltr'>Papa</span> <span class='ocrx_word' id='word_1_795' title='bbox 2281 3056 2322 3080; x_wconf 83' lang='lat' dir='ltr'>ait.</span> 
     </span>
    </p>

    <p class='ocr_par' dir='ltr' id='par_1_29' title="bbox 1567 3098 2316 3132">
     <span class='ocr_line' id='line_1_121' title="bbox 1567 3098 2316 3132; baseline -0.003 -6"><span class='ocrx_word' id='word_1_796' title='bbox 1567 3101 1577 3117; x_wconf 81' lang='lat'><strong>⁶</strong></span> <span class='ocrx_word' id='word_1_797' title='bbox 1598 3102 1628 3126; x_wconf 83' lang='lat' dir='ltr'>lta</span> <span class='ocrx_word' id='word_1_798' title='bbox 1650 3101 1725 3126; x_wconf 83' lang='lat' dir='ltr'>codd.</span> <span class='ocrx_word' id='word_1_799' title='bbox 1747 3105 1770 3127; x_wconf 72' lang='lat' dir='ltr'>ct</span> <span class='ocrx_word' id='word_1_800' title='bbox 1789 3102 1848 3126; x_wconf 85' lang='lat' dir='ltr'>edd.</span> <span class='ocrx_word' id='word_1_801' title='bbox 1869 3102 1985 3126; x_wconf 78' lang='lat' dir='ltr'>Fortasse</span> <span class='ocrx_word' id='word_1_802' title='bbox 2006 3101 2144 3132; x_wconf 75' lang='lat' dir='ltr'>legendum</span> <span class='ocrx_word' id='word_1_803' title='bbox 2165 3098 2316 3132; x_wconf 71' lang='lat' dir='ltr'>iuteqrilciti.</span> 
     </span>
    </p>

    <p class='ocr_par' dir='ltr' id='par_1_30' title="bbox 1497 3143 2481 3309">
     <span class='ocr_line' id='line_1_122' title="bbox 1567 3143 2481 3178; baseline -0.008 -7"><span class='ocrx_word' id='word_1_804' title='bbox 1567 3146 1577 3161; x_wconf 90' lang='lat'><strong>⁷</strong></span> <span class='ocrx_word' id='word_1_805' title='bbox 1597 3145 1648 3171; x_wconf 83' lang='lat' dir='ltr'>Cl&#39;r.</span> <span class='ocrx_word' id='word_1_806' title='bbox 1670 3145 1695 3170; x_wconf 89' lang='lat' dir='ltr'>C.</span> <span class='ocrx_word' id='word_1_807' title='bbox 1720 3145 1837 3171; x_wconf 53' lang='lat' dir='ltr'>Debitwn.</span> <span class='ocrx_word' id='word_1_808' title='bbox 1855 3145 2001 3178; x_wconf 72' lang='lat' dir='ltr'>pastoralis</span> <span class='ocrx_word' id='word_1_809' title='bbox 2021 3145 2082 3176; x_wconf 83' lang='lat'>(5.),</span> <span class='ocrx_word' id='word_1_810' title='bbox 2104 3145 2135 3169; x_wconf 96' lang='lat' dir='ltr'>X</span> <span class='ocrx_word' id='word_1_811' title='bbox 2157 3144 2188 3168; x_wconf 83' lang='lat' dir='ltr'>do</span> <span class='ocrx_word' id='word_1_812' title='bbox 2209 3143 2320 3174; x_wconf 74' lang='lat' dir='ltr'>Bigomis</span> <span class='ocrx_word' id='word_1_813' title='bbox 2340 3147 2387 3166; x_wconf 86' lang='lat' dir='ltr'>non</span> <span class='ocrx_word' id='word_1_814' title='bbox 2404 3146 2438 3165; x_wconf 86' lang='lat' dir='ltr'>or·</span> <span class='ocrx_word' id='word_1_815' title='bbox 2479 3156 2481 3162; x_wconf 77' lang='lat'>,</span> 
     </span>
     <span class='ocr_line' id='line_1_123' title="bbox 1497 3182 2438 3221; baseline -0.007 -7"><span class='ocrx_word' id='word_1_816' title='bbox 1497 3189 1616 3214; x_wconf 82' lang='lat' dir='ltr'>dinandis</span> <span class='ocrx_word' id='word_1_817' title='bbox 1637 3190 1690 3220; x_wconf 77' lang='lat' dir='ltr'>(lib.</span> <span class='ocrx_word' id='word_1_818' title='bbox 1712 3190 1726 3214; x_wconf 93' lang='lat' dir='ltr'>l.</span> <span class='ocrx_word' id='word_1_819' title='bbox 1749 3191 1782 3214; x_wconf 82' lang='lat' dir='ltr'>[it.</span> <span class='ocrx_word' id='word_1_820' title='bbox 1804 3189 1867 3221; x_wconf 75' lang='lat' dir='ltr'>2l.).</span> <span class='ocrx_word' id='word_1_821' title='bbox 1888 3203 1923 3206; x_wconf 88' lang='lat'>—-</span> <span class='ocrx_word' id='word_1_822' title='bbox 1943 3189 2049 3213; x_wconf 65' lang='lat' dir='ltr'>Inferius</span> <span class='ocrx_word' id='word_1_823' title='bbox 2073 3195 2120 3220; x_wconf 84' lang='lat' dir='ltr'>pro</span> <span class='ocrx_word' id='word_1_824' title='bbox 2146 3186 2269 3220; x_wconf 74' lang='lat' dir='ltr'>perfectio</span> <span class='ocrx_word' id='word_1_825' title='bbox 2295 3192 2343 3210; x_wconf 88' lang='lat' dir='ltr'>non</span> <span class='ocrx_word' id='word_1_826' title='bbox 2368 3182 2438 3215; x_wconf 82' lang='lat' dir='ltr'>pauci</span> 
     </span>
     <span class='ocr_line' id='line_1_124' title="bbox 1498 3226 2434 3266; baseline -0.004 -9"><span class='ocrx_word' id='word_1_827' title='bbox 1498 3233 1573 3257; x_wconf 74' lang='lat' dir='ltr'>codd.</span> <span class='ocrx_word' id='word_1_828' title='bbox 1591 3233 1723 3266; x_wconf 79' lang='lat' dir='ltr'>perfecta,</span> <span class='ocrx_word' id='word_1_829' title='bbox 1746 3233 1821 3258; x_wconf 83' lang='lat' dir='ltr'>codd.</span> <span class='ocrx_word' id='word_1_830' title='bbox 1843 3232 1905 3257; x_wconf 79' lang='lat' dir='ltr'>th</span> <span class='ocrx_word' id='word_1_831' title='bbox 1921 3239 2054 3265; x_wconf 76' lang='lat' dir='ltr'>persona,</span> <span class='ocrx_word' id='word_1_832' title='bbox 2072 3232 2128 3257; x_wconf 90' lang='lat' dir='ltr'>cod.</span> <span class='ocrx_word' id='word_1_833' title='bbox 2150 3231 2166 3255; x_wconf 90' lang='lat' dir='ltr'>L</span> <span class='ocrx_word' id='word_1_834' title='bbox 2186 3236 2301 3263; x_wconf 74' lang='lat' dir='ltr'>persona</span> <span class='ocrx_word' id='word_1_835' title='bbox 2310 3226 2434 3261; x_wconf 76' lang='lat' dir='ltr'>perfecta,</span> 
     </span>
     <span class='ocr_line' id='line_1_125' title="bbox 1498 3273 2286 3309; baseline -0.004 -8"><span class='ocrx_word' id='word_1_836' title='bbox 1498 3277 1573 3301; x_wconf 80' lang='lat' dir='ltr'>codd.</span> <span class='ocrx_word' id='word_1_837' title='bbox 1595 3277 1615 3301; x_wconf 79' lang='lat' dir='ltr'>K</span> <span class='ocrx_word' id='word_1_838' title='bbox 1628 3277 1651 3301; x_wconf 92' lang='lat' dir='ltr'>X</span> <span class='ocrx_word' id='word_1_839' title='bbox 1672 3277 1689 3308; x_wconf 88' lang='lat' dir='ltr'>(t</span> <span class='ocrx_word' id='word_1_840' title='bbox 1710 3284 1723 3301; x_wconf 83' lang='lat' dir='ltr'>a</span> <span class='ocrx_word' id='word_1_841' title='bbox 1743 3276 1856 3302; x_wconf 82' lang='lat' dir='ltr'>secunda</span> <span class='ocrx_word' id='word_1_842' title='bbox 1878 3278 1965 3308; x_wconf 87' lang='lat' dir='ltr'>manu)</span> <span class='ocrx_word' id='word_1_843' title='bbox 1986 3276 2101 3309; x_wconf 74' lang='lat' dir='ltr'>perfecta</span> <span class='ocrx_word' id='word_1_844' title='bbox 2121 3273 2286 3308; x_wconf 68' lang='lat' dir='ltr'>siquificatio.</span> 
     </span>
    </p>

    <p class='ocr_par' dir='ltr' id='par_1_31' title="bbox 1499 3312 2480 3397">
     <span class='ocr_line' id='line_1_126' title="bbox 1569 3312 2438 3352; baseline -0.008 -7"><span class='ocrx_word' id='word_1_845' title='bbox 1569 3320 1579 3336; x_wconf 78' lang='lat'>⁸</span> <span class='ocrx_word' id='word_1_846' title='bbox 1599 3321 1696 3352; x_wconf 76' lang='lat' dir='ltr'>Duplex</span> <span class='ocrx_word' id='word_1_847' title='bbox 1718 3322 1780 3345; x_wconf 85' lang='lat' dir='ltr'>haec</span> <span class='ocrx_word' id='word_1_848' title='bbox 1799 3321 1924 3351; x_wconf 83' lang='lat' dir='ltr'>expositio</span> <span class='ocrx_word' id='word_1_849' title='bbox 1944 3321 2086 3344; x_wconf 84' lang='lat' dir='ltr'>insinuatur</span> <span class='ocrx_word' id='word_1_850' title='bbox 2106 3320 2129 3343; x_wconf 83' lang='lat' dir='ltr'>in</span> <span class='ocrx_word' id='word_1_851' title='bbox 2152 3317 2247 3344; x_wconf 80' lang='lat' dir='ltr'>Glossa</span> <span class='ocrx_word' id='word_1_852' title='bbox 2268 3322 2345 3348; x_wconf 84' lang='lat' dir='ltr'>super</span> <span class='ocrx_word' id='word_1_853' title='bbox 2358 3314 2382 3340; x_wconf 93' lang='lat' dir='ltr'>C.</span> <span class='ocrx_word' id='word_1_854' title='bbox 2396 3312 2438 3338; x_wconf 81' lang='lat' dir='ltr'>De-</span> 
     </span>
     <span class='ocr_line' id='line_1_127' title="bbox 1499 3354 2480 3397; baseline -0.005 -8"><span class='ocrx_word' id='word_1_855' title='bbox 1499 3364 1580 3390; x_wconf 72' lang='lat' dir='ltr'>bitum</span> <span class='ocrx_word' id='word_1_856' title='bbox 1599 3364 1745 3397; x_wconf 76' lang='lat' dir='ltr'>pastoralis</span> <span class='ocrx_word' id='word_1_857' title='bbox 1765 3366 1788 3389; x_wconf 84' lang='lat' dir='ltr'>in</span> <span class='ocrx_word' id='word_1_858' title='bbox 1808 3368 1867 3389; x_wconf 80' lang='lat' dir='ltr'>nota</span> <span class='ocrx_word' id='word_1_859' title='bbox 1889 3364 2058 3395; x_wconf 75' lang='lat' dir='ltr'>praecedente</span> <span class='ocrx_word' id='word_1_860' title='bbox 2078 3363 2225 3393; x_wconf 78' lang='lat' dir='ltr'>allegatum.</span> <span class='ocrx_word' id='word_1_861' title='bbox 2478 3354 2480 3388; x_wconf 73' lang='grc' dir='ltr'>ξ</span> 
     </span>
    </p>
   </div>
   <div class='ocr_carea' id='block_1_19' title="bbox 2474 2397 2483 3352">
    <p class='ocr_par' dir='ltr' id='par_1_32' title="bbox 2474 2397 2483 3352">
     <span class='ocr_line' id='line_1_128' title="bbox 2474 2397 2483 3352; baseline 0 0"><span class='ocrx_word' id='word_1_862' title='bbox 2474 2397 2483 3352; x_wconf 95' lang='lat' dir='ltr'> </span> 
     </span>
    </p>
   </div>
  </div>
 </body>
</html>
