2483 3882
336 926 455 947 Gratianus.

375 1071 454 1092 Canon.

324 1166 417 1188 Dubium
435 1169 453 1189 1.

373 1361 451 1381 Canon.

328 1505 448 1527 Gratianus.

368 1796 447 1818 Canon.

322 2379 441 2400 Gratianus.

361 2429 441 2449 Canon.

308 2665 401 2687 Dubium
419 2667 438 2687 2.

1180 470 1505 512 DISTINOTIO
1535 473 1743 515 XXXVI.

897 681 963 712 CAr.
988 683 1006 712 l.

867 779 909 808 De
931 779 1035 809 servis.

552 872 638 901 Nunc
653 872 690 902 de
706 872 877 903 conditione
894 875 1066 911 videamus,
1083 885 1118 906 an
1136 878 1234 907 valeat
1250 879 1422 916 coniugium

472 919 615 950 dividere.
631 938 671 942 —
692 934 703 947 «
719 922 763 951 Ad
787 923 867 961 quod
891 924 1034 960 dicimus,
1057 927 1127 964 quia
1152 935 1209 956 non
1233 931 1358 965 negatur
1381 929 1423 957 in-

471 976 567 1005 genua
590 977 678 1007 posse
701 970 814 1000 nubere
836 980 942 1007 servo3
965 973 1016 1002 sed
1040 975 1064 1003 si
1089 975 1221 1005 nescitur
1242 984 1307 1005 esse
1329 978 1423 1005 servi-

471 1016 507 1045 lis
529 1017 725 1053 conditionis,
748 1018 842 1049 libere
865 1024 962 1058 potest
978 1021 1104 1058 dimitti,
1121 1031 1189 1052 cum
1205 1025 1334 1054 servitus
1358 1026 1422 1055 eius

470 1065 559 1094 suerit
582 1066 768 1105 deprebensa
784 1068 791 1082 ¹
808 1081 835 1105 n,
859 1070 1024 1099 secundum
1049 1071 1141 1100 illud:
1171 1085 1182 1097 «
1198 1072 1226 1102 Si
1250 1075 1318 1111 quis
1343 1075 1422 1112 inge-

471 1123 548 1144 nuus
570 1115 659 1144 homo
687 1117 826 1146 ancillam
849 1118 972 1147 alterius
996 1127 1120 1149 uxorem
1145 1122 1295 1159 acceperit
1319 1127 1347 1152 et
1377 1131 1422 1152 ae-

470 1164 585 1198 stimat,
609 1165 689 1202 quod
715 1165 841 1201 ingenua
865 1167 921 1201 sit;
945 1167 968 1195 si
992 1167 1057 1205 ipsa
1081 1168 1188 1198 semina
1213 1170 1301 1199 luerit
1316 1176 1421 1208 postea

470 1211 498 1240 in
521 1212 666 1241 servitute
688 1212 820 1250 detecta,
851 1215 875 1243 si
899 1223 963 1244 eam
986 1224 1003 1245 a
1025 1217 1169 1246 servitute
1193 1218 1341 1248 redimere
1372 1228 1421 1257 po·

470 1262 541 1294 test,
564 1260 672 1296 faeiat;
695 1261 718 1289 si
742 1270 798 1290 non
823 1266 934 1300 potest,
957 1264 980 1292 si
1006 1264 1150 1300 voluerit,
1174 1265 1263 1295 aliam
1280 1268 1419 1306 accipiat.

467 1307 506 1346 Si*
531 1316 600 1337 vero
633 1309 771 1338 ancillam
806 1318 870 1339 eam
899 1312 1009 1341 scierat
1032 1316 1060 1341 et
1081 1313 1322 1350 collaudaverat,
1353 1320 1419 1354 post

469 1362 533 1383 eam
557 1359 589 1385 at
611 1356 771 1394 legitimam
806 1358 916 1388 babeat
931 1372 955 1387 ».
988 1360 1058 1389 Item
1082 1369 1119 1391 ex
1143 1362 1267 1392 eodem:
1296 1363 1352 1393 «Si
1383 1364 1419 1393 se-

466 1404 546 1433 mina
575 1405 702 1442 ingenua
737 1408 889 1445 acceperit
911 1416 1047 1446 servum,
1071 1410 1185 1446 sciens,
1209 1412 1289 1450 quod
1313 1421 1418 1442 servus

466 1456 559 1488 esset;
582 1453 692 1483 habeat
714 1463 799 1491 eum,
821 1456 891 1494 quia
909 1465 1012 1487 omnes
1028 1466 1120 1488 unum
1138 1463 1253 1497 patrem
1270 1460 1418 1491 habemus

465 1500 493 1528 in
518 1501 625 1537 caelis,
658 1510 716 1532 una
741 1503 787 1532 lex
810 1504 866 1533 erit
888 1504 952 1534 viro
975 1509 1004 1534 et
1026 1506 1195 1538 feminae».
1223 1508 1322 1538 «Cum
1347 1509 1418 1539 dici-

466 1552 532 1578 tur:
554 1548 649 1579 sciens
673 1550 755 1580 illum
781 1559 918 1588 servum,
942 1553 1030 1583 datur
1054 1555 1194 1594 intelligi,
1217 1557 1297 1595 quod
1320 1559 1343 1587 si
1366 1567 1418 1587 ne-

463 1596 576 1631 scierit,
600 1598 682 1627 illum
711 1607 831 1629 servum
856 1609 939 1638 esse3
969 1611 1027 1632 non
1057 1604 1175 1642 cogitur
1198 1613 1318 1635 ntanere
1347 1615 1415 1636 oum

464 1645 539 1682 ipso.
573 1645 601 1675 Si
635 1648 713 1676 enim
737 1649 917 1679 conditionis
940 1650 1041 1680 dolum
1066 1653 1194 1690 patitur,
1218 1662 1275 1683 non
1298 1655 1416 1692 cogitur

464 1693 629 1724 adhaerere
654 1696 679 1725 ei
705 1697 791 1726 euius
814 1698 917 1728 fraude
940 1700 1067 1738 decepta
1092 1705 1144 1731 est.
1167 1702 1197 1732 Si
1220 1707 1319 1733 autem
1343 1705 1416 1734 scie-

465 1742 503 1770 rit
526 1743 572 1772 vir
595 1744 796 1775 conditionem
820 1746 970 1782 mulieris,
995 1748 1040 1777 vel
1064 1758 1079 1778 e
1101 1758 1267 1787 converso3
1291 1761 1416 1782 1101]sz-

464 1789 504 1819 let
527 1798 590 1820 eam
614 1792 805 1823 dimittere».
828 1794 913 1824 Unde
934 1796 1095 1827 Zacharias
1118 1798 1239 1836 Papa²t
1269 1800 1324 1830 «Si
1347 1801 1415 1839 quis

463 1837 539 1867 liber
567 1839 706 1869 ancillam
730 1841 757 1869 in
781 1843 972 1872 matrimonio
996 1846 1165 1883 acceperim
1190 1855 1246 1876 non
1271 1848 1362 1878 habet
1384 1849 1415 1878 li-

462 1887 590 1917 centiam
613 1888 781 1919 dimittendi
807 1898 889 1927 eam,
922 1892 947 1921 si
979 1901 1127 1924 consensu
1160 1895 1317 1925 amborum
1348 1906 1414 1927 con-

462 1935 554 1965 iuncti
578 1941 662 1974 sunt,
685 1938 740 1966 nisi
764 1938 801 1967 ob
824 1939 1051 1970 fornicationem
1069 1953 1094 1978 »;
1119 1943 1156 1972 de
1179 1943 1237 1973 illis
1259 1946 1327 1982 agit,
1351 1947 1414 1984 qui-

462 1983 519 2013 hus
541 1984 714 2015 alterutrius
734 1987 866 2017 conditio
883 1992 951 2018 uota
969 1994 1028 2027 est,
1045 1991 1165 2028 quando
1181 1993 1411 2031 coniunguntur.

872 2085 939 2115 CAP.
964 2086 995 2115 ΙΙ.
1232 2098 1245 2103 s

589 2178 631 2207 De
653 2179 761 2217 copula
782 2180 865 2209 servi
884 2186 910 2210 et
931 2181 1062 2212 ancillae
1084 2183 1277 2215 caver-soram

828 2228 1036 2262 dominormn.

543 2322 729 2357 «Quaeritur
755 2326 861 2363 etiam,
892 2328 914 2356 si
938 2336 1043 2359 servus
1067 2331 1155 2361 unius
1178 2332 1318 2363 ancillam
1341 2334 1410 2364 alte-

457 2372 521 2401 rius
553 2373 721 2410 acceperit,
750 2382 785 2404 an
810 2376 846 2404 sit
871 2376 947 2406 inter
969 2386 1020 2407 eos
1042 2379 1258 2417 coniugium».
1282 2382 1323 2412 De
1352 2383 1409 2413 boc

457 2420 497 2450 ita
530 2424 575 2449 est
606 2424 748 2451 statutum
763 2422 792 2452 ³:
822 2424 965 2455 «Dictum
990 2430 1033 2455 est
1056 2427 1156 2465 nobis,
1179 2430 1260 2467 quod
1284 2431 1408 2469 quidam

456 2468 587 2505 legitima
602 2478 758 2501 servorum
776 2473 964 2503 matrimonia
982 2477 1161 2513 potestativa
1177 2479 1307 2516 quadam
1325 2489 1409 2518 prae-

455 2519 604 2549 sumtione
626 2520 784 2557 dirimant,
806 2530 864 2551 non
887 2524 1074 2554 attendentes
1097 2526 1190 2556 illud:
1216 2527 1302 2563 Quod
1327 2530 1407 2559 Deus

456 2565 616 2597 coniunxit
636 2567 724 2598 homo
747 2578 810 2599 non
831 2575 955 2609 separet.
976 2572 1061 2603 Unde
1085 2574 1170 2604 nobis
1193 2576 1289 2605 visum
1306 2581 1359 2613 est⁷
1376 2582 1408 2608 ut

455 2614 594 2652 coniugia
626 2623 782 2646 servorum
808 2625 866 2647 non
891 2618 1085 2657 dirimantur,
1110 2622 1198 2651 etiam
1223 2623 1246 2652 si
1270 2624 1406 2655 diversos

455 2660 592 2692 dominos
624 2663 773 2701 babeant;
797 2665 847 2695 sed
872 2666 899 2695 in
924 2676 982 2697 uno
1005 2669 1145 2707 coniugio
1178 2676 1405 2710 permanentes,

454 2709 583 2739 dominis
606 2712 737 2741 serviant
758 2714 829 2743 suis.
851 2714 888 2743 Et
910 2715 966 2745 hoe
991 2716 1017 2745 in
1035 2717 1092 2746 illis
1108 2718 1329 2750 observandum
1347 2726 1405 2757 est,

456 2757 507 2786 ubi
531 2758 633 2796 legalis
664 2761 835 2791 coniunctio
861 2762 915 2792 snit
936 2767 964 2792 et
985 2773 1041 2802 per
1061 2765 1247 2796 voluntatem
1269 2767 1404 2799 domino-

453 2813 565 2836 rum».
586 2823 626 2827 —
646 2807 774 2838 Attende
803 2809 890 2839 tinem
924 2811 1013 2841 liuius
1046 2814 1187 2851 capituli,
1211 2815 1261 2844 ubi
1287 2816 1405 2847 videtur

1241 226 1524 259 SENTENTIARUM
1548 227 1615 258 LlB.
1642 229 1687 260 lv.

1493 687 1590 725 innui,
1611 694 1732 728 praeter
1752 691 1938 722 volunlatem
1961 693 2158 726 dominorum
2180 698 2256 728 inter
2277 708 2396 731 servum
2413 707 2440 733 et

1492 736 1631 766 ancillam
1655 746 1712 767 non
1735 747 1823 776 posse
1846 741 1982 771 contrahi
1999 743 2188 782 coniugium,
2210 747 2254 776 vel
2276 749 2300 778 si
2323 755 2441 782 contra-

1491 784 1589 821 bitur,
1620 794 1676 815 non
1700 795 1765 817 esse
1787 792 1894 820 rattun.
1918 806 1957 812 —
1978 790 2162 826 Quibusdam
2186 798 2282 826 tamen
2306 798 2439 837 videtur,

1490 832 1567 862 inter
1590 842 1641 863 eos
1663 843 1752 872 posse
1775 836 1838 866 fieri
1861 838 2051 876 coniugium,
2073 841 2203 872 dominis
2226 845 2438 882 ignorantibus.
2479 827 2482 876 l

1895 934 1963 965 Cap,
1986 936 2028 966 ΙΙΙ.

1578 1027 1621 1056 De
1641 1026 1728 1063 viro,
1752 1028 1809 1069 qui
1826 1039 1856 1060 se
1876 1031 1949 1071 facit
1970 1042 2112 1070 servam,
2135 1041 2168 1066 at
2188 1037 2347 1070 dzvz‘datur

1880 1079 1917 1109 al)
1940 1090 2043 1111 ramore.

1567 1171 1641 1202 Illud
1665 1174 1754 1203 etiam
1777 1176 1956 1213 notandum,
1980 1180 2060 1217 quod
2083 1181 2106 1210 si
2130 1182 2238 1212 mulier
2259 1185 2383 1216 «virum
2406 1187 2437 1217 li·
2451 1190 2476 1212 ⁰¹1

1487 1219 1591 1249 berum
1616 1223 1784 1260 acceperit⁷
1808 1228 1837 1253 et
1859 1225 1923 1262 ille,
1947 1231 1979 1256 nt
2001 1236 2122 1259 causam
2151 1236 2281 1269 praestet
2304 1234 2436 1274 dissidii,
2457 1217 2476 1239 ὓ]

1485 1277 1517 1298 se
1539 1269 1667 1300 alicuius
1689 1279 1808 1301 servum
1832 1273 1951 1312 secerit3
1975 1285 2029 1306 nec
2052 1286 2177 1308 uxorem
2195 1280 2358 1320 dimittere,
2382 1293 2436 1315 nec
2482 1317 2483 1322 ¹

1486 1317 1534 1347 illa
1558 1318 1596 1348 ob
1628 1319 1782 1350 vinculum
1816 1323 1947 1360 coniugii
1982 1324 2010 1354 in
2040 1327 2214 1357 servitutem
2239 1330 2332 1368 redigi
2357 1337 2435 1370 pote·
2482 1334 2483 1359 ἓ

1484 1366 1546 1394 rit⁴
1562 1379 1587 1394 ».
1612 1367 1696 1397 Unde
1728 1368 1820 1399 illud:
1850 1382 1861 1395 «ι
1877 1371 2025 1402 Perlatum
2049 1378 2094 1403 est
2115 1375 2151 1404 ad
2174 1382 2308 1407 sanctam
2341 1380 2436 1418 Syno-
2447 1380 2478 1402 ‘3³'

1484 1413 1571 1448 (lunt,
1595 1416 1674 1453 quod
1698 1416 1821 1454 quidam
1845 1419 1991 1456 ingenuus
2014 1421 2173 1459 ingenuam
2189 1427 2341 1464 acceperit
2363 1437 2436 1459 uxo-

1483 1470 1545 1491 rem
1569 1467 1597 1492 et
1619 1468 1687 1501 post
1709 1465 1837 1496 filiorum
1869 1470 2108 1505 procreationem
2132 1475 2291 1505 occasione
2314 1476 2433 1508 divortii

1483 1510 1640 1540 cuiusdam
1657 1521 1688 1541 se
1703 1521 1824 1543 servum
1842 1515 1951 1546 feeerit.
1969 1517 2073 1548 Utrum
2092 1521 2247 1552 mulierem
2265 1528 2433 1557 necessario

1484 1561 1583 1588 tener„¹
1606 1559 1730 1597 debeat,
1754 1566 1782 1591 et
1803 1563 1828 1592 si
1853 1566 1997 1601 tenuerit,
2029 1576 2065 1596 an
2099 1568 2148 1599 illa
2183 1571 2272 1600 etiam
2296 1574 2431 1604 servituti

1481 1606 1590 1636 subiici
1614 1608 1740 1646 debeat3
1765 1613 1934 1649 quaesitum
1958 1618 2010 1643 est.
2033 1615 2199 1647 iudicatum
2224 1624 2282 1655 est,
2309 1630 2431 1652 uxorem
2447 1622 2479 1643 ⁰¹¹2

1482 1656 1604 1686 minime
1636 1658 1747 1688 debere
1780 1661 1904 1697 dimini,
1936 1667 2114 1695 nontamen
2138 1667 2176 1696 ob
2199 1668 2306 1698 Christi
2338 1670 2430 1709 legem

1482 1703 1636 1734 mulierem
1672 1706 1698 1735 in
1729 1709 1903 1739 servitutem
1928 1711 2038 1749 redigi,
2062 1713 2132 1743 dum
2156 1715 2204 1744 ille
2228 1725 2284 1746 non
2308 1726 2344 1748 ex
2367 1728 2432 1750 con<

1480 1760 1567 1782 sensu
1599 1754 1734 1791 coniugis
1756 1764 1788 1785 se
1811 1765 1931 1788 servum
1955 1760 2074 1797 feeerit,
2097 1771 2186 1801 quem
2210 1764 2338 1796 liberum
2369 1769 2430 1807 ipsa

1479 1801 1619 1831 maritum
1644 1809 1804 1842 acceperat
1820 1819 1845 1836 n.

1884 1903 1952 1934 Car.
1976 1906 2020 1936 IV.

1740 2000 1780 2028 De
1801 2005 1893 2031 aetate
1916 2003 2168 2036 conco-almuttam.

1557 2093 1618 2122 Hoc
1642 2095 1731 2124 etiam
1757 2097 1914 2127 sciendum
1936 2104 1995 2137 est,
2019 2102 2101 2140 quod
2130 2105 2244 2142 «pueri
2267 2111 2335 2137 ante
2357 2117 2427 2146 qua-
2442 2109 2480 2157 ⁰5¹¹}

1479 2141 1644 2171 tuordeeim
1675 2151 1768 2173 annos
1795 2150 1824 2174 et
1846 2147 1964 2183 puellae
1987 2153 2055 2179 ante
2078 2150 2238 2182 duodecim
2261 2156 2426 2187 secundum

1476 2188 1557 2226 leges
1580 2191 1802 2222 matrimonium
1826 2194 1902 2223 inire
1925 2202 2086 2234 nequeunt.
2120 2199 2229 2234 Quodsi
2254 2207 2322 2232 ante
2344 2213 2427 2242 prae-

1476 2236 1555 2266 dicta
1574 2241 1708 2276 tempora
1724 2241 1863 2278 copulam
1878 2243 2009 2281 inierint;
2026 2248 2160 2284 separari
2178 2255 2312 2288 possunt,
2325 2260 2426 2290 quam-

1476 2285 1521 2314 vis
1544 2285 1695 2316 voluntate
1718 2292 1746 2317 et
1768 2297 1890 2320 assensu
1918 2297 2076 2330 parentum
2109 2296 2200 2326 iuncti
2227 2298 2343 2329 tuerint.
2370 2301 2423 2337 Qui

1476 2341 1547 2363 vero
1570 2334 1597 2363 in
1621 2336 1750 2373 pueritia
1772 2339 1904 2376 copulati
1928 2345 1996 2379 post
2018 2351 2112 2374 annos
2134 2346 2302 2383 pubertatis
2322 2350 2423 2381 nolunt

1474 2390 1506 2411 se
1529 2382 1709 2421 relinquere,
1731 2387 1784 2415 sed
1806 2387 1835 2416 in
1859 2389 2070 2421 coniunctione
2092 2401 2283 2433 permanere;
2307 2398 2364 2428 iam
2387 2408 2423 2430 ex

1474 2430 1532 2460 hoe
1555 2432 1727 2463 efficiuntur
1758 2436 1901 2474 coniuges
1930 2442 1959 2467 et
1990 2439 2135 2479 deinceps
2157 2450 2310 2482 nequeunt
2339 2456 2424 2486 sepa-

1473 2479 1598 2509 rari⁵».
1636 2481 1722 2511 ltem:
1753 2483 1937 2522 «Sponsalia
1965 2492 2033 2517 ante
2065 2492 2253 2528 septennium
2287 2495 2480 2527 contrahiGra‘

1474 2535 1530 2556 non
1564 2533 1708 2567 possunt;
1730 2531 1793 2561 solo
1824 2534 1902 2563 enim
1932 2543 2081 2567 consensu
2113 2541 2341 2580 contrahuntur,
2371 2545 2420 2583 qui

1472 2576 1654 2607 intervenire
1676 2588 1733 2609 non
1757 2585 1871 2618 potest,
1895 2583 1949 2613 nisi
1972 2585 2010 2614 ab
2033 2585 2176 2618 alterutra
2210 2594 2296 2627 parte
2319 2592 2421 2623 intelli-

1471 2629 1558 2661 gatur
1579 2627 1659 2664 quod
1684 2628 1760 2658 inter
1782 2638 1833 2660 eos
1855 2632 1953 2669 agitur
1969 2646 1995 2663 ».
2010 2651 2050 2657 —-
2064 2635 2129 2666 Duo
2152 2637 2200 2667 illa
2225 2641 2357 2670 exsecuti
2372 2650 2420 2672 su—

1471 2681 1537 2703 mus
1562 2683 1630 2704 cum
1651 2676 1777 2707 aliorum
1800 2681 1990 2717 quorundam
2013 2683 2198 2721 adiectione,
2222 2687 2332 2725 quibus
2353 2698 2419 2719 con-

1470 2721 1583 2759 iugium
1616 2724 1690 2754 solvi
1724 2731 1837 2764 potest,
1861 2737 1914 2758 nec
1939 2733 2035 2760 tamen
2059 2732 2133 2762 solvi
2156 2742 2276 2773 semper
2298 2745 2419 2768 neeesse

1470 2774 1521 2799 est.
1544 2771 1630 2802 Nunc
1653 2773 1689 2803 de
1712 2774 1792 2812 aliis,
1815 2785 1892 2814 quae
1926 2787 2071 2816 personas
2104 2781 2274 2820 illegitimas
2301 2787 2417 2823 penitus

1469 2817 1597 2855 faciunt,
1619 2821 1791 2852 addendum
1816 2828 1860 2853 est
1882 2829 1910 2855 et
1932 2827 2063 2864 primum
2087 2829 2124 2859 de
2147 2831 2263 2861 ordine.

522 3084 529 3100 ¹
550 3086 676 3118 Gratiam„
703 3094 782 3119 super
807 3088 833 3114 C.
860 3089 892 3115 St
909 3091 968 3123 quis
987 3092 1115 3119 ancillam
1135 3095 1189 3126 (3.)‚
1210 3094 1236 3120 C.
1259 3097 1300 3121 29.
1321 3105 1346 3129 q.
1368 3099 1399 3129 2;

450 3135 504 3160 seq.
526 3129 598 3154 loeus
617 3129 643 3155 C.
664 3130 695 3157 Si
720 3132 779 3165 qais
804 3132 936 3167 ingenuus
961 3135 1021 3168 (4.),
1048 3136 1124 3169 ibid.;
1145 3140 1234 3164 tertius
1252 3139 1284 3166 Si
1299 3140 1399 3173 femina

450 3170 565 3204 inqenua
591 3174 651 3206 (5.)‚
672 3175 751 3208 ibid.;
772 3182 879 3209 quartus
905 3184 942 3204 est
967 3180 1079 3206 Gratiam.
1106 3189 1185 3213 super
1211 3183 1237 3209 C.
1259 3183 1341 3211 Cuius
1360 3186 1401 3211 rei

451 3215 511 3247 (6).,
531 3217 594 3242 ibid.
616 3219 640 3243 ln
661 3221 776 3246 seeundo
796 3222 850 3247 loco
874 3230 922 3253 pro
947 3223 974 3249 in
999 3225 1124 3252 servitute
1149 3226 1247 3254 detecta
1273 3229 1348 3255 codd.
1374 3235 1399 3256 et

449 3258 523 3290 edd„
542 3265 646 3292 excepta
672 3263 699 3294 l,
719 3264 749 3295 8,
770 3264 799 3289 in
818 3266 971 3293 servitutem
990 3267 1095 3295 dez'eota.

521 3301 531 3317 ²
548 3302 609 3329 Can.
628 3304 660 3330 Si
683 3306 742 3338 quis
771 3307 835 3333 liber
857 3309 922 3341 (2.),
946 3311 1007 3336 ibid.
1029 3327 1063 3330 —
1083 3314 1129 3338 Pro
1157 3314 1234 3341 habet
1262 3316 1395 3344 licentiam

449 3344 525 3369 codd.
545 3346 653 3371 ABCD
673 3353 697 3374 et
716 3350 756 3374 ed.
778 3352 787 3375 4
812 3351 907 3378 habeat
926 3353 1072 3388 licentiam,
1095 3358 1239 3390 refragante
1259 3367 1364 3387 canone.

1428 3099 1434 3281 l

1535 3100 1546 3117 ³
1565 3101 1624 3127 Can.
1645 3103 1751 3129 Dictum
1770 3106 1810 3131 est
1827 3106 1887 3138 (8.),
1909 3107 1970 3133 ibid.
1985 3108 2082 3135 Cilatur
2094 3110 2128 3136 ibi
2144 3112 2228 3138 Mattli.
2248 3114 2289 3145 19,
2305 3115 2328 3139 6.
2344 3116 2412 3146 Quae

1464 3145 1623 3175 praecedunt
1642 3147 1763 3179 leguntur
1782 3151 1852 3181 apud
1871 3152 2000 3185 Gratiam„
2021 3153 2083 3179 ibid.

1533 3189 1543 3205 ⁴
1563 3191 1688 3223 Gratiam,
1709 3200 1788 3225 super
1808 3194 1834 3220 C.
1855 3194 1936 3222 Cuius
1957 3197 1997 3223 rei
2015 3198 2077 3231 (6.),
2103 3199 2165 3225 ibid.
2190 3201 2248 3234 Seq.
2278 3203 2349 3228 locus
2375 3207 2410 3229 est

1463 3232 1489 3258 C.
1510 3233 1649 3261 Perlatum
1667 3237 1705 3262 est
1724 3237 1783 3270 (7.),
1804 3238 1866 3264 ibid.

1532 3278 1544 3294 ⁵
1562 3279 1648 3311 Hugo,
1670 3281 1742 3307 Sum.
1763 3282 1830 3308 Sent.
1851 3286 1881 3308 tr.
1901 3284 1925 3309 7.
1946 3292 1967 3310 c.
1993 3285 2038 3318 15;
2058 3294 2111 3319 seq.
2139 3288 2211 3314 loeus
2236 3292 2274 3315 est
2299 3291 2406 3316 Gratian.

1460 3319 1487 3345 C.
1507 3322 1549 3347 30.
1571 3330 1596 3354 q.
1618 3324 1640 3348 2.
1659 3325 1810 3355 introduct:
1831 3327 1875 3352 esr.
1893 3327 1919 3353 C.
1939 3328 2052 3355 Litteras
2078 3331 2139 3357 tuae
2156 3331 2322 3364 fraternitati
2345 3334 2404 3366 (4.),

1460 3364 1492 3388 X.
1513 3364 1544 3389 de
1564 3365 1714 3398 Desponsat.
1734 3369 1901 3401 impuberum
1921 3371 1990 3404 (libr.
2011 3373 2052 3399 lV.
2075 3375 2109 3400 tit.
2131 3376 2174 3408 2.).
