2483 3882
0 1450 30 1472 iio.

794 246 887 278 DIST.
912 246 1012 287 XXIV.
1039 246 1067 278 P.
1091 246 1113 277 Ι.
1138 245 1257 278 DUBlA.

46 347 118 380 ergo
142 336 222 369 redit
245 335 345 373 idem,
370 334 454 375 quod
480 334 585 374 prius,
610 334 693 375 quod
718 333 797 366 illud
814 335 993 366 Sacramen-

46 396 112 424 tum
135 388 371 429 multiplicetur.

132 442 160 474 3.
185 441 277 478 Item,
302 440 360 471 hoc
395 439 633 470 Sacramentum
664 442 712 470 est
746 438 926 470 ordinatum
951 439 991 471 ad

45 493 303 536 dispensationem
328 491 463 523 aliorum
480 491 773 528 Sacramentorum3
790 491 845 522 sed
866 491 926 522 alia
943 492 992 522 Sa-

45 549 200 581 cramenta
224 544 374 577 differunt
398 543 515 584 specie:
541 551 615 583 ergo
642 543 798 583 potentiae
830 543 991 575 ordinatae

45 600 83 632 ad
106 598 159 630 illa
182 597 296 629 debent
321 596 448 628 differre
472 595 613 636 specie¹z
639 604 714 635 ergo
746 595 882 633 videtur,
907 595 992 637 quod

44 651 125 684 istud
149 650 384 681 Sacramentum
401 657 458 689 per
479 647 599 689 species
617 647 758 679 diversas
782 647 991 688 plurificetur.

130 702 160 734 lt.
185 701 276 739 item,
302 700 449 732 sacerdos
473 708 545 731 rum
578 699 740 732 sacerdote
765 700 859 731 habet
883 708 993 731 conve-

43 754 187 788 nientiam
213 754 243 785 in
268 753 468 785 Sacramento
492 752 630 789 ordinis;
655 752 709 784 sed
742 752 889 784 sacerdos
919 761 991 799 cum

45 808 171 841 diacono
194 806 289 838 habet
305 805 535 837 distinctionem
560 809 590 837 et
607 805 831 842 differentiam;
856 808 991 843 constat,

45 859 124 903 quod
150 868 211 890 non
243 858 345 890 solum
377 857 599 895 materialem,
624 866 698 898 ergo
728 856 915 898 specificam
940 858 992 889 lia-

44 913 95 945 bet
129 911 352 944 differendam:
378 919 453 952 ergo
489 919 560 942 cum
596 913 770 951 utrumque
805 910 919 942 borum
952 911 992 942 sit

43 966 293 1001 Sacramentum,
318 963 454 1001 videtur,
486 963 571 1004 quod
602 962 722 994 ordinis
752 963 989 995 Sacramentum

44 1018 181 1051 diversas
204 1016 318 1049 habeat
342 1016 461 1057 species
485 1016 770 1048 Sacramentorum.

393 1113 634 1136 CONCLUSIO.

44 1192 295 1225 Sacramentum
320 1191 448 1223 ordinis
473 1196 519 1223 est
541 1201 662 1229 imum,
681 1191 775 1223 habet
798 1196 905 1223 tamen
920 1191 991 1233 plu-

127 1254 180 1276 res
201 1248 314 1286 parces
335 1245 568 1286 potestativas,
594 1254 700 1276 umam
724 1243 909 1286 perfectam
934 1244 991 1277 Sa-

130 1301 336 1329 cramentum
353 1292 591 1329 cotzstz'taeoztes.

129 1386 330 1417 Rssspoumzo:
356 1385 547 1424 Dicendum,
575 1386 659 1426 quod
685 1386 920 1418 Sacramentum
945 1395 992 1418 or-

45 1438 123 1471 dinis
146 1447 251 1470 imum
275 1442 338 1477 est,
361 1438 477 1470 multas
507 1441 611 1470 tamen
643 1438 738 1470 habet
762 1442 880 1480 partes,
911 1448 991 1481 quae

44 1491 277 1523 Sacramentum
295 1500 355 1522 non
379 1490 577 1532 plurificant,
601 1499 659 1532 pro
676 1499 712 1522 eo
737 1491 822 1532 quod
840 1501 901 1523 non
918 1496 992 1523 sunt

45 1543 173 1575 omnino
190 1546 295 1585 partes
317 1542 525 1581 sabieetz'vae,
550 1546 581 1575 et
605 1546 709 1575 tamen
733 1543 889 1585 recipiunt
907 1553 993 1586 prae-

45 1596 227 1629 dicationem
263 1596 375 1635 totius,
411 1596 485 1637 quia
520 1599 666 1627 naturam
702 1596 819 1628 habent
853 1597 990 1638 quodam

44 1649 134 1681 modo
158 1648 296 1690 partium
321 1648 585 1687 subjectivarum3
610 1652 640 1680 et
671 1649 750 1681 tales
781 1653 855 1681 sunt
885 1653 991 1691 partes

0 1713 29 1735 io.
39 1702 250 1744 potestativae
265 1702 284 1733 ².
303 1702 389 1743 Quae
413 1702 552 1733 maxime
574 1705 755 1743 competunt
779 1702 897 1734 ordini:
924 1706 990 1734 tum

44 1754 115 1796 quia
137 1754 215 1786 ordo
239 1754 354 1787 dicitur
378 1754 537 1786 ordinata
557 1758 713 1796 potestas,
738 1764 818 1796 quae
847 1764 887 1787 ex
912 1755 992 1786 ordi-

43 1807 164 1839 natione
196 1807 369 1839 multorum
405 1807 444 1839 ad
480 1816 579 1839 unum
610 1807 754 1839 redditur
784 1807 938 1848 perfecta,
962 1811 991 1839 et

44 1859 203 1901 quodlibet
226 1859 353 1891 illorum
378 1859 544 1901 participat
567 1859 720 1891 rationem
746 1860 934 1901 potestatis,
960 1860 994 1891 li-

45 1915 90 1945 cet
112 1921 173 1944 non
195 1911 426 1954 perfectionis;
451 1915 518 1944 tum
536 1912 646 1950 etiam,
672 1912 746 1953 quia
767 1912 845 1944 ordo
870 1921 993 1945 concer-

45 1966 88 1997 nit
121 1965 351 1998 distinctionem
387 1965 417 1997 in
453 1965 615 2007 partibus,
641 1965 722 1997 sicut
757 1969 788 1997 et
821 1975 992 1997 ozuwftei‘as.

1944 249 2006 280 619

1059 334 1142 366 Unde
1166 333 1433 375 quemadmodum
1459 337 1564 374 partes
1587 334 1721 366 muneri
1743 334 1880 376 quodam
1912 335 2005 367 modo
2021 347 2149 369 Notandum.

1056 386 1172 418 liabent
1197 390 1340 418 naturam
1359 386 1496 427 partium
1518 386 1756 428 inceqrancz‘um
1774 387 1804 419 in
1828 388 1904 426 hoc,
1921 388 2007 429 quod

1055 439 1157 470 simul
1180 439 1399 470 convenientes
1423 448 1479 480 per
1496 440 1638 472 ordinem
1667 440 1805 472 reddunt
1828 450 2006 473 numerum

1052 490 1255 532 perfectam,
1280 495 1316 523 ut
1340 496 1445 533 partes
1470 492 1584 524 senarii
1609 492 1803 525 constituunt
1828 494 2005 533 senarium,

1056 548 1087 575 et
1111 547 1214 575 tamen
1246 544 1405 586 quaelibet
1433 554 1516 586 pars
1544 546 1668 577 numeri
1694 549 1741 578 est
1765 555 1937 578 numerus:
1964 547 2007 579 sic

1056 604 1164 627 omnes
1188 597 1306 637 gradus
1330 597 1478 629 ordinum
1502 606 1602 629 unum
1627 598 1745 630 faciunt
1770 599 2008 631 Sacramentum

1056 648 1245 688 perfectum,
1270 653 1300 681 et
1324 653 1426 681 tamen
1452 650 1583 690 quilibet
1607 650 1725 691 gradus
1757 652 1835 683 ordo
1860 652 1975 684 dicitur
1987 652 2006 683 ³.

1058 718 1100 723 —
1118 701 1152 731 Et
1176 701 1393 733 concedendae
1410 706 1483 734 sunt
1500 703 1635 735 rationes
1652 704 1865 743 ostendentes,
1884 705 1941 737 boc
1958 706 2008 736 Sa-

1057 758 1253 785 cramentum
1287 763 1354 786 esse
1386 763 1502 793 unum,
1531 756 1676 796 quamvis
1703 756 1827 798 aliquae
1855 767 1915 789 non
1945 758 2083 790 sintuoia.

1057 805 1193 836 multum
1219 809 1374 846 cogentes.

1147 859 1174 889 1.
1199 858 1241 889 Ad
1260 858 1338 890 illud
1363 867 1437 900 ergo
1461 860 1544 900 quod
1570 860 1725 900 obiicitur,
1750 863 1835 903 quod
1860 863 2008 905 multipli-
2035 874 2115 896 Solutio
2132 881 2169 902 op-

1056 914 1124 942 cato
1148 911 1287 943 inferiori
1313 914 1385 949 etc.;
1410 912 1594 952 dicendum,
1612 915 1696 955 quod
1722 915 1805 947 istud
1831 925 1941 948 verum
1960 921 2007 949 est
2022 904 2145 927 ‘mmmm'

1056 963 1086 994 in
1111 972 1147 994 eo
1172 963 1256 1004 quod
1280 963 1376 996 habet
1400 968 1546 996 naturam
1570 966 1688 1007 speciei
1710 967 1775 999 sive
1792 969 1891 1009 partis
1906 969 2009 1001 subie-

1056 1016 1160 1047 ctz‘vae
1181 1016 1305 1053 solum·
1329 1025 1390 1047 non
1416 1017 1459 1049 sic
1482 1021 1528 1049 est
1554 1017 1582 1049 in
1608 1019 1776 1059 proposito.

1145 1070 1173 1100 2.
1198 1069 1242 1101 Ad
1259 1069 1338 1101 illud
1362 1070 1446 1111 quod
1465 1071 1642 1112 quaeritur,
1668 1076 1775 1104 utrum
1801 1073 1961 1106 dividatur
1978 1074 2009 1105 in

1055 1124 1160 1162 partes
1186 1121 1370 1163 integrales,
1395 1126 1450 1154 aut
1474 1123 1684 1162 subiectivas;
1710 1125 1900 1165 dicendum,
1924 1127 2007 1168 quod

1056 1174 1208 1206 dividitur
1233 1175 1262 1206 in
1295 1179 1401 1216 partes
1422 1177 1655 1217 potestativas,
1682 1187 1762 1219 quae
1797 1182 2007 1221 utrarumque

1055 1228 1193 1269 partium
1211 1228 1328 1260 habent
1352 1233 1513 1267 naturam3
1530 1230 1614 1262 unde
1639 1230 1720 1262 sicut
1736 1231 1848 1263 divisio
1872 1233 2009 1274 clozaloyt
2024 1243 2154 1265 Notandum.

1055 1283 1139 1311 tenet
1164 1281 1302 1312 medium
1329 1281 1409 1313 inter
1437 1282 1621 1315 divisionem
1647 1283 1819 1326 aequivoci
1841 1288 1871 1316 et
1899 1285 2010 1317 um'uo-

1056 1333 1128 1370 ci⁴;
1152 1332 1195 1365 sic
1220 1333 1289 1366 talis
1314 1334 1427 1366 divisio
1451 1335 1590 1367 medium
1613 1339 1697 1368 tenet
1719 1336 1799 1369 inter
1823 1337 2008 1370 divisionem

1057 1385 1155 1417 tollas
1178 1386 1380 1417 uiit'versalz's
1405 1390 1435 1418 et
1460 1387 1558 1418 tollas
1582 1387 1764 1430 integralis

1146 1438 1174 1470 3.
1199 1439 1243 1470 Ad
1268 1439 1344 1470 illud
1371 1439 1456 1480 quod
1484 1440 1646 1479 obiicitur,
1679 1441 1764 1483 quod
1788 1442 1828 1474 ad
1852 1442 2009 1484 dispensa-

1057 1491 1172 1523 tionem
1197 1492 1331 1523 aliorum
1364 1493 1547 1531 ordinatur;
1572 1493 1756 1534 dicendum,
1789 1496 1873 1537 quod
1898 1497 2009 1537 princi-

1057 1544 1168 1585 paliter
1192 1545 1358 1576 ordinatur
1374 1545 1413 1577 ad
1431 1545 1695 1587 dispensationem
1720 1548 1911 1581 Sacramenti
1936 1549 2009 1580 alta-

1057 1597 1115 1635 ris,
1140 1597 1221 1638 quod
1248 1606 1348 1629 unum
1373 1601 1420 1629 est
1432 1598 1451 1628 ⁵.

1146 1650 1175 1681 li.
1200 1650 1243 1682 Ad
1270 1650 1347 1682 illud
1372 1651 1457 1691 quod
1492 1651 1638 1683 obiicitur
1674 1652 1713 1684 de
1749 1653 1944 1693 differentia,
1969 1654 2012 1686 di-

1057 1702 1207 1740 cendum,
1231 1703 1315 1743 quod
1341 1703 1477 1744 quodam
1497 1704 1589 1735 modo
1614 1708 1660 1736 est
1676 1705 1849 1746 specifica,
1874 1707 2011 1747 quodam
2028 1719 2157 1740 Notandum.

1058 1755 1151 1786 modo
1175 1764 1249 1786 non.
1269 1755 1333 1787 Una
1357 1756 1439 1787 enim
1457 1756 1578 1797 species
1602 1766 1663 1788 non
1682 1757 1819 1799 disponit
1843 1759 1883 1790 ad
1900 1759 2011 1797 aliam,

1057 1807 1137 1839 sicut
1162 1816 1245 1839 unus
1269 1808 1347 1840 ordo
1372 1808 1411 1840 ad
1441 1808 1538 1841 alium
1563 1809 1715 1851 disponit3
1732 1814 1762 1842 et
1786 1811 1857 1843 ideo
1880 1820 1941 1843 non
1966 1816 2013 1844 est

1057 1860 1098 1891 ibi
1122 1860 1276 1901 specifica
1300 1861 1472 1900 distinctio,
1497 1862 1553 1894 sed
1577 1866 1681 1895 tamen
1706 1863 1818 1906 aliquo
1850 1865 1945 1896 modo
1970 1865 2013 1896 di-

1057 1913 1280 1954 stinguunturg
1305 1914 1378 1955 quia
1413 1918 1517 1947 tamen
1546 1915 1586 1947 ad
1615 1925 1714 1948 unum
1745 1917 2012 1959 complementum

1057 1966 1257 2005 ordinantur,
1281 1967 1351 1999 ideo
1376 1977 1475 2000 unum
1501 1969 1739 2002 Sacramentum
1764 1970 1913 2003 faciunt⁶.

700 2090 811 2123 DUBlA
836 2090 942 2122 CIRCA
967 2091 1153 2123 LITTERAM
1176 2092 1359 2124 MAGISTRI.

457 2210 533 2242 DUB.
563 2210 584 2242 I.

130 2314 162 2346 ln
186 2318 274 2356 parte
299 2315 357 2346 ista
390 2318 463 2347 sunt
487 2315 698 2347 dubitationes
730 2315 812 2347 circa
837 2315 993 2355 litteram,

46 2370 75 2399 et
96 2368 197 2409 primo
221 2368 385 2410 quaeritur
416 2368 455 2400 de
479 2368 589 2400 ordine
613 2368 704 2400 istius
736 2369 926 2401 Sacramenti
952 2369 992 2401 ad

45 2421 268 2461 praecedentia.
294 2420 425 2453 Videtur
449 2421 532 2452 enim
557 2421 638 2452 male
663 2421 816 2453 ordinari:
843 2421 993 2463 quiahoc

47 2471 277 2505 Sacramentum
295 2476 343 2505 est
358 2473 537 2505 ordinatum
560 2474 598 2505 ad
622 2474 870 2515 dispensandum
888 2474 993 2505 omnia

46 2524 104 2556 alia
120 2526 334 2558 Sacramenta:
360 2534 434 2567 ergo
458 2526 539 2557 inter
564 2527 668 2557 omnia
692 2526 753 2558 alia
776 2526 903 2558 videtur
926 2535 994 2558 esse

47 2577 193 2618 primum.
658 2607 665 2616 ,
908 2576 912 2579 ’

132 2631 333 2663 Ruspounuo:
359 2631 550 2670 Dicendum,
575 2631 659 2672 quod
684 2631 852 2672 dupliciter
884 2635 930 2663 est
955 2631 996 2663 lo-

30 2682 98 2723 .qui
122 2683 160 2715 de
191 2684 318 2716 ordine:
344 2688 399 2716 aut
430 2684 459 2716 in
485 2684 732 2725 comparatione
756 2684 802 2716 ad
832 2684 994 2723 alterum,

49 2739 188 2777 respectu
213 2737 304 2769 cuius
328 2741 392 2775 est;
417 2741 471 2769 aut
495 2737 640 2769 absolate
668 2741 816 2778 respecta
840 2737 994 2775 subiecti,

50 2787 79 2819 in
109 2798 170 2830 quo
193 2793 247 2821 est.
287 2790 317 2821 Si
349 2790 378 2821 in
416 2790 683 2831 comparastonm
707 2790 767 2833 sicx
787 2799 898 2822 verum
931 2794 995 2829 est,

51 2841 132 2881 quod
155 2842 391 2874 Sacramentum
425 2843 544 2874 ordinis
569 2843 599 2874 in
625 2843 879 2884 dispensatione-⁷
904 2843 996 2875 debet

1058 2211 1248 2253 praecedere
1276 2215 1306 2244 et
1327 2213 1497 2254 praecedit
1528 2213 1633 2245 omnia
1665 2215 1882 2254 Sacramenta,
1919 2219 2013 2257 prout

1058 2264 1201 2296 ordinate
1229 2265 1455 2306 suscipiuntur.
1480 2266 1546 2297 Alio
1578 2266 1685 2305 modo,
1711 2270 1805 2308 prout
1837 2268 2012 2300 considera-

1058 2319 1110 2348 tur
1133 2322 1281 2358 respecla
1305 2317 1443 2349 subtecti
1465 2319 1532 2356 sui3
1557 2319 1617 2357 sic,
1642 2319 1716 2360 quia
1748 2328 1840 2351 nemo
1868 2320 2013 2352 ordinan-

1058 2370 1118 2401 dus
1150 2373 1213 2408 est,
1246 2370 1299 2412 qui
1333 2380 1394 2402 non
1426 2371 1465 2403 sit
1494 2371 1665 2413 dispositus
1690 2381 1745 2413 per
1777 2372 1884 2414 aliqua
1908 2373 2014 2405 Sacra-

1059 2426 1164 2454 menta
1192 2427 1299 2462 antea,
1333 2424 1471 2456 maxime
1503 2433 1560 2466 per
1593 2425 1803 2466 baptismum,
1836 2425 1894 2457 boc
1918 2425 2012 2457 modo

1058 2475 1207 2517 sequitur
1233 2477 1425 2515 necessari03
1450 2480 1480 2509 et
1503 2477 1573 2509 ideo
1597 2477 1790 2518 baptismus,
1815 2477 1889 2519 quia
1909 2478 2012 2518 primo

1060 2528 1210 2569 recipitur
1243 2529 1322 2561 inter
1354 2530 1575 2568 Sacramenta,
1609 2531 1701 2562 ianua
1737 2531 2011 2563 Sacramentorum

1060 2581 1237 2621 appellatur
1250 2581 1269 2612 8.

1467 2687 1542 2718 Due.
1574 2687 1606 2718 ΙΙ.

1150 2790 1223 2823 [tem
1248 2791 1412 2832 quaeritur
1436 2792 1475 2823 de
1499 2792 1558 2824 hoc
1582 2793 1666 2833 quod
1691 2793 1779 2833 dicit,
1797 2794 1881 2836 quod
1899 2795 1930 2827 in
1956 2795 2014 2828 Sa-

1061 2848 1228 2875 cramento
1251 2843 1454 2886 septiformis
1475 2845 1609 2886 gyratz'ae
1629 2850 1748 2887 septem
1768 2851 1846 2879 sam
1867 2849 2009 2890 prasius.

119 3014 128 3030 ¹
147 3016 210 3041 Nam
230 3017 374 3042 secuudum
393 3018 504 3049 Ariston,
528 3018 554 3043 ll.
575 3018 606 3043 de
625 3019 731 3050 Anima,
756 3022 813 3044 text.
835 3020 875 3044 33.
897 3020 929 3051 (c.
952 3020 995 3051 li-.)‚

0 3065 1 3068 ¹
52 3060 178 3088 potentiae
196 3062 375 3092 specificantur
401 3070 447 3094 per
474 3062 581 3088 obiecta.
602 3062 651 3088 Csr.
673 3063 704 3088 de
725 3064 774 3088 boc
793 3065 868 3088 etiam
889 3067 950 3089 tom.
972 3065 997 3089 ll.

52 3108 111 3133 pag.
130 3102 187 3135 561,
208 3108 266 3130 nota
287 3106 310 3130 3.

120 3146 130 3162 ²
149 3147 198 3173 Csr.
217 3156 294 3180 supra
322 3150 346 3174 d.
374 3151 414 3175 16.
441 3158 465 3181 p.
486 3151 501 3175 l.
529 3150 591 3175 dub.
617 3151 632 3175 l.
655 3165 689 3168 —
712 3152 836 3182 Superius
863 3151 950 3176 verbis
975 3153 1000 3177 et

53 3190 138 3216 lamen
165 3193 188 3217 in
208 3193 266 3218 cod.
293 3194 328 3219 bb
348 3195 462 3219 secunda
483 3202 575 3219 manus
595 3195 727 3225 praemisit
747 3201 800 3220 non
826 3194 932 3221 omnino
957 3195 997 3220 in-

54 3233 170 3266 tegrales.
190 3236 304 3262 Subinde
319 3244 368 3262 non
384 3238 459 3268 pauci
479 3237 554 3262 codd.
575 3239 693 3263 omittunt
714 3237 802 3263 totius.
825 3239 930 3263 Inferius
949 3246 997 3270 pro

53 3276 215 3309 perfectionis
235 3280 291 3305 Vat.
311 3279 431 3313 perfecte.

121 3320 132 3336 3
151 3321 201 3347 Csr.
222 3323 285 3348 infra
305 3331 331 3355 p.
354 3325 379 3348 ll.
400 3331 422 3348 a.
449 3325 466 3348 l.
487 3332 511 3356 q.
533 3325 555 3349 2.
576 3324 608 3349 ad
630 3325 654 3349 3.

123 3363 133 3379 ⁴
153 3365 215 3391 Vide
235 3370 295 3392 tom.
318 3368 344 3392 ll.
364 3375 424 3399 pag.
451 3369 513 3399 620,
541 3371 598 3393 nota
619 3368 643 3393 7.
667 3382 699 3386 —-
722 3369 847 3400 Superius
872 3373 930 3400 post
955 3376 997 3402 pc-

1063 3020 1196 3046 lestatz'rus
1217 3021 1274 3045 cod.
1288 3022 1305 3045 Z
1320 3021 1389 3046 addit
1410 3020 1449 3046 vel
1463 3020 1598 3052 virtuales,
1615 3025 1639 3047 et
1659 3025 1715 3053 post
1728 3024 1858 3048 naturam
1877 3023 2012 3056 subiungit

1061 3064 1107 3089 sed
1125 3071 1178 3090 uon
1199 3064 1321 3090 totaliter.

1133 3108 1143 3123 5
1162 3107 1211 3133 Csr.
1233 3109 1272 3132 liic
1292 3108 1325 3133 lit.
1347 3109 1472 3139 Magistri,
1495 3116 1515 3133 c.
1542 3109 1578 3133 ll.

1131 3151 1142 3167 ὃ
1162 3152 1227 3176 Vide
1247 3152 1361 3176 scholion
1382 3152 1413 3176 ad
1439 3152 1457 3176 l.
1479 3153 1555 3177 liuius
1575 3153 1673 3178 articuli
1694 3156 1792 3185 quaest.

1132 3194 1142 3210 ⁷
1160 3195 1194 3219 lta
1214 3195 1289 3219 codd.
1310 3195 1451 3220 FGROR
1464 3196 1511 3220 ST
1532 3196 1576 3227 bb,
1598 3197 1639 3221 alii
1659 3201 1683 3222 et
1702 3197 1760 3222 edd.
1781 3197 1957 3231 dispensante.
1975 3200 2010 3224 ln-

1061 3239 1139 3263 t‘erius
1158 3242 1216 3269 post
1229 3238 1287 3264 Allo
1301 3238 1378 3264 modo
1393 3239 1451 3264 cod.
1467 3240 1487 3264 U
1506 3240 1576 3265 addit
1596 3242 1633 3266 est
1653 3240 1726 3274 loqui
1738 3241 1769 3267 de
1782 3249 1819 3267 eo.
1834 3243 1950 3268 Subinde
1963 3251 2011 3275 pro

1061 3282 1098 3308 sic
1118 3282 1174 3307 cod.
1195 3289 1224 3306 aa
1243 3282 1339 3314 primo.

1132 3326 1143 3341 Β
1161 3325 1210 3351 Ct'r.
1232 3333 1311 3357 supra
1331 3326 1357 3351 d.
1379 3327 1402 3351 2.
1424 3327 1485 3352 dub.
1506 3329 1529 3352 ⁴2.
1549 3331 1574 3352 ct
1593 3328 1616 3353 d.
1638 3329 1662 3353 7.
1683 3336 1704 3353 a.
1726 3329 1748 3354 3.
1769 3337 1793 3362 q.
1816 3331 1844 3362 3;
1866 3331 1891 3355 B.
1907 3331 2009 3364 Albert.‚

1063 3371 1102 3395 liic
1122 3377 1144 3394 a.
1170 3370 1193 3401 ¹3
1214 3370 1238 3394 S.
1260 3370 1362 3402 Tbom„
1382 3371 1422 3396 hic
1441 3372 1507 3396 circa
1528 3372 1561 3397 lit.
