2483 3882
696 247 789 280 DlST.
814 249 914 281 XXIV.
939 249 969 280 P.
994 249 1012 280 I.
1039 250 1175 283 DIVISIO
1201 251 1354 284 TEXTUS.

47 336 92 365 dis
113 333 190 364 enim
212 333 362 371 capitibus
392 333 435 362 eis
457 333 597 363 incedere
620 334 701 364 nefas
723 338 794 365 erat,
818 335 903 365 Unde
925 339 954 366 et
976 344 992 366 a

47 383 108 418 filo,
130 389 189 420 quo
212 381 388 416 utebantur,
408 380 549 419 flamines
575 381 647 411 dicti
669 386 753 418 sunt,
777 385 861 421 quasi
882 383 994 423 filami-

46 439 103 462 neS.
127 429 184 460 Sed
206 429 286 459 sestis
308 429 431 464 diebus,
465 429 513 459 fito
546 430 696 468 deposito,
726 431 839 468 pileum
862 432 992 471 impone-

46 479 115 509 bant
135 485 190 516 pro
213 477 372 507 sacerdotii
395 478 555 507 eminentia
572 490 598 506 ».

423 560 491 590 CAP.
513 560 613 590 XVIII.

445 640 488 669 De
508 644 582 670 vate.

126 731 138 744 «
158 719 241 748 Vates
264 726 280 748 a
303 718 330 747 vi
353 718 460 748 mentis
493 719 635 757 appellati
668 723 752 755 sunt,
775 720 862 750 cuius
884 721 992 759 signiti-

0 782 30 798 =us.
45 766 120 797 catio
142 765 298 804 multiplex
321 770 383 803 est;
400 766 489 796 modo
505 767 584 796 enim
600 766 800 802 sacerdotem,
817 768 905 798 modo
920 778 992 808 pro-

41 814 179 855 phetam,
201 814 290 844 modo
309 816 429 853 poetam
451 815 608 852 significat.

431 898 499 928 CAP.
521 898 597 929 XIX.

417 978 460 1007 Dc
482 981 610 1007 cantore.

122 1055 233 1085 Cantor
266 1064 336 1086 vero
373 1060 501 1086 vocatur
532 1057 582 1095 qui
613 1066 717 1087 vocem
753 1058 925 1088 modulatur
960 1059 988 1088 iu

44 1107 139 1134 cantu.
161 1104 255 1134 Huius
289 1108 357 1134 sunt
378 1105 438 1135 duo
460 1113 589 1143 genera:
608 1110 789 1145 praecentor
818 1110 847 1136 et
874 1115 990 1137 succen-

1941 257 2004 288 (307

1059 341 1116 371 lor,
1137 342 1327 377 praecentor,
1350 339 1400 377 qui
1435 347 1538 369 vocem
1569 341 1732 378 praemittit
1760 341 1787 370 in
1815 345 1924 379 cantu;
1946 351 2009 372 suc-

1058 390 1170 420 centor,
1187 387 1237 425 qui
1261 387 1480 426 subsequenter
1495 389 1630 418 catienslo
1653 390 1832 428 respondet3
1849 395 2008 421 concentor

1058 437 1157 463 autem
1182 435 1308 471 dicitur,
1331 437 1401 474 quia
1424 440 1576 468 consonat.
1599 436 1653 472 Qui
1676 442 1849 468 autemnon
1866 443 2009 469 consonat

1057 490 1112 511 nec
1134 482 1265 513 concinit
1287 488 1449 514 concentor
1472 494 1529 515 nou
1553 486 1608 515 erit
1623 499 1650 515 ».

1136 531 1187 560 His
1209 543 1220 557 «
1236 531 1367 562 breviter
1384 534 1533 568 tractatis,
1550 534 1730 564 admonendi
1749 538 1817 565 sunt
1832 535 1939 565 Christi
1957 536 2008 565 mi-
2022 548 2092 575 nugo,
2124 549 2132 556 ¹

1058 577 1155 613 nistri,
1178 582 1342 616 quatenus,
1371 581 1450 610 sicut
1472 581 1623 611 excellunt
1645 582 1759 612 ordinis
1785 583 1945 621 dignitate,
1968 584 2008 613 ita

1056 626 1241 662 praecellant
1263 628 1340 658 vitae
1363 630 1536 666 sanctitate,
1560 634 1589 659 ut
1614 631 1698 669 plebs
1721 632 1764 661 eis
1779 633 1939 662 commissa
1962 641 2008 662 eo-

1056 681 1184 711 rumque
1200 675 1368 714 disciplinis
1384 677 1489 707 edocta
1505 682 1657 715 gratanter
1668 680 1711 709 eis
1723 680 1844 710 obediat
1859 684 1887 710 et
1902 690 2007 711 eorum

1058 720 1222 751 imitatione
1249 723 1286 752 de
1311 724 1359 753 die
1383 725 1411 753 in
1434 725 1512 754 diem
1529 726 1667 764 proficiat
1681 740 1693 752 ι»
1707 727 1726 764 ¹,
1743 736 1758 757 a
1775 728 1885 766 quibus
1905 729 2007 759 divina

1057 768 1251 800 Sacramenta
1273 772 1446 810 percipiunt
1469 777 1497 803 et
1519 774 1675 804 Missurum
1705 776 1849 806 solemnia
1871 777 2005 807 audiunt.

1055 833 1094 838 —
1114 817 1210 848 Missa
1231 823 1330 849 autem
1354 821 1481 858 dicitur,
1505 822 1550 851 vel
1574 824 1643 861 quia
1665 823 1759 853 ‘missa
1774 829 1815 854 esc
1830 824 1939 860 hostia,
1956 834 2007 856 cu-

1055 864 1102 894 ius
1127 868 1373 898 commemoratio
1396 869 1428 898 tit
1451 870 1478 898 in
1503 870 1551 899 illo
1575 871 1689 907 officio,
1706 872 1784 902 unde
1806 873 1932 903 dicitur:
1949 874 2005 911 Ite,

1054 913 1141 943 Missa
1166 918 1225 952 est,
1249 916 1277 945 id
1301 920 1361 953 est,
1389 918 1548 956 sequimini
1582 919 1725 956 hostiam,
1749 929 1826 959 quae
1851 922 1939 951 missa
1963 925 2007 952 est

1055 962 1092 993 ad
1115 963 1271 999 caelestia,
1289 965 1444 995 tendentes
1467 971 1534 1004 post
1556 976 1640 1004 eam3
1665 969 1711 998 vel
1732 970 1802 1007 quia
1818 969 1929 1000 missus
1944 980 2007 1000 cac-

1056 1011 1137 1041 lescis
1158 1011 1240 1041 venit
1270 1013 1306 1042 ad
1331 1014 1569 1044 consecrandum
1592 1016 1776 1046 dominicum
1802 1026 1930 1056 corpus,
1952 1027 2007 1057 per

1054 1068 1143 1098 quem
1167 1060 1203 1089 ad
1227 1060 1320 1090 altare
1343 1061 1472 1091 caeleste
1495 1062 1627 1092 desei-tur
1650 1064 1762 1100 hostia,
1786 1066 1864 1095 unde
1887 1070 1914 1096 et
1935 1066 2007 1097 dici-

1055 1111 1118 1137 tur:
1140 1108 1229 1138 Missa
1252 1109 1326 1139 est2.

344 1300 839 1355 COMMENTARIUS
878 1302 948 1356 IN
985 1302 1479 1359 DISTINOTIONEM
1517 1306 1693 1361 XXIV.

958 1419 1038 1451 PAns
1063 1420 1083 1451 Ι.

418 1515 469 1552 De
499 1515 721 1553 Sacramento
751 1516 879 1554 ordinis
908 1517 1023 1567 quoad
1052 1530 1092 1555 ea
1121 1530 1209 1568 quae
1238 1519 1282 1556 ad
1310 1519 1394 1557 illud
1424 1520 1621 1571 disponunt.

462 1620 558 1653 Nunc
571 1622 617 1653 ad
629 1622 923 1655 considerationem
935 1633 1055 1656 sacrae
1068 1625 1290 1657 ordinationis
1304 1626 1502 1658 accedamus
1516 1631 1573 1659 etc.

859 1739 997 1772 DIVISIO
1023 1740 1177 1772 TEXTUS.

120 1848 199 1881 Haec
223 1851 270 1881 est
293 1852 383 1881 sexta
406 1858 497 1890 pars,
522 1849 553 1880 in
589 1859 651 1890 qua
686 1849 725 1882 de
760 1854 850 1882 sexto
879 1850 983 1883 Sacra-

38 1905 137 1934 mento
160 1901 231 1943 agit.
257 1901 361 1933 Posset
385 1905 489 1933 tamen
514 1902 611 1934 (lividi
643 1906 751 1934 contra
776 1906 871 1935 totam
896 1912 984 1945 prae-

37 1955 204 1987 cedentem.
229 1954 260 1986 In
285 1954 546 1996 praecedentibus
563 1955 646 1987 enim
671 1955 733 1996 egit
750 1956 788 1988 de
805 1956 983 1989 Sacramen-

37 2007 89 2046 tis,
120 2016 199 2049 quae
235 2007 406 2048 respiciunt
442 2008 681 2039 determinatam
718 2017 894 2050 personam.
930 2010 983 2042 llic

37 2060 96 2102 agit
120 2060 158 2092 de
182 2060 231 2092 his
255 2069 335 2102 quae
371 2060 542 2101 respiciunt
578 2061 813 2093 multitudinem
842 2062 984 2094 ecclesia-

36 2113 157 2152 sticam,
173 2117 203 2145 et
220 2113 322 2154 primo
339 2113 377 2145 de
394 2113 521 2152 ordine,
539 2114 677 2145 secundo
695 2113 733 2146 de
752 2115 949 2146 matrimonio
964 2115 981 2146 ¹.

38 2166 309 2208 Qualitercumque
327 2166 487 2199 dividatur
501 2170 530 2198 et
543 2167 707 2199 ordinetur
725 2167 886 2208 praedicta
898 2177 981 2209 pars,

36 2219 107 2258 ista,
124 2219 154 2251 in
178 2229 240 2261 qua
263 2219 326 2260 agit
351 2220 389 2251 de
413 2220 533 2252 ordinis
549 2220 763 2258 Sacramento,
781 2220 861 2253 duas
878 2220 981 2252 habet.

37 2271 68 2303 ln
90 2271 190 2313 prima
221 2272 303 2304 enim
336 2272 524 2304 determinat
559 2272 597 2304 de
622 2272 689 2314 ipso
714 2273 923 2305 Sacramento.
948 2274 981 2306 In

33 2325 168 2357 secunda
201 2325 240 2357 de
276 2325 506 2367 dispensatione
538 2326 634 2357 huius
665 2326 870 2365 Sacramenti,
896 2326 980 2359 ibi²z

36 2376 117 2409 Solet
138 2378 257 2420 quaeri
264 2404 273 2416 ,
298 2378 329 2410 sz·
353 2377 509 2410 haeretici
532 2378 573 2410 ab
599 2378 745 2411 Ecclesia
758 2379 907 2420 praecisi
923 2383 980 2412 etc.

1137 1852 1239 1883 Prima
1262 1861 1336 1893 pars
1361 1853 1440 1885 duas
1465 1853 1568 1886 habet.
1585 1855 1617 1886 ln
1640 1855 1742 1896 prima
1759 1855 1947 1888 determinat
1965 1857 2003 1889 de

1048 1904 1097 1937 his
1121 1914 1201 1946 quae
1226 1905 1397 1946 disponunt
1432 1906 1469 1938 ad
1501 1907 1659 1946 ordinem,
1684 1908 1802 1940 scilicet
1834 1909 1915 1941 bona
1939 1910 2003 1941 vita

1048 1961 1077 1990 et
1102 1962 1240 1990 tonsura.
1258 1959 1290 1990 lu
1308 1959 1446 1991 secunda.
1463 1959 1502 1992 de
1526 1960 1601 2001 ipsis
1618 1961 1801 2001 ordinibus,
1821 1962 1878 1994 ibi:
1900 1963 2004 1995 Ostia-

1047 2011 1095 2043 rii
1114 2011 1211 2043 iidem
1236 2016 1265 2044 ct
1288 2012 1447 2044 ianitores
1463 2017 1549 2045 stim.
1568 2014 1671 2046 Prima
1695 2024 1769 2056 pars
1793 2015 1945 2048 dividitur
1971 2017 2002 2048 in

1047 2064 1135 2096 duas.
1160 2064 1191 2096 In
1218 2065 1319 2106 prima
1342 2066 1494 2105 ostendit,
1519 2066 1604 2108 quod
1629 2076 1701 2099 cum
1726 2071 1846 2109 septem
1872 2069 1932 2101 sint
1956 2078 2002 2101 or-

1047 2117 1152 2155 dines,
1178 2121 1306 2159 propter
1336 2118 1571 2160 significandam
1597 2120 1714 2152 scilicet
1744 2121 1877 2161 gratiam
1910 2122 2001 2164 septi-

1046 2169 1197 2207 formem,
1222 2170 1307 2211 quod
1323 2179 1415 2202 nemo
1440 2171 1532 2212 digne
1557 2172 1668 2213 accipit
1693 2173 1836 2212 ordines,
1861 2174 1914 2215 qui
1940 2184 2001 2206 non

1045 2225 1091 2253 est
1116 2222 1146 2253 in
1171 2223 1289 2263 gratia3
1314 2227 1344 2255 et
1368 2224 1445 2256 haec
1469 2228 1515 2256 est
1548 2224 1710 2266 dispositio
1735 2226 1873 2258 interior.
1900 2226 1931 2258 In
1957 2235 2001 2258 se-

1046 2274 1149 2306 cunda
1184 2284 1260 2307 vero
1296 2275 1485 2308 determinat
1521 2277 1560 2308 de
1596 2277 1798 2318 dispositione
1834 2279 1999 2318 exteriori,

1046 2336 1126 2368 quae
1162 2327 1288 2369 quidem
1322 2331 1369 2360 est
1401 2332 1548 2367 tonsura,
1574 2329 1634 2361 ibi:
1663 2330 1700 2361 1η
1725 2329 1783 2362 1100
1815 2330 1919 2373 {qitzar
1943 2331 2001 2363 Sa-

1046 2384 1212 2412 cramento
1236 2379 1440 2422 septiformis
1464 2384 1520 2414 etc.

760 2517 969 2549 TRACTATIO
997 2518 1270 2558 QUAESTIONUM.

119 2649 161 2681 Ad
201 2649 437 2691 intelligentiam
477 2649 572 2681 huius
607 2650 705 2691 partis
740 2650 904 2691 quaeritur
940 2650 978 2682 de

34 2701 141 2733 ordine
175 2702 206 2733 in
238 2702 393 2743 generali,
418 2702 456 2734 de
481 2712 543 2744 quo
575 2702 750 2734 secundum
788 2703 868 2741 duo,
898 2712 978 2744 quae

35 2753 65 2784 in
98 2754 223 2787 littera³
253 2755 517 2794 determinantur,
546 2755 609 2787 duo
645 2755 860 2796 principaliter
888 2764 980 2797 quae-

36 2810 155 2839 runtur.

120 2860 220 2893 Primo
244 2862 408 2903 quaeritur
433 2862 471 2894 de
495 2862 614 2894 ordinis
639 2861 808 2903 signaculo.

120 2913 261 2946 Secundo
285 2915 448 2956 quaeritur
474 2915 512 2946 de
537 2915 656 2946 ordinis
681 2915 890 2947 Sacramento.

121 2965 154 2997 Et
177 2975 249 2997 cum
273 2966 392 2998 ordinis
416 2966 611 3008 signaculum
638 2967 677 2999 sit
706 2970 835 2999 tonsura
860 2967 909 2999 vel
933 2976 980 2999 co-

35 3024 126 3056 rona,
150 3018 231 3050 circa
255 3019 313 3051 hoc
337 3023 472 3061 quatuor
497 3023 704 3061 quaeruntur.

1133 2650 1235 2682 Primo
1260 2651 1433 2692 quaeritur,
1460 2655 1566 2683 utrum
1601 2652 1767 2684 ordinandi
1793 2653 1926 2686 debeant
1950 2664 1997 2687 co-

1045 2703 1147 2734 ronari
1174 2704 1222 2735 vel
1248 2704 1416 2736 tonsurari.

1132 2756 1292 2795 Secundo,
1317 2757 1389 2788 dato
1413 2758 1497 2799 quod
1523 2758 1582 2796 sic,
1608 2758 1780 2799 quaeritur,
1814 2762 1922 2791 utrum
1948 2769 1994 2792 co-

1044 2817 1120 2840 rona
1145 2808 1197 2840 illa
1221 2809 1260 2841 sit
1284 2810 1531 2842 Sacramentum.

1132 2861 1249 2900 Tertio,
1273 2865 1380 2894 utrum
1408 2863 1437 2894 in
1463 2863 1660 2905 susceptione
1677 2872 1809 2897 coronae
1831 2865 1883 2897 fiat
1907 2865 1995 2898 abre-

1043 2914 1196 2946 nuntiatio
1223 2915 1452 2956 temporalium.

1132 2968 1264 3008 Quarto,
1281 2972 1390 3000 utrum
1409 2969 1541 3001 Ecclesia
1564 2969 1678 3002 talibus
1695 2974 1839 3003 teneatur
1862 2972 1901 3003 ad
1919 2975 1994 3004 tem-

1043 3020 1150 3061 porale
1175 3021 1362 3053 subsidium.

105 3194 113 3210 ¹
132 3195 211 3228 Hug.‚
231 3197 277 3222 loc.
298 3197 338 3222 cit.
358 3204 379 3222 c.
404 3198 441 3222 12.

103 3238 113 3255 ²
131 3238 182 3265 Cfr.
203 3247 280 3272 supra
302 3241 326 3265 d.
346 3241 408 3266 Xlll.
429 3248 450 3266 c.
471 3241 495 3266 l.
517 3242 583 3266 cirea
603 3241 672 3266 med.

273 3284 380 3310 NOTAE
399 3284 441 3310 Ab
460 3284 736 3310 GOMMENTARIUM.

104 3326 112 3342 ¹
132 3325 182 3352 cfr.
201 3335 278 3360 supra
298 3329 323 3354 (l.
344 3330 367 3353 2.
388 3329 449 3354 dub.
476 3329 499 3354 fl.
521 3332 545 3353 et
573 3328 597 3353 d.
628 3329 670 3354 23.
693 3328 754 3354 dub.
778 3329 799 3354 l.
820 3343 854 3346 —
872 3329 979 3355 Inferius

34 3375 81 3400 pro
99 3369 127 3395 in
145 3377 197 3404 qua
216 3372 272 3397 cod.
292 3373 312 3397 G
331 3380 408 3406 quae.

1110 3199 1120 3214 ‘2
1141 3198 1184 3223 Ed.
1211 3199 1215 3222 Ι
1240 3197 1313 3230 iufra
1333 3198 1390 3224 (list.
1411 3197 1460 3225 25.
1476 3213 1509 3216 —
1522 3199 1647 3230 Superius
1667 3207 1714 3231 pro
1728 3200 1797 3226 enim
1811 3201 1898 3232 plures
1912 3202 1990 3228 codd.

1041 3243 1153 3268 tantum.

1112 3286 1122 3302 3
1141 3286 1191 3311 Ctr.
1211 3285 1302 3312 divisio
1324 3288 1418 3312 teocius.
1432 3300 1467 3305 —
1480 3287 1586 3313 Interius
1605 3295 1652 3320 pro
1671 3288 1713 3314 vel
1729 3295 1829 3315 corona
1852 3289 1910 3315 edd.
1930 3297 1992 3316 cum

1042 3331 1138 3362 aliquot
1158 3330 1232 3355 codd.
1252 3337 1313 3356 cum
1333 3337 1442 3356 corona..
