2483 3882
449 265 511 296 798

447 351 555 383 liceret
579 350 716 382 maxime
742 349 814 381 tali:
847 357 921 388 ergo
946 348 971 379 si
1004 347 1078 379 huic
1102 356 1162 378 non
1187 347 1276 385 licet,
1300 346 1400 378 multo

447 403 551 435 minus
575 411 631 434 nec
655 401 759 433 alicui.

536 455 678 487 CONTRA:
705 455 734 484 1.
767 453 796 484 Si
821 452 969 493 promitto
1005 452 1057 483 tibi
1084 452 1160 484 dare
1196 455 1340 489 centum,
1373 451 1398 482 si

287 507 591 542 Fundamenta.absolvas
614 514 679 543 me,
696 514 766 537 sum
792 504 956 536 absolutus
977 513 1034 536 nec
1055 503 1197 546 periuro,
1215 504 1240 536 si
1266 512 1327 535 non
1344 503 1398 535 do:

446 568 520 600 ergo
544 558 611 599 pari
638 558 757 589 ratione
782 557 813 588 in
837 557 1006 598 proposito.

534 612 563 642 Ξ.
589 610 681 648 item,
713 610 738 641 si
771 611 834 641 [luo
867 609 972 641 iurent
996 609 1091 641 simul
1122 609 1168 641 ire
1204 609 1332 640 Romam
1370 612 1400 641 et

445 666 514 703 post
531 661 709 702 poeniteant
727 664 756 692 et
774 664 885 692 mutuo
902 669 935 692 se
951 660 1133 698 absolvant,
1159 659 1294 692 absoluti
1312 663 1398 692 sunt:

445 723 520 755 ergo
542 718 598 746 etc.

534 767 703 807 Quaeritur
728 767 833 807 igitur,
859 766 995 808 qualiter
1027 766 1185 808 sponsalia
1217 766 1401 798 contrahan-

298 824 508 864 Quaesuonestur,
532 823 562 851 et
594 819 710 861 quibus
742 819 844 851 modis
868 819 1042 859 solvantur,
1067 823 1097 852 et
1129 818 1234 858 tertio,
1259 819 1330 860 quis
1362 818 1402 850 sit

286 861 298 881 3
309 860 434 881 incidentes.

445 872 575 904 effeetus
600 872 804 913 sponsalium.

803 1004 1041 1027 ‹zothusm

447 1116 625 1159 Sponsum
659 1117 758 1148 etium
784 1116 900 1148 t'ztratct
935 1116 1048 1148 multis
1079 1116 1186 1148 modis
1217 1116 1301 1148 solui
1330 1126 1402 1158 pos-

534 1174 627 1208 sunt,
653 1174 682 1202 εἰ
705 1170 804 1202 ettam
827 1174 942 1201 n‘zittuo
960 1174 988 1201 et
1012 1169 1201 1202 voluntario
1226 1179 1401 1208 consen-stt,

535 1223 703 1255 accedente
728 1232 834 1255 causet
859 1222 1064 1254 rationabili.

534 1347 736 1378 RESPONDEO:
770 1346 963 1385 Dicendum,
995 1346 1078 1387 quod
1105 1345 1262 1387 sponsalia
1293 1346 1402 1379 multis

286 1414 429 1436 Condusjoi.
445 1399 547 1431 modis
571 1398 655 1430 solvi
677 1402 823 1440 possunt,
849 1398 929 1430 sicut
954 1399 1015 1430 iam
1041 1398 1173 1439 patebit3
1197 1401 1227 1430 et
1250 1407 1335 1430 unus
1359 1398 1402 1430 in-

444 1455 492 1484 ter
518 1452 587 1484 illos
611 1451 721 1484 modos
745 1455 809 1489 est,
834 1451 962 1493 quando
986 1454 1098 1483 mutuo
1122 1460 1155 1483 se
1179 1451 1356 1484 absolvunt.

533 1504 577 1536 De
601 1504 660 1536 isto
676 1507 783 1536 autem
800 1504 894 1536 modo
918 1503 1027 1536 dicunt
1050 1503 1164 1545 aliqui,
1183 1507 1218 1535 ut
1235 1503 1369 1545 Hugutio
1383 1503 1401 1542 ¹,

310 1557 528 1598 Defflmffiquod
554 1557 667 1589 modus
692 1557 750 1589 iste
774 1566 835 1589 non
860 1560 907 1589 est
932 1556 1061 1595 licitus,
1086 1557 1161 1598 quia
1184 1565 1246 1589 non
1276 1556 1311 1589 fit
1335 1557 1401 1589 sine

323 1599 394 1626 opinio

318 1889 395 1916 Opinio

409 1599 429 1620 ¹⁴
443 1612 570 1651 peccato
594 1612 723 1651 propter
740 1609 834 1642 fidem
860 1609 1048 1648 iuramenti3
1065 1609 1121 1641 sed
1145 1609 1248 1642 solum
1266 1612 1313 1642 est
1331 1619 1400 1651 per-

443 1662 586 1700 missus,
611 1662 685 1704 quia
709 1666 814 1694 coacta
839 1662 984 1703 coniugia
1007 1661 1107 1693 malos
1132 1661 1249 1694 habent
1273 1662 1400 1701 exitus3

444 1718 475 1747 et
509 1715 568 1747 hoc
604 1715 678 1747 (licit
713 1718 842 1757 propter
879 1714 959 1747 illud
988 1714 1074 1756 quod
1110 1714 1185 1747 dicit
1220 1714 1401 1754 decretalis,

451 1767 563 1808 «quod
588 1770 689 1808 potest
712 1767 743 1798 in
768 1767 918 1808 patientia
942 1766 1119 1798 tolerari».

533 1819 590 1850 Alii
622 1819 747 1857 dicunt,
784 1820 868 1860 quod
905 1828 977 1852 cum
1013 1819 1229 1852 iuramentum
1254 1819 1402 1861 obligato-

409 1889 429 1911 2,
444 1871 530 1904 rium
554 1880 717 1913 nunquam
741 1872 859 1913 obliget
883 1872 941 1904 nisi
966 1872 1006 1904 acl
1032 1872 1226 1905 voluntatem
1251 1872 1319 1905 eius
1351 1874 1401 1905 cui

444 1924 496 1963 fit,
520 1924 661 1963 videtur,
691 1925 776 1966 quod
800 1925 840 1957 ad
872 1925 972 1958 instar
996 1925 1123 1957 illorum
1157 1925 1210 1967 qui
1236 1925 1341 1957 iurant
1365 1926 1402 1958 si-

444 1977 511 2009 mul
536 1977 581 2009 ire
605 1977 645 2009 ad
670 1977 808 2019 aliquem
835 1978 938 2010 locum
955 1997 998 2001 —-
1014 1978 1094 2010 sicut
1117 1978 1184 2019 ipsa
1206 1978 1372 2010 decretalis
1390 1978 1400 1993 2

445 2030 520 2062 dicit
536 2049 579 2053 —
596 2030 681 2072 quod
704 2034 814 2062 mutuo
836 2039 869 2063 se
893 2035 1025 2072 possunt
1049 2030 1231 2069 absolvere3
1249 2034 1279 2063 et
1303 2031 1328 2063 si
1353 2040 1402 2063 ve-

444 2083 509 2115 niat
533 2092 574 2116 ex
599 2092 693 2116 causa
717 2084 823 2125 aliquo
849 2084 941 2116 inodo
970 2083 1167 2122 rationabili,
1199 2084 1308 2116 dicunt
1332 2093 1401 2116 esse

444 2136 580 2175 licitum,
598 2136 669 2169 licet
693 2137 732 2169 sit
749 2137 880 2169 minoris
905 2137 1122 2178 perfectionis,
1141 2137 1221 2169 sicut
1246 2141 1335 2169 sonat
1352 2138 1402 2170 de-

286 2188 589 2227 Conclusi02.(31'ss[stlisi
621 2189 752 2221 ethaeo
783 2189 895 2230 positio
920 2189 1046 2221 videtur
1079 2190 1178 2231 magis
1212 2189 1401 2231 probabilis,

445 2241 599 2282 quidquid
625 2241 707 2273 (licat
730 2243 906 2283 Apparatus
921 2241 942 2273 ³.

538 2295 562 2325 l.
587 2294 630 2326 Ad
655 2294 733 2326 illud
759 2295 842 2336 quotl
876 2294 1022 2327 obiicitur
1047 2295 1086 2326 cle
1119 2295 1333 2333 matrimonio,
1359 2295 1402 2326 (11·

1209 259 1493 291 SENTENTIARUM
1517 259 1584 291 Ltss.
1609 259 1656 291 IV.

1465 346 1622 385 cendum,
1658 347 1743 387 quod
1782 355 1843 378 non
1879 350 1926 379 est
1961 347 2062 379 simile
2097 350 2226 388 propter
2266 347 2417 388 signitica-
2443 358 2483 389 sui

1465 399 1591 430 tionem.
2432 387 2483 412 ”⁰⁵¹¹

1554 452 1582 482 2.
1609 450 1652 482 Act
1682 450 1761 482 illud
1793 450 1878 491 quod
1906 450 2053 482 obiicitur
2085 451 2124 483 de
2159 451 2350 490 iuramento,
2376 451 2419 483 (11-

1464 503 1617 541 cendum,
1642 503 1726 544 quod
1752 512 1813 534 non
1838 503 1955 544 obligat
1978 503 2036 535 nisi
2061 503 2121 535 sub
2145 503 2332 536 conditione.

1552 555 1595 587 Ad
1624 555 1703 587 illud
1727 555 1813 597 quod
1841 556 2016 597 quaeritur,
2045 556 2202 597 quomodo
2223 555 2420 588 contrahan-
2442 570 2474 591 Aa

1465 613 1540 646 mr,-
1565 608 1752 647 dicendum,
1777 609 1861 650 quod
1885 612 2022 650 quatuor
2048 609 2161 641 modis:
2187 609 2321 650 simplici
2350 602 2483 650 pro-iffi*

1466 661 1629 699 missione,
1651 661 1723 693 fidei
1749 661 1874 693 (latione
1891 662 1957 694 sive
1983 661 2150 693 iuramenti
2168 649 2483 703 111113111051110116,ΜΕ

1465 713 1546 745 datis
1569 713 1674 745 arrhis
1699 713 1906 754 sponsalitiis,
1931 713 2016 745 anuli
2042 713 2285 746 subarrhatione
2300 713 2319 745 ⁴.

1553 767 1597 798 Act
1622 766 1698 798 illud
1725 767 1809 808 quod
1828 767 2010 808 quaeritur,
2036 767 2152 808 quibus
2170 767 2270 799 modis
2293 766 2419 799 solvan·
2458 780 2483 801 Α(

1466 823 1546 856 tum
1570 819 1757 857 dicendum,
1786 819 1870 860 quod
1896 819 1925 850 in
1950 823 2019 851 octo
2043 819 2177 851 casibus.
2208 819 2330 852 Primus
2354 806 2483 858 631,ἓῶἳῖ

1466 874 1538 903 voto
1562 870 1693 903 solemni
1711 871 1967 912 superveniente,
1985 875 2061 912 puta
2085 871 2110 903 si
2127 870 2207 903 alter
2232 880 2419 912 sponsorum

1466 923 1594 955 intravit
1615 923 1798 964 religionem
1811 923 1830 953 ⁵.
1845 942 1887 946 —
1904 923 2083 962 Secundus,
2101 923 2342 964 superveniente
2359 932 2422 955 ma-

1466 976 1626 1013 trimonio,
1652 979 1729 1017 puta
1761 976 1785 1008 si
1811 976 1975 1008 contrahat
2004 985 2078 1008 cum
2109 976 2216 1018 aliqua
2244 985 2300 1017 per
2326 977 2421 1008 verba

1466 1028 1505 1060 de
1522 1028 1678 1070 praesenti
1696 1034 1766 1069 post
1783 1028 1948 1070 sponsalia.
1963 1047 2006 1051 —
2020 1029 2158 1066 Tertius,
2179 1030 2421 1071 superveniente

1466 1080 1633 1119 affinitate,
1660 1085 1735 1122 puta
1759 1082 1785 1113 si
1810 1082 1954 1123 cognovit
1982 1081 2247 1123 consanguineam
2271 1082 2420 1123 sponsae,

1466 1137 1496 1166 et
1520 1134 1579 1165 hoc
1596 1133 1677 1166 sacto
1695 1133 1743 1166 vel
1768 1134 1850 1166 fama
1868 1134 1994 1175 probari
2020 1138 2129 1175 potest.
2143 1153 2187 1157 -
2203 1135 2355 1175 Quartus,
2373 1143 2423 1167 su-

1466 1186 1669 1228 perveniente
1701 1186 1867 1218 incurabili
1893 1186 2092 1226 infirmitate,
2125 1190 2200 1228 puta
2233 1187 2337 1228 lepra,
2372 1186 2421 1219 vel

1466 1238 1662 1271 mutilatione
1687 1239 1821 1271 alicuius
1847 1239 1991 1271 membri.
2015 1258 2059 1262 ——
2083 1240 2233 1280 Quintus,
2258 1239 2357 1271 altero
2388 1248 2422 1272 se

1466 1291 1663 1329 absentante,
1689 1295 1764 1333 puta
1780 1300 1851 1323 cum
1879 1291 1964 1323 vadit
1989 1291 2019 1322 in
2037 1291 2196 1332 regionem
2219 1291 2421 1333 longinquam

1466 1343 1533 1375 sine
1558 1343 1691 1376 licentia.
1708 1362 1751 1366 —
1768 1344 1899 1382 Sextus,
1923 1343 2021 1376 altero
2046 1344 2234 1382 fornicante,
2258 1348 2332 1385 puta
2349 1353 2421 1376 cum

1466 1396 1545 1428 alter
1570 1396 1727 1437 cognoscit
1750 1396 1883 1429 alteram
1908 1405 2003 1438 quam
2029 1405 2176 1437 sponsam
2201 1405 2301 1429 suam.
2316 1415 2359 1420 —-
2375 1398 2423 1429 Se-

1465 1449 1602 1490 ptimus,
1628 1453 1763 1490 utroque
1792 1449 1930 1488 volente,
1962 1453 2038 1491 puta
2067 1458 2139 1481 cum
2171 1450 2264 1481 ambo
2298 1458 2424 1482 consen-

1466 1501 1556 1533 tiunt.
1574 1520 1617 1524 —
1639 1501 1777 1533 Octavus
1801 1505 1865 1540 est,
1891 1502 2012 1533 minore
2036 1505 2178 1543 petente,
2204 1505 2280 1543 puta
2304 1502 2329 1534 si
2354 1511 2423 1534 con-

1466 1558 1566 1586 tracta
1590 1558 1664 1587 sunt
1688 1554 1846 1596 sponsalia
1864 1555 1944 1587 inter
1968 1554 2091 1596 aliquos
2109 1555 2203 1594 duos,
2228 1564 2365 1597 quorum
2382 1555 2423 1587 al-

1466 1611 1514 1639 ter
1538 1611 1585 1639 est
1609 1608 1639 1639 in
1665 1611 1766 1640 aetate
1790 1607 1914 1647 debita,
1938 1607 2017 1640 alter
2043 1611 2090 1640 est
2113 1608 2226 1640 minor.

1556 1660 1667 1693 Primis
1691 1660 1817 1693 duobus
1841 1661 1944 1693 modis
1975 1661 2144 1693 solvuntur
2173 1661 2329 1703 sponsalia
2354 1661 2421 1703 ipso
2437 1674 2483 1696 Nou

1465 1714 1563 1752 fact0,
1588 1713 1658 1745 aliis
1681 1722 1738 1755 per
1763 1713 1916 1746 iudicium
1942 1713 2105 1746 Ecclesiae.

1554 1766 1599 1798 Ad
1622 1766 1702 1798 illud
1731 1766 1816 1808 quod
1848 1767 2032 1808 quaeritur,
2060 1767 2132 1808 quis
2156 1766 2195 1799 sit
2226 1766 2420 1808 sponsalium
2434 1780 2468 1813 Aa

1465 1818 1614 1862 effecttts;
1638 1819 1823 1858 dicendum,
1848 1820 1932 1861 quod
1958 1819 2096 1862 duplex:
2122 1828 2206 1852 unus
2223 1819 2420 1861 obligationis
2441 1806 2483 1860 {3⁴ss}

1465 1872 1505 1905 ad
1539 1872 1793 1910 matrimonium,
1818 1872 1858 1904 acl
1894 1871 1979 1914 quod
2007 1872 2227 1913 astringuntur
2260 1881 2317 1914 per
2352 1881 2421 1913 pro-

1465 1925 1665 1964 missionem,
1691 1934 1771 1966 quae
1795 1928 1842 1957 est
1866 1925 1897 1956 in
1921 1925 2121 1966 sponsalibus
2137 1944 2181 1949 —
2205 1925 2289 1957 unde
2314 1925 2420 1958 dicun-

1468 1983 1518 2010 tur
1542 1988 1560 2010 a
1583 1978 1743 2020 spondeo,
1767 1978 1929 2019 spoizsles0'
1947 1978 2090 2010 —unde
2115 1978 2323 2020 compellendi
2348 1981 2422 2010 sunt

1465 2032 1505 2063 ad
1542 2031 1778 2063 matrimonium
1809 2031 2078 2069 contrabendum,
2112 2031 2169 2063 nisi
2207 2031 2355 2063 timeatur
2383 2032 2422 2064 de

1466 2083 1662 2121 uxoricitlio,
1686 2083 1737 2115 vel
1753 2083 1867 2124 aliquis
1892 2083 2048 2115 dictorum
2066 2091 2199 2115 casuum
2223 2083 2420 2116 interveniat.

1465 2155 1509 2160 —
1537 2136 1621 2168 Alius
1657 2136 1787 2168 effectus
1822 2139 1869 2168 est
1900 2136 2045 2177 publicae
2081 2136 2253 2168 honestatis
2286 2136 2420 2175 iustitia,

1465 2198 1546 2231 quae
1570 2192 1631 2227 est,
1660 2189 1745 2230 quod
1770 2188 1877 2220 nullus
1902 2189 2207 2230 consanguineorum
2233 2189 2421 2231 propinquo-

1466 2250 1537 2274 rum
1572 2242 1677 2282 sponsi
1708 2245 1809 2283 potest
1841 2241 2027 2273 contrahere
2059 2250 2131 2273 cum
2162 2250 2290 2283 sponsa,
2322 2242 2371 2274 vel
2404 2251 2421 2274 e

1466 2303 1619 2327 converso
1631 2295 1652 2325 ⁷.

516 2597 522 2612 ¹
545 2596 641 2623 Glosset
661 2598 684 2622 in
706 2598 909 2629 praeallegatum
936 2597 961 2622 (Σ.
982 2598 1125 2624 Praeterea
1150 2598 1179 2624 1ιί
1198 2599 1268 2630 (vide
1295 2599 1401 2630 penulti-

444 2648 513 2666 mam
541 2642 637 2673 notam)
659 2642 691 2666 asl
718 2641 796 2667 verba
824 2641 851 2667 in
876 2641 1004 2675 patientia
1031 2641 1143 2668 tolerari
1168 2643 1242 2668 dicit:
1262 2644 1316 2668 Hoc
1342 2643 1400 2668 idco

445 2684 519 2716 dicit,
542 2685 601 2716 quia
622 2692 652 2709 cx
673 2692 725 2717 quo
746 2692 795 2710 non
820 2688 858 2710 est
883 2692 1035 2717 processum
1055 2686 1088 2710 ad
1108 2687 1317 2719 matrimonium,
1340 2693 1401 2711 con-

444 2729 520 2753 traria
545 2729 677 2754 voluntate
702 2729 852 2761 accedente,
879 2733 987 2760 possunt
1012 2737 1039 2754 se
1065 2730 1176 2755 invicem
1202 2730 1352 2762 absolvere,
1374 2734 1401 2755 111

443 2771 560 2803 ’videtum
575 2773 634 2804 quia
652 2782 663 2795 (ι
678 2773 761 2797 omnis
775 2780 829 2804 res,
845 2780 891 2803 por
907 2780 1087 2805 quascumque
1107 2780 1199 2798 causas
1219 2775 1332 2799 nascitur
1351 2777 1399 2799 etc.

444 2814 502 2848 [cfr.
522 2822 602 2846 supra
622 2811 766 2847 pag.'682‚
788 2819 846 2841 nota
872 2815 934 2850 t.]...
956 2817 1023 2841 Haec
1043 2817 1089 2842 suit
1109 2818 1196 2848 opinio
1217 2818 1296 2843 Tanc.
1318 2818 1401 2842 dicen-

443 2860 488 2890 tis,
502 2860 572 2892 quod
592 2861 655 2885 hacc
675 2860 810 2885 decretalis
830 2860 976 2885 continebat
990 2862 1029 2885 ius
1043 2868 1190 2886 commune.
1205 2861 1274 2895 [Inq-
1290 2861 1399 2892 (licebat,

443 2907 468 2928 et
480 2903 559 2935 bene⁷
576 2904 647 2936 quotl
667 2905 779 2936 loquitur
794 2904 825 2929 de
839 2905 1023 2937 comparativa
1035 2905 1234 2937 permissione...
1249 2910 1273 2930 ct
1286 2906 1400 2938 loquitur

443 2946 634 2980 cle'spensutz'oa;
654 2950 678 2972 et
702 2949 750 2972 boc
776 2951 864 2979 aperte
890 2948 1003 2974 indicant
1021 2949 1068 2973 ista
1094 2949 1192 2974 verba:
1214 2959 1225 2971 «
1241 2950 1293 2975 [loc
1319 2951 1399 2981 possit

443 2992 467 3016 in
488 2993 608 3023 patientia
636 2992 774 3023 tolerari»,
795 3000 826 3017 ne
850 2992 963 3017 (leterius
988 2992 1049 3017 inde
1074 2994 1211 3024 contingat.
1232 2993 1295 3018 Nam
1318 2994 1397 3018 multa

443 3042 489 3067 per
515 3036 663 3066 patientiam
691 3036 829 3061 toleramus
855 3039 903 3061 etc.
925 3050 958 3053 ——
979 3036 1012 3060 De
1042 3037 1181 3068 sententia,
1209 3036 1280 3068 quod
1306 3037 1398 3062 coactu

443 3078 567 3112 conlitssz'a
592 3078 679 3105 titulos
705 3078 803 3105 liabent
819 3079 921 3110 eoeitns,
942 3080 1002 3104 vide
1022 3087 1100 3111 supra
1127 3087 1186 3111 pag.
1206 3080 1272 3111 700,
1295 3084 1352 3105 nota
1374 3081 1397 3105 3.

513 3122 523 3139 2
542 3123 567 3147 In
588 3124 643 3154 ipsa
663 3122 817 3154 (Praetereo
837 3123 873 3155 Ιιιῗ)
894 3124 1001 3149 dicitur:
1016 3124 1091 3156 Quod
1105 3124 1137 3149 acl
1152 3125 1230 3149 instar
1246 3131 1337 3149 eorum
1353 3125 1397 3156 qui

443 3168 590 3192 sociotatem
610 3168 803 3198 interpositione
823 3168 881 3192 nuci
903 3169 1056 3193 contrahunt
1072 3172 1096 3193 ot
1111 3172 1198 3199 postca
1219 3168 1328 3193 candem
1348 3168 1397 3193 sibi

442 3212 582 3236 remittunt.

512 3254 523 3270 3
543 3255 580 3279 Du
600 3254 700 3287 Gange,
721 3255 881 3280 Glossarium
901 3259 965 3281 eto:
980 3257 1149 3289 Apparatus,
1166 3258 1198 3282 ita
1218 3256 1345 3288 appellata
1359 3260 1397 3282 cst

445 3298 540 3323 Glossa
565 3299 679 3323 Accursii
705 3299 738 3324 ad
764 3300 898 3331 Digestum
923 3304 948 3325 et
972 3299 1094 3325 Codicem
1121 3301 1287 3332 [iustiniani];
1308 3301 1353 3326 sed
1373 3304 1397 3326 et

445 3341 530 3372 quivis
549 3343 749 3367 commentarius
769 3342 832 3375 [boc
851 3344 919 3369 loco:
944 3343 1039 3370 Glossst
1059 3345 1082 3368 in
1103 3344 1130 3369 C.
1151 3344 1293 3370 Praeterea
1312 3343 1359 3375 ltt'].

517 3383 525 3399 ⁴¹
544 3383 593 3409 Ct‘r.
614 3385 640 3410 C.
661 3384 798 3411 ,Vasti-ates
819 3388 881 3419 (3.)‚
900 3387 925 3412 C.
947 3388 987 3413 30.
1008 3395 1032 3420 q.
1054 3388 1083 3420 5,
1105 3388 1149 3413 ubi
1168 3389 1245 3413 ctiam
1265 3388 1395 3420 spon÷ana

1466 2598 1630 2629 definiuntur,
1651 2598 1722 2630 quod
1745 2599 1913 2623 «suturartun
1934 2601 1993 2623 sunt
2012 2599 2161 2630 nuptiarum
2185 2599 2312 2629 promissa
2332 2597 2419 2630 (aliasz

1466 2643 1614 2674 promissio)
1627 2652 1650 2666 ι).

1536 2687 1546 2701 ⁵
1567 2686 1631 2717 Quia
1658 2687 1691 2711 ita
1720 2686 1829 2711 solvitur
1848 2686 2042 2710 matrimonium
2063 2688 2147 2710 ratum
2176 2693 2220 2710 seu
2242 2686 2371 2717 sponsalia
2389 2685 2420 2711 de

1463 2729 1617 2763 praesenti,-
1631 2730 1675 2754 ct'r.
1696 2737 1776 2761 supra
1796 2730 1820 2755 d.
1842 2730 1882 2754 27.
1903 2737 1927 2755 a.
1950 2730 1973 2754 3.
1995 2737 2020 2762 q.
2043 2730 2068 2755 ⁴2.
2091 2744 2124 2747 —
2144 2730 2279 2755 Secundus
2298 2737 2374 2755 casus
2386 2731 2420 2755 in-

1465 2775 1582 2800 sinuatur
1595 2773 1622 2799 C.
1640 2773 1670 2799 Si
1682 2773 1751 2800 inter
1770 2774 1847 2806 (at),
1862 2774 1893 2799 X.
1909 2774 1940 2799 (le
1954 2774 2125 2805 Sponsalibus
2138 2777 2162 2799 et
2175 2775 2287 2799 matrim.
2309 2774 2362 2806 (lib.
2378 2774 2418 2799 lV.

1465 2819 1499 2843 tit.
1525 2819 1572 2849 t.);
1594 2819 1682 2843 tertius
1702 2817 1728 2843 C.
1748 2817 1837 2851 Super
1855 2824 1884 2843 eo
1905 2818 1964 2850 (2.),
1986 2818 2018 2842 X.
2039 2818 2072 2843 (le
2091 2817 2284 2849 Consanguinit.
2304 2822 2329 2844 et
2347 2819 2416 2844 affin.

1465 2862 1519 2895 (lib.
1542 2863 1582 2887 IV.
1603 2864 1638 2887 tit.
1661 2862 1726 2893 Ἰ1ι1-.);
1748 2866 1856 2894 quartus
1875 2861 1901 2886 C.
1922 2862 2035 2888 Litlersts
2055 2862 2116 2894 (3,),
2138 2862 2169 2887 X.
2191 2863 2222 2887 (le
2241 2862 2368 2894 Coniugio
2387 2863 2419 2888 le-

1464 2913 1602 2937 prosorum
1631 2907 1684 2937 (lib.
1706 2906 1745 2931 iV.
1767 2907 1801 2931 tit.
1823 2907 1858 2937 S.)
1878 2912 1902 2931 ct
1928 2905 1954 2931 C.
1976 2906 2207 2938 Quemudfmodttm
2233 2906 2312 2939 (25),
2333 2907 2365 2932 X.
2386 2907 2418 2932 de

1464 2950 1630 2975 iureiurando
1651 2950 1706 2981 (lib.
1729 2950 1755 2975 11.
1772 2951 1806 2975 111.
1822 2949 1889 2982 24-.);
1904 2952 2009 2982 quintus
2029 2950 2055 2976 C.
2071 2951 2107 2976 De
2126 2950 2178 2976 iltis
2198 2951 2288 2976 autem
2307 2951 2368 2982 (5.),
2382 2951 2415 2976 X.

1464 2994 1495 3019 de
1515 2994 1685 3026 Sponsalibus
1704 2998 1728 3019 ct
1747 2995 1858 3020 matrim.
1880 2994 1933 3026 (lib.
1956 2995 1994 3019 lV.
2016 2996 2050 3020 tit.
2077 2996 2122 3027 t.);
2136 2997 2222 3020 sextus
2241 2994 2267 3020 C.
2290 2994 2418 3025 Quemad-

1462 3038 1572 3064 modum
1596 3039 1674 3069 paulo
1700 3041 1759 3063 anto
1784 3039 1873 3070 citat03
1895 3039 1927 3064 de
1952 3040 2063 3070 septimo
2089 3042 2113 3064 ct
2138 3042 2245 3071 oetam,
2266 3041 2369 3070 praeter
2387 3046 2417 3064 ca

1463 3088 1529 3114 quac
1549 3083 1573 3106 in
1594 3083 1641 3106 bac
1661 3085 1758 3113 quaest.
1780 3082 1846 3107 uicta
1866 3084 1937 3109 sunt,
1959 3082 2002 3107 cfr.
2024 3082 2056 3107 X.
2077 3082 2109 3107 (le
2130 3082 2281 3113 Desponsat.
2300 3081 2416 3113 impube-

1462 3133 1519 3151 rum
1541 3126 1595 3157 (lib.
1619 3127 1658 3151 lV.
1680 3127 1714 3151 tit.
1735 3127 1778 3157 2.).

1532 3170 1542 3186 ⁰
1564 3171 1705 3202 lustiniau.‚
1722 3171 1748 3195 D.
1768 3170 1884 3195 XXXlll.
1905 3170 1937 3195 de
1958 3170 2127 3202 Sponsalibus
2147 3170 2193 3202 (tit.
2210 3171 2258 3201 1.),
2272 3170 2312 3195 lex
2331 3169 2415 3203 Spon-

1461 3213 1530 3239 sulitt
1549 3218 1635 3239 autem
1656 3214 1721 3239 (licta
1741 3217 1801 3239 sunt
1819 3221 1833 3239 a
1852 3213 2022 3247 spoizclend0;
2041 3221 2100 3239 nam
2120 3215 2199 3239 moris
2218 3215 2265 3240 suit
2283 3214 2415 3240 veteribus

1460 3258 1576 3288 stipulari
1596 3261 1621 3283 ct
1644 3258 1774 3289 spondero
1799 3257 1848 3282 sibi
1873 3264 1966 3283 uxores
1992 3258 2089 3283 suturas
2115 3258 2171 3290 (2.).
2191 3272 2225 3275 -
2245 3258 2280 3282 Do
2299 3257 2413 3283 secundo

1461 3301 1551 3326 et'fcctu
1572 3301 1632 3325 vide
1652 3301 1678 3326 C.
1698 3300 1739 3327 Act
1757 3300 1922 3327 audientium
1941 3300 2005 3334 (4.),
2023 3301 2054 3326 X.
2076 3302 2108 3326 de
2128 3301 2297 3333 sponsalibus
2316 3304 2341 3326 et
2360 3307 2414 3326 ma-

1461 3345 1528 3369 trim.
1549 3345 1602 3375 (lib.
1624 3345 1664 3369 lV.
1685 3346 1719 3370 tit.
1745 3345 1784 3376 1.).

1530 3388 1541 3404 ⁷
1562 3388 1626 3413 Vitlo
1646 3389 1759 3413 scholion
1780 3388 1812 3413 ad
1838 3389 1856 3412 1.
1878 3389 1954 3413 liuius
1974 3393 2020 3414 art.
2041 3393 2140 3421 <1t1a0st
