2483 3882
326 330 425 352 Definitio

285 357 426 388 dispensatio-

286 390 326 405 ms.

369 1310 419 1331 Leo.

287 1503 424 1530 Augustinus.

295 1890 388 1912 Dubium
402 1890 421 1910 1.

294 2326 386 2348 Dubium
400 2326 421 2346 2.

289 2569 425 2595 Augustinus.

299 2714 391 2735 Dubium
406 2714 425 2734 3.

437 232 500 263 514

442 332 456 349 «
469 319 663 361 Dispensatio
680 322 726 350 est
743 318 821 350 iuris
837 317 1001 354 relaxatio,
1018 317 1098 348 facta
1118 324 1191 348 cum
1208 324 1321 348 causae
1337 325 1384 347 co-

436 373 572 414 gnitione
596 371 635 403 ab
659 380 695 403 eo
712 371 765 412 qui
786 370 880 402 habet
904 369 952 401 ius
976 368 1187 409 dispensandi.
1212 367 1298 400 Unde
1323 367 1385 399 dis-

432 433 574 466 pensare
598 424 713 455 dicitur
738 422 825 463 quasi
859 421 992 453 diuersa
1018 420 1235 461 pensctre¹»;
1259 424 1288 452 et
1317 420 1386 452 ideo

436 478 467 509 in
491 477 536 509 eis
560 485 640 517 quae
664 479 781 507 statum
808 473 959 506 Ecclesiae
984 472 1182 511 decolorant,
1207 473 1388 514 dispensan-

436 531 512 563 dum
537 539 598 561 non
623 533 683 567 est,
719 527 803 559 etin
840 527 884 559 eis
909 535 989 567 quae
1022 525 1169 558 videntur
1201 525 1250 557 ius
1283 525 1388 556 infrin-

1173 228 1456 260 SENTENTIARUM
1480 228 1547 260 LIB.
1572 228 1619 260 IV.

1449 324 1539 357 gere,
1564 318 1594 347 et
1618 315 1678 347 hoc
1714 318 1774 353 est,
1798 315 1925 356 quando
1955 315 2064 347 multis
2100 316 2281 348 conceditur
2314 318 2397 358 quod

1449 367 1558 409 paucis
1582 371 1663 399 esset
1687 367 1937 406 concedendum,
1963 371 1993 400 et
2019 368 2145 409 quando
2169 369 2213 400 sic
2237 369 2399 410 accipitur,

1451 428 1512 451 non
1537 420 1617 451 sicut
1641 419 1695 451 fiat
1719 419 1777 451 sibi
1803 419 1842 452 de
1865 419 1979 461 gratia,
2012 420 2066 452 sed
2093 424 2242 461 tanquam
2271 421 2297 452 si
2320 425 2400 454 esset

1452 472 1491 504 de
1515 472 1583 504 iure
1609 472 1777 504 communi.
1812 472 1846 504 Et
1871 473 1902 504 in
1928 472 2044 505 talibus
2068 473 2207 514 loquitur
2231 473 2400 506 auctoritas

1452 525 1541 566 prius
1566 524 1674 566 posita.

1193 739 1517 781 DtSTINOTIO
1548 740 1649 780 XX.

1357 934 1437 965 PARS
1462 934 1482 964 1.

854 1060 922 1090 CAP.
945 1060 965 1090 Ι.

654 1161 696 1189 De
718 1159 765 1189 lzz's
787 1157 842 1198 qui
863 1157 896 1187 z'n
917 1158 978 1196 fine
996 1155 1160 1195 poenitent.

514 1257 676 1287 Sciendum
699 1259 743 1286 est
766 1256 870 1290 etiam,
886 1253 966 1291 quod
987 1256 1105 1291 tempus
1120 1251 1323 1290 poenitentiae
1346 1253 1390 1279 est

436 1314 532 1344 usque
555 1306 584 1334 in
607 1309 775 1334 extremum
792 1303 953 1333 articulum
977 1302 1064 1331 vitae.
1087 1300 1172 1330 Unde
1187 1300 1248 1329 Leo
1270 1298 1388 1337 Papa¹:

441 1355 561 1384 «Nemo
584 1358 628 1383 est
650 1353 869 1391 desperandus,
894 1351 965 1381 dum
990 1351 1017 1379 in
1041 1350 1099 1379 hoc
1128 1357 1257 1387 corpore
1280 1348 1389 1377 consti-

436 1407 517 1433 tutus
539 1407 596 1437 est,
629 1402 701 1440 quia
729 1408 945 1438 nonnunquam
976 1398 1058 1437 quod
1088 1397 1253 1427 diffidentia
1284 1397 1389 1426 aetatis

436 1453 571 1482 differtur
593 1451 718 1480 consilio
741 1449 906 1479 maturiore
928 1448 1084 1486 perficitur
1099 1459 1125 1475 ».
1150 1445 1334 1484 Augustinus
1351 1449 1390 1474 ta-

436 1509 504 1530 men
527 1500 564 1529 de
580 1499 795 1538 poenitentiam
818 1496 1024 1527 differentibus
1040 1496 1080 1525 ita
1103 1494 1221 1524 scribit:
1248 1507 1259 1519 «
1275 1493 1304 1523 Si
1321 1493 1389 1532 quis

436 1549 551 1587 positus
574 1549 602 1577 iu
633 1547 737 1576 ultima
760 1546 938 1575 necessitate
966 1544 1096 1573 voluerit
1118 1543 1258 1581 accipere
1286 1541 1390 1580 poeni-

435 1598 558 1627 tentiam
582 1600 609 1626 et
633 1596 743 1633 accipit
766 1598 795 1624 et
817 1602 887 1624 mox
909 1592 1123 1623 reconciliatur
1146 1595 1174 1621 et
1198 1591 1270 1620 hinc
1293 1590 1389 1626 vadit;

434 1647 529 1676 fateor
550 1645 653 1680 vobis,
683 1652 741 1673 non
772 1643 813 1672 illi
843 1650 988 1679 negamus
1019 1640 1100 1679 quod
1127 1640 1217 1678 petit,
1248 1638 1301 1667 sed
1330 1646 1389 1667 non

434 1694 672 1733 praesumimus,
689 1692 760 1730 quia
777 1691 847 1721 bene
863 1691 932 1720 binc
947 1691 1020 1725 exi13
1044 1690 1068 1719 si
1084 1697 1207 1718 securus
1224 1687 1294 1717 hinc
1309 1686 1390 1716 exie-

434 1743 486 1778 rit,
510 1750 563 1779 ego
587 1742 697 1771 nescio.
720 1739 942 1770 Poem‘teutz'am
957 1739 1029 1768 dare
1052 1745 1228 1776 possumus,
1250 1734 1391 1765 securita-

438 1796 494 1820 tem
527 1798 598 1820 vero
626 1798 692 1819 non.
722 1788 865 1826 Nunquid
892 1787 979 1817 dico:
1009 1785 1222 1816 damnabitur?
1250 1784 1307 1813 Sed
1335 1791 1391 1812 nec

437 1840 521 1869 dico:
543 1838 731 1867 liberabitur.
753 1837 806 1866 Vis
828 1844 897 1874 ergo
914 1844 931 1865 a
953 1835 1045 1864 dubio
1068 1833 1214 1863 liberari?
1237 1833 1299 1869 lige
1320 1840 1391 1870 poc-

437 1887 606 1923 nitentiam,
631 1886 702 1915 dum
725 1893 816 1914 sanus
838 1892 877 1914 es.
902 1884 929 1914 Si
953 1884 997 1912 sic
1020 1883 1097 1919 agis,
1120 1881 1188 1911 dico
1216 1880 1287 1915 tibi,
1309 1879 1390 1918 quod

436 1944 558 1965 securus
581 1943 625 1969 eS,
648 1933 719 1972 quia
741 1932 957 1971 poenitentiam
985 1931 1071 1968 egisti
1097 1938 1132 1960 eo
1161 1933 1308 1967 tempore,
1331 1935 1391 1965 quo

435 1992 565 2023 peccare
592 1982 727 2021 potuisti.
758 1981 786 2011 Si
818 1981 862 2010 vis
896 1988 986 2018 agere
1014 1979 1244 2018 poenitentiam,
1270 1976 1391 2015 quaudo

437 2033 497 2062 iam
520 2038 649 2069 peecare
672 2038 729 2059 non
752 2033 854 2067 potes,
875 2031 1001 2067 peccata
1019 2030 1046 2056 te
1068 2027 1262 2060 dimiserunt,
1286 2032 1344 2053 non
1361 2027 1393 2052 tu

437 2080 488 2110 illa
506 2092 533 2109 ».
556 2080 627 2108 item
642 2078 667 2107 2;
697 2091 708 2103 α
721 2079 803 2107 Duae
825 2086 873 2107 res
896 2080 979 2106 sunt:
1002 2079 1053 2105 aut
1070 2075 1234 2112 ignoscitur
1258 2072 1325 2108 tibi,
1342 2075 1393 2101 aut

437 2137 496 2157 non
520 2127 696 2165 ignoscitur3
720 2125 792 2164 quid
819 2125 926 2154 horum
958 2124 1009 2153 tibi
1036 2124 1074 2153 sit
1100 2123 1250 2158 futurum,
1274 2123 1391 2152 nescio:

438 2185 508 2215 ergo
531 2180 599 2205 tene
615 2179 730 2205 eertum
755 2179 783 2204 et
798 2174 914 2203 dimitte
938 2174 1084 2202 incertum
1102 2185 1127 2202 n.
1143 2172 1201 2202 Sed
1225 2180 1319 2210 quare
1335 2172 1394 2201 hoe

439 2225 514 2254 dixit
536 2224 736 2263 Augustinus,
759 2231 827 2252 cum
842 2222 1043 2260 poenitentia,
1065 2221 1188 2260 quaein
1204 2221 1263 2250 fine
1284 2221 1393 2257 agitur,

440 2274 467 2302 in
483 2273 600 2302 Psalmo
624 2272 793 2310 appelletur
809 2269 994 2309 sucrificium
1012 2269 1219 2309 vespertinum
1232 2269 1254 2303 ³,
1284 2282 1296 2295 «
1312 2269 1393 2307 quod

439 2326 503 2352 erat
525 2321 743 2359 acceptabilius
766 2321 794 2349 in
815 2320 893 2357 Lege
909 2332 935 2355 »,
952 2322 1074 2353 etcum,
1091 2318 1118 2347 in
1136 2326 1324 2357 qudcumque
1346 2317 1393 2347 die

439 2369 596 2399 invocetur
617 2370 710 2403 Deus,
734 2368 826 2405 adsit,
849 2371 877 2397 et
899 2375 1094 2406 quacumque
1116 2367 1191 2396 hora
1214 2367 1394 2403 ingemuerit

439 2422 468 2447 et
491 2426 656 2448 conversus
679 2417 767 2447 tuerit
788 2420 945 2454 peccator,
966 2415 1029 2445 vita
1050 2414 1128 2444 vivet
1149 2419 1176 2444 et
1203 2423 1265 2444 non
1287 2414 1394 2444 morie-

441 2467 511 2496 mr?
534 2467 591 2497 Sed
616 2467 665 2496 illa
688 2466 763 2495 dixit
785 2465 969 2503 Augustinus
993 2468 1116 2502 propter
1139 2464 1205 2493 illos
1221 2465 1270 2502 qui
1295 2463 1395 2502 poeni-

439 2516 562 2545 tentiam
586 2523 683 2553 usque
712 2515 740 2543 in
764 2514 852 2543 finem
882 2513 961 2542 vitae
983 2512 1165 2550 protrabunt
1187 2516 1215 2541 et
1244 2516 1314 2541 tunc
1336 2520 1393 2541 non

441 2571 476 2593 ex
500 2564 552 2592 Dei
576 2571 679 2593 amore
703 2562 842 2591 videntur
864 2561 1034 2599 poenitere,
1061 2560 1115 2590 sed
1144 2560 1251 2589 timore
1275 2560 1395 2596 morus,

440 2612 525 2650 quasi
547 2620 583 2641 ex
600 2611 785 2641 necessitate.
801 2610 886 2639 Unde
902 2610 980 2639 idem
994 2609 1015 2644 ⁴,
1031 2609 1116 2647 quasi
1134 2609 1286 2647 aperiens,
1301 2616 1395 2647 quare

441 2661 598 2698 superiora
621 2660 744 2695 dixerit,
761 2659 815 2689 ait:
836 2658 970 2687 «Nullus
992 2660 1159 2695 exspectet,
1182 2657 1302 2695 quando
1325 2665 1396 2695 pec-

442 2717 511 2738 care
534 2717 591 2738 non
615 2712 722 2746 potest.
746 2707 870 2736 Arbitrii
894 2707 972 2736 enim
1000 2706 1168 2735 libertatem
1192 2708 1333 2743 quaerat,
1363 2708 1396 2734 ut

444 2757 544 2786 delere
568 2758 661 2795 possit
690 2756 864 2790 commissa,
887 2764 944 2784 non
973 2755 1199 2790 necessitateni;
1222 2754 1394 2790 caritatem,

1454 1065 1512 1086 non
1537 1060 1650 1086 tantum
1674 1057 1829 1092 timorem,
1858 1057 1929 1095 quia
1953 1065 2010 1086 non
2042 1057 2070 1086 in
2103 1057 2166 1086 solo
2197 1057 2303 1086 timore
2333 1057 2406 1087 vivit

1455 1106 1554 1135 homo.
1577 1104 1669 1140 Quem
1693 1114 1763 1144 ergo
1787 1114 1854 1135 sero
1877 1106 2024 1143 poenitet,
2043 1109 2161 1144 oportet
2182 1114 2240 1136 non
2264 1106 2360 1135 solum
2377 1106 2407 1135 ti-

1456 1162 1537 1184 mere
1560 1154 1705 1191 iudicem,
1735 1154 1787 1184 sed
1815 1154 1954 1192 diligere,
1985 1155 2056 1192 quia
2085 1155 2149 1184 sine
2172 1155 2297 1184 caritate
2319 1162 2406 1184 nemo

1455 1206 1554 1240 potest
1569 1202 1670 1232 salvus
1686 1210 1760 1232 esse.
1776 1201 1841 1232 Non
1862 1210 1932 1240 ergo
1949 1206 2063 1232 tantum
2080 1203 2219 1232 timeatur
2232 1210 2286 1240 pro
2303 1210 2407 1240 poena,

1455 1251 1508 1281 sed
1531 1251 1671 1281 ametur⁵
1699 1259 1754 1290 pro
1777 1251 1881 1288 gloria.
1904 1250 1985 1285 Quae
2015 1251 2173 1280 conversio
2196 1251 2220 1279 si
2250 1250 2408 1288 contigerit

1455 1299 1545 1329 alicui
1570 1300 1659 1329 etiam
1682 1300 1710 1329 in
1735 1300 1805 1336 sine,
1829 1299 2054 1337 desperandum
2076 1308 2134 1329 non
2158 1302 2202 1329 est
2223 1299 2261 1328 de
2284 1299 2349 1328 eius
2363 1307 2409 1328 re-

1455 1349 1606 1378 missione.
1630 1348 1686 1377 Sed
1711 1348 1853 1386 quoniam
1878 1349 1926 1377 vix
1950 1347 1996 1377 vel
2018 1356 2086 1378 raro
2109 1351 2153 1377 est
2169 1351 2228 1377 tam
2251 1347 2328 1377 iusta
2343 1355 2409 1377 eon-

1455 1397 1568 1433 versio,
1592 1396 1756 1426 timendum
1781 1401 1823 1426 est
1840 1396 1877 1426 de
1898 1397 2070 1434 poenitente
2086 1404 2170 1433 sero,
2193 1396 2323 1426 maxime
2340 1404 2408 1426 cum

1456 1445 1524 1480 filii,
1548 1453 1624 1483 quos
1647 1445 1749 1474 illicite
1772 1445 1892 1482 dilexit,
1909 1445 1967 1474 sint
1983 1448 2171 1483 praesentes,
2186 1453 2262 1475 uxor
2285 1449 2313 1474 et
2329 1453 2410 1474 mun-

1456 1493 1512 1522 dus
1534 1493 1571 1522 ad
1594 1501 1626 1522 se
1649 1497 1765 1522 vocent.
1788 1493 1895 1522 Multos
1918 1493 1994 1522 solet
2015 1493 2147 1523 serotina
2163 1493 2346 1531 poenitentia
2362 1493 2409 1523 de-

1456 1542 1566 1579 cipere.
1590 1541 1647 1571 Sed
1672 1541 1814 1579 quoniam
1831 1541 1911 1570 Deus
1933 1549 2054 1579 semper
2075 1545 2181 1579 potens
2204 1544 2261 1576 est,
2290 1549 2409 1579 semper

1456 1591 1546 1619 etiam
1569 1590 1599 1619 in
1623 1593 1718 1619 morte
1740 1590 1846 1619 iuvare
1863 1589 1942 1619 valet
1964 1589 2074 1628 quibus
2097 1589 2205 1628 placet.
2225 1589 2296 1619 Cum
2321 1589 2409 1627 igitur

1457 1646 1533 1676 opus
1554 1638 1593 1667 sit
1616 1646 1674 1667 non
1699 1638 1845 1673 bominis,
1866 1637 1920 1667 sed
1944 1638 2006 1673 Dei,
2030 1637 2182 1667 fructifera
2208 1637 2409 1675 poenitentia;

1457 1685 1606 1723 inspirare
1628 1694 1694 1715 eam
1717 1689 1829 1724 potest,
1853 1686 2108 1724 quandocumque
2138 1685 2200 1715 vult
2221 1694 2276 1715 sua
2298 1685 2410 1714 miseri-

1456 1734 1574 1770 cordia,
1597 1738 1626 1764 et
1651 1743 1846 1764 renumerare
1873 1743 1909 1764 ex
1938 1734 2146 1764 misericordia
2169 1742 2245 1772 quos
2267 1734 2410 1764 damnare

1457 1787 1555 1821 potest
1577 1792 1613 1813 ex
1636 1784 1758 1813 iustitia.
1782 1784 1839 1814 Sed
1863 1784 2004 1822 quoniam
2031 1783 2122 1813 multa
2146 1787 2233 1819 sunt,
2257 1791 2335 1821 quae
2357 1783 2411 1812 im-

1456 1831 1583 1869 pediunt
1605 1835 1633 1861 et
1655 1832 1844 1870 languentem
1868 1831 2037 1866 retrahunt,
2054 1831 2343 1869 periculosissinmm
2367 1833 2411 1860 est

1458 1884 1486 1909 et
1511 1880 1643 1910 interitui
1674 1881 1807 1910 vicinum
1836 1880 1872 1910 ad
1900 1884 2026 1910 mortem
2049 1880 2228 1918 protrahere
2256 1880 2411 1918 poeniten-

1458 1929 1516 1959 tiae
1537 1929 1714 1958 remedium.
1737 1929 1795 1958 Sed
1819 1937 1959 1966 magnum
1982 1932 2041 1964 est,
2058 1928 2106 1957 eui
2128 1928 2207 1958 Deus
2229 1931 2299 1957 tunc
2322 1927 2410 1965 inspi-

1458 1981 1517 2013 rat,
1540 1978 1563 2007 si
1588 1978 1656 2015 quis
1682 1982 1739 2012 est,
1763 1985 1865 2007 veram
1888 1977 2147 2015 poenitentiam».
2169 1990 2180 2002 ιι
2197 1976 2256 2006 Sed
2277 1976 2301 2006 si
2319 1977 2408 2006 etiam
2419 1985 2479 2012 Augur

1458 2026 1502 2055 sic
1524 2034 1689 2055 conversus
1714 2025 1777 2055 vilra
1805 2024 1889 2055 vivat
1914 2030 1939 2054 ct
1968 2034 2032 2055 non
2054 2024 2228 2060 moriem-r,-
2259 2032 2316 2054 non
2347 2032 2412 2063 pro-

1459 2074 1622 2113 mittimus,
1650 2073 1732 2112 quod
1762 2073 1870 2103 evadat
1902 2081 2020 2103 omnem
2051 2081 2190 2111 poenam.
2220 2072 2294 2102 Nam
2328 2072 2411 2111 prius

1459 2122 1634 2161 purgandus
1658 2126 1702 2151 est
1724 2123 1791 2159 igne
1813 2122 2002 2160 purgationis
2024 2122 2074 2160 qui
2098 2122 2125 2150 in
2148 2121 2230 2151 aliud
2257 2121 2412 2156 saeculum

1459 2171 1574 2200 distulit
1597 2171 1725 2200 fructum
1748 2171 1963 2200 conversionis.
1987 2170 2041 2199 Hic
2064 2173 2162 2200 autem
2179 2170 2271 2208 ignis,
2287 2170 2341 2199 etsi
2365 2177 2412 2199 ae·
2425 2177 2479 2200 nubit

1460 2223 1562 2249 ternus
1585 2227 1642 2248 non
1665 2219 1718 2254 sit,
1741 2219 1818 2248 miro
1842 2222 1939 2248 tamen
1968 2218 2056 2247 niodo
2084 2221 2128 2247 est
2157 2218 2270 2255 gravis;
2293 2217 2412 2247 excellit

1459 2268 1537 2297 enim
1554 2275 1673 2297 omnem
1690 2275 1835 2305 poenam,
1858 2275 1948 2305 quam
1965 2274 2097 2305 unquam
2121 2274 2228 2304 passus
2243 2266 2281 2295 sit
2303 2266 2411 2304 aliquis

1460 2317 1488 2346 in
1504 2317 1562 2346 hac
1585 2317 1654 2346 vita.
1671 2316 1831 2354 Nunquam
1855 2316 1884 2345 in
1901 2324 1990 2345 carne
2008 2319 2088 2345 tanta
2105 2315 2225 2344 inventa
2241 2318 2285 2344 est
2300 2322 2411 2353 poena,

1459 2365 1530 2394 lieet
1553 2364 1703 2394 mirabilia
1725 2365 1871 2402 Martyres
1894 2364 1973 2402 passi
1997 2364 2056 2392 sint
2085 2367 2248 2400 tormenta;
2277 2367 2305 2392 et
2327 2362 2411 2392 multi

1460 2414 1598 2452 nequiter
1621 2413 1714 2451 iniqui
1730 2412 1740 2426 ὃ
1762 2417 1873 2451 quanta
1889 2420 1981 2450 saepe
1997 2412 2204 2442 sustimierunt
2219 2411 2370 2449 supplicia
2383 2410 2409 2440 »!

1459 2480 1499 2484 —
1521 2463 1564 2491 Ex
1588 2462 1634 2491 bis
1657 2462 1728 2491 satis
1755 2461 1932 2500 ostenditur,
1955 2469 2045 2499 quam
2075 2460 2279 2498 periculosum
2303 2460 2340 2489 sit
2362 2459 2412 2488 dif-

1461 2511 1536 2540 ferre
1552 2510 1767 2549 poeniteutiam
1783 2518 1879 2548 usque
1902 2509 1930 2538 in
1948 2509 2035 2538 finem
2054 2509 2141 2538 vitae.
2157 2508 2185 2538 Si
2209 2512 2306 2537 tamen
2323 2508 2410 2537 etiam

1462 2562 1531 2588 tunc
1559 2567 1628 2588 vera
1660 2558 1806 2587 habeatur
1837 2557 2036 2595 poenitentia,
2068 2556 2218 2586 hominem
2248 2555 2356 2585 liberat
2383 2558 2411 2585 et

1461 2607 1552 2636 vitam
1576 2610 1694 2636 mortuo
1710 2606 1867 2644 impetrat,
1891 2614 1947 2635 non
1965 2605 2008 2634 sic
2031 2609 2144 2641 tamen,
2166 2608 2198 2634 ut
2220 2604 2331 2634 nullam
2347 2612 2411 2633 sen-

1461 2655 1515 2684 tiat
1541 2663 1683 2693 poenam,
1708 2655 1762 2684 nisi
1786 2654 1861 2684 forte
1892 2657 1971 2683 tanta
2001 2654 2038 2682 sit
2067 2653 2254 2683 vehementia
2284 2652 2410 2689 gemitus

1461 2707 1489 2734 et
1519 2704 1722 2738 contritionis,
1746 2711 1823 2741 quae
1853 2702 1982 2732 sufficiat
2014 2701 2050 2731 ad
2082 2701 2183 2731 delicti
2216 2700 2408 2738 punitionem.

1465 2765 1476 2778 «
1494 2753 1577 2782 Licet
1599 2760 1669 2789 ergo
1692 2753 1730 2781 sit
1752 2751 1888 2786 difficile,
1912 2755 1943 2780 ut
1967 2754 2037 2779 tunc
2059 2750 2097 2779 sit
2118 2757 2188 2779 vera
2212 2748 2409 2787 poenitentia,
2423 2757 2479 2784 nugo.

513 2930 520 2945 ¹
543 2930 632 2954 Glossa
653 2930 676 2953 in
697 2930 808 2953 Gratiae.
828 2935 907 2959 super
926 2927 952 2953 C.
975 2926 1117 2960 Requiritz‘s
1140 2926 1171 2952 (Ie
1195 2926 1227 2952 iis
1247 2927 1292 2959 (5.)
1314 2934 1395 2958 seqq„

443 2974 470 2999 C.
492 2975 510 2998 1.
526 2981 550 3006 q.
571 2973 597 2998 7.
611 2987 644 2991 -—
660 2973 765 2997 inferius
785 2979 833 3004 pro
853 2973 876 2997 et
896 2971 1002 3005 quando
1022 2971 1127 3002 plurimi
1147 2971 1222 2995 codd.
1236 2972 1267 2995 ut
1280 2970 1395 3004 quando.

638 3016 745 3042 NOTAE
765 3015 806 3041 AD
825 3015 910 3041 LIBR.
933 3014 1203 3040 SENTENTIARUM.

513 3061 521 3077 1
544 3062 620 3093 Epist.
648 3061 701 3085 167.
723 3060 795 3092 (alias
815 3061 867 3091 92.)
897 3059 928 3084 ad
958 3059 1054 3083 Rustic,
1086 3059 1180 3090 lnquis.
1209 3058 1237 3089 Ἲς
1267 3057 1293 3082 C.
1314 3058 1397 3084 Nemo

445 3105 625 3138 desperandus
646 3105 701 3137 (l.)‚
722 3104 754 3129 de
774 3104 912 3129 Poenitent.
933 3103 957 3127 d.
977 3102 1002 3127 7.
1017 3117 1049 3120 —
1069 3103 1127 3134 Seq.
1148 3102 1220 3127 locus
1238 3103 1345 3133 August.
1360 3105 1398 3127 est

445 3151 535 3175 Sermo
556 3150 614 3175 393.
631 3150 703 3180 (alias
724 3149 764 3174 ti.
785 3150 850 3173 inter
870 3148 902 3173 50
923 3148 1040 3179 Homil.);
1061 3147 1094 3172 ad
1114 3147 1222 3172 litteram
1242 3154 1305 3171 vero
1324 3147 1349 3170 in
1370 3146 1396 3171 C.

445 3193 475 3219 Si
493 3194 552 3227 quis
568 3193 672 3226 positus
692 3193 755 3226 (2.),
775 3193 846 3224 ibid,
867 3192 911 3217 ubi
937 3191 1013 3217 codd.
1034 3195 1057 3217 et
1082 3191 1124 3216 ed.
1148 3191 1157 3215 1
1182 3189 1398 3217 reconciliabitur

446 3245 494 3269 pro
514 3237 711 3263 reconciliatur.

515 3282 526 3298 ²
546 3283 627 3306 Serm.
648 3283 687 3306 cit.
709 3283 732 3306 in
754 3282 816 3313 fine,
837 3281 864 3307 C.
884 3280 915 3306 Si
933 3280 992 3314 quis
1011 3281 1100 3305 autem
1120 3279 1175 3312 (4.),
1195 3279 1257 3304 ibid.
1277 3279 1292 3310 ς)
1313 3279 1337 3303 t.

515 3325 525 3340 3
546 3325 638 3350 Psalm.
662 3325 722 3357 140,
746 3327 773 3356 23
794 3326 838 3350 cfr.
853 3325 940 3350 Glossa
955 3324 1026 3356 apud
1040 3325 1141 3355 Lyran.‚
1156 3323 1201 3348 ubi
1214 3323 1308 3348 verba:
1328 3321 1399 3356 quod

447 3370 506 3394 erat
523 3372 570 3394 etc.
592 3368 687 3393 Deinde
708 3369 880 3399 respiciuntur
900 3369 938 3393 Ps.
959 3368 1006 3399 55,
1028 3369 1074 3400 sto,
1094 3368 1183 3393 Ezecb.
1206 3368 1245 3399 118,
1267 3367 1308 3392 21.

1532 2925 1541 2941 ⁴¹
1562 2926 1597 2950 De
1617 2925 1683 2950 Vera
1704 2929 1728 2950 et
1748 2925 1809 2949 salsa
1829 2924 1967 2949 Poenitent.
1983 2930 2005 2948 ο.
2022 2923 2062 2947 17.
2078 2930 2101 2948 n.
2117 2923 2164 2953 333
2185 2929 2238 2954 seq.
2260 2922 2331 2946 locus
2350 2920 2409 2945 ibid.

1462 2976 1483 2994 c.
1505 2970 1547 2994 118.
1569 2976 1594 2994 n.
1624 2968 1670 3000 34;
1701 2971 1811 3000 uterque
1839 2969 1864 2992 in
1893 2967 1919 2993 C.
1946 2966 2046 2994 Nullus
2075 2967 2205 2999 exspectet
2225 2966 2279 2997 (6.),
2302 2965 2364 2990 ibid.
2385 2964 2409 2988 ln

1462 3014 1546 3044 primo
1567 3013 1622 3037 loco
1643 3012 1710 3043 edd„
1737 3014 1843 3043 excepta
1873 3012 1882 3036 1
1895 3032 1902 3042 ,
1923 3011 2024 3042 legunt:
2045 3009 2151 3044 quaerit
2177 3010 2262 3041 Deus,
2284 3010 2315 3034 ut
2332 3005 2412 3033 deteri

1460 3057 1562 3090 possint
1579 3058 1687 3090 peccata
1707 3063 1755 3088 pro
1775 3057 1896 3089 quaerat,
1918 3056 1949 3080 ut
1967 3054 2052 3080 delere
2070 3053 2154 3088 possit
2170 3054 2291 3087 peccata,
2314 3052 2358 3077 sed
2372 3058 2410 3076 re-

1462 3101 1622 3132 fragantibus
1641 3100 1726 3131 codd.y
1749 3100 1865 3131 originali
1885 3102 1910 3124 et
1929 3106 2035 3124 canone.

1532 3145 1543 3161 ⁵
1564 3145 1587 3169 ln
1609 3144 1685 3170 codd.
1706 3147 1731 3169 et
1749 3144 1817 3175 edd.,
1833 3146 1937 3175 excepta
1953 3143 2009 3167 Vnt.
2030 3145 2054 3167 et
2073 3143 2103 3174 8,
2125 3143 2161 3167 sic
2181 3141 2304 3166 babetur:
2325 3138 2410 3165 timeat

1460 3195 1575 3221 poenam
1595 3187 1641 3221 qui
1658 3187 1784 3220 poenitet,
1807 3187 1852 3213 sed
1871 3186 1999 3213 anm'etur
2014 3192 2067 3219 pro
2085 3184 2189 3218 aleria,
2211 3185 2355 3215 refragante
2375 3184 2408 3206 ta-

1462 3239 1520 3257 men
1541 3232 1652 3257 editione
1682 3231 1812 3263 origiualis
1837 3235 1862 3256 et
1885 3231 2002 3262 canonis,
2030 3230 2103 3255 lectio
2124 3228 2201 3254 codd.
2228 3227 2331 3253 videtur
2355 3231 2409 3251 esse

1462 3277 1579 3308 antiqua,
1600 3276 1645 3301 sed
1666 3276 1734 3301 salsa.

1531 3320 1542 3336 ⁶
1562 3321 1595 3346 lta
1616 3320 1748 3352 originale,
1772 3320 1828 3345 Vat.
1848 3323 1872 3345 et
1884 3319 1924 3344 ed.
1949 3319 1977 3350 8,
1998 3318 2044 3343 sed
2064 3319 2088 3342 in
2108 3317 2163 3342 aliis
2182 3319 2208 3341 et
2226 3315 2315 3341 codd:
2334 3311 2410 3339 multi

1461 3364 1581 3398 nequiter
1600 3365 1709 3398 quanta.
