2483 3882
729 188 822 220 DlsT.
848 179 945 222 XVIII.
972 189 1000 220 P.
1027 190 1064 221 ll.v
1084 190 1221 223 DIVISIO
1237 191 1399 223 TEXTUS.
1981 196 2047 227 483

19 289 70 310 liter.
85 277 156 308 tiam
172 275 440 316 primam—Vel
455 275 524 307 ideo
541 275 657 307 dicitur
674 276 847 313 cliiizittcrc,
860 277 934 318 quia
951 277 1029 309 nulli
1096 278 1189 310 debet
1215 278 1363 311 iudicare.
1400 279 1427 310 Si
1454 288 1519 310 nou
1554 284 1664 311 crrttc:
1691 289 1765 321 ergo
1802 281 1936 320 videtur,
1962 284 2046 324 quod

83 328 283 361 dimittuntur
308 327 365 359 nisi
390 327 434 359 eis
451 328 504 369 qui
529 328 726 369 recipiuntur
743 329 824 360 intra
848 330 1030 362 ecclesiasti·
1096 331 1166 363 talis
1190 331 1230 363 sit
1253 331 1375 363 solutus
1401 332 1430 363 in
1456 332 1559 365 caelis.

83 390 149 414 cam
169 380 319 412 unitatem
328 392 335 417 3
360 380 444 412 unde
465 380 613 412 haeretici
638 384 668 412 et
696 381 900 419 schismatici,
923 391 1030 423 quam·
1185 384 1379 416 RESPoNDEo:
1404 385 1591 424 Dicendum,
1617 386 1700 426 quod
1719 390 1871 427 quantum
1896 388 1936 419 ad
1960 388 2047 420 abso-

83 434 136 467 diu
158 436 249 465 extra
274 432 439 464 Ecclesiam
466 432 495 463 in
520 432 642 465 haeresi
673 436 703 464 et
727 434 895 465 schismate
927 443 1030 475 perse·
1095 435 1244 468 lutionem
1274 446 1295 468 (t
1320 437 1417 478 culpet
1453 439 1599 470 sacerdos
1633 448 1667 470 se
1696 439 1791 471 habet
1825 448 1882 481 per
1917 441 2045 472 modum

82 489 203 522 verant,
221 494 277 517 nec
293 485 425 526 gratiam
451 485 508 516 sibi
533 494 589 517 nec
614 485 682 518 aliis
700 486 804 517 valent
824 486 1026 528 aliqualiter¹
1095 488 1371 527 cleiilonsbrttnct'8;
1395 494 1548 537 quantuqm
1578 492 1617 523 ad
1642 492 1871 524 absolutionem
1895 503 1917 525 ct
1938 503 2044 534 poena

81 541 264 580 impetrare,
289 538 327 569 de
351 537 468 569 adultis
493 537 658 579 loquendo.
1094 549 1127 572 se
1152 541 1245 573 habet
1273 551 1329 583 per
1354 543 1483 575 modum
1509 544 1708 576 (contuentis.
1726 564 1770 568 ——
1793 546 1852 577 Sed
1885 546 2044 578 attenden-

1094 593 1170 624 dum
1196 598 1259 633 est,
1284 596 1368 636 quod
1393 595 1529 628 efficacia
1553 597 1743 629 Sacrameuti
1768 599 1883 639 pendet
1915 608 1954 631 ex
1980 599 2043 631 ido·
2058 607 2185 628 Notandum.

474 644 549 675 DUss.
574 644 621 676 lV.
1093 645 1207 677 neitate
1231 647 1445 688 suscipientisg
1476 653 1595 681 «actus
1620 650 1702 682 enim
1720 651 1894 683 activorum
1920 653 2040 684 suntin

1092 698 1228 738 patiente
1260 699 1443 740 dispositio⁴
1460 714 1489 731 ».
1515 702 1588 734 Dico
1624 703 1729 743 igitur⁷
1755 704 1839 745 quod
1875 705 1904 736 in
1930 705 2041 744 talem,

165 750 238 781 Item
264 749 427 791 quaeritur
451 749 490 781 de
514 749 708 790 expositione
729 749 905 791 Hieronymi
930 759 1026 791 super
1092 750 1145 791 qui
1170 750 1296 783 videtur
1320 753 1487 792 contritus,
1513 754 1607 787 habet
1630 756 1727 788 clavis
1759 757 1922 796 effectum,
1947 767 2043 799 quan-

77 804 134 835 hoc
172 802 325 835 verbum:
365 802 596 844 Quodcumque
635 802 792 843 lz'ycwerz's
830 812 930 844 super
967 807 1026 835 ter·
1094 806 1158 834 tum
1184 807 1230 836 est
1265 804 1302 835 dc
1325 814 1374 842 se‚·
1399 806 1453 838 sed
1489 808 1573 848 quod
1598 817 1657 839 non
1695 809 1802 847 habet,
1840 811 1898 842 hoc
1934 815 1980 843 est
2004 821 2042 842 cx

77 865 151 888 ram
175 858 250 893 etc.;
275 855 359 896 quod
384 855 407 887 si
434 855 517 887 istud
541 858 621 887 esset
645 855 747 887 solum
784 864 840 897 per
875 857 1026 888 ostensio·
1089 855 1218 897 fictione
1241 856 1341 895 illius,
1365 858 1408 889 ita
1432 859 1534 900 quod,
1559 861 1704 901 quamvis
1728 861 1825 894 clavis
1849 871 1910 894 non
1935 867 2040 902 erret,

76 918 164 946 uem,
197 908 284 940 nulla
320 917 394 949 ergo
429 908 604 940 differentia
640 907 711 940 est2
744 909 915 940 sacerdotis
952 909 1022 941 novi
1091 912 1195 941 tamen
1220 909 1272 941 ille
1296 914 1381 942 errat
1405 914 1435 942 et
1459 911 1583 953 decipit.
1600 931 1644 935 —
1660 914 1689 944 Si
1713 919 1819 946 aulem
1837 915 1888 947 ille
1913 916 1967 956 qui
1984 917 2041 948 sol-
2056 923 2185 944 Notandum-

75 961 250 994 testamenti
278 961 319 993 ad
347 964 447 992 vetus.
464 979 508 983 -
524 961 563 992 Et
588 960 727 998 iterum,
753 960 778 992 si
803 961 949 993 sacerdos
978 965 1025 994 est
1091 961 1135 993 vit
1163 965 1193 993 et
1218 962 1311 1003 ligat,
1335 964 1510 996 secundum
1542 965 1740 998 voluntatem
1772 976 1833 999 non
1866 970 2039 1002 secundum

33 1022 37 1041 1
75 1013 190 1047 arbiter
214 1017 244 1045 et
267 1022 383 1055 poenas
407 1016 508 1054 potest
532 1013 707 1045 secundum
731 1013 899 1045 arbitrium
926 1023 1019 1047 suum
1090 1015 1237 1048 scientiae
1262 1015 1311 1047 vel
1335 1016 1414 1048 iuris
1438 1017 1580 1058 regulam
1605 1019 1771 1059 procedat3
1796 1020 1839 1052 sic
1864 1021 1960 1054 clavis
1977 1032 2037 1055 non

75 1068 253 1109 imponere:
278 1075 352 1107 ergo
376 1066 511 1104 videtur,
536 1066 620 1107 quod
644 1066 684 1098 ad
710 1066 902 1099 voluntatem
927 1076 1017 1100 suam
1090 1068 1184 1100 habet
1216 1067 1404 1108 efficaciamg
1429 1073 1459 1101 et
1490 1074 1598 1102 contra
1625 1071 1713 1110 tales,
1737 1073 1792 1113 qui
1817 1073 1961 1106 volebant
1996 1076 2042 1107 ud

74 1119 170 1162 possit
192 1119 314 1151 solvere
338 1123 368 1151 et
392 1119 499 1160 ligare.
516 1138 558 1141 —
587 1119 676 1157 Item,
701 1119 816 1160 aliquis
840 1119 1021 1161 hypocrita,
1088 1124 1198 1152 vocum
1216 1121 1338 1154 solvere
1354 1125 1385 1154 et
1409 1122 1520 1164 ligare,
1546 1123 1686 1165 loquitur
1703 1124 1923 1167 Hieronymus,
1940 1131 2039 1160 osten-

73 1173 125 1215 qui
149 1172 243 1204 habet
267 1172 354 1213 signa
378 1172 589 1209 contritionis,
607 1172 782 1204 absolvitur
806 1182 824 1204 a
840 1173 1023 1211 sacerdote;
1089 1173 1181 1212 dens,
1197 1174 1256 1206 hoc
1274 1175 1312 1207 de
1329 1175 1498 1216 supercilio
1514 1180 1544 1208 et
1561 1177 1710 1218 superbia
1730 1179 1901 1219 procedere
1916 1179 1936 1210 ⁵.
1955 1181 2040 1212 Unde

74 1234 189 1267 quaero
221 1234 295 1266 ergo
326 1225 393 1257 hic:
418 1228 473 1256 aut
497 1224 592 1257 clavis
624 1229 736 1263 errat,
761 1229 816 1257 aut
846 1226 959 1257 220723?
992 1227 1021 1258 Si
1088 1227 1169 1259 sicut
1203 1227 1404 1260 Sacramenta
1427 1229 1593 1269 privantur
1617 1230 1768 1269 efficacia,
1792 1236 1847 1264 aut
1870 1233 1944 1273 quia
1979 1242 2040 1265 non

73 1281 181 1310 errat:
206 1286 281 1319 ergo
316 1287 376 1309 non
405 1278 535 1310 deberet
569 1286 643 1310 eum
679 1278 858 1317 absolvere3
883 1279 938 1311 sed
963 1279 1022 1311 hoc
1087 1282 1171 1312 recte
1195 1280 1491 1319 cutumu‘strctntur,
1509 1286 1564 1314 aut
1580 1283 1654 1323 quia
1670 1292 1732 1315 non
1749 1288 1833 1317 recte
1856 1285 2043 1326 suscipiun-

72 1331 185 1363 salsum
209 1334 268 1369 est,
286 1331 359 1372 quia
382 1331 480 1363 iudex
498 1331 673 1363 secundum
698 1339 831 1372 eaquae
855 1335 1021 1372 apparent,
1088 1336 1160 1370 tum
1184 1333 1227 1364 sic
1256 1333 1294 1365 de
1318 1333 1460 1367 clavibus
1488 1338 1610 1376 oportet
1634 1336 1774 1377 intelligi.

375 1517 869 1572 COMMENTARIUS
908 1518 978 1572 IN
1014 1518 1509 1574 DISTINCTIONEM
1546 1521 1731 1576 XVIII.

988 1635 1069 1667 PAns
1093 1635 1125 1666 11.

610 1733 660 1770 De
689 1732 842 1770 clavibus
872 1739 903 1770 et
933 1745 1051 1770 eorum
1079 1746 1147 1771 usu
1175 1734 1209 1770 in
1238 1733 1309 1771 foro
1338 1734 1498 1772 iudiciali.

261 1840 317 1871 Est
340 1842 369 1871 ct
392 1839 481 1871 cuius
505 1839 623 1871 modus
648 1839 778 1881 ligandi
800 1843 828 1871 cc
850 1839 1014 1878 solvendi,
1039 1839 1098 1882 qui
1117 1850 1178 1881 per
1202 1841 1573 1874 excommunicationem
1598 1841 1767 1875 exhibetur
1792 1848 1848 1877 etc.

759 1961 830 1982 vinr„
853 1961 978 1983 TEXTUM
1001 1960 1147 1983 MAGISTRI
1170 1960 1241 1983 PAG.
1267 1953 1341 1984 467.

887 2046 1031 2096 Drwsro
1056 2063 1211 2095 Texrus.

1080 2171 1222 2202 ctoritate
1238 2179 1346 2203 sacrae
1364 2171 1544 2213 Scripturae
1569 2173 1750 2212 confirmat,
1768 2174 1826 2206 ibi:
1845 2174 2033 2208 Secundum

1080 2222 1137 2255 lios
1162 2223 1292 2265 liyandz'
1314 2228 1342 2255 ct
1364 2224 1512 2256 solvendi
1533 2225 1655 2257 modos.
1680 2226 1713 2257 ln
1742 2227 1834 2259 tertia
1857 2228 1898 2260 ad
1922 2228 2038 2260 intelli-

66 2276 250 2309 solutionem
281 2279 311 2308 et
346 2276 526 2317 ligationem
563 2275 592 2307 in
616 2276 684 2307 foro
708 2276 771 2307 illo.
796 2275 849 2308 Hic
874 2275 1015 2308 secundo
1079 2276 1214 2317 gentiam
1240 2276 1368 2308 illarum
1393 2277 1616 2309 auctoritatum
1634 2279 1792 2320 quandam
1818 2280 2033 2321 quaestionem

65 2329 126 2371 agit
149 2329 188 2362 de
212 2329 407 2361 absolutione
424 2333 454 2361 et
471 2328 616 2370 ligatione
633 2328 665 2360 in
681 2328 748 2360 foro
766 2328 915 2368 iudiciali,
933 2338 1015 2370 quae
1079 2329 1202 2370 quaerit
1226 2332 1256 2361 et
1280 2330 1486 2369 determinat,
1512 2331 1628 2363 scilicet
1657 2341 1737 2373 quae
1762 2332 1801 2364 sit
1825 2333 1947 2365 animae
1973 2343 2034 2365 ma-

153 2171 255 2212 Supra
282 2170 344 2211 egit
378 2169 523 2211 Magister
551 2169 590 2202 de
625 2179 688 2202 usu
712 2173 742 2202 et
770 2172 922 2211 potestate
957 2170 1016 2202 cla·
1046 2169 1050 2379 l

65 2383 189 2425 quidem
215 2386 262 2415 est
286 2391 341 2424 per
365 2381 741 2420 excommunicationeim
766 2384 796 2413 et
821 2381 915 2414 habet
937 2382 1015 2413 haec
1046 2383 1050 2526 X
1080 2382 1151 2414 cula
1168 2381 1217 2414 vel
1235 2382 1380 2421 tenebra,
1398 2392 1415 2414 a
1432 2392 1494 2424 qua
1510 2383 1594 2415 Deus
1611 2384 1760 2423 mundat,
1780 2385 1839 2416 ibi:
1858 2385 1920 2417 Hic
1937 2395 2031 2428 quete-

66 2222 153 2256 vium
170 2224 200 2255 in
217 2223 284 2255 foro
300 2223 527 2264 poenitentiali,
552 2223 636 2264 quod
649 2223 660 2239 ⁶
676 2223 804 2264 quidem
821 2226 868 2255 est
891 2232 947 2264 per
965 2223 1016 2255 ab·

64 2445 136 2477 pars
158 2439 223 2468 tres
246 2438 361 2477 partes.
386 2434 419 2466 ln
444 2435 546 2476 prima
570 2435 708 2476 assignat
732 2435 817 2466 hunc
834 2434 964 2466 modum
982 2434 1015 2465 li·
1079 2435 1189 2473 ratur,
1215 2445 1299 2477 quae
1321 2435 1365 2466 sic
1389 2435 1447 2467 illst
1471 2435 1615 2468 macula.

66 2489 173 2530 gandi,
197 2497 296 2530 quare
319 2491 349 2520 et
373 2487 508 2530 qualiter
540 2487 602 2519 fiat.
640 2488 672 2519 ln
696 2487 835 2519 secunda
863 2496 939 2519 vero
963 2496 1015 2519 au-

794 2611 1002 2643 TRACTATIO
1031 2611 1304 2652 QUAESTIONUM.

151 2725 194 2757 Ad
218 2724 454 2766 intelligentiam
480 2724 576 2756 huius
600 2723 699 2765 partis
723 2732 779 2755 sex
804 2725 1012 2764 quaeruntur.
1167 2722 1271 2754 Tertio
1296 2722 1480 2764 quaeritur,
1503 2732 1520 2754 a
1545 2732 1616 2764 quo.

150 2778 253 2810 Primo
282 2778 456 2820 quaeritur,
480 2780 590 2809 utrum
623 2775 736 2818 aliquis
768 2776 865 2817 possit
891 2775 937 2807 vel
965 2775 1015 2807 de·
1168 2776 1303 2816 Quarto,
1327 2779 1435 2807 utrum
1460 2776 1744 2809 excommunicatio
1768 2778 1866 2819 possit
1890 2779 2008 2812 iterari.

65 2829 135 2862 beat
158 2830 437 2863 excommunicari.
1168 2828 1292 2869 Quinto,
1306 2828 1344 2860 de
1358 2828 1639 2861 communicatione
1652 2838 1723 2862 cum
1737 2832 2028 2865 excommunicatis.

152 2883 310 2921 Secundo,
343 2882 415 2914 dato
447 2882 531 2924 quod
564 2881 625 2920 sic,
657 2881 838 2923 quaeritur,
872 2890 928 2922 pro
952 2890 1014 2923 quo
1087 2917 1090 2918 ⁷
1167 2881 1275 2920 Sexto,
1301 2881 1339 2913 de
1363 2881 1568 2914 absolutione.

67 2935 134 2976 quis
158 2935 197 2968 sit
219 2935 554 2968 excommunicandus.
1045 2883 1049 2974 1

1149 3111 1159 3127 ⁴
1178 3113 1288 3144 Aristot„
1308 3111 1334 3136 11.
1355 3111 1387 3136 de
1407 3111 1510 3142 Anima,
1539 3114 1597 3136 text.
1626 3111 1667 3135 24.
1687 3111 1719 3143 (c.
1741 3111 1785 3144 2.).
1808 3125 1843 3130 —
1863 3112 1898 3137 De
1917 3119 2025 3144 propos,

1078 3155 1198 3187 praeced.
1225 3156 1269 3180 cfr.
1295 3162 1373 3186 supra
1400 3162 1421 3179 a.
1449 3156 1472 3179 2.
1498 3162 1522 3186 q.
1550 3155 1572 3179 11.
1593 3162 1646 3186 seq.
1670 3169 1703 3172 —
1725 3155 1832 3180 Inferius
1857 3163 1906 3187 pro
1929 3155 2028 3190 obliyat

1078 3199 1258 3225 substituimus
1276 3206 1307 3223 ex
1327 3198 1402 3223 codd.
1416 3198 1434 3222 F
1448 3198 1468 3223 G
1487 3199 1512 3224 et
1531 3197 1603 3231 liqut,
1619 3205 1649 3224 ac
1663 3201 1721 3230 post
1732 3198 1897 3225 voluntatem
1909 3200 1970 3225 edd.
1986 3200 2028 3225 ad-

1078 3243 1143 3268 dunt
1161 3242 1198 3269 ita
1217 3242 1295 3276 quod.

1148 3287 1159 3303 ⁵
1177 3287 1243 3312 Vide
1263 3287 1303 3312 hic
1323 3287 1356 3312 lit.
1377 3287 1504 3319 Magistri,
1526 3294 1547 3312 c.
1567 3287 1592 3312 6.
1609 3301 1642 3305 —-
1655 3287 1680 3313 ln
1700 3287 1750 3313 fine
1769 3288 1843 3313 solut.
1864 3294 1912 3319 pro
1931 3287 1962 3314 de
1975 3287 2028 3314 cla-

1076 3330 1151 3357 vz'bzts
1170 3331 1258 3363 plures
1278 3330 1354 3356 codd.
1373 3330 1401 3356 iu
1420 3329 1548 3357 clavibus.
1835 3332 1846 3348 ⁶
1863 3332 1926 3358 Edd.
1946 3339 2025 3366 quae.

133 3110 142 3127 ¹
162 3111 243 3138 Codd.
257 3113 341 3138 AGaa
355 3112 534 3146 aliquatenus
545 3126 580 3130 —
591 3112 660 3137 Idem
674 3111 737 3137 dub.
752 3112 856 3137 solvunt
869 3112 937 3137 Alex.
949 3112 1013 3144 Hal„

66 3154 90 3180 S.
108 3162 133 3187 p.
153 3156 193 3182 1V.
208 3164 233 3189 q.
253 3157 294 3181 20.
307 3164 342 3182 m.
364 3157 386 3181 11.
407 3156 440 3181 ad
459 3156 515 3188 ult.;
531 3156 558 3181 Β.
574 3156 677 3188 Α1116Γ1.,
703 3157 744 3181 hic
758 3163 780 3181 a.
801 3156 848 3187 1l2;
864 3156 888 3180 S.
910 3156 1012 3188 Thom,

65 3198 105 3224 hic
124 3200 190 3225 circa
205 3200 240 3225 lit.

133 3243 144 3259 ²
162 3243 236 3269 solae
255 3244 314 3269 edd.
335 3245 408 3269 esset.

133 3286 144 3303 ³
162 3287 225 3313 Edd.
245 3295 281 3314 cm
300 3287 382 3314 clavis
401 3289 486 3320 erret,
517 3294 553 3313 cm
581 3294 644 3313 uon.
675 3288 800 3319 Superius
828 3289 886 3313 voci
914 3287 1013 3322 aliquis

65 3328 121 3354 cod.
140 3329 176 3355 bh
196 3332 334 3362 praemittit
352 3330 382 3357 εἰ.
402 3331 457 3356 Mox
478 3338 525 3363 pro
545 3330 647 3357 deberet
665 3331 722 3356 cod.
742 3338 773 3356 aa
792 3330 871 3357 debet.
