2483 3882
0 1010 58 1031 touta.

0 1851 49 1878 posi-

679 243 771 274 nisT.
798 243 910 275 XXXV.
936 242 1017 273 ΛΒΤ.
1043 241 1172 274 UNICUS
1197 242 1348 282 QUAEST.
1375 242 1420 274 lV.

67 333 158 371 taric,
175 331 361 369 dicendum,
379 331 462 373 quod
488 340 548 362 uon
573 334 697 363 tenetur
721 339 790 362 eam
808 339 1012 371 cognoscere,

65 394 120 418 nec
144 388 245 416 tamen
270 392 310 415 ex
337 383 395 415 hoc
419 383 512 415 debet
535 392 604 415 eam
623 383 751 424 propria
767 383 951 414 auctoritate
969 382 1014 414 di-

66 438 196 471 mittere.

1966 243 2027 274 785

1165 330 1309 361 Rationes
1332 330 1371 361 ad
1388 330 1568 370 oppositum
1587 329 1736 371 probant,
1754 329 1837 371 quod
1856 329 2026 361 divortium
2042 343 2075 364 Ad
2094 343 2188 364 fundam.

1077 392 1137 414 non
1162 386 1262 423 potest
1288 382 1354 414 fieri
1380 382 1437 413 nisi
1464 382 1493 413 in
1519 382 1596 414 facie
1622 382 1791 419 Ecclesiae,
1816 391 1887 414 cum
1914 382 1953 414 sit
1978 391 2031 423 pu-

1078 434 1213 472 blicum3
1238 439 1268 466 et
1294 435 1351 466 hoc
1375 438 1422 466 est
1447 443 1557 466 verum
1575 435 1591 466 ¹.

923 559 1106 599 Quaestio
1132 559 1176 591 tv.

238 671 374 708 Utrum,
400 670 541 702 divortio
566 669 743 707 celebrato,
768 669 822 700 vir
842 669 948 710 possit
971 669 1074 701 aliane
1101 679 1237 701 ‘timorem
1263 671 1400 707 (Illicere,
1424 670 1473 702 ccl
1497 681 1582 702 uror
1606 671 1711 702 alitam
1739 671 1858 703 nii-itin.

150 787 267 827 Quarto
292 785 465 827 quaeritur,
491 789 609 823 utrum,
627 783 761 816 divortio
778 783 945 822 celebrato,
967 784 1015 815 vir

63 840 159 882 possit
182 839 275 870 aliam
301 847 434 870 uxorem
461 838 595 876 ducere,
614 837 661 869 vel
679 845 763 869 uxor
784 836 881 868 alium
901 837 1014 867 virum.

65 893 99 925 Et
122 891 205 934 quod
230 900 310 929 uon,
335 890 470 922 videtur.

154 945 179 976 1.
205 944 326 975 Primae
358 943 397 975 ad
429 942 606 974 Corinthios
637 941 811 983 septim0²z
838 941 1014 983 Praecipio

63 1008 127 1030 non
150 1007 225 1039 eqo,
242 997 299 1028 sed
322 996 502 1033 Dominus,
521 1005 658 1027 uxorein
683 1005 705 1026 a
728 994 801 1026 viro
825 1004 891 1026 non
916 994 1015 1026 disce-

64 1050 137 1083 dere
145 1061 156 1087 ;
179 1049 298 1092 quodsi
319 1048 524 1086 discesserit,
549 1057 682 1080 n'tancre
706 1047 893 1089 innuptam.

152 1104 181 1134 Ξ.
205 1102 298 1140 Item,
322 1101 513 1142 Augustinus
538 1101 577 1133 de
600 1100 683 1132 Bono
707 1100 862 1141 coniugali
877 1100 904 1132 ³:
929 1100 1014 1131 «lila-

64 1159 115 1188 net
146 1155 226 1187 inter
258 1154 398 1187 viventes
429 1153 592 1194 coniugale
628 1153 808 1191 vinculum,
841 1153 925 1195 quod
958 1161 1014 1185 nec

65 1208 218 1250 separatio
242 1216 298 1239 nec
322 1216 393 1239 cum
419 1206 480 1238 alio
504 1206 680 1238 coniunctio
705 1206 802 1247 possit
825 1205 993 1238 auferre».

152 1260 182 1293 3.
207 1261 300 1299 Item,
324 1260 453 1291 ratione
476 1259 618 1292 videtur:
644 1259 735 1301 quia,
757 1259 781 1291 si
807 1259 886 1291 alter
912 1262 1015 1300 posset

64 1315 199 1353 nubere3
225 1323 295 1346 cum
330 1313 566 1345 matrimonium
599 1322 659 1344 non
689 1312 885 1351 claudicest,
912 1315 1015 1354 posset

63 1364 196 1409 uterque
221 1367 357 1398 nubere:
383 1374 458 1407 ergo
490 1366 751 1407 quotiescumque
783 1365 888 1407 aliqua
922 1364 1015 1396 vellet

63 1420 179 1452 habere
195 1419 291 1451 alium
310 1419 413 1450 virum
426 1444 433 1456 ,
451 1422 555 1459 posset
573 1417 689 1450 habere
714 1417 913 1455 fornicando3
930 1417 1014 1459 quod

64 1473 192 1506 stultum
219 1476 266 1504 est
290 1472 404 1503 dicere.

149 1526 179 1557 [ι.
213 1525 304 1563 item,
341 1524 365 1556 si
403 1527 530 1565 propter
566 1524 801 1556 fornicationem
839 1524 1015 1555 solveretur

63 1578 187 1610 omnino
219 1577 472 1609 matrimonium:
506 1586 581 1619 ergo
613 1577 637 1609 si
670 1577 784 1618 aliquis
816 1581 1016 1618 cognosceret

62 1640 214 1669 uxorem,
231 1640 272 1663 ex
297 1640 359 1672 quo
383 1630 535 1663 fornicata
559 1634 622 1669 est,
640 1639 712 1663 cum
739 1630 799 1661 iam
825 1639 885 1661 non
910 1630 949 1661 sit
974 1630 1016 1661 iu-

64 1688 110 1717 ter
134 1693 186 1716 eos
213 1683 466 1721 matrimonium,
491 1686 634 1724 peccaret
659 1682 850 1721 mortalitem
867 1682 951 1724 quod
969 1686 1016 1715 est

64 1736 284 1769 inconveniens
309 1736 422 1768 dicere.

150 1789 294 1821 Comma:
315 1790 342 1820 i.
360 1789 439 1821 Osee
456 1789 594 1821 secundo
608 1788 636 1820 ⁵:
657 1789 735 1829 Ipsa
751 1798 816 1819 non
829 1797 916 1820 uxor
930 1797 1014 1825 inca,

64 1846 91 1874 ct
106 1851 161 1884 eyo
179 1851 244 1874 non
259 1842 312 1873 vir
337 1842 427 1879 citis,·
445 1841 568 1874 Glossa:
592 1854 607 1870 «
621 1841 700 1882 Quia
722 1841 869 1882 pristinos
890 1849 1015 1873 errores

64 1904 125 1927 non
149 1894 304 1936 reliquit»
320 1906 326 1926 :
345 1903 420 1936 ergo
443 1894 564 1933 anima,
583 1903 664 1936 quae
681 1903 741 1925 non
759 1893 909 1935 relinquit
933 1902 1017 1925 erro-

64 1957 130 1987 res,
155 1957 215 1979 non
240 1951 287 1980 est
311 1957 395 1979 uxor
419 1947 490 1979 Dei:
516 1956 590 1989 ergo
614 1956 632 1978 a.
657 1946 768 1985 simili,
794 1946 817 1978 si
847 1946 890 1978 ita
914 1949 960 1978 est
985 1946 1015 1977 in

65 2001 184 2043 signato
208 2004 238 2033 et
264 2001 292 2032 in
319 2001 423 2042 signo,
449 2000 581 2039 mulier,
606 2009 687 2042 quae
710 1999 931 2032 fornicationes
954 2008 1015 2030 nou

64 2054 228 2096 relinquit,
246 2063 306 2085 non
331 2057 378 2086 est
402 2063 485 2086 uxor
510 2053 588 2092 viri3
604 2057 635 2085 et
659 2053 683 2085 si
708 2053 783 2085 hoc:
802 2061 877 2094 ergo
901 2052 949 2085 vir
966 2061 1017 2094 po-

63 2110 121 2139 test
144 2116 214 2139 cum
241 2106 302 2138 alia
325 2107 454 2139 nubere.

151 2161 179 2191 ἓ.
206 2159 298 2197 Item,
323 2159 469 2191 Matthaei
494 2159 616 2191 decimo
644 2158 767 2191 non0⁶z
796 2158 861 2199 Qui
889 2158 1017 2190 dimise-

63 2212 109 2244 rit
131 2222 269 2244 uxorem
293 2216 322 2244 et
345 2212 450 2244 aliam
475 2212 628 2250 duxerit,
653 2215 786 2253 eoeccpta
818 2221 925 2243 causa
948 2209 1015 2253 for-

62 2264 258 2302 nicationis,
284 2263 495 2297 moechatur:
520 2273 595 2306 ergo
620 2265 644 2297 si
670 2269 755 2297 recta
784 2268 830 2296 est
854 2263 1015 2305 exceptio,

63 2315 132 2349 licet
148 2326 188 2349 ex
206 2326 301 2349 causa
318 2317 533 2350 fornicationis
549 2325 684 2349 uxorem
702 2316 861 2349 dimittere
878 2320 907 2348 et
921 2316 1014 2348 aliam

63 2369 187 2402 ducere.

150 2422 179 2455 3.
205 2423 296 2462 ltem,
322 2423 451 2455 ratione
474 2423 616 2455 videtur:
642 2423 716 2464 quia
740 2422 949 2455 adulterando
973 2422 1017 2454 di-

62 2475 132 2508 visit
163 2485 290 2509 carnem
322 2485 411 2508 suam
422 2489 430 2515 ;
463 2476 517 2508 sed
550 2476 789 2508 Sacramentum
823 2475 1013 2507 matrimonii

64 2532 124 2568 est,
142 2530 225 2571 quod
250 2530 312 2562 sint
336 2529 401 2561 dno
426 2529 461 2561 in
485 2538 586 2560 carne
609 2538 680 2561 ana
695 2529 725 2560 ⁷.-
743 2537 818 2570 ergo
834 2528 1014 2560 Sacramen-

63 2584 128 2614 tum
160 2591 215 2624 per
246 2582 483 2614 fornicationem
516 2581 667 2614 solvitur:
694 2590 769 2623 ergo
801 2590 861 2612 non
894 2584 940 2612 est
971 2580 1012 2612 ibi

63 2634 195 2676 amplius
219 2634 465 2667 matrimonium.

1168 785 1197 816 4.
1223 785 1316 823 ltem,
1341 789 1410 826 post
1442 786 1611 817 divortium
1646 787 1693 818 vir
1726 787 1756 818 in
1789 786 1875 818 nullo
1907 791 2031 818 tenetur

1080 837 1191 874 uxori,
1216 845 1272 869 nec
1301 838 1330 868 in
1356 841 1507 879 quantum
1533 838 1573 870 ad
1597 839 1737 870 debitum
1764 840 1948 871 solvendum
1975 848 2031 872 nec

1079 889 1180 930 quoad
1207 889 1489 922 cohabitationem:
1516 900 1591 931 ergo
1614 891 1727 933 aliquis
1752 895 1798 924 est
1822 902 1839 923 a
1866 892 1931 934 lege
1956 901 2033 924 uxo-

1080 943 1123 974 ris
1155 942 1320 981 solutus⁸3
1350 947 1380 975 et
1412 943 1435 975 si
1470 944 1545 981 hoc,
1575 954 1647 977 cum
1681 945 1728 976 vir
1761 945 1883 977 solutus
1914 955 1932 977 a
1965 945 2031 986 lege

1079 995 1190 1028 uxoris
1216 996 1312 1037 possit
1335 996 1538 1036 contrahere,
1565 997 1689 1029 videtur
1713 1002 1769 1030 etc.

1434 1111 1673 1135 CONCLUSIO.

1082 1207 1267 1239 Diuortiam
1292 1207 1329 1239 ob
1354 1207 1556 1239 adulteritum
1573 1207 1702 1250 factam.
1725 1218 1790 1239 ‘non
1810 1213 1946 1250 separat
1965 1218 2034 1240 ma-

1169 1260 1379 1298 trimonium,
1413 1261 1590 1292 ‹stemmata›
1631 1261 1769 1302 legitime
1803 1260 1871 1302 fuit
1906 1266 2034 1293 contra-

1168 1318 1272 1352 ctam,
1309 1314 1420 1356 quoad
1456 1313 1642 1351 vinculum,
1674 1314 1731 1346 sed
1761 1318 1889 1346 tantuin
1923 1315 2034 1357 quoad

1169 1366 1311 1398 debitam
1335 1370 1363 1398 ec
1386 1365 1669 1398 cohabitationem.

1171 1474 1367 1505 Responnno:
1394 1473 1584 1510 Dicendum,
1610 1473 1693 1514 quod
1727 1473 1897 1505 divortium
1931 1477 2029 1515 potest

1082 1526 1148 1558 lieri
1174 1526 1358 1567 dupliciter:
1382 1530 1436 1557 aut
1460 1526 1534 1567 quia
1560 1535 1709 1567 personae
1734 1530 1824 1558 erant
1846 1526 2033 1568 illeqititnae
2047 1533 2130 1563 Duplex
2148 1534 2179 1554 di-

1080 1579 1126 1610 αα
1149 1577 1411 1610 eontrahcncltmi.
1435 1579 1472 1610 ad
1508 1579 1639 1611 invicem
1674 1579 1875 1620 simpliciter,
1901 1583 1931 1611 et
1959 1583 2033 1611 tunc
2049 1563 2191 1607 εἷῗῖειῖἷῖἔῗὸι.

1081 1635 1214 1673 uterque
1232 1635 1332 1672 potest
1349 1631 1437 1663 alteri
1457 1631 1594 1671 nubere,
1613 1632 1693 1663 sicut
1710 1640 1807 1672 supra
1821 1631 1831 1646 ⁹
1851 1632 2032 1663 distinctum

1081 1687 1136 1716 est.
1162 1684 1263 1716 Potest
1287 1684 1380 1716 etiam
1407 1683 1472 1716 fieri
1488 1688 1623 1725 propter
1641 1684 1765 1715 crimen
1781 1682 2034 1726 fornicationis,-

1081 1742 1111 1769 et
1135 1741 1209 1769 tunc
1235 1747 1293 1768 non
1320 1741 1420 1779 potest
1445 1738 1631 1770 contrahere
1656 1747 1711 1770 nec
1744 1738 1792 1769 vir
1822 1746 1877 1770 nec
1904 1737 2194 1775 mulier300nelus102.

1081 1790 1172 1832 quia,
1196 1799 1268 1822 cum
1294 1793 1398 1822 essent
1423 1799 1574 1831 personae
1601 1790 1774 1831 legitimae,
1796 1790 1854 1822 fuit
1878 1790 1959 1821 inter
1983 1799 2036 1822 eas

1081 1844 1337 1879 Sacramentum,
1362 1843 1445 1884 quod
1475 1847 1521 1874 est
1552 1842 1714 1874 vinculum
1749 1842 1925 1874 insolubile.
1951 1842 2036 1874 Unde

1081 1895 1251 1928 divortium
1278 1905 1338 1927 non
1363 1899 1410 1927 est
1434 1895 1589 1937 separatio
1621 1899 1774 1937 quantum
1808 1895 1848 1927 acl
1873 1895 2035 1928 vinculum

1081 1948 1324 1987 sacramentale,
1350 1948 1404 1981 sed
1429 1952 1583 1990 quantum
1608 1949 1648 1981 ad
1680 1948 1821 1981 debitum
1855 1953 1885 1980 et
1914 1949 2037 1981 cohabi-

1067 2002 1240 2034 tationem.

1173 2056 1200 2086 l.
1225 2055 1267 2086 Ad
1300 2054 1377 2086 illud
1410 2064 1485 2096 ergo
1516 2055 1601 2096 quod
1634 2055 1791 2094 obiicitur,
1816 2055 1899 2097 quod
1932 2055 2037 2087 anima
2065 2065 2145 2097 santio
2159 2073 2196 2093 op-

1081 2107 1279 2139 fornicatoris
1304 2116 1363 2139 non
1389 2111 1435 2139 est
1459 2117 1543 2139 uxor
1567 2107 1641 2146 Dei3
1658 2108 1846 2147 dicendum,
1864 2108 1948 2150 quod
1974 2116 2037 2139 ma·
2052 2095 2175 2120 ‘mmmm‘

1082 2160 1265 2192 trimonium
1290 2169 1350 2192 nou
1370 2164 1417 2192 cst
1433 2161 1670 2193 Sacramentum
1689 2160 1789 2192 linias
1812 2161 2037 2203 principaliter,
2053 2172 2180 2193 Notandum.

1082 2213 1135 2245 sed
1162 2213 1404 2244 coniunctionis
1439 2213 1571 2244 divinae
1607 2217 1751 2245 naturae
1786 2218 1814 2244 et
1849 2212 2035 2251 humanae,

1081 2275 1162 2307 quae
1187 2265 1368 2298 nullatenus
1392 2266 1525 2298 solvitur
1542 2266 1583 2303 ¹⁰3
1608 2266 1678 2298 ideo
1703 2275 1762 2298 non
1789 2269 1834 2298 cst
1859 2267 1970 2299 simile.

1170 2319 1199 2350 9..
1225 2318 1268 2350 Ad
1294 2318 1371 2350 illud
1404 2319 1489 2360 quod
1521 2318 1668 2350 obiicitur
1700 2319 1738 2351 de
1771 2320 1956 2360 exceptione
1981 2319 2036 2351 Do-

1082 2371 1175 2409 mini,
1200 2370 1388 2409 dicendum,
1424 2371 1507 2413 quod
1545 2372 1689 2413 exceptio
1725 2380 1785 2403 non
1822 2371 1958 2404 refertur
1993 2372 2033 2404 ad
2048 2383 2179 2406 notandum.

1080 2427 1258 2465 utrumqne
1282 2427 1405 2462 actum,
1429 2423 1483 2455 sed
1509 2423 1548 2455 ad
1579 2423 1721 2455 alterum
1755 2427 1894 2462 tantum,
1920 2423 2037 2456 scilicet

1080 2475 1117 2507 ad
1144 2479 1249 2507 actum
1277 2476 1487 2514 dimissionis,
1511 2476 1596 2508 unde
1628 2477 1728 2508 oratio
1760 2476 1813 2508 illa
1845 2480 1909 2508 tres
1942 2476 2036 2509 habet

1079 2538 1191 2561 causas
1223 2529 1421 2567 veritatis¹¹;
1445 2529 1529 2561 unde
1554 2529 1627 2571 quia
1660 2529 1800 2571 procedit
1832 2530 1871 2561 ad
1903 2529 2034 2562 alteram

1081 2584 1218 2620 tantum,
1244 2581 1278 2613 fit
1302 2591 1508 2624 consequens.

1169 2633 1196 2665 3.
1222 2634 1265 2665 Ad
1290 2633 1369 2666 illud
1394 2634 1478 2676 quod
1501 2634 1658 2672 obiicitur,
1676 2634 1760 2676 quod
1778 2634 1912 2666 solvitur
1930 2635 2036 2667 Sacra-

132 2802 139 2818 ¹
160 2803 225 2828 Vide
245 2804 360 2829 scholion
381 2804 414 2829 ad
435 2805 458 2828 i.
479 2805 556 2829 huius
576 2804 675 2829 articuli
696 2808 796 2836 quaest.

132 2847 142 2863 ²
161 2848 234 2873 Vers.
258 2849 296 2873 10.
316 2855 370 2880 seq.

132 2890 143 2908 ³
161 2891 222 2924 Cap.
241 2892 266 2917 7.
287 2900 310 2917 n.
325 2894 348 2917 (5.
369 2900 422 2926 seq.
437 2893 631 2924 sententiatum-3
647 2892 726 2918 verba
741 2893 794 2924 ipsa
810 2892 937 2918 habentur
953 2893 967 2917 l.
983 2893 1014 2918 de

63 2933 161 2966 Nuptiis
184 2939 209 2960 et
232 2937 378 2968 concupisc.
403 2943 425 2962 c.
447 2937 489 2961 r10.
515 2943 539 2961 n.
564 2937 601 2961 tt.
627 2936 692 2961 Vide
718 2943 796 2968 supra
825 2936 859 2962 lit.
885 2937 1013 2969 Magistri,

65 2977 89 3003 d.
109 2978 202 3004 xxxi.
221 2986 242 3005 c.
264 2981 287 3004 2.

133 3021 143 3038 ⁴
162 3022 211 3048 Csr.
231 3030 309 3055 supra
331 3024 354 3049 d.
376 3025 417 3049 29.
437 3032 462 3056 q.
484 3025 508 3050 2.
531 3026 554 3049 in
575 3031 647 3056 corp.

132 3065 144 3082 ⁵
164 3067 236 3093 Vcrs.
261 3069 284 3092 2.
305 3082 338 3086 —
357 3069 445 3093 Glossa
472 3069 542 3100 apud
568 3069 698 3099 Lyranum
725 3068 905 3094 interlinearis
929 3072 1014 3094 sumta

66 3111 104 3134 est
120 3116 150 3135 ex
169 3110 270 3136 Hieron.
285 3112 309 3136 in
323 3112 392 3137 hunc
410 3112 505 3137 locum.
520 3126 555 3131 —
569 3112 662 3137 Verbis
681 3119 744 3145 erqo
764 3111 855 3137 anima
876 3112 952 3137 codd.
967 3112 1015 3137 FG

66 3153 216 3180 interserunt
235 3154 267 3180 si.

136 3197 147 3213 ⁶
165 3198 238 3223 Vers.
263 3199 293 3224 9:
318 3199 483 3231 Quicumque
508 3200 633 3224 dimiserit
659 3206 765 3224 uxorem
792 3206 881 3230 suam,
907 3200 954 3224 nisi
980 3199 1014 3225 ob

67 3240 270 3274 fornicationem,
290 3246 315 3268 et
333 3244 410 3268 aliam
430 3244 530 3268 duxerit
550 3243 708 3268 moechatur.
728 3242 780 3268 Csr.
802 3243 863 3268 ibid.
884 3243 915 3275 5,
937 3244 978 3268 32.

134 3284 145 3302 ⁷
163 3286 226 3311 Gen.
246 3287 275 3318 2,
296 3287 337 3312 24.
357 3291 382 3312 et
401 3288 486 3312 Matth.
508 3287 554 3317 19,
575 3287 598 3311 5.

135 3328 146 3344 ⁸
164 3329 308 3361 Respicitur
333 3331 407 3356 Rom.
428 3331 459 3363 7,
482 3331 505 3355 2.
531 3334 555 3356 ct
581 3331 597 3355 l.
623 3330 682 3355 Cor.
704 3331 733 3362 7,
755 3331 796 3355 39.
815 3344 851 3349 --
869 3330 932 3356 Edd.
957 3333 1016 3362 post

67 3377 128 3404 erqo
148 3372 246 3399 addunt
264 3373 294 3406 si,
316 3379 341 3400 ct
360 3375 453 3400 deinde
471 3375 554 3407 polest
574 3373 738 3401 contrahere.

205 3425 233 3452 S.
252 3426 354 3453 Bonav.
376 3441 410 3446 —
429 3428 505 3453 Torn.
525 3428 565 3452 lV.

1149 2803 1160 2819 9
1180 2804 1224 2828 Lit.
1246 2804 1371 2834 Magistri,
1393 2803 1416 2827 d.
1432 2803 1526 2828 XXXI.
1547 2810 1567 2828 c.
1589 2804 1616 2834 ‘23
1638 2803 1755 2829 XXXlV.
1772 2810 1793 2829 r.
1814 2804 1832 2835 l,
1853 2804 1941 2837 ibique
1961 2804 2035 2829 Com-

1079 2851 1158 2873 nient.
1180 2855 1204 2872 a.
1232 2848 1251 2873 l.
1274 2855 1297 2879 q.
1319 2848 1348 2878 2;
1368 2851 1393 2872 et
1412 2847 1437 2872 d.
1460 2848 1501 2871 32.
1528 2855 1550 2871 a.
1572 2847 1594 2871 t.
1617 2855 1641 2879 q.
1666 2849 1688 2872 2.
1715 2848 1739 2872 in
1762 2854 1832 2879 corp.
1857 2862 1891 2865 —-
1910 2849 2035 2879 Superius

1080 2892 1137 2917 voci
1156 2890 1311 2924 simpliciter
1329 2891 1370 2916 cd.
1395 2892 1401 2916 t
1426 2898 1485 2916 cum
1507 2891 1625 2922 pluribus
1639 2891 1716 2916 codd.
1740 2899 1876 2923 perperam
1896 2892 2035 2923 praemittit

1079 2942 1133 2961 non
1158 2937 1253 2961 tamen.
1281 2936 1387 2961 inferius
1412 2943 1459 2967 pro
1479 2935 1551 2969 qnia,
1580 2942 1642 2961 cnm
1665 2936 1752 2967 plures
1772 2936 1848 2962 codd.
1871 2936 1934 2969 qnia
1960 2938 2030 2968 tum,

1079 2980 1137 3005 eod.
1156 2987 1185 3004 aa
1205 2979 1269 3013 quia
1289 2987 1350 3006 cnm
1371 2981 1441 3006 tunc.

1151 3023 1172 3040 ¹⁰
1191 3023 1240 3049 Cir.
1267 3031 1345 3055 supra
1372 3025 1404 3048 lit.
1432 3024 1557 3055 Magistri,
1577 3023 1601 3048 d.
1623 3024 1715 3048 xxvt.
1741 3031 1762 3049 c.
1790 3025 1813 3054 6,
1839 3028 1863 3049 ct
1889 3024 2032 3050 Comment.

1079 3076 1101 3093 a.
1123 3069 1146 3093 2.
1167 3076 1191 3100 q.
1218 3069 1236 3093 i.
1251 3082 1286 3086 —
1303 3069 1429 3099 Superius
1442 3074 1490 3099 pro
1509 3067 1718 3094 Sacramentum
1731 3069 1772 3093 cd.
1797 3070 1803 3093 t
1827 3068 1950 3101 sianum,
1974 3069 2030 3094 Vat.

1079 3111 1186 3145 signam
1205 3111 1247 3137 vel
1265 3112 1480 3138 Sacramentum.

1152 3155 1169 3171 ¹¹
1192 3156 1216 3180 ln
1239 3156 1392 3180 matrimonii
1413 3156 1591 3180 coniunctione
1612 3156 1657 3180 tria
1677 3156 1863 3181 consideranda
1884 3160 1956 3187 sunt,
1977 3157 2031 3182 scil.

1080 3199 1227 3230 vinculum,
1250 3202 1334 3223 torum
1354 3203 1379 3224 ct
1398 3199 1566 3231 cohabitati03
1587 3199 1684 3232 quihus
1698 3200 1786 3231 triplex
1801 3200 1941 3231 respondet
1960 3207 2033 3232 sepa·

1079 3244 1156 3274 ratio,
1177 3243 1229 3268 scil.
1250 3243 1342 3268 solutio
1363 3243 1472 3274 vinculi,
1494 3244 1622 3274 separatio
1643 3243 1730 3276 quoad
1751 3247 1835 3269 torum
1859 3249 1883 3269 ct
1902 3245 2031 3276 separatio

1079 3287 1166 3319 quoad
1186 3286 1401 3311 cohabitationem
1428 3287 1489 3317 (cfr.
1510 3290 1609 3319 quaest.
1636 3288 1755 3319 praeced.
1776 3291 1801 3313 et
1824 3295 1902 3320 supra
1922 3289 1956 3313 lit.
1983 3289 2030 3313 Ma—

1079 3332 1163 3363 gistri,
1185 3330 1209 3355 d.
1230 3330 1324 3356 xxxt
1345 3339 1366 3356 c.
1387 3332 1431 3363 2.).
1447 3329 1582 3357 Solutioni
1600 3333 1755 3357 matrimonii
1772 3333 1879 3364 opponit
1894 3333 1918 3357 S.
1934 3333 2029 3357 Bonav.

1079 3374 1267 3407 dimissionem,
1284 3382 1351 3408 quae
1369 3376 1556 3407 separationem
1576 3376 1631 3401 sive
1651 3377 1738 3409 quoad
1758 3380 1858 3409 torum,
1872 3378 1927 3403 sive
1940 3377 2026 3410 quoad

1854 3431 1887 3455 99
