2483 3882
0 1785 32 1807 ›si-

666 242 758 273 DIST.
785 242 883 274 XXIV.
909 242 938 273 P.
964 242 996 274 ΙΙ.
1020 241 1101 274 ART.
1128 242 1159 273 II.
1184 241 1336 283 QUAEST.
1361 241 1394 273 Il.

52 339 110 358 eum
139 329 301 356 considerare
329 329 508 360 episcopatum
538 332 564 354 ut
591 329 744 356 distinctum
768 329 906 356 ordinem.-
927 329 997 362 quod

51 377 125 402 etiam
145 374 245 400 disertis
263 373 351 398 verbis
369 374 459 398 asserit
479 374 590 399 Durand.
611 374 665 406 (liic
685 382 710 406 q.
733 375 755 399 (3.
777 381 801 399 n.
822 374 866 405 8.)‚
888 374 995 405 addens,

51 419 161 445 eundem
180 424 236 442 esse
261 417 336 441 etiam
361 417 592 448 «Sacramentum,
614 424 663 442 non
694 418 801 450 quidem
826 418 940 449 praecise
961 417 998 442 di-

51 463 169 489 stinctum
188 467 202 485 a
221 459 363 485 sacerdotio
381 460 503 491 simplici;
519 460 564 485 scd
583 463 620 485 cst
634 467 714 485 unum
729 461 922 485 Sacramentum
937 467 996 485 cum

51 508 120 539 ipso,
141 507 204 531 sicut
222 504 364 535 perfectum
384 508 408 529 et
427 504 605 535 imperfectum
617 513 640 528 ».
657 504 789 529 Rationem
803 506 902 535 autem,
917 511 997 536 quare

52 552 92 576 hic
108 549 170 575 ordo
189 555 238 573 non
259 551 409 573 numeretur
429 550 456 572 ut
474 549 591 578 octavus,
608 548 721 573 Durand.
736 548 795 573 inde
809 549 870 579 petit
883 547 920 580 (n.
936 549 996 580 vl=l.),

51 595 110 626 quia
124 602 135 616 οι
144 599 192 617 non
203 595 241 616 est
254 591 285 616 de
297 590 483 617 communibus
497 591 639 623 ordinibus,
655 591 700 616 sed
711 594 749 616 est
762 599 909 624 supremus,
923 593 996 624 quasi

52 637 101 662 dux
129 638 153 660 et
180 636 301 667 princeps
320 635 463 666 aliorum»⁷
484 635 524 659 vel
549 636 631 667 «quia
653 635 702 660 sul)
726 635 870 661 sacerdotio
892 637 998 661 includi-

50 679 192 706 tur».-S.
208 679 300 704 Thom.
314 678 365 711 (hic
381 686 405 711 q.
417 679 440 703 3.
452 686 473 703 a.
486 680 508 703 2.
524 680 682 711 quaestiunc.
695 680 717 704 2.
729 679 761 704 ad
773 680 802 712 25
816 680 906 711 Suppl.
918 687 942 712 q.
955 680 996 705 40.

49 732 70 750 a.
90 723 124 755 5.)
144 724 259 755 sequitur
285 723 433 754 opinionem
453 722 521 747 illam
547 724 658 755 antiquis
678 730 844 748 communem
864 726 888 749 et
908 724 995 755 docet,

45 767 116 800 quod
144 767 307 798 episcopatus
336 773 387 791 non
416 770 453 791 est
478 766 542 791 ordo
563 768 681 798 proprie,
703 767 728 791 id
749 770 799 799 est,
824 768 995 792 «secundum

48 810 117 844 quod
135 809 199 835 ordo
222 813 259 835 est
279 809 486 836 Sacramentum
499 820 524 842 n,
546 810 591 835 sed
612 814 710 836 tantum
734 819 746 833 «
760 811 904 835 secundum
925 811 996 843 quod

48 857 85 881 est
96 853 209 888 officium
223 854 356 886 quoddam
372 858 491 885 respectu
506 855 669 887 quarundam
683 855 814 880 actionum
827 862 993 881 sacrarum».

47 898 114 924 ldem
133 900 216 923 tamen
237 899 261 922 in
281 899 393 929 genuino
413 899 539 929 opusculo
559 898 591 923 do
605 898 762 924 Persectione
776 900 843 924 vitae
856 900 996 930 spiritualis

46 942 79 974 (c.
99 941 158 973 23),
179 941 223 966 ubi
242 941 349 973 probat,
370 943 506 973 episcopos
519 949 575 967 esse
590 942 748 973 presbyteris
761 944 917 974 superiores,
935 944 996 969 sim-

46 986 142 1018 pliciter
161 985 232 1015 dicit,
253 986 323 1017 quod
338 993 387 1010 non
401 986 432 1010 sit
451 985 520 1011 idem
545 995 555 1008 α
567 985 631 1011 ordo
651 986 691 1010 vel
705 987 791 1012 staltis
810 988 994 1019 episcoporum

45 1032 69 1054 et
92 1028 342 1060 presbyterorum».
369 1043 402 1046 —
430 1030 488 1054 Post
516 1028 610 1054 Concil.
645 1029 758 1055 Trident.
791 1030 850 1061 (cfr.
879 1031 926 1055 loc.
954 1032 994 1056 cit.

45 1079 67 1098 c.
87 1072 109 1098 4.
129 1075 154 1098 et
172 1079 227 1097 can.
249 1071 283 1104 4.)
304 1073 425 1105 antiquus
443 1073 484 1098 ille
503 1073 626 1105 loquendi
647 1073 741 1098 modus
765 1074 846 1099 sactus
865 1077 903 1099 est
921 1075 995 1100 obso-

46 1117 122 1148 letus,
142 1123 202 1141 cum
222 1117 394 1141 communiter
422 1120 545 1149 tanquam
570 1121 670 1142 certum
695 1118 833 1150 doceatur,
856 1119 995 1144 ordinatio-

46 1166 103 1185 nem
127 1160 243 1191 episcopi
273 1167 333 1184 vere
357 1167 414 1185 esse
441 1159 650 1186 Sacramentum
672 1163 697 1186 et
717 1162 833 1186 conferre
857 1169 949 1187 verum
971 1166 995 1188 et

46 1202 195 1229 distinctum
213 1202 334 1229 ordinem
358 1206 383 1228 et
410 1205 599 1236 cliaracterem3
621 1205 692 1229 multi
712 1208 799 1230 autem
825 1208 942 1231 auctores
962 1207 995 1231 si-

45 1247 96 1272 mul
114 1247 218 1277 docent,
239 1248 308 1272 bunc
333 1247 450 1272 ordinem
481 1248 603 1280 distingui
632 1249 738 1281 quidem
765 1257 779 1274 a
798 1249 993 1283 presbyteratu,

1948 243 2007 275 631

1063 330 1109 355 sed
1129 332 1225 355 tantum
1245 328 1428 362 incidaequate,
1451 332 1572 362 tanquam
1592 331 1624 355 sit
1642 330 1770 361 extensio,
1793 329 2012 361 complementum

1064 381 1180 406 apexque
1199 374 1296 399 ordinis
1315 374 1493 406 sacerdotalis3
1514 381 1564 406 qua
1591 374 1804 399 determinatione
1832 375 1952 406 antiquus
1973 374 2012 399 ille

1063 418 1157 442 modus
1186 417 1307 450 loquendi
1335 418 1496 450 aliquatenus
1521 418 1615 443 salvari
1645 420 1735 450 potest.
1764 418 1810 443 l'ro
1839 419 1942 450 antiqua
1972 418 2013 443 illa

1063 463 1183 494 opinione
1203 463 1286 487 afferri
1307 465 1390 494 potest
1409 463 1484 488 ctiam
1505 463 1572 488 Alex.
1594 463 1656 494 llal.‚
1676 469 1731 487 rem
1752 465 1860 494 tangens
1878 463 1903 487 S.
1925 470 1950 494 p.
1971 463 2011 487 lV.

1063 514 1087 538 q.
1110 507 1150 531 20.
1172 513 1205 531 m.
1227 507 1249 531 8.
1270 514 1292 531 a.
1315 507 1336 538 sl,
1358 514 1381 538 q.
1397 507 1437 531 ⁶2¹.
1452 513 1486 530 m.
1502 505 1524 530 4.
1539 506 1571 531 ad
1592 507 1615 531 5.
1630 521 1664 524 —
1678 506 1702 531 4.
1716 507 1791 538 Quod
1812 507 1835 531 in
1857 507 1880 531 3.
1895 506 2010 531 fundam.

1063 551 1199 581 asseritur,
1222 551 1400 581 episcopatum
1420 550 1515 575 scilicet
1541 557 1590 575 non
1617 557 1694 581 posse
1718 550 1803 575 valide
1823 550 1893 582 dari,
1916 551 2011 575 omisso

1063 593 1220 623 sacerdotio,
1242 600 1292 618 non
1311 597 1433 619 vocatum
1453 597 1491 619 est
1516 594 1541 618 in
1567 593 1676 618 dubium
1704 594 1751 619 nisi
1777 601 1790 619 a
1816 594 1921 626 paucis,
1950 594 2014 619 inter

1063 644 1129 669 quos
1148 641 1186 663 est
1208 637 1369 662 Mabillonius
1389 637 1542 667 (Comment.
1562 638 1594 662 ad
1610 637 1735 664 Ordinem
1754 638 1932 670 Romanamg
1949 638 2011 670 lss.).

1063 680 1169 705 Omissis
1191 681 1341 713 diaconatu,
1364 681 1403 706 vel
1424 681 1627 713 subdiaconatu,
1650 682 1690 706 vel
1705 681 1840 706 ordinibus
1854 681 2009 714 minoribus,

1063 725 1221 749 consecratio
1241 725 1355 755 episcopi
1375 724 1460 749 valida
1481 728 1614 756 reputatur
1634 724 1666 749 ab
1687 724 1825 755 omnibus;
1846 724 1891 749 sed
1918 725 1942 749 S.
1969 724 2012 749 130-

1062 775 1120 792 nav.
1142 775 1201 792 cum
1220 768 1307 793 multis
1326 769 1451 800 antiquis7
1466 771 1493 793 ut
1506 769 1530 793 S.
1547 769 1701 799 Raymundo
1720 771 1745 794 et
1763 770 1787 793 S.
1803 769 1942 799 Antonino,
1957 775 2013 793 cen-

1061 812 1124 842 suit,
1138 814 1198 836 tunc
1211 818 1271 836 cum
1292 818 1341 836 non
1362 818 1437 842 posse
1457 812 1574 837 conterre
1587 813 1720 844 ordinem,
1740 813 1788 844 ipsi
1809 819 1858 837 non
1880 813 2010 837 collatum.

1062 856 1104 887 (ita
1125 856 1188 880 infra
1210 855 1233 880 d.
1256 856 1297 881 25.
1317 855 1379 880 dub.
1401 856 1514 887 ·l.).—sed
1535 857 1597 881 baec
1615 858 1702 887 opinio
1716 864 1729 882 a
1744 856 1930 882 recentioribus
1944 863 2012 881 com-

1061 901 1174 925 munitor
1193 907 1243 925 non
1264 899 1403 931 probatur,
1423 900 1444 924 si
1464 901 1549 931 agitur
1562 900 1595 925 de
1608 900 1742 927 validitate
1755 901 1853 926 ordinis
1867 902 1903 926 sic
1916 901 2008 926 collati.

1132 943 1167 968 De
1187 943 1209 967 3.
1230 943 1380 975 quaestione
1400 946 1501 973 praeter
1521 944 1621 968 citatos:
1645 944 1670 968 Β.
1691 943 1794 976 Albert.‚
1818 945 1858 969 hic
1872 951 1893 969 a.
1915 944 1955 968 39.
1978 957 2011 960 —

1061 987 1124 1012 Pctr.
1145 994 1158 1011 a
1179 987 1247 1018 Tar.y
1269 987 1309 1011 hic
1329 993 1353 1018 q.
1377 986 1398 1010 l..
1419 994 1440 1011 a.
1463 987 1485 1011 ’1.
1506 1000 1540 1004 —
1559 987 1676 1012 Richard.
1697 995 1710 1012 a
1725 988 1798 1020 Med.y
1814 989 1854 1013 bic
1868 996 1890 1013 a.
1911 987 1933 1012 5.
1949 995 1973 1020 q.
1989 988 2013 1012 ⁵2.

1060 1044 1094 1048 ——
1113 1030 1217 1062 Dionys.
1237 1030 1334 1062 Carth.y
1357 1031 1397 1055 hic
1417 1037 1440 1062 q.
1461 1029 1487 1055 7.

1132 1075 1167 1099 lll.
1187 1074 1224 1099 De
1244 1073 1266 1098 4.
1288 1074 1451 1106 quaestione:
1471 1073 1548 1106 scot„
1570 1081 1595 1106 q.
1617 1075 1657 1099 cit.
1671 1087 1706 1092 —
1719 1075 1743 1099 S.
1765 1075 1867 1107 Tliom.⁷
1889 1076 1929 1100 bic
1949 1082 1973 1107 q.
1989 1076 2013 1100 2.

1059 1125 1082 1143 a.
1103 1119 1125 1143 t.
1152 1119 1311 1150 quaestiunc.
1333 1118 1355 1143 sl.
1376 1118 1405 1148 2;
1426 1118 1516 1149 Suppl.
1536 1125 1561 1150 q.
1591 1118 1632 1143 37.
1658 1125 1680 1143 a.
1712 1119 1734 1143 q·
1761 1120 1784 1143 2.
1805 1119 1839 1137 -“
1857 1120 1883 1144 Β.
1905 1119 2013 1152 Albert.‚

1060 1163 1101 1188 liic
1119 1169 1142 1187 a.
1163 1163 1186 1186 6.
1207 1176 1241 1180 —-
1261 1162 1324 1187 l’etr.
1345 1169 1358 1186 a
1379 1162 1447 1193 Tar,
1467 1162 1508 1186 bic
1528 1169 1552 1194 q.
1573 1163 1596 1187 2.
1617 1169 1639 1187 a.
1660 1162 1683 1187 3.
1704 1164 1864 1194 (itiacstiunc.
1886 1164 1907 1187 i.
1922 1177 1956 1180 —
1975 1164 2014 1188 Ri-

1060 1206 1148 1232 cbard.
1163 1214 1175 1231 a
1192 1206 1264 1237 Med¹¹
1286 1206 1327 1230 liic
1347 1213 1369 1230 a.
1390 1206 1413 1230 3.
1434 1213 1458 1238 q.
1481 1206 1505 1230 3.
1522 1220 1555 1223 —
1570 1206 1694 1238 Durand.‚
1716 1207 1756 1231 bic
1779 1214 1803 1238 q.
1825 1207 1848 1231 2.
1863 1221 1895 1224 —
1910 1207 2013 1238 Dionys.

1060 1250 1153 1282 Carth.y
1168 1251 1209 1275 hic
1223 1257 1247 1282 q.
1263 1249 1287 1275 5.

905 1379 1088 1419 QUAESTIO
1112 1379 1144 1410 Il.

752 1488 869 1520 Utrum
890 1489 1124 1530 psalmistattts
1147 1489 1191 1522 sit
1214 1489 1304 1521 ordo.

131 1612 272 1644 Secundo
289 1612 453 1653 quaeritur
464 1638 471 1651 ‚
488 1615 597 1644 utrum
615 1612 830 1653 psalmistatus
847 1613 886 1645 sit
902 1614 991 1645 ordo.

47 1665 80 1697 Et
102 1665 185 1707 quod
210 1665 270 1703 sic,
295 1665 429 1696 videtur.

133 1719 158 1749 I.
184 1717 385 1750 Distinctione
410 1718 560 1759 vigesima
577 1718 679 1759 prima
698 1718 723 1749 ¹:
750 1718 860 1750 Cieros
885 1723 913 1750 et
938 1719 993 1750 cte-

45 1770 141 1808 ricos,
159 1773 188 1802 et
205 1770 300 1802 infra:
325 1770 544 1803 «Generaliter
568 1771 672 1803 clerici
695 1771 768 1803 dicti
794 1775 867 1802 sunt
884 1781 992 1803 omnes
1039 1810 1041 1815 .

44 1822 96 1864 qui
123 1822 154 1854 in
184 1822 318 1855 Ecclesia
341 1823 456 1855 Christi
481 1823 677 1862 deserviunt,
702 1832 841 1864 quorum
873 1824 992 1865 gradus

44 1880 72 1909 et
104 1876 230 1908 nomina
265 1876 342 1908 haec
378 1879 466 1908 sunt:
503 1876 668 1915 ostiarius,
694 1876 856 1917 psalmista
891 1881 921 1909 et
955 1877 992 1909 le-

45 1932 134 1962 ctor»
164 1932 239 1967 etc.;
264 1933 294 1961 et
311 1929 450 1967 iterum,
468 1929 664 1961 distinctione
690 1930 841 1971 vigesima
865 1931 991 1972 quinta,

45 1981 209 2019 Perleotz's,
227 1984 258 2013 et
281 1981 378 2019 infra,
394 1981 448 2013 ubi
465 1985 630 2013 enumerat
654 1981 793 2014 officium
812 1983 992 2023 psalmistae

44 2033 121 2066 inter
143 2034 238 2072 alios;
262 2037 292 2066 et
317 2034 374 2066 hoc
410 2043 561 2075 expresse
593 2034 667 2066 dicit
695 2035 835 2067 Isidorus
859 2036 992 2076 septimo

43 2086 120 2118 libro
144 2087 419 2128 Etymologiarum.

127 2141 156 2172 52.
181 2140 273 2178 Item,
298 2141 426 2172 ratione
461 2141 587 2173 videtur
623 2141 681 2173 hoc
712 2141 817 2183 ipsum
847 2142 991 2183 probari:

45 2193 114 2233 quia
150 2193 313 2234 prophetia
348 2193 544 2225 Psalmorum
576 2203 637 2225 non
673 2198 719 2226 est
751 2195 855 2227 minus
881 2195 992 2227 nobilis

44 2254 135 2286 quam
159 2245 254 2277 aliae:
280 2255 371 2287 ergo,
397 2246 478 2278 sicut
502 2250 548 2279 est
571 2247 649 2278 ordo
673 2247 704 2278 in
738 2247 873 2280 Ecclesia
897 2248 991 2289 depu-

43 2300 122 2329 tatus
145 2298 184 2329 ad
220 2298 413 2330 recitandum
447 2297 524 2330 alias
549 2299 747 2340 prophetias,
772 2300 889 2332 scilicet
914 2300 992 2332 ordo

45 2348 169 2381 lectoris
184 2349 213 2387 ²,
238 2350 280 2381 ita
304 2350 446 2388 videtur,
473 2350 557 2392 quod
582 2350 695 2382 debeat
720 2351 834 2393 aliquis
850 2352 928 2384 ordo
945 2361 992 2383 or-

45 2401 141 2434 dinari
166 2403 203 2435 ad
230 2403 427 2435 recitandum
457 2403 594 2435 psalmos
603 2415 611 2442 3
637 2404 691 2436 sed
717 2405 774 2437 iste
798 2408 845 2437 est
868 2405 992 2446 psalmi-

44 2458 122 2487 stae:
148 2464 222 2497 ergo
247 2461 304 2488 etc.

128 2508 156 2540 3.
180 2509 273 2547 Item,
297 2509 434 2541 nobilius
458 2513 488 2541 et
512 2510 637 2551 dignius
666 2510 803 2543 officium
835 2514 881 2543 est
913 2511 992 2543 Psal-

43 2568 108 2592 mos
132 2561 161 2592 in
186 2562 322 2594 Ecclesia
346 2563 497 2601 recitare,
521 2572 616 2603 quam
642 2563 681 2595 sit
705 2563 783 2595 ostia
814 2564 988 2595 custodire:

45 2621 116 2653 ergo
139 2613 162 2646 si
187 2615 264 2646 ordo
289 2615 459 2656 deputatus
476 2619 522 2647 est
539 2615 578 2647 ad
604 2615 683 2647 illud
700 2615 837 2647 officium
852 2616 873 2654 ⁸,
892 2616 990 2647 multo

44 2663 152 2698 fortius
175 2667 317 2705 videtur,
342 2667 426 2708 quod
451 2667 490 2699 ad
515 2668 684 2700 dicendum
711 2668 857 2700 l'salmos.

129 2718 270 2751 CONTRA:
299 2721 325 2751 1.
350 2720 552 2752 Distinctione
574 2720 803 2761 septuagesima
827 2719 990 2761 septinia⁴‚

0 2769 130 2803 namuci
151 2781 220 2810 nos,
245 2775 275 2803 et
300 2772 395 2803 infra:
428 2785 442 2801 «
463 2773 491 2804 Si
517 2772 588 2814 quis
612 2773 778 2814 episcopus
802 2781 869 2804 esse
895 2782 991 2804 mere-

44 2826 111 2862 tur,
136 2824 174 2856 sit
207 2825 346 2866 primum
383 2825 561 2863 ostiarius,
587 2825 700 2857 deinde
734 2825 851 2863 tector,
884 2830 990 2867 postea

45 2876 223 2916 exorcista,
248 2878 361 2910 deinde
386 2882 527 2910 sacretur
551 2878 742 2921 (tcolytltuS,
767 2879 880 2910 deinde
916 2887 990 2910 vero

1057 1613 1300 1651 subdiaconus,
1326 1613 1439 1646 deinde
1464 1613 1644 1651 diaeonus,
1669 1618 1776 1656 postea
1796 1615 1967 1658 presbyter
1980 1626 2012 1647 »:

1058 1667 1108 1698 hic
1133 1666 1325 1698 sufficienter
1349 1666 1468 1708 gradus
1493 1670 1523 1698 et
1547 1667 1673 1699 ordines
1698 1667 1953 1709 distinguimtnr‚
1983 1671 2013 1700 et

1058 1729 1119 1751 non
1144 1721 1271 1761 ponitur
1295 1720 1372 1751 ordo
1397 1719 1593 1760 psalmistae:
1620 1728 1695 1761 ergo
1719 1724 1776 1752 etc.

1148 1775 1176 1805 2.
1204 1773 1296 1811 item,
1321 1781 1430 1804 omnes
1465 1773 1609 1812 ordines,
1634 1773 1714 1805 sicut
1739 1774 1852 1805 melius
1875 1774 2010 1815 patebit,

1058 1825 1097 1857 ab
1123 1825 1269 1866 episcopo
1293 1825 1427 1863 dantur,
1452 1834 1512 1857 non
1544 1835 1563 1857 a
1598 1825 1731 1867 simplici
1756 1826 1932 1864 sacerdote3
1958 1826 2012 1858 sed

1059 1879 1275 1920 psalmistatus
1305 1878 1400 1910 datur
1432 1888 1450 1910 a
1486 1878 1617 1920 simplici
1652 1878 1832 1917 sacerdote3
1857 1879 1941 1911 unde
1971 1879 2014 1911 di-

1057 1932 1221 1964 stinctione
1239 1931 1389 1972 vigesima
1414 1931 1505 1963 tertia
1517 1932 1543 1963 ⁵:
1568 1943 1582 1960 «
1596 1931 1759 1964 psalmista
1776 1935 1877 1973 potest
1894 1932 2012 1973 absque

1057 1985 1185 2017 scientia
1217 1984 1351 2026 episcopi
1391 1985 1457 2016 sola
1492 1985 1629 2017 iussione
1661 1985 1837 2026 presbyteri
1873 1985 2011 2017 officium

1057 2038 1217 2078 suscipere
1242 2037 1431 2070 cantandi».

1147 2090 1176 2122 3.
1202 2091 1291 2128 Item,
1315 2090 1355 2122 ad
1381 2090 1458 2122 illud
1484 2090 1567 2132 quod
1593 2090 1802 2123 communiter
1826 2094 1945 2132 spectat
1972 2091 2012 2123 ad

1057 2146 1157 2175 totum
1191 2143 1343 2181 chorum,
1368 2152 1428 2174 non
1466 2143 1559 2175 debet
1594 2143 1708 2185 aliquis
1739 2144 1818 2176 ordo
1850 2143 2013 2175 ordinari6

1057 2196 1252 2237 specialiter;
1278 2196 1330 2228 sed
1358 2196 1532 2237 psalmodia
1549 2200 1668 2237 spectat
1685 2196 1725 2228 ad
1742 2205 1850 2228 omnes
1868 2196 1920 2237 qui
1939 2200 2012 2228 sunt

1058 2249 1087 2280 in
1106 2250 1211 2288 choro,
1228 2254 1259 2281 et
1276 2254 1385 2282 cantus
1403 2249 1647 2290 antiphonarum
1673 2253 1703 2281 et
1719 2250 2010 2291 responsoriorum:

1057 2310 1132 2342 ergo
1156 2305 1213 2333 etc.

1414 2416 1654 2439 CONCLUSIO.

1074 2512 1313 2544 Psalmistatus
1334 2512 1472 2553 proprie
1494 2522 1560 2544 iton
1583 2517 1629 2544 est
1653 2513 1749 2550 ordo,
1773 2513 1830 2544 secl
1853 2512 1997 2555 officium

1373 2565 1487 2596 ordini
1509 2574 1686 2596 mittemini.

1144 2669 1341 2701 Respouneo:
1369 2669 1558 2707 Dicendum,
1584 2669 1668 2710 qnod
1702 2669 1916 2710 psalmistatus
1940 2680 2008 2712 pro·
2022 2686 2141 2707 Commio,

1054 2721 1123 2762 prie
1148 2731 1206 2752 non
1232 2726 1278 2753 est
1303 2722 1397 2760 ordo,
1423 2721 1477 2753 sed
1502 2721 1639 2753 officium
1657 2722 1759 2754 ordini
1777 2731 1947 2755 annexum.
1965 2743 2007 2747 —

1057 2774 1090 2805 Et
1114 2774 1192 2805 ratio
1218 2774 1312 2806 buius
1337 2778 1396 2811 est,
1422 2774 1495 2815 quia
1520 2783 1580 2805 non
1606 2774 1680 2806 dicit
1705 2774 1860 2812 officium,
1885 2776 1934 2807 cui
1957 2776 2090 2813 (le-natio,

1055 2826 1125 2858 beat
1150 2826 1292 2867 specialis
1324 2826 1442 2867 gradus
1473 2826 1592 2858 ordinis
1625 2827 1787 2868 deputari,
1813 2828 1867 2860 sed
1904 2828 2005 2860 solum

1054 2883 1101 2911 est
1124 2888 1284 2911 annexum
1310 2880 1422 2911 ordIni.
1447 2879 1630 2911 psalmista
1654 2880 1736 2911 enim
1762 2884 1792 2912 et
1816 2885 1932 2913 cantor
1950 2891 2006 2923 pro

114 3051 122 3067 ¹
142 3051 202 3078 Can.
223 3055 246 3079 «l.
270 3054 335 3080 Vide
360 3056 401 3079 liic
419 3055 452 3080 lit.
480 3055 605 3087 Magistri,
632 3062 653 3080 e.
676 3055 698 3079 4.
719 3069 753 3072 —
773 3056 831 3088 Seq.
858 3056 929 3081 locus
954 3059 992 3081 cst

48 3093 103 3119 dist.
123 3095 163 3120 25.
184 3104 204 3121 c.
226 3097 247 3122 yl.
267 3098 282 3130 S
303 3098 332 3123 4:
356 3098 415 3122 «Ad
431 3099 590 3129 psalmistam
610 3099 719 3129 pertinet
733 3099 847 3123 officium
868 3100 989 3131 canendi,

48 3137 130 3163 dicere
153 3139 356 3172 benedictiones,
377 3141 466 3165 landes
480 3150 491 3163 ν
515 3145 561 3165 etc.
588 3142 656 3165 Sicut
677 3142 717 3166 bic
737 3141 808 3166 locus
828 3147 928 3167 sumtus
954 3147 992 3168 est

47 3187 77 3205 ex
96 3181 172 3212 Epist,
188 3183 275 3208 Isidori
296 3184 328 3209 ad
348 3184 525 3216 Ludisredum,
541 3186 572 3209 ita
588 3185 688 3215 primus
708 3192 736 3209 ex
756 3185 853 3217 lsidor.,
872 3186 921 3210 Vll.
938 3186 992 3217 Ety-

47 3225 141 3256 molog.
161 3233 183 3252 c.
200 3228 241 3259 112,
262 3228 304 3253 ubi
325 3229 400 3253 etiam
420 3236 442 3253 n.
464 3227 504 3253 24.
524 3228 601 3253 dicit:
620 3228 738 3253 Lectores
758 3236 770 3253 a
792 3229 911 3261 legendo,
927 3230 990 3260 psal-

48 3269 136 3293 mistae
155 3277 167 3294 a
188 3271 293 3302 psalmis
312 3272 433 3297 canendis
452 3273 535 3297 vocati
555 3276 602 3297 etc.
623 3272 672 3297 Cir.
688 3273 728 3297 hic
742 3273 775 3297 lit.
790 3273 914 3304 Magistri,
930 3281 951 3298 c.
966 3275 989 3298 6.

114 3313 125 3328 ²
145 3314 209 3339 Vide
222 3316 262 3340 bic
275 3316 308 3340 lit.
323 3316 443 3348 Magistri,
457 3323 478 3341 c.
493 3316 517 3340 6.
528 3317 628 3341 —Mox
642 3323 689 3347 pro
701 3316 867 3342 recitandum
882 3317 939 3342 cod.
952 3317 989 3342 bb

47 3356 218 3382 cantandum.

1127 3056 1138 3073 ³
1158 3056 1207 3082 Cir.
1229 3057 1270 3082 liic
1290 3057 1323 3082 lit.
1344 3057 1470 3087 Magistri,
1493 3063 1515 3081 c.
1537 3056 1561 3080 5.

1127 3099 1137 3116 ⁴
1157 3100 1218 3125 Can.
1244 3101 1264 3124 1.

1127 3143 1138 3159 ⁵
1156 3143 1217 3168 Can.
1244 3144 1290 3168 20:
1317 3142 1475 3174 Psalvzista,
1504 3143 1529 3168 id
1553 3146 1591 3169 est
1617 3147 1717 3174 cantor,
1746 3146 1830 3175 polest
1854 3144 1953 3177 absque
1980 3145 2007 3169 li-

1057 3188 1136 3212 centia
1157 3187 1305 3218 episcopi...
1326 3187 1458 3217 suscipere
1483 3187 1616 3218 cantandi,
1639 3187 1738 3212 dicente
1764 3188 1812 3212 sibi
1839 3188 2006 3219 presbytero:

1058 3229 1137 3260 Vide,
1160 3232 1187 3253 ut
1212 3229 1282 3261 qnod
1303 3236 1347 3253 ore
1373 3232 1459 3254 cantas
1484 3229 1561 3254 corde
1582 3229 1686 3261 credas,
1714 3233 1739 3255 et
1757 3231 1828 3263 quod
1848 3231 1926 3256 corde
1950 3238 2005 3256 cre-

1057 3273 1096 3297 dis
1125 3272 1248 3304 operibus
1277 3272 1440 3304 comprobes.
1466 3287 1497 3291 —
1519 3273 1608 3299 Maior
1636 3274 1778 3300 ostenditur
1807 3275 1871 3300 infra
1901 3275 1927 3301 d.
1957 3275 1999 3300 25.

1056 3324 1078 3341 a.
1103 3317 1122 3340 l.
1142 3324 1166 3348 q.
1193 3317 1212 3340 l.

1125 3359 1136 3375 ⁶
1155 3359 1216 3384 Cod.
1232 3360 1253 3391 Q
1266 3359 1448 3392 denominari,
1465 3361 1522 3386 cod.
1537 3361 1560 3385 X
1575 3360 1709 3394 deputari,
1725 3362 1784 3387 edd.
1799 3363 1918 3389 omittunt
1931 3362 2005 3389 ordo.
