2483 3882
0 678 18 700 io
26 678 46 699 3.

740 260 834 291 DiST.
859 260 941 291 XLII.
967 260 1047 291 ART.
1072 260 1092 291 1.
1118 260 1270 300 QUAEST.
1295 260 1341 292 lii.

58 352 219 391 peccatum
245 357 339 381 suum
364 348 454 380 alteri
479 348 647 390 imputari,
665 351 788 380 tenetur
812 348 954 380 reddere.
975 348 1008 380 Et

58 403 116 434 hoc
141 405 239 433 totum
265 401 470 433 confirmatur
495 410 551 442 per
575 401 793 438 auctoritates,
823 409 903 442 quae
936 404 1009 432 sunt

60 456 90 487 in
110 455 213 486 littera
227 454 245 492 ¹,
262 463 396 495 quarum
415 454 568 495 quasdam
582 456 705 495 oportet
718 453 870 485 reducere
887 453 925 485 ad
940 462 1009 485 con-

59 507 197 539 cordiam
222 515 278 547 per
303 505 494 547 praedictam
520 505 759 537 distinctionem.
988 529 990 531 >

147 560 174 590 Si
200 561 305 591 autem
330 557 471 599 cognatio
499 557 672 598 spiritualis
693 557 872 598 praecedat
904 558 1009 589 matri-

58 613 216 650 monium,
241 611 310 650 illa,
346 611 492 652 iuquam,
528 619 609 651 quae
640 610 837 642 contrahitur
866 619 922 651 per
959 611 1009 642 ba-

60 666 210 706 ptismum
234 667 264 696 et
288 663 575 699 confirmationem;
600 663 643 694 sic
668 662 798 704 impedit
826 663 1009 695 contrahen-

59 718 134 750 dum
160 721 190 748 et
213 716 331 748 dirimit
356 718 550 748 contractum
565 740 572 753 ,
596 723 654 756 pro
678 723 714 746 eo
738 714 822 755 quod
847 715 918 747 facit
942 724 1009 756 per-

58 779 149 802 sonas
181 768 363 810 simpliciter
398 767 593 809 illegitimas,
621 771 651 799 et
686 767 778 805 ideo,
814 767 838 799 si
864 767 1008 799 videatur

58 822 219 855 vinculum
243 821 399 860 contrahi,
431 830 492 852 non
525 824 629 852 tamen
654 820 858 852 contrahitur.
883 839 928 842 —
955 820 1010 851 lm-

57 875 143 917 pedit
166 877 271 907 autem
304 873 445 915 cognatio
470 873 704 905 matrimonium
738 872 911 905 secundum
946 876 1009 905 tres

57 927 262 964 differentias,
288 927 405 959 scilicet
425 926 651 968 paternitatis,
674 925 958 967 compaternitatis
979 928 1009 957 et

57 979 294 1023 fraternitatis,
312 980 392 1012 sicut
415 979 569 1021 probatur
593 979 693 1011 Causa
719 978 893 1019 trigesima,
918 986 1009 1020 quae-

57 1033 154 1065 stione
180 1033 281 1073 prima
295 1032 316 1071 ²,
341 1033 386 1064 De
410 1042 445 1064 eo
470 1032 557 1075 quod
580 1031 811 1073 interroyasti,
836 1034 867 1063 et
890 1030 920 1062 in
938 1030 1008 1062 aliis

56 1086 259 1128 sequentibus
276 1085 435 1127 capitulis,
452 1089 483 1118 et
500 1085 600 1118 Causa
624 1085 802 1126 trigesima,
826 1083 1008 1126 quaestione

59 1139 150 1172 tertia
174 1147 230 1180 per
254 1142 364 1170 totum.

147 1193 176 1223 1.
195 1191 250 1223 Per
268 1192 348 1223 hanc
365 1191 594 1223 distinctionem
611 1194 696 1232 patet
713 1190 875 1231 responsio
892 1190 931 1221 ad
949 1189 1009 1231 pri-

36 1253 146 1275 .mum
179 1243 352 1276 obiectum:
379 1244 453 1286 quia
481 1243 532 1275 illa
566 1243 736 1275 auctoritas
760 1242 945 1284 intelligitur
970 1242 1009 1274 de

58 1297 249 1338 cognatione,
267 1305 347 1338 quae
364 1297 568 1337 consequitur
582 1295 832 1334 matrimonium,
849 1304 929 1337 quae
946 1305 1006 1327 11011

58 1350 158 1391 potuit
183 1350 304 1382 solvere
328 1350 417 1391 prius
442 1349 623 1387 vinculum,
648 1349 732 1390 quod
754 1349 834 1380 inter
860 1357 1009 1390 personas

58 1402 212 1444 legitimas
236 1406 303 1434 erat
326 1405 531 1434 contractum.

145 1457 173 1487 Ξ.
199 1455 239 1487 Ad
267 1455 343 1487 illud
370 1455 453 1496 quod
478 1454 642 1493 obiicitur,
671 1454 754 1496 quod
781 1464 844 1486 una
868 1454 1009 1495 cognatio

59 1512 105 1540 est
121 1508 264 1540 ordinata
281 1508 320 1540 ad
345 1507 491 1546 alteram;
508 1507 692 1545 dicendum,
709 1508 793 1548 quod
818 1516 928 1539 verum
948 1510 1008 1546 est,

59 1570 118 1592 non
138 1565 239 1593 tamen
266 1561 296 1592 in
314 1560 438 1598 eodem,
456 1560 511 1592 sed
535 1560 565 1592 in
583 1560 726 1593 (liversis.
745 1560 829 1592 Sicut
846 1560 928 1592 enim
946 1569 1007 1592 car·

59 1614 107 1645 nis
131 1613 313 1646 commixtio
342 1613 507 1645 ordinatur
539 1613 577 1645 ad
603 1613 850 1654 generationem,
883 1622 943 1644 non
969 1616 1011 1644 ta-

1960 262 2019 293 871

1074 357 1142 380 men
1168 357 1319 389 generans
1344 348 1436 380 dehet
1460 357 1531 381 cum
1559 348 1620 380 filia
1642 349 1808 381 carnaliter
1826 349 2022 382 commisceri

1073 405 1200 442 propter
1223 401 1391 433 novitatem
1422 401 1556 440 vincuii;
1589 401 1632 433 sic
1657 401 1912 443 intelligendum,
1938 402 2022 443 quod

1072 462 1132 484 non
1158 453 1249 485 debet
1278 453 1438 495 baptizans
1469 463 1540 486 cum
1567 453 1721 495 baptizato
1751 454 1918 486 carnaliter
1941 463 2023 486 com-

1073 506 1195 537 misceri
1229 514 1285 538 nec
1316 515 1372 547 per
1406 506 1640 538 matrimonium
1673 507 1822 547 copulari.
1857 507 2022 548 Amplius,
2038 515 2086 537 Alia
2100 515 2162 537 ratio.

1073 559 1218 600 quamvis
1242 568 1340 591 unum
1364 560 1475 591 horum
1498 559 1696 591 vinculorum
1722 559 1761 592 sit
1777 560 1956 592 ordinatum
1982 560 2022 592 ad

1073 611 1225 649 alterum,
1250 620 1310 643 non
1343 615 1446 644 tamen
1475 612 1638 653 spirituale
1673 612 1711 644 ad
1750 612 1894 649 carnale,
1926 613 1980 645 sed
2006 622 2023 645 e

1072 672 1232 695 converso.
1251 664 1285 695 Et
1310 664 1391 702 ide0,
1410 669 1575 706 postquam
1594 665 1759 697 intervenit
1777 665 1918 707 cognatio
1935 666 2023 706 spiri-

1073 716 1177 753 tualis,
1194 726 1354 758 nunquam
1370 717 1462 749 dehet
1479 718 1667 750 intervenire
1682 718 1864 750 commixtio
1878 718 2021 751 earnalis.

1162 768 1190 800 3.
1215 769 1259 801 Ad
1284 769 1362 801 illud
1387 770 1470 810 quod
1503 771 1649 803 obiicitur
1678 771 1717 803 de
1742 771 1793 803 illo
1818 772 1871 813 qui
1897 775 2022 804 revocat

1072 821 1112 852 ab
1137 829 1262 859 errore,
1287 822 1473 860 dicendum,
1498 824 1581 864 quod
1608 824 1686 856 illud
1705 824 1866 856 vinculum
1892 834 1952 856 non
1978 833 2023 856 so-

1074 872 1139 904 lum
1164 873 1236 905 facit
1260 873 1412 915 impensio
1430 874 1588 914 beneficii,
1613 876 1667 908 sed
1684 876 1776 908 etiam
1802 880 1953 909 statutum
1973 877 2023 909 Ec-

1073 925 1185 957 clesiae
1209 925 1333 958 Christi.
1350 944 1395 948 —
1419 926 1456 958 Si
1478 931 1587 959 autern
1613 938 1776 970 quaeras,
1800 938 1898 971 quare
1924 930 2023 971 magis
2052 941 2184 972 ,111951111-

1074 978 1207 1010 instituit
1232 978 1384 1016 Ecclesia;
1409 979 1595 1018 dicendum,
1620 982 1703 1022 quod
1721 991 1777 1023 per
1802 982 1920 1014 nullam
1939 983 2023 1015 111511-
2036 974 2112 1016 &imeras
2143 968 2184 990 ⁵⁰¹*

1073 1032 1224 1064 tutionem
1241 1031 1250 1045 ³
1273 1031 1389 1063 dicitur
1414 1031 1508 1063 homo
1522 1033 1693 1073 gyenerari,
1719 1034 1772 1065 sed
1792 1035 1893 1066 solum
1918 1035 1957 1066 ad
1975 1044 2024 1076 ge-

1073 1084 1265 1116 nerationem
1292 1084 1429 1126 disponi;
1455 1084 1484 1116 in
1506 1085 1660 1126 baptismo
1685 1091 1788 1119 autem
1816 1091 1862 1119 est
1879 1097 1953 1120 vera
1975 1098 2025 1130 ye-

1073 1137 1220 1169 neratio:
1238 1141 1268 1170 et
1286 1137 1355 1169 ideo
1372 1146 1433 1169 non
1459 1138 1503 1169 sic
1521 1138 1717 1170 contrahitur
1742 1140 1921 1179 vinculum⁷
1939 1141 2023 1182 quod

1073 1194 1210 1232 praestet
1232 1190 1431 1222 matrimonio
1448 1190 1708 1231 impedimentum
1727 1201 1783 1233 per
1800 1193 2023 1225 documentum

1072 1242 1163 1281 fidei,
1189 1243 1269 1275 sicut
1293 1251 1348 1284 per
1373 1243 1610 1275 Sacramentum
1638 1243 1792 1285 baptismi.

1161 1296 1190 1327 [1.
1216 1296 1258 1327 Ad
1278 1295 1354 1327 illud
1374 1296 1457 1337 quod
1475 1295 1621 1327 obiicitur
1638 1296 1676 1328 de
1701 1297 1881 1330 diversitate
1903 1298 2023 1337 cultus,

1073 1348 1155 1390 quod
1175 1348 1320 1389 impedit3
1337 1348 1521 1385 dicendum,
1539 1349 1623 1390 quod
1641 1349 1721 1381 sicut
1737 1350 1819 1382 circa
1843 1354 1947 1382 actum
1965 1351 2025 1382 vir-

1073 1401 1149 1433 tutis
1174 1401 1323 1442 contingit
1346 1401 1495 1433 virtutem
1521 1402 1681 1442 corrumpi
1706 1402 1745 1434 ab
1770 1403 1934 1441 extremis,
1951 1413 2025 1445 quo-

1073 1454 1155 1485 niam
1182 1454 1285 1486 virtus
1317 1454 1476 1486 desiderat
1510 1454 1688 1493 niedium⁴3
1719 1455 1762 1487 sic
1794 1456 1899 1497 aliquo
1933 1457 2024 1489 modo

1074 1510 1175 1548 potest
1198 1507 1325 1539 evenire
1351 1506 1381 1538 in
1406 1507 1628 1545 Sacramentis,
1654 1508 1791 1540 maxime
1814 1509 1896 1541 circa
1922 1509 2025 1541 matri-

1074 1560 1225 1591 monium.
1243 1559 1329 1592 Unde
1354 1559 1434 1591 sicut
1457 1559 1629 1601 impeditur
1654 1569 1672 1591 a
1697 1560 1792 1592 nimia
1816 1561 2024 1602 disparitate,

1074 1612 1115 1644 ita
1140 1612 1232 1644 etiam
1257 1613 1430 1654 impeditur
1453 1622 1468 1644 a
1495 1613 1590 1644 nimia
1611 1613 1826 1654 proximitate
1841 1614 1862 1645 ⁵.

916 1759 1099 1800 QUAESTIO
1124 1760 1168 1791 111.

507 1872 624 1903 Utrum
648 1871 837 1913 spiritualis
861 1871 1013 1913 coenatio
1038 1874 1188 1903 transeat
1211 1871 1253 1903 ab
1277 1881 1343 1903 ano
1369 1871 1404 1903 in
1428 1871 1580 1903 atterum.

145 1996 248 2029 Tertio
264 1997 439 2038 quaeritur,
452 2000 560 2028 utrum
576 1996 748 2038 spiritualis
761 1996 902 2038 cognatio
913 1999 1010 2028 trans-

54 2055 104 2082 eat
127 2050 167 2082 ab
191 2059 254 2081 uno
289 2050 319 2081 in
345 2050 498 2089 alterum,
522 2053 630 2092 utpote
654 2050 693 2082 ab
717 2059 820 2082 uxore
844 2050 874 2081 in
892 2050 1007 2081 virum.

55 2102 90 2134 Et
114 2103 198 2145 quod
223 2103 283 2142 sic,
309 2103 444 2135 videtur.

146 2157 172 2187 1.
197 2155 298 2187 Causa
323 2156 500 2196 trigesima,
525 2156 708 2197 quaestione
725 2159 848 2197 quarta,
872 2154 1009 2196 capitulo

0 2208 159 2249 antaprimo
177 2208 198 2247 ⁶,
231 2208 447 2240 Sciscitatar:
479 2221 493 2238 ‹<
510 2208 652 2247 Constat,
677 2208 782 2240 virum
814 2211 1006 2249 compatrem

55 2261 200 2293 constitui
219 2261 262 2292 illi
282 2261 425 2300 mulieri,
443 2261 534 2293 cuius
552 2261 751 2293 matrimonio
768 2265 908 2293 assumta
925 2270 1009 2293 uxor

57 2318 228 2345 commater
253 2322 320 2346 esse
346 2314 558 2346 videbatur».

145 2368 173 2398 ζ).
207 2366 298 2404 lieni,
332 2366 474 2398 ibidem⁷
505 2376 545 2399 ex
574 2367 709 2399 Concilio
741 2367 1007 2399 Chalcedonensi:

61 2419 122 2450 «Si
148 2419 218 2460 quis
243 2428 314 2451 cum
345 2419 470 2451 duabus
495 2419 670 2458 sororibus,
700 2423 755 2451 aut
779 2428 851 2451 cum
884 2419 1009 2451 duabus

58 2472 284 2504 commatribus
309 2471 487 2510 dormierit,
504 2473 678 2504 secundum
704 2472 865 2513 antiquam
883 2480 1010 2503 consue-

59 2525 198 2557 tudinem
223 2529 292 2557 octo
322 2525 412 2557 annis
435 2525 592 2566 poeniteat
608 2537 643 2563 »3
668 2533 742 2566 ergo
774 2527 936 2566 peccatum
963 2527 1009 2556 est

59 2578 244 2610 contrahere
276 2587 346 2610 cum
382 2578 508 2610 duabus
539 2578 786 2616 commatribus,
819 2578 900 2610 sicut
936 2586 1007 2609 cum

58 2630 182 2663 duabus
206 2631 378 2664 sororibus.

145 2683 174 2715 3.
200 2684 293 2722 ltem,
318 2684 450 2716 ratione
474 2684 613 2716 videtur:
640 2684 712 2725 quia
737 2683 796 2722 vir,
820 2683 872 2724 qui
903 2691 1011 2724 cogno-

58 2736 115 2768 scit
140 2737 323 2775 mulierem,
347 2737 523 2769 necessario
548 2736 683 2769 efficitur
708 2735 809 2768 affinis
833 2736 917 2767 omni
942 2744 1011 2767 con-

56 2790 228 2831 sanguineo
254 2790 413 2829 mulieris,
438 2790 490 2832 qui
517 2794 563 2822 est
592 2793 743 2831 cognatus
767 2789 952 2827 carnaliter3
980 2792 1011 2820 et

56 2842 116 2874 hoc
140 2845 268 2884 propter
297 2843 373 2882 hoc,
399 2843 483 2884 quod
513 2842 693 2875 efficiuntur
722 2851 822 2875 unum
847 2850 962 2884 corpus
981 2842 1008 2873 ⁸³:

1073 2005 1147 2038 ergo
1172 1996 1238 2038 pari
1264 1997 1402 2036 ratione,
1427 1997 1451 2029 si
1479 1997 1593 2029 mulier
1617 2000 1663 2029 est
1687 1997 1779 2030 alicui
1813 2001 1943 2039 cognata
1968 1998 2027 2040 spi-

1074 2049 1248 2088 ritualiter3
1273 2050 1297 2081 si
1326 2050 1474 2091 iungatur
1490 2050 1601 2089 alicui,
1627 2059 1751 2083 11666556
1777 2055 1841 2090 651,
1866 2051 1951 2092 quod
1975 2051 2027 2084 ille

1073 2101 1228 2134 efficiatur
1252 2102 1354 2135 affinis
1378 2103 1490 2135 eidem.

1162 2155 1192 2187 [ι.
1219 2155 1311 2194 116111,
1336 2155 1435 2196 magis
1452 2155 1607 2187 uniuntur
1624 2156 1672 2187 vir
1697 2160 1727 2188 et
1752 2156 1882 2188 uxorin
1908 2156 2027 2188 unitate

1073 2208 1177 2239 carnis
1201 2215 1295 2249 quam
1321 2211 1422 2240 mater
1446 2211 1476 2239 et
1500 2208 1602 2247 filius3
1628 2209 1681 2240 sed
1708 2209 1760 2250 qui
1779 2208 1914 2241 efficitur
1937 2213 2026 2250 pater

1073 2260 1246 2302 spiritualis
1274 2261 1407 2293 alicuius
1436 2262 1613 2293 necessario
1630 2261 1764 2293 efficitur
1789 2266 1949 2303 compater
1965 2271 2027 2294 ma-

1074 2313 1172 2345 tris⁹z
1191 2323 1266 2355 ergo
1288 2314 1388 2345 multo
1412 2313 1524 2345 fortius
1547 2314 1599 2355 qui
1626 2313 1760 2346 efficitur
1785 2318 1943 2356 compater
1967 2315 2025 2346 viri

1074 2364 1209 2397 efficitur
1233 2369 1392 2406 compater
1417 2366 1538 2397 uxoris.

1162 2418 1305 2451 Comaa:
1327 2420 1353 2450 1.
1367 2419 1467 2451 Causa
1485 2419 1653 2460 trigesima,
1667 2420 1847 2460 quaestione
1865 2423 1976 2461 quarta
1990 2420 2023 2452 ¹⁰:
2040 2433 2074 2455 Aa
2088 2434 2172 2460 opposi-

1080 2471 1169 2511 «Qui
1187 2470 1382 2512 spiritualem
1408 2471 1502 2503 habet
1519 2476 1725 2513 compatrem,
1751 2472 1841 2504 cuius
1864 2472 1962 2504 filium
1986 2473 2024 2505 de
2079 2462 2131 2481 ‘⁰¹²¹'

1074 2523 1200 2556 lavacro
1224 2524 1316 2557 fontis
1341 2525 1475 2566 accepit,
1500 2530 1529 2557 et
1561 2526 1628 2557 eius
1653 2535 1736 2557 uxor
1760 2530 1932 2558 commater
1965 2535 2024 2557 non

1073 2580 1136 2616 est,
1161 2577 1251 2609 liceat
1275 2577 1394 2615 eidem,
1420 2583 1580 2619 compatre
1615 2588 1673 2611 5110
1697 2579 1860 2618 defuncto,
1890 2579 1958 2611 eius
1984 2579 2025 2611 vi-

1075 2629 1170 2662 duam
1198 2630 1313 2662 ducere
1338 2630 1368 2661 in
1394 2640 1575 2663 uxorem».

1165 2683 1193 2714 Ξ.
1220 2683 1312 2721 item,
1337 2683 1367 2714 in
1397 2684 1537 2724 sequenti
1564 2684 1749 2725 capitulo¹¹:
1780 2697 1794 2713 α
1812 2685 1881 2716 Post
1904 2685 2024 2717 obitum

1075 2736 1187 2767 uxoris
1204 2744 1279 2767 suae
1304 2744 1375 2767 cum
1394 2740 1565 2768 commatre
1591 2737 1700 2768 uxoris
1717 2737 1860 2778 coniugia
1885 2738 2025 2779 copulari

1076 2788 1162 2820 nulla
1186 2788 1312 2820 videtur
1337 2789 1416 2820 ratio
1440 2789 1488 2821 vel
1514 2789 1684 2821 auctoritas
1701 2790 1868 2830 prohibere
1884 2803 1914 2822 ».

1164 2840 1192 2873 3.
1218 2841 1310 2880 Item,
1335 2841 1463 2873 ratione
1488 2841 1628 2874 videtur:
1659 2843 1732 2883 quia
1764 2842 1837 2874 unio
1862 2844 1964 2875 carnis
1996 2848 2026 2876 et

128 3050 135 3066 ¹
156 3051 201 3076 Hic
221 3058 241 3076 c.
263 3052 287 3076 2.

127 3094 138 3110 ἵ
157 3094 218 3120 Can.
239 3095 263 3120 5.
284 3109 318 3113 —
338 3096 464 3127 Superius
491 3095 580 3121 verbis
604 3095 745 3122 vinculum
773 3095 897 3122 contrahi
915 3095 972 3120 cod.
993 3096 1009 3120 1³

56 3139 185 3163 interserit
203 3139 245 3165 vel
262 3139 473 3166 matrimonium.

127 3182 138 3198 ³
158 3184 231 3214 Sive⁷
252 3187 280 3208 ut
308 3183 383 3209 codd.
403 3184 502 3209 AElK
515 3184 533 3208 L
546 3184 566 3208 V
594 3183 630 3209 bb
659 3183 768 3215 habent,
798 3183 1009 3209 instructionem.

58 3226 163 3251 Interius
182 3234 212 3251 ex
231 3227 307 3252 codd.
328 3229 347 3252 A
359 3228 381 3252 K
401 3228 583 3253 substituimus
601 3227 737 3261 generatio
751 3227 823 3259 (cod.
851 3234 880 3252 aa
906 3234 1011 3260 'regene-

58 3270 137 3302 ratio)
158 3278 206 3302 pro
225 3271 354 3304 coynatt'o.

128 3314 138 3330 ⁴¹
157 3315 304 3340 Secundum
325 3317 435 3347 Aristot.,
456 3316 482 3341 ii.
503 3317 583 3341 Ethic.
605 3323 626 3341 6.
656 3316 679 3340 6.
699 3314 750 3340 Csr.
779 3315 805 3340 ll.
831 3315 898 3340 Sent.
920 3315 944 3340 d.
965 3315 1008 3340 27.

58 3358 120 3383 dub.
142 3359 166 3383 3.

128 3401 139 3417 ⁵
159 3402 224 3427 Vide
243 3403 356 3429 scholion
377 3404 410 3429 ad
430 3404 628 3435 praecedentem
649 3406 748 3435 quaest.

1144 3050 1154 3067 6
1178 3051 1273 3076 Texttis
1293 3051 1424 3081 originalis
1449 3053 1472 3075 et
1492 3050 1551 3075 edd.
1573 3051 1660 3076 Restat
1680 3058 1726 3082 pro
1747 3051 1862 3077 Constat.

1146 3094 1156 3110 ⁷
1177 3094 1236 3119 Can.
1258 3096 1287 3119 2:
1307 3094 1338 3120 Sz'
1355 3096 1456 3127 paler...
1476 3097 1520 3119 aut
1540 3102 1599 3119 cum
1629 3095 1731 3120 duabus
1750 3096 1884 3121 sororibus
1907 3100 1954 3122 etc.
1974 3096 2024 3122 Csr.

1075 3140 1117 3164 hic
1136 3139 1170 3164 lit.
1192 3139 1316 3170 Magistri,
1337 3146 1358 3163 c.
1378 3139 1403 3164 5.

1145 3182 1156 3198 8
1175 3182 1224 3207 Ct'r.
1245 3189 1322 3214 supra
1343 3182 1368 3207 d.
1389 3182 1429 3207 41.
1450 3190 1475 3214 q.
1501 3184 1519 3208 i.

1143 3226 1154 3242 ⁹
1177 3226 1241 3251 Vide
1249 3233 1328 3257 supra
1336 3227 1508 3253 Praenototu.
1518 3241 1551 3245 —-
1559 3228 1683 3258 Superius
1693 3235 1741 3259 pro
1750 3234 1822 3254 umor
1829 3228 1886 3253 cod.
1897 3229 1912 3253 Ρ
1920 3228 2024 3255 mulier.

1145 3270 1165 3287 ¹⁰
1186 3270 1247 3296 Can.
1269 3271 1291 3296 4.
1312 3270 1392 3296 Codd.
1413 3279 1550 3303 perperam
1569 3271 1654 3305 filiam
1680 3279 1728 3303 pro
1746 3271 1840 3306 fitium.
1861 3272 1910 3298 Csr.
1931 3274 1971 3298 hie
1990 3274 2025 3299 lit.

1075 3316 1199 3347 Magistri,
1220 3322 1241 3340 c.
1261 3316 1289 3347 5,
1310 3315 1353 3340 uhi
1373 3317 1448 3341 etiam
1468 3316 1500 3341 (le
1521 3323 1575 3349 seq.
1595 3324 1651 3347 arg.

1146 3359 1166 3375 ¹¹
1187 3358 1248 3384 Can.
1268 3359 1299 3384 5:
1320 3360 1377 3384 Post
1397 3361 1483 3385 uxoris
1502 3359 1601 3385 obitum
1627 3367 1685 3386 cum
1711 3364 1852 3387 commatre
1872 3363 1958 3387 uxoris
1977 3364 2025 3388 viri

1075 3404 1219 3434 superstitis
1239 3404 1360 3434 coniugio
1380 3404 1494 3435 copulari
1514 3408 1563 3430 ete.
