2483 3882
219 2083 249 2103 De
267 2081 363 2108 congrui-

265 2111 315 2130 tate.

231 2241 265 2262 Ad
279 2240 363 2267 opposi-

272 2270 321 2288 tum.

232 2662 263 2683 Dc
279 2667 363 2688 pracce-

375 241 439 273 ⁶258

463 331 491 361 Ξ.
517 329 609 367 item,
633 328 763 360 ratione
794 327 937 360 videtur:
975 327 1048 368 quia
1083 327 1322 359 Sacramentum

373 382 513 423 corporis
544 390 606 413 nou
636 384 738 423 potest
771 380 840 412 fieri
874 380 906 411 in
930 379 996 412 sola
1020 379 1137 418 farina,
1174 379 1232 411 nisi
1265 388 1323 421 per

373 434 628 466 commixtionem
664 442 764 474 aquae
799 433 854 464 fiat
885 432 990 474 panis:
1028 441 1102 474 ergo
1137 440 1195 464 nec
1219 432 1325 464 Sacra-

377 490 517 519 mentum
542 486 702 527 sanguinis
726 486 793 518 sine
816 485 1041 517 commixtione
1064 494 1165 527 aquae
1178 485 1200 516 1.

467 538 496 570 3.
521 539 606 577 Item,
630 542 685 570 aut
708 538 861 570 Dominus
875 537 987 579 posuit
997 537 1020 576 ²,
1037 541 1093 570 aut
1116 547 1182 570 nort
1194 537 1325 579 pesum

376 591 401 624 si
421 591 549 633 posuit,
574 594 604 623 et
639 591 723 633 quod
748 591 815 633 ipse
846 590 981 623 instituit
1012 594 1059 623 est
1082 591 1121 623 de
1147 591 1324 632 integritate

375 644 583 682 Sacramenti,
609 643 682 685 quia
706 644 759 686 qui
783 643 874 676 aliter
895 644 968 676 facit
992 643 1035 676 nil
1059 644 1147 676 facit:
1173 652 1248 685 ergo
1266 647 1323 676 etc.

374 697 404 728 Si
427 706 491 729 uon
512 697 643 738 posuit:
668 705 743 738 ergo
767 697 959 738 praesumtio
982 696 1042 729 fuit
1067 705 1191 738 ponere.

463 750 493 781 lt.
518 750 612 788 item,
636 749 721 791 quod
757 749 910 791 significat
941 749 1077 791 aliquid,
1102 749 1187 791 quod
1211 753 1259 781 est
1283 749 1322 780 de

376 803 550 835 substantia
566 805 597 835 et
613 802 828 844 principaliter
845 802 876 834 in
893 803 1108 841 Sacramento,
1126 806 1173 835 est
1197 802 1236 835 de
1256 802 1324 834 eius

375 855 566 893 substantia;
592 856 646 888 sed
671 855 746 888 unio
769 864 870 897 aquae
887 864 957 888 cum
981 855 1053 888 vino
1070 855 1223 897 significat
1239 854 1325 886 unio-

376 917 447 941 nem
471 909 510 941 ad
535 912 646 951 caput,
670 911 707 940 ut
730 908 804 941 dicit
827 908 910 941 Beda
922 909 942 948 ³,
959 913 989 940 et
1009 908 1145 940 habetur
1162 907 1193 939 in
1211 907 1324 939 littera.

464 963 493 994 5.
518 962 611 1001 ltem,
635 961 745 994 vinum
770 961 923 1003 significat
940 961 1135 1003 sanguinem,
1159 960 1212 1002 qui
1230 959 1325 992 fluxit

377 1015 416 1047 de
440 1014 537 1047 latere
561 1014 693 1053 Christi3
718 1014 773 1047 sed
804 1023 865 1046 ΠοΠ
893 1017 1014 1046 tantum
1051 1013 1179 1054 sanguis
1214 1011 1324 1048 fluxit⁷

377 1067 474 1099 immo
507 1067 648 1109 sanquis
682 1071 712 1099 ct
751 1066 877 1110 aquct⁴z
915 1075 989 1108 ergo
1024 1065 1243 1106 imperfectum
1279 1067 1325 1096 est

377 1122 624 1159 Sacramentum,
649 1120 707 1152 nisi
731 1124 904 1160 utrumque
927 1122 1114 1160 apponatur.

464 1174 523 1205 Sssn
548 1182 687 1205 οοΝΤῖῖΑτ
716 1174 742 1204 l.
767 1172 849 1204 Nihil
873 1175 920 1203 est
948 1171 987 1203 de
1022 1169 1198 1202 substantia
1221 1170 1327 1201 Sacra-

217 1226 473 1258 Fundamemmenti
499 1226 593 1257 liuius
619 1225 838 1262 materialiter,
863 1224 947 1265 quod
972 1232 1032 1255 ΠοΠ
1057 1226 1200 1255 remanet
1223 1231 1326 1264 neque

377 1280 550 1312 secundum
576 1279 782 1311 substantiam
807 1285 908 1318 neque
933 1276 1107 1309 secundum
1133 1275 1308 1308 accidentia
1317 1287 1326 1314 ς

377 1333 431 1365 sed
455 1341 537 1374 aqua
561 1336 607 1364 est
632 1330 848 1363 liuiusinodi⁵z
874 1338 949 1370 ergo
973 1333 1030 1361 etc.

465 1388 494 1418 Ξ.
519 1386 611 1424 ltem,
636 1385 845 1422 elementum,
880 1384 965 1425 quod
1000 1387 1047 1415 est
1078 1383 1117 1415 de
1150 1383 1325 1415 substantia

376 1440 470 1472 unius
499 1438 708 1476 Sacramenti,
732 1446 794 1469 ΠοΠ
825 1440 872 1468 est
907 1436 946 1468 de
978 1436 1154 1468 substantia
1176 1436 1326 1474 alterius,

377 1502 447 1525 cum
473 1493 534 1524 sint
558 1492 758 1523 Sacramenta
782 1489 945 1527 distincta3
971 1489 1024 1521 sed
1057 1498 1139 1530 aqua
1163 1492 1211 1521 est
1233 1492 1327 1520 mate-

378 1545 425 1577 ria
448 1543 611 1585 baptismi:
637 1551 711 1583 ergo
736 1551 796 1573 non
821 1545 868 1574 est
892 1541 931 1573 de
954 1541 1139 1573 necessitate
1164 1541 1260 1573 huius
1277 1542 1328 1572 Sa-

377 1597 535 1630 cramenti.

465 1650 493 1681 3.
519 1650 612 1687 ltem,
636 1657 728 1680 omne
754 1647 837 1689 quod
864 1651 911 1680 est
935 1647 973 1679 de
999 1647 1183 1686 substantia,
1209 1650 1264 1678 aut
1280 1649 1327 1678 est

376 1706 529 1746 quantum
555 1702 594 1734 ad
628 1700 907 1743 significantiam,
944 1704 999 1732 aut
1023 1704 1177 1742 quantum
1201 1699 1242 1731 ad
1266 1698 1328 1742 effl-

377 1756 526 1792 eumcum
561 1764 621 1786 non
658 1757 812 1795 quantum
847 1753 887 1785 ad
918 1752 1227 1795 siqnifiecmtz‘amss,
1252 1752 1326 1793 quia

377 1808 490 1841 debent
515 1806 682 1849 significari
700 1815 815 1848 corpus
831 1805 946 1837 Christi
965 1814 1076 1838 verum
1093 1809 1124 1837 et
1144 1805 1326 1846 mysticum,

378 1866 408 1894 et
432 1861 558 1901 sanguis
589 1859 781 1892 sufficienter
816 1858 1011 1900 significatur
1046 1867 1103 1900 per
1139 1858 1264 1893 vinum,
1297 1861 1327 1890 et

376 1914 518 1947 similiter
546 1913 619 1945 unio
644 1912 785 1954 corporis
809 1911 939 1953 mystici.
964 1911 1025 1943 Nec
1050 1914 1203 1952 quantum
1228 1911 1268 1943 ad
1285 1909 1327 1952 ef-

374 1967 547 2009 ficaciam,
572 1967 645 2008 quia
670 1966 735 1998 sine
758 1975 841 2007 aqua
865 1968 912 1997 est
936 1964 1254 1997 transsubstantiatio.

464 2020 556 2056 ltem,
581 2018 735 2060 quidquid
766 2018 805 2049 sit
833 2018 872 2050 de
900 2017 1106 2059 integri-itate,
1139 2026 1257 2058 quaero
1288 2016 1327 2048 de

378 2072 601 2114 confiteriam&
625 2074 655 2103 et
681 2071 824 2109 videtur,
849 2070 934 2112 quod
959 2079 1019 2102 non
1046 2070 1085 2102 sit
1121 2078 1326 2112 congyruum,

377 2134 489 2167 aquam
515 2125 649 2166 apponi:

466 2180 492 2209 Γ).
530 2177 608 2219 Quia
643 2178 702 2209 hoc
742 2178 980 2209 Sacramentum
1017 2180 1064 2208 est
1102 2176 1147 2208 rei
1184 2175 1328 2208 habentis

377 2232 483 2263 onznia
506 2231 639 2273 saporis
662 2230 903 2267 ,fitctvttctoemss-
921 2230 975 2262 sed
997 2239 1080 2271 aqua
1105 2232 1151 2261 est
1176 2229 1325 2270 insipida:

378 2293 451 2324 ergo
475 2292 536 2314 non
561 2282 715 2324 congruit.

465 2338 494 2368 7.
518 2337 611 2374 Item,
636 2336 709 2377 pani
734 2335 811 2367 nibil
836 2335 975 2373 additur,
992 2343 1067 2376 ergo
1091 2343 1148 2366 nec
1170 2334 1260 2373 vinog
1279 2333 1327 2366 vel

377 2390 403 2421 si
427 2389 572 2427 additur,
597 2389 779 2430 quaeritur:
805 2391 927 2429 quare?

465 2443 493 2473 8.
520 2442 608 2480 item,
634 2441 785 2473 Dominus
809 2450 870 2472 non
892 2440 1006 2482 legitur
1031 2440 1235 2482 apposuisse:
1253 2448 1328 2480 ergo

377 2494 511 2533 videtur,
530 2495 613 2536 quod
631 2503 693 2526 nou
709 2497 818 2536 peccat
839 2494 893 2535 qui
918 2502 979 2525 ΠοΠ
1000 2493 1138 2535 apponit,
1156 2493 1209 2525 sed
1228 2492 1328 2524 multo

377 2547 475 2587 magis
499 2547 551 2588 qui
577 2547 714 2588 apponit.

465 2600 554 2640 Quod
579 2603 683 2632 autem
716 2599 756 2631 sit
787 2599 825 2632 de
857 2599 1045 2631 necessitate
1068 2603 1098 2631 et
1122 2598 1329 2640 congyrttz'tctte

375 2652 543 2694 praecepti?
555 2664 563 2684 .·

1134 238 1418 271 SENTENTIARUM
1442 239 1509 270 LIB.
1534 239 1581 271 IV.
2471 220 2483 295 ἐ

1383 2333 1561 2365 ⁴transierat
1586 2333 1614 2364 in
1640 2332 1767 2371 vinum,
1799 2336 1966 2374 antequam
1992 2333 2178 2372 conficeret3
2210 2337 2241 2365 et
2271 2334 2344 2375 quia

1476 327 1650 369 Cyprianus
1662 327 1692 358 ⁸:
1724 338 1740 355 «
1755 326 1848 358 Nobis
1873 326 1988 367 ignosci
2006 326 2132 358 omnino
2148 336 2209 359 non
2226 330 2338 370 potest,

1387 380 1440 421 qui
1465 379 1614 412 admoniti
1646 388 1773 416 sumus,
1798 382 1834 410 ut
1857 378 1986 411 calicem
2018 379 2139 410 Domini
2171 388 2243 412 cum
2267 380 2340 412 vino

1387 436 1418 465 et
1442 442 1524 474 aqua
1548 433 1701 471 mixtum,
1726 431 1901 464 secundum
1927 431 2011 473 quod
2034 431 2186 464 Dominus
2210 432 2340 472 obtulit,

1387 485 1603 518 offeramus».

1477 537 1623 578 Quaestio
1636 546 1711 578 ergo
1724 540 1779 575 est,
1793 537 1819 569 si
1833 536 2007 568 mortaliter
2019 539 2127 578 peccat
2143 537 2197 578 qui
2213 537 2336 569 omittit.
2353 544 2452 592 Qffiffi?
2463 545 2475 575 ῖ7

1742 650 1981 673 CONCLUSIO.

1419 747 1589 779 Admixtio
1613 756 1720 789 aquae
1744 756 1809 778 uon
1832 750 1878 778 est
1901 746 1939 778 de
1962 747 2167 789 inceyritctte,
2191 748 2248 780 sed
2270 748 2309 781 cle

1513 799 1720 841 congruitate
1744 799 1956 831 Sacramenti
1977 799 2208 833 eucharistiae.

1478 906 1676 937 RasPONnEo:
1701 904 1894 943 Dicendum,
1918 905 2003 946 quod
2028 906 2066 938 de
2090 905 2276 948 iuteyrffate
2291 907 2341 939 Sa·
2368 911 2400 933 De
2415 911 2471 939 intes

1390 958 1541 990 eramenti
1569 957 1666 989 huius
1698 961 1771 990 sunt
1803 961 1956 999 quatuor,
1989 958 2106 990 scilicet
2137 959 2280 991 materia
2311 962 2342 992 et
2356 940 2399 960 Μ
2416 941 2464 960 sum

1389 1009 1503 1053 forma
1535 1013 1566 1042 et
1601 1010 1682 1042 ordo
1714 1013 1745 1042 et
1776 1009 1910 1042 intentio
1943 1011 2166 1043 consecrantis
2174 1023 2186 1049 ,·
2209 1011 2248 1044 de
2272 1021 2343 1044 cou-

1387 1063 1535 1105 yrttz'tctte
1558 1066 1663 1095 autem
1689 1066 1719 1095 et
1744 1062 1818 1094 bene
1841 1073 1908 1095 esse
1924 1067 1998 1096 sunt
2014 1073 2094 1105 quae
2116 1068 2189 1096 sunt
2212 1064 2262 1097 his
2285 1074 2342 1097 ctu-

1392 1126 1486 1148 neaect.
1510 1117 1597 1158 Aqua
1620 1125 1712 1157 ergo,
1738 1125 1809 1148 cum
1834 1125 1896 1148 non
1921 1116 1961 1149 sit
1984 1116 2104 1159 aliquid
2129 1117 2261 1156 horum,
2278 1127 2341 1150 ΠοΠ

1390 1173 1437 1201 est
1461 1169 1500 1201 de
1523 1169 1730 1207 necessitate,
1755 1169 1810 1201 sed
1834 1178 2002 1201 cwznexum
2026 1173 2073 1202 est
2098 1170 2264 1210 materiae,
2289 1170 2477 1211 sci-Conclusio]

1390 1221 1462 1254 licet
1486 1221 1575 1260 vino,
1600 1222 1673 1263 quia
1697 1222 1882 1263 adiungitur
1905 1222 1977 1254 vino
1994 1225 2024 1254 et
2040 1222 2071 1254 in
2088 1223 2192 1264 ipsum
2217 1232 2344 1256 conver·
2476 1214 2477 1230 ³

1390 1274 1467 1306 titur
1498 1278 1529 1306 et
1558 1274 1760 1316 postmodum
1794 1274 1824 1305 in
1849 1274 2055 1316 sanguinem3
2079 1278 2110 1307 et
2133 1275 2203 1307 ideo
2227 1279 2273 1308 est
2304 1276 2343 1308 de

1391 1327 1605 1369 conqruz'tctte.
1631 1346 1674 1350 —
1698 1327 1784 1359 Ratio
1805 1331 1910 1359 autem
1940 1327 2036 1360 huius
2065 1329 2268 1361 connexionis
2296 1333 2343 1361 est
2359 1333 2430 1356 Ratio·

1391 1380 1572 1421 expressior
1589 1380 1789 1421 significatio:
1807 1380 1882 1422 quia
1905 1389 1988 1422 aqua
2013 1380 2166 1422 significat
2188 1382 2343 1423 populum

1391 1436 1421 1464 et
1437 1441 1493 1473 per
1510 1433 1759 1464 coniunctionem
1773 1432 1821 1464 sui
1835 1441 1908 1464 cum
1929 1433 2001 1465 vino
2022 1433 2175 1474 significat
2190 1434 2342 1466 unitatem

1391 1485 1501 1526 capitis
1525 1494 1598 1517 cum
1622 1485 1795 1523 membris3
1820 1494 1876 1526 per
1893 1485 2002 1517 vinum
2019 1490 2125 1518 autem
2150 1486 2343 1528 significatur

1391 1538 1466 1570 unio
1499 1538 1715 1570 membrorum
1748 1538 1788 1570 ad
1820 1537 1953 1570 invicem
1965 1538 1985 1569 ⁰.
2009 1557 2053 1561 —
2077 1539 2219 1571 Rationes
2248 1540 2343 1581 igitur

1391 1591 1607 1629 ostendentes,
1633 1591 1716 1632 quod
1733 1600 1815 1632 aqua
1839 1600 1900 1622 non
1926 1591 1965 1623 sit
1982 1591 2020 1623 de
2042 1592 2215 1624 substantia
2239 1593 2344 1625 Sacra-

1392 1644 1486 1676 menti
1513 1643 1730 1676 concedendae
1753 1647 1836 1675 sunt.

1483 1698 1510 1728 l.
1534 1696 1579 1728 Ad
1604 1696 1682 1728 illud
1715 1705 1790 1738 ergo
1822 1697 1905 1738 quod
1939 1697 2086 1729 obiicitur
2109 1698 2148 1729 de
2172 1698 2342 1740 Cypriano,
2358 1707 2473 1738 solquoo1

1392 1749 1576 1788 dicendum,
1608 1749 1693 1790 quod
1726 1749 1900 1791 Cyprianus
1932 1749 2024 1788 dicit,
2056 1750 2135 1782 illud
2168 1759 2227 1782 non
2253 1759 2343 1792 posse
2365 1737 2473 1761 p⁰⁵¹²⁰¹¹¹m

1391 1801 1476 1841 fieri,
1494 1802 1579 1844 quod
1602 1811 1664 1834 non
1690 1802 1764 1834 bene
1787 1806 1904 1844 potest,
1922 1802 1972 1835 vel
1996 1812 2057 1834 non
2082 1802 2120 1834 cle
2143 1803 2217 1834 iure
2234 1806 2342 1844 potest.

1392 1855 1478 1888 Unde
1502 1856 1678 1888 Alexander
1692 1856 1730 1894 ¹⁰,
1755 1855 1807 1887 ubi
1834 1856 2008 1897 Cyprianus
2032 1856 2106 1888 dicit
2128 1860 2248 1898 potest,
2271 1856 2344 1889 dicit

1392 1909 1487 1941 debet.

1481 1964 1509 1994 Ξ.
1534 1962 1578 1994 Ad
1602 1962 1680 1994 illud
1699 1962 1782 2004 quod
1808 1962 1954 1994 obiicitur
1971 1962 2142 2001 defarina,
2161 1963 2344 2002 dicendum,

1392 2015 1475 2056 quod
1493 2024 1554 2046 non
1579 2019 1625 2047 est
1649 2015 1767 2053 simile,
1792 2015 1866 2056 quia
1889 2015 1989 2047 farina
2013 2025 2074 2047 non
2092 2016 2263 2048 commixta
2280 2016 2345 2048 sive

1391 2076 1448 2109 per
1473 2076 1506 2099 se
1530 2076 1591 2099 non
1616 2071 1663 2099 est
1686 2067 1793 2106 cibus,
1818 2068 1873 2100 sed
1898 2067 2006 2099 vinum
2032 2071 2125 2109 potus
2150 2071 2197 2100 est
2220 2077 2276 2110 per
2301 2077 2343 2101 se.

1482 2120 1510 2152 3.
1535 2120 1579 2152 Ad
1603 2120 1682 2152 illud
1707 2120 1791 2162 quod
1816 2120 1980 2158 obiicitur,
1998 2124 2108 2153 utrum
2126 2121 2277 2154 Dominus
2294 2130 2346 2163 ap-

1391 2173 1553 2215 posuerit3
1586 2173 1769 2212 dicendum,
1795 2173 1879 2215 quod
1904 2173 2004 2212 sicu,
2030 2174 2084 2207 sed
2110 2183 2169 2206 non
2197 2178 2344 2217 tanquam

1392 2226 1635 2264 necessarium,
1661 2226 1715 2258 sed
1740 2230 1888 2268 tanquam
1913 2236 2098 2268 conyrttztm
2111 2239 2123 2265 ,·
2146 2231 2176 2259 et
2205 2228 2262 2260 hoc
2294 2236 2345 2269 pa-

1394 2283 1452 2318 tet,
1477 2279 1551 2320 quia
1583 2279 1691 2311 vinum
1720 2283 1804 2318 erat,
1829 2289 1870 2312 ex
1895 2289 1957 2321 quo
1981 2280 2130 2312 confecit:
2156 2289 2231 2321 ergo
2262 2290 2344 2322 aqua

1392 2384 1555 2425 apposuit,
1587 2389 1695 2426 peccat
1724 2384 1778 2425 qui
1807 2394 1868 2416 non
1893 2385 2037 2426 apponit,
2062 2389 2166 2417 tamen
2191 2385 2345 2417 nihilomi-

1392 2446 1452 2469 nus
1477 2437 1608 2469 coniicit.

1480 2491 1510 2522 li.
1537 2491 1566 2522 5.
1590 2490 1633 2522 Ad
1652 2490 1731 2522 illud
1749 2490 1833 2532 quod
1851 2490 1997 2522 obiicitur
2022 2491 2061 2522 de
2085 2490 2216 2528 unione,
2242 2491 2342 2523 dicen-

1393 2544 1488 2582 dum,
1517 2543 1601 2585 quod
1630 2543 1684 2574 illa
1716 2543 1790 2575 unio
1815 2543 2008 2584 significatur
2033 2552 2089 2585 per
2113 2543 2239 2582 vinum,
2271 2543 2343 2585 quia

1393 2596 1587 2638 significatur
1606 2596 1679 2628 unio
1697 2596 1912 2632 membrorum
1931 2596 1971 2628 ad
1988 2596 2120 2628 invicem
2132 2622 2139 2635 ,
2156 2599 2186 2628 et
2203 2605 2258 2637 per
2276 2605 2344 2629 con-

1393 2658 1528 2691 sequens
1551 2649 1590 2681 ad
1616 2653 1727 2690 caput,
1744 2658 1805 2680 non
1824 2653 1927 2681 tamen
1945 2649 1987 2681 ita
2004 2658 2171 2690 expresseg
2189 2649 2258 2681 ideo
2275 2658 2343 2681 con-

450 2807 457 2822 1
477 2808 536 2837 Arg.
558 2811 595 2832 est
614 2808 757 2832 secuudum
778 2807 951 2839 Cypriauum,
966 2808 1007 2832 liic
1020 2808 1044 2832 iu
1060 2808 1094 2832 lit.
1115 2808 1239 2839 Magistri,
1261 2814 1281 2832 c.
1296 2806 1325 2838 5,

378 2851 494 2875 relatum.

448 2894 457 2909 ‘³
477 2894 538 2919 (lod.
560 2895 583 2919 X
603 2895 706 2926 supplet
719 2902 826 2929 aquam.

447 2937 457 2953 3
477 2938 568 2969 Expos.
589 2939 612 2963 in
634 2939 708 2963 Marc.
734 2939 776 2971 it,
805 2940 852 2964 23:
879 2940 943 2971 Quia
963 2943 987 2965 et
1006 2946 1052 2964 nos
1078 2940 1101 2963 in
1123 2938 1235 2969 Christo,
1255 2941 1281 2963 et
1301 2939 1326 2962 in

380 2982 453 3007 nobis
479 2982 607 3007 Clu·1stum
634 2990 737 3008 manere
763 2987 880 3015 oportet,
909 2985 971 3009 vino
996 2983 1117 3008 dominici
1148 2983 1232 3008 calicis
1260 2989 1326 3014 aqua

380 3027 513 3057 niisc<:tur;
535 3030 666 3052 attestante
686 3029 754 3052 onim
782 3029 874 3053 loanne
899 3029 995 3059 (Apoc.
1018 3028 1062 3059 17,
1090 3028 1154 3059 ·15.),
1175 3033 1261 3060 aquae
1284 3033 1327 3059 po-

376 3069 435 3102 puli
452 3072 521 3096 suut.
543 3086 575 3088 —
595 3072 619 3096 ln
645 3072 678 3097 lit.
706 3073 830 3103 Magistri,
857 3074 900 3097 csr.
922 3074 962 3097 liic
982 3079 1002 3097 c.
1024 3073 1047 3096 5.
1069 3085 1104 3089 ——
1126 3073 1184 3096 Post
1202 3070 1327 3097 unionem

379 3113 435 3138 cod.
456 3115 472 3138 L
493 3114 562 3139 addit
582 3115 714 3147 corporis,
735 3116 793 3140 cdd.
814 3115 1004 3142 iizc¹iitbi·0›·um.

449 3156 459 3172 4
480 3158 545 3181 loan.
571 3159 613 3187 10,
632 3158 673 3183 34.

448 3200 458 3216 5
478 3200 526 3225 t'Il'r.
547 3202 610 3226 intra
631 3201 691 3226 (lul).
713 3202 740 3233 5,
760 3206 785 3227 et
804 3203 931 3228 innocent.
954 3203 993 3235 lll,
1022 3203 1062 3227 lv.
1089 3203 1121 3227 de
1139 3203 1217 3227 Sacro
1236 3202 1328 3227 Altaris

380 3245 514 3275 mysterio,
535 3252 557 3269 c.
580 3246 624 3276 20,
646 3246 688 3270 ubi
710 3247 782 3271 dicit:
804 3247 910 3277 Oportet
930 3247 1049 3279 quidem,
1070 3247 1141 3279 quod
1156 3250 1252 3272 tautum
1275 3247 1328 3271 vini

380 3286 414 3311 ibi
434 3292 555 3318 ponatur,
577 3289 646 3320 quod
667 3296 733 3321 aqua
754 3291 922 3315 commixtum
943 3298 1063 3322 saporem
1082 3291 1134 3315 vini
1154 3291 1268 3315 retincat.

449 3330 459 3346 ⁶
479 3331 588 3362 supple:
615 3339 681 3363 aqua
705 3336 742 3357 ost
768 3332 800 3357 de
825 3333 965 3358 substantia
992 3335 1158 3359 Sacramenti.
1173 3348 1206 3351 —
1226 3334 1260 3358 De
1281 3335 1329 3359 liae

380 3380 485 3405 propos.
505 3375 549 3399 cfr.
570 3381 647 3406 supra
669 3382 692 3406 q.
716 3376 811 3408 l.se(1.‚
832 3380 856 3401 et
876 3377 907 3401 de
928 3378 1014 3402 ultima
1036 3379 1112 3403 liuius
1132 3385 1186 3409 urg.
1206 3378 1267 3403 ride
1287 3378 1328 3402 liic

1392 2806 1426 2831 lit.
1447 2806 1572 2837 Magistri,
1594 2812 1616 2830 c.
1638 2805 1661 2829 5.
1683 2819 1716 2822 —
1735 2805 1860 2836 Superius
1886 2807 1944 2836 post
1962 2804 1992 2830 cle
2017 2803 2166 2830 substantia
2190 2803 2266 2829 codd.
2288 2803 2342 2829 ΟΧ

1391 2850 1514 2881 supplent
1531 2848 1710 2875 Sucrctmeuli.

1462 2893 1471 2908 ⁷
1492 2894 1552 2924 Sap.
1574 2893 1620 2924 ilfi,
1642 2894 1683 2917 2²0.

1461 2936 1472 2953 8
1490 2938 1568 2968 Epist.
1589 2938 1629 2962 63.
1650 2945 1673 2962 Π.
1696 2938 1736 2962 [17.
1756 2936 1807 2962 Cl'r.
1830 2938 1870 2962 liic
1890 2937 1924 2962 lit.
1945 2937 2072 2968 Magistri,
2096 2943 2116 2961 c.
2138 2936 2161 2960 5.

1461 2981 1472 2997 ⁰
1491 2980 1540 3006 Csr.
1561 2988 1639 3012 supra
1661 2988 1684 3013 q.
1706 2981 1728 3005 4,
2480 3006 2483 3018 Ι

1462 3024 1527 3050 101n
1554 3025 1580 3050 C.
1608 3026 1638 3050 In.
1663 3025 1902 3051 Sacramenlot‘tmt
1927 3023 2103 3051 oblationibus
2128 3023 2197 3055 (t.),
2225 3023 2256 3048 de
2280 3022 2342 3049 Cou-
2480 3022 2483 3056 ξ

1391 3072 1481 3094 socrat.
1496 3069 1520 3094 d.
1535 3070 1564 3094 2:
1585 3069 1638 3094 Non
1658 3070 1726 3094 euim
1746 3068 1830 3100 (lebet,
1848 3071 1874 3094 ut
1893 3076 1907 3094 a
1928 3068 2044 3094 Patribus
2063 3069 2223 3100 accepimus,
2242 3070 2267 3092 et
2285 3068 2342 3098 ipsa

1392 3114 1455 3138 ratio
1476 3113 1563 3144 docet,
1584 3114 1608 3137 in
1628 3113 1706 3138 calice
1729 3113 1829 3138 Doniiiii
1849 3116 1893 3137 aut
1912 3113 2001 3137 vinum
2021 3112 2119 3143 solum,
2140 3115 2184 3136 aut
2202 3117 2269 3143 aqua
2288 3111 2342 3136 sola

1392 3157 1492 3187 offerri,
1519 3157 1564 3182 sed
1590 3160 1730 3189 utrumque
1756 3158 1927 3188 permixtum,
1953 3157 2011 3188 quia
2038 3159 2178 3187 utrumque
2204 3162 2235 3179 ex
2263 3154 2340 3180 latere

1392 3202 1448 3226 eius
1467 3202 1491 3225 in
1512 3202 1631 3232 passione
1650 3209 1695 3226 sua
1721 3201 1873 3232 profluxisse
1899 3201 2000 3232 legitur.
2019 3200 2069 3225 Ctr.
2094 3199 2158 3224 intra
2186 3198 2247 3224 dub.
2268 3199 2291 3230 6,
2317 3202 2341 3223 et

1392 3245 1520 3270 innocent.
1541 3246 1582 3275 lll,
1605 3246 1644 3270 tv.
1666 3246 1698 3271 de
1717 3246 1795 3271 Sacro
1815 3246 1906 3270 Altaris
1925 3245 2061 3276 mysterio,
2082 3251 2102 3269 c.
2124 3244 2164 3269 32.

1464 3288 1483 3304 ¹1
1505 3288 1554 3314 Csr.
1576 3290 1615 3313 nie
1636 3290 1668 3314 lit.
1689 3290 1814 3320 Magistri,
1835 3296 1856 3314 c.
1871 3288 1900 3320 5,
1915 3288 1995 3313 verba
2013 3288 2134 3320 Cypriani
2148 3291 2172 3313 et
2185 3288 2248 3313 infra
2268 3287 2301 3312 ad
2314 3287 2338 3312 8.

1393 3347 1427 3351 —-
1440 3334 1489 3358 Pro
1509 3332 1664 3366 apposuerit
1682 3333 1801 3364 permulti
1822 3332 1898 3358 codd.
1918 3335 1943 3357 et
1961 3331 2002 3356 ed.
2024 3333 2032 3356 l
2055 3331 2182 3365 posuerit.
