2483 3882
669 246 762 278 DIST.
788 245 860 277 xxi.
885 245 915 277 P.
941 245 960 277 Ι.
985 245 1066 277 ART.
1092 246 1112 277 1.
1137 246 1288 286 QUAEST.
1314 246 1347 278 ΙΙ.

116 334 147 366 li.
171 334 263 372 item,
289 333 420 365 mortale
444 333 763 375 improportionaliter
787 333 859 374 plus
883 333 976 365 offen-

32 390 76 423 dit
98 388 197 420 Deum
222 394 316 427 quam
341 385 462 418 veniale
470 398 478 424 ;
501 386 555 418 sed
581 386 709 418 minima
725 386 869 418 contritio
893 385 976 418 suffi-

32 442 71 476 cit
93 441 132 473 ad
156 439 324 472 delendum
350 438 482 470 mortale
505 447 577 470 cum
603 438 738 479 gratia¹:
763 447 838 479 ergo
861 438 902 470 ad
926 438 976 470 de-

32 493 157 527 lendum
181 491 301 524 veniale
325 490 441 523 sufficit
464 491 529 522 sola
553 491 662 532 gratia.

117 546 145 577 5.
170 544 255 583 Item,
273 543 405 575 venialia
422 543 567 575 delentur
584 543 701 575 virtute
718 542 906 575 Sacramenti
926 551 978 574 ex-

32 603 147 632 tremae
170 596 342 634 unctionis,
359 595 475 628 virtute
496 595 588 627 etiam
613 595 822 627 eucharistiae
838 614 881 618 -
897 595 978 627 310111

32 648 150 693 supra²
181 648 323 681 habitum
356 651 420 686 est,
444 652 474 680 et
504 656 655 688 expresse
688 647 764 679 dicit
788 647 977 679 ‘Ambrosius

30 722 73 728 —-
92 706 121 735 et
144 710 201 744 per
224 700 395 733 orationem
421 700 640 732 dominicalem
666 703 696 732 et
727 700 975 732 benedictionem

32 754 252 798 episcopalem,
277 753 357 785 sicut
373 753 482 785 dicunt
498 752 640 794 magistri
657 752 880 784 communiter:
902 760 978 793 ergo

31 818 89 841 non
113 810 158 840 est
181 806 393 838 necessarium
426 805 562 844 conteri,
587 805 660 847 quia
684 805 746 836 alia
777 808 824 837 est
855 805 905 836 via
929 805 979 836 de-

11 860 158 894 -letionis
172 859 305 890 -Cum
327 867 402 899 ergo
424 867 479 899 per
504 858 580 890 haec
605 857 806 889 remittantur
829 860 860 889 et
883 857 978 889 etiam

31 922 86 956 per
119 911 334 945 contritionem
371 914 401 943 et
439 910 629 942 exteriorem
666 909 907 942 satisfactionem
948 912 979 941 et

31 976 84 1009 per
107 965 313 1006 baptifflnun];
337 963 515 1005 quaeritur,
540 971 596 1004 per
614 971 708 1004 quam
733 965 880 994 naturam
898 971 979 994 com-

30 1027 153 1052 munem
178 1017 250 1049 insit
274 1017 323 1049 1113
348 1017 424 1048 baec
448 1015 551 1058 passio
575 1015 761 1048 communis.

115 1071 258 1103 CONTRA:
294 1071 321 1101 1.
354 1070 456 1111 Supra
487 1069 684 1101 distinctione
709 1068 830 1101 decima
859 1067 977 1100 sexta³

0 1125 175 1162 -habetur,
200 1123 253 1155 ubi
279 1122 384 1164 agitur
400 1122 439 1154 de
456 1122 641 1154 remissione
665 1121 835 1154 venialium
857 1121 923 1153 sive
940 1120 979 1153 de

30 1176 214 1221 poenitentia
230 1194 274 1199 —-
290 1176 364 1207 dicit
388 1175 533 1216 Magister
548 1194 594 1199 -
614 1175 698 1216 quod
729 1186 743 1203 «
760 1174 800 1206 ad
823 1174 979 1206 remissio-

30 1239 98 1263 nem
122 1229 292 1262 venialium
318 1228 433 1261 sufficit
456 1228 555 1260 oratio
585 1228 742 1260 dominica
767 1236 840 1260 cum
872 1227 979 1269 aliquo

30 1283 141 1316 ieiunio
176 1286 206 1314 et
241 1281 468 1322 eleemosynis3
504 1280 548 1313 sic
584 1284 705 1319 tamen,
741 1283 776 1312 nt
810 1279 979 1321 praecedat

26 1334 169 1368 'contritio
204 1333 400 1376 aliquantula
421 1345 454 1365 »z
492 1342 566 1374 ergo
602 1342 663 1365 non
700 1335 800 1374 potest
832 1341 889 1373 pro
925 1332 979 1364 illa

30 1388 119 1430 culpa
142 1387 209 1419 fieri
238 1387 406 1419 satisfactio
431 1395 588 1427 congrua,
620 1385 679 1417 nisi
712 1385 881 1427 praecedat
904 1385 978 1416 inte-

30 1442 91 1473 rior
114 1439 318 1482 poenitentia:
344 1448 419 1480 ergo
443 1442 500 1471 etc.

114 1495 143 1526 2.
169 1493 261 1531 item,
279 1492 407 1524 maioris
422 1491 652 1524 ‘adhaerentiae
673 1494 720 1523 est
744 1490 865 1523 veniale
882 1499 976 1532 quam

31 1546 197 1583 mortale⁴;
223 1546 277 1577 sed
302 1545 435 1577 mortale
459 1553 623 1586 nunquam
648 1544 789 1581 deletur,
815 1543 873 1575 nisi
907 1543 979 1575 libe-

30 1608 98 1632 rum
122 1599 287 1630 arbitrium
312 1597 352 1629 ab
369 1606 405 1629 eo
430 1596 593 1629 dissentiat
616 1605 673 1638 per
693 1599 799 1628 actum
824 1595 979 1628 contritio-

30 1653 90 1685 nis:
115 1660 189 1693 ergo
214 1651 313 1682 multo
336 1650 448 1681 fortius
474 1650 600 1681 videtur
624 1649 662 1681 de
687 1649 810 1681 veniali.

78 1702 82 1706 '
116 1704 144 1736 3.
179 1704 276 1742 Item,
311 1703 438 1745 qnando
473 1701 597 1744 aliquae
633 1702 715 1734 duae
750 1701 870 1733 formae
910 1709 977 1733 sese

29 1757 273 1799 compatiuntur,
304 1765 368 1788 una
399 1765 455 1797 per
480 1764 513 1788 se
537 1765 597 1787 non
623 1754 754 1796 expellit
777 1754 889 1792 aliam;
922 1754 976 1786 sed

29 1809 145 1843 veniale
170 1809 264 1842 simul
296 1812 356 1841 stat
381 1817 453 1840 cum
485 1807 601 1849 gratia:
627 1816 701 1848 ergo
732 1806 832 1848 gratia
863 1815 920 1848 per
945 1815 978 1838 se

15 1873 87 1896 ·n0n
111 1862 194 1895 delet
224 1862 364 1894 veniale:
398 1870 473 1902 ergo
496 1869 623 1893 necesse
655 1863 718 1899 est,
751 1859 871 1901 aliquid
902 1859 977 1891 addi

30 1916 127 1955 ultra,
158 1915 243 1957 quod
274 1924 345 1947 cum
380 1913 493 1946 veniali
518 1916 644 1954 peccato
673 1913 901 1955 oppositionem
926 1912 978 1944 ha-

29 1969 106 2002 heat.
141 1969 199 2001 Sed
236 1969 295 2001 boc
329 1977 391 1999 non
426 1971 472 1999 est
506 1966 565 1999 nisi
602 1966 791 2008 poenitentia
825 1965 975 1997 interior:

30 2032 101 2064 ergo
124 2026 179 2054 etc.

114 2076 143 2108 [1.
167 2075 260 2113 Item,
281 2074 378 2113 ratio,
402 2082 499 2115 quare
518 2073 649 2105 mortale
674 2082 734 2104 non
752 2075 853 2114 potest
877 2072 975 2104 deleri

28 2129 93 2161 sine
115 2132 186 2160 actu
203 2127 429 2165 detestationis,
451 2130 511 2165 est,
529 2126 675 2168 quoniam
695 2125 854 2157 voluntate
871 2128 976 2157 actum

30 2185 75 2214 est
97 2184 126 2213 et
151 2181 308 2212 voluntate
332 2183 534 2221 acceptante,
559 2183 590 2211 et
613 2179 683 2211 ideo
712 2188 773 2210 non
802 2182 904 2220 potest
927 2178 978 2210 de-

31 2233 84 2265 leri
109 2233 166 2265 nisi
191 2233 351 2265 voluntate
375 2231 591 2269 (1010310111οἣ
612 2231 666 2264 sed
692 2234 818 2273 peccata
842 2230 976 2262 venialia

30 2290 65 2318 ut
87 2286 116 2317 in
141 2286 285 2327 pluribus
303 2284 478 2317 voluntarie
502 2284 743 2316 committuntur
760 2287 790 2316 et
811 2284 928 2316 durant
945 2283 975 2315 in

30 2338 132 2377 nobis,
161 2337 313 2380 quamdiu
344 2337 490 2369 voluntas
523 2337 590 2368 vult
621 2337 652 2368 in
685 2336 801 2368 talibus
833 2336 974 2368 versari:

31 2398 102 2432 ergo
126 2390 258 2428 videtur,
283 2391 367 2431 quod
393 2389 525 2421 venialia
549 2398 610 2421 non
632 2392 763 2431 possunt
787 2389 885 2421 deleri
910 2389 976 2421 sine

31 2443 211 2475 contritione
235 2443 365 2474 interna.

117 2497 145 2527 5.
180 2496 271 2533 ltem,
304 2495 452 2537 possibile
484 2498 548 2533 est,
583 2504 682 2535 unum
724 2494 846 2526 veniale
878 2494 976 2526 deleri

28 2548 94 2580 sine
117 2548 193 2586 ali0;
226 2548 280 2580 sed
306 2548 364 2580 1100
396 2557 456 2579 non
489 2551 536 2579 est
558 2547 617 2579 nisi
644 2557 699 2588 per
730 2547 867 2589 aliquid,
892 2547 976 2588 quod

32 2592 126 2641 magis
150 2601 259 2641 aspicit
281 2610 381 2633 unum
407 2601 528 2632 veniale
552 2609 646 2642 quam
665 2600 770 2639 aliud,
790 2600 910 2631 ratione
928 2609 979 2632 011-

32 2653 79 2685 1113
98 2654 217 2695 gratiae
246 2654 375 2686 effectus
409 2655 515 2696 potius
538 2657 585 2686 est
621 2662 717 2694 supra
748 2662 849 2685 unum
882 2662 977 2694 quam

30 2714 126 2748 supra
158 2707 262 2745 01111(1;
299 2707 352 2739 sed
378 2707 438 2739 tale
474 2716 534 2738 non
567 2709 613 2738 est
649 2706 749 2747 gratia
784 2714 841 2737 nec
873 2706 978 2737 Sacra-

33 2762 187 2798 mentum,
223 2759 275 2791 sed
313 2759 399 2791 solus
431 2763 520 2791 actus
555 2758 685 2790 interior
710 2758 800 2790 liberi
833 2757 975 2789 arbitrii:

32 2820 105 2853 ergo
124 2817 180 2845 etc.

103 3036 110 3052 ¹
131 3037 252 3064 Contritio
271 3040 354 3070 enim,
374 3041 401 3064 ut
421 3046 499 3070 supra
521 3038 544 3064 d.
566 3039 607 3063 16.
628 3046 654 3070 p.
670 3039 687 3064 l.
703 3046 724 3063 a.
741 3040 763 3063 2.
784 3046 809 3071 q.
830 3039 854 3063 2.
868 3039 892 3063 in
907 3045 978 3069 corp.

32 3078 138 3112 dieitur,
160 3083 273 3107 nominat
292 3082 355 3114 quid
369 3083 535 3107 informatum
550 3083 630 3113 gratia
651 3082 721 3110 (cum
743 3089 792 3114 qua
814 3083 978 3107 coniunctum

35 3129 90 3147 esse
108 3130 157 3148 non
178 3128 261 3155 potest
280 3128 414 3156 peccatum
435 3126 562 3157 mortale).

103 3166 114 3182 2
133 3167 192 3192 Dist.
217 3169 255 3193 12.
277 3176 301 3199 p.
323 3169 348 3193 11.
369 3176 391 3193 a.
417 3169 436 3193 1.
457 3176 481 3201 q.
503 3169 525 3193 3.
540 3168 622 3193 —De
642 3172 756 3193 extrema
776 3169 897 3193 unctione
910 3169 979 3193 idem

34 3209 158 3240 probatur
176 3212 240 3236 infra
260 3212 284 3237 d.
306 3213 346 3237 23.
367 3220 390 3237 a.
412 3213 435 3237 l.
457 3220 482 3244 (1.
508 3213 526 3237 1.
541 3226 575 3229 -
588 3213 715 3237 Sententia
736 3211 865 3237 Ambrosii
880 3212 932 3244 (lV.
947 3212 979 3237 de

35 3252 146 3279 Sacram.
166 3262 187 3280 c.
208 3256 231 3280 6.
251 3263 277 3281 11.
299 3257 351 3288 28.)
371 3257 447 3281 relata
469 3260 507 3281 est
525 3263 603 3287 supra
618 3256 652 3281 lit.
666 3256 793 3287 Magistri,
809 3255 836 3281 d.
852 3256 904 3280 ΧΗ.
919 3264 940 3281 0.
955 3257 978 3288 6,

36 3300 60 3322 et
77 3297 220 3325 Comment.
238 3300 301 3325 ibid.
322 3307 345 3332 1).
367 3301 393 3324 ll.
413 3307 435 3325 a.
457 3301 479 3324 2.
501 3307 525 3332 q.
546 3300 571 3324 2.
593 3299 708 3325 fundam.
729 3300 752 3324 3.
773 3299 823 3324 Csr.
843 3300 919 3324 etiam
939 3307 979 3325 su-

36 3348 81 3372 pra
100 3343 134 3368 lit.
154 3343 278 3375 Magistri,
300 3345 323 3370 d.
345 3345 411 3370 XVl.
431 3351 453 3369 c.
476 3344 498 3369 4.
518 3351 604 3376 seqq,
632 3343 676 3369 ubi
703 3343 736 3369 de
764 3344 877 3369 oratione
897 3344 979 3369 domi-

37 3385 99 3410 nica.
118 3399 153 3404 -
171 3387 226 3412 Mox
245 3395 292 3419 pro
313 3389 336 3413 et
351 3394 401 3421 per
420 3387 476 3413 cod.
496 3388 517 3412 U
536 3386 607 3420 quod
622 3393 679 3420 per.

1927 250 1989 281 549

1394 343 1633 367 CONCLUSIO.

1043 439 1202 479 Quamvis
1222 439 1375 473 venialia,
1389 443 1526 481 peccata
1549 440 1644 472 valde
1668 450 1812 483 00091110
1836 450 1897 483 per
1917 451 1993 483 poe-

1128 492 1299 524 nitentiam
1317 492 1507 530 deleantur,
1533 498 1640 524 tamen
1653 497 1793 534 possunt
1816 493 1919 525 deleri
1932 503 1992 535 1001·

1127 544 1277 586 ‚qratiam
1309 544 1406 577 aliter
1437 545 1611 583 adiutam,
1642 545 1764 577 scilieet
1795 546 1862 578 solo
1891 546 1990 578 libero

1129 596 1271 628 arbitrio
1296 601 1513 636 consonante,
1537 601 1566 629 ec
1589 598 1700 641 aliquo
1729 598 1873 631 exterius
1898 599 1992 631 adiu-

1129 653 1234 680 vante.

1131 753 1332 786 Rssspounno:
1366 755 1409 787 Ad
1442 755 1501 787 11οο
1532 755 1701 788 voluerunt
1735 756 1832 798 aliqui
1868 757 2082 796 dicel·e‚opinio
2096 768 2117 789 1.

1041 805 1126 847 quod
1151 810 1277 847 peccata
1300 807 1450 846 venialia,
1472 808 1546 849 quia
1568 809 1706 850 quodam
1730 810 1824 841 modo
1848 814 1920 842 sunt
1944 819 1995 842 vo-

1043 857 1198 897 luntaria,
1224 858 1289 890 sine
1314 862 1385 891 actu
1410 860 1581 892 voluntatis
1605 861 1792 893 detestantis
1816 861 1874 893 itta
1895 862 1994 894 deleri

1042 919 1103 942 non
1128 915 1269 952 possunt.
1295 912 1374 952 Quia
1398 915 1501 944 tamen
1519 913 1609 954 longe
1630 914 1735 946 minus
1751 914 1869 946 habent
1892 914 1931 947 de
1947 923 1996 946 ra-

1043 963 1125 995 tione
1149 963 1318 996 voluntarii
1343 973 1437 1005 quam
1470 966 1630 1004 mortalia,
1656 966 1725 998 ideo
1756 967 1996 1008 quantulacum-

1043 1025 1105 1057 que
1129 1016 1274 1048 contritio
1298 1016 1413 1050 sufficit
1438 1018 1503 1050 sive
1528 1018 1559 1050 in
1580 1020 1748 1060 9011010111,
1777 1020 1842 1053 sive
1874 1020 1905 1051 in
1929 1030 1996 1062 spe-

1044 1068 1131 1101 ciali.
1157 1069 1243 1101 Unde
1260 1069 1428 1109 dixerunt,
1453 1071 1580 1112 quodsi
1605 1072 1676 1113 quis
1698 1082 1769 1104 cum
1795 1073 1996 1115 impoeniten-

1044 1122 1086 1154 tia
1110 1123 1149 1154 de
1173 1122 1348 1155 venialibus
1365 1124 1512 1163 decedat,
1538 1125 1712 1157 mortaliter
1733 1130 1856 1167 peccat3
1882 1127 1907 1159 si
1924 1127 1996 1168 quis

1044 1183 1119 1207 vero
1143 1179 1268 1216 praeter
1293 1185 1387 1208 usum
1423 1176 1512 1208 liberi
1538 1177 1660 1209 arbitrii
1685 1178 1828 1217 decedat,
1862 1182 1996 1220 postmo-

1044 1228 1120 1260 dum
1146 1228 1293 1260 delentur
1315 1237 1373 1270 per
1397 1229 1529 1270 gratiam
1555 1239 1627 1262 cum
1660 1230 1864 1263 detestatione
1888 1231 1996 1263 volun-

1044 1280 1132 1312 taria.
1158 1280 1232 1312 Nam
1258 1281 1380 1320 anima,
1405 1291 1485 1323 quae
1513 1286 1561 1314 est
1585 1283 1615 1314 in
1640 1284 1756 1324 gratia,
1789 1284 1893 1316 statim
1918 1285 1995 1317 dum

1045 1333 1074 1364 in
1100 1342 1132 1365 se
1157 1333 1307 1374 conspicit
1338 1334 1481 1375 culpam,
1507 1335 1591 1366 illam
1625 1335 1809 1375 detestatur,
1841 1341 1871 1369 et
1895 1337 1995 1378 gratia

1043 1386 1183 1417 existens
1207 1385 1239 1417 in
1274 1386 1379 1418 anima
1412 1396 1480 1419 eam
1507 1387 1598 1420 delet.
1622 1407 1664 1411 —-
1680 1389 1740 1420 Sed
1776 1392 1878 1421 tamen
1915 1390 1994 1422 illud
2010 1399 2057 1420 Non
2069 1399 2146 1425 proha-

1044 1437 1170 1470 difficile
1195 1442 1241 1470 est
1266 1439 1422 1471 sustinere
1447 1443 1510 1472 tam
1536 1441 1566 1472 in
1599 1439 1657 1472 ltoc
1681 1441 1812 1473 saeculo
1844 1451 1940 1483 quam
1964 1442 1996 1474 in
2059 1427 2100 1446 ω’

1042 1489 1179 1532 ficturo:
1205 1491 1234 1522 in
1260 1490 1337 1530 lzoc,
1370 1492 1518 1533 inquam,
1541 1493 1692 1531 saeculo,
1726 1495 1874 1535 quoniam
1904 1495 1995 1527 multi

1043 1548 1116 1576 sunt
1141 1545 1224 1576 modi
1250 1545 1429 1577 remittendi
1454 1550 1582 1587 peccata
1614 1547 1746 1579 venialia
1777 1551 1902 1589 praeter
1925 1557 1996 1590 poe-

1043 1597 1220 1636 nitentiam,
1246 1601 1281 1629 ut
1305 1601 1398 1638 puta,
1423 1607 1495 1630 cum
1521 1599 1635 1640 aliquis
1659 1600 1771 1632 devote
1788 1601 1918 1642 suscipit
1934 1601 1996 1643 epi-

1042 1650 1200 1691 scopalem
1224 1650 1471 1682 benedictionem
1497 1654 1527 1682 et
1556 1660 1656 1693 aquae
1680 1652 1862 1685 benedictae
1893 1663 1997 1695 asper-

1043 1702 1185 1734 sionem⁶
1208 1706 1238 1734 et
1262 1702 1453 1741 consimilia;
1478 1702 1508 1734 in
1525 1702 1659 1745 futuro,
1685 1705 1773 1746 quia,
1791 1714 1863 1737 cum
1888 1706 1996 1739 nullus

1042 1756 1081 1787 sit
1105 1764 1184 1787 usus
1208 1755 1298 1787 liberi
1324 1755 1446 1787 arbitrii
1480 1756 1661 1788 meritorius
1685 1761 1754 1798 post
1778 1761 1930 1797 mortem,
1963 1759 1994 1791 in

1042 1807 1129 1839 nullo
1154 1808 1280 1839 videtur
1304 1808 1466 1849 possibile,
1491 1809 1576 1850 quod
1601 1809 1702 1850 gratia
1725 1810 1852 1851 culpam
1877 1811 1995 1851 deleat,

1042 1864 1230 1901 cooperante
1255 1865 1342 1893 motu
1367 1861 1537 1894 voluntatis
1566 1863 1689 1895 animae
1714 1863 1777 1895 iam
1810 1867 1935 1896 exutae.
1963 1865 1997 1897 Et

1042 1913 1086 1945 sic
1109 1913 1224 1946 modus
1248 1914 1306 1946 iste
1337 1914 1459 1947 dicendi
1486 1924 1546 1947 non
1580 1915 1706 1948 videtur
1730 1916 1858 1949 omnino
1889 1926 1997 1950 conve-

1041 1966 1139 1998 niens.

1132 2020 1260 2061 Propter
1284 2020 1344 2052 hoc
1364 2020 1460 2062 igitur
1485 2021 1575 2054 aliter
1600 2021 1661 2054 dici
1685 2025 1818 2063 oportet.
1838 2023 1872 2055 Et
1895 2026 1930 2055 ut
1954 2023 1996 2055 in·
2011 2032 2086 2059 Opinio
2101 2033 2122 2053 2.

1041 2072 1220 2113 telligamus
1243 2073 1374 2105 modum
1400 2073 1564 2106 deletionis
1592 2075 1779 2113 venialium,
1804 2076 1995 2115 notandum,

1041 2125 1125 2167 quod
1150 2125 1267 2167 triplex
1298 2130 1345 2158 est
1373 2135 1472 2168 genus
1500 2128 1635 2168 peccati,
1668 2128 1785 2160 scilicet
1813 2129 1994 2171 originale,
2022 2137 2106 2165 Triplex
2122 2144 2156 2169 gq-

1040 2178 1170 2210 actuale
1193 2179 1332 2211 mortale
1355 2183 1385 2211 et
1408 2180 1543 2211 veniale.
1569 2181 1603 2212 Et
1623 2181 1775 2222 primum
1796 2182 1925 2223 quidem
1943 2171 2050 2214 mi·nus
2064 2168 2155 2191 peoeau'

1041 2232 1159 2263 nimam
1176 2232 1271 2264 habet
1294 2232 1447 2264 rationem
1465 2233 1654 2271 voluntarii,
1679 2233 1775 2265 immo
1799 2234 1919 2265 nullam
1944 2235 1996 2266 ha-

1040 2285 1093 2317 bet
1124 2285 1275 2317 rationem
1312 2285 1481 2317 voluntarii
1507 2287 1537 2317 in
1574 2286 1676 2318 nobis.
1709 2286 1860 2318 Alterum
1889 2291 1995 2319 autem

1041 2345 1140 2378 genus
1164 2337 1300 2378 peccati,
1326 2338 1443 2370 scilicet
1468 2338 1618 2377 mortale,
1644 2339 1828 2380 simpliciter
1849 2343 1932 2371 tenet
1950 2349 1995 2371 ra-

1041 2389 1157 2421 tionem
1183 2390 1363 2428 voluntarii,
1388 2390 1459 2422 licet
1476 2400 1535 2422 non
1556 2391 1606 2429 ita,
1624 2392 1704 2423 sicut
1721 2395 1884 2433 peccatum
1903 2391 1994 2429 Adae,

1041 2443 1125 2484 qnod
1151 2442 1275 2474 nullum
1299 2443 1411 2475 habuit
1437 2443 1662 2475 inclinativum.
1686 2443 1814 2475 Vcnz'ctle
1830 2447 1993 2485 peccatum

1041 2495 1177 2536 quodam
1205 2495 1298 2527 modo
1322 2499 1406 2528 tenet
1434 2496 1584 2528 medium.
1615 2496 1700 2528 Unde
1732 2496 1867 2537 quodam
1900 2496 1994 2528 modo

1042 2547 1137 2579 habet
1168 2548 1320 2580 rationem
1352 2558 1490 2589 poenae,
1513 2549 1650 2589 quodam
1683 2548 1777 2580 modo
1801 2548 1940 2590 cnlpae;
1963 2552 1993 2581 et

1041 2609 1181 2637 rursus,
1213 2600 1348 2641 quodam
1379 2601 1473 2632 modo
1502 2604 1548 2632 est
1578 2601 1822 2638 voluntarium,
1855 2602 1993 2643 quodam

1042 2653 1135 2685 modo
1170 2652 1443 2684 involuntarium.
1473 2653 1629 2684 Habemus
1657 2653 1739 2684 enim
1775 2654 1991 2686 necessitatem

1042 2705 1256 2737 committendi
1282 2705 1410 2746 aliquod
1434 2705 1555 2737 veniale
1580 2705 1611 2736 in
1636 2706 1822 2744 0010101101,
1848 2708 1992 2748 quamvis

1042 2757 1081 2789 ad
1106 2757 1230 2789 nullum
1255 2757 1285 2788 in
1308 2757 1516 2798 particulari
1529 2758 1549 2788 ⁷.

1130 2810 1286 2841 Primum
1305 2810 1399 2851 igitur
1417 2813 1596 2851 peccatum,
1614 2811 1761 2852 quoniam
1780 2811 1907 2844 aliunde
1924 2821 1992 2845 con·
2007 2823 2107 2871 ”⁰2¹er
2121 2823 2144 2844 2.

2020 2856 2032 2876 g
2047 2856 2059 2870 11
2101 2865 2106 2870 .

1113 3036 1123 3053 3
1143 3036 1205 3068 Cap.
1225 3038 1248 3062 6.
1270 3051 1303 3054 -
1323 3037 1380 3061 Sola
1401 3036 1442 3061 ed.
1467 3037 1475 3060 i
1500 3037 1592 3062 omittit
1611 3035 1673 3062 dicit
1690 3036 1826 3070 Maffl'sler.

1114 3081 1124 3097 ⁴
1144 3082 1175 3106 Ut
1195 3081 1290 3106 dictum
1311 3085 1349 3106 est
1368 3088 1446 3112 supra
1468 3080 1492 3105 d.
1517 3081 1554 3106 17.
1575 3088 1599 3112 p.
1618 3081 1646 3106 ll.
1669 3088 1691 3106 a.
1712 3082 1736 3106 2.
1758 3089 1784 3114 q.
1808 3083 1830 3106 1.
1850 3082 1883 3107 ad
1904 3082 1926 3107 4.

1115 3125 1125 3141 ⁵
1144 3125 1209 3150 Vide
1238 3132 1316 3156 supra
1347 3124 1370 3149 d.
1402 3124 1441 3148 Ἰ16.
1472 3131 1496 3155 p.
1526 3124 1542 3149 1.
1566 3131 1589 3148 a.
1620 3125 1639 3149 1.
1666 3132 1690 3156 q.
1721 3125 1741 3149 1.
1767 3129 1791 3150 01
1810 3125 1834 3150 d.
1857 3125 1896 3150 117.
1923 3133 1948 3157 p.
1975 3127 1992 3151 Ι.

1043 3175 1065 3193 0.
1088 3169 1110 3193 Ἰ1.
1132 3175 1157 3200 q.
1176 3168 1203 3192 3.

1113 3212 1124 3229 ⁶
1143 3212 1194 3238 Ct‘r.
1216 3211 1242 3237 C.
1262 3211 1368 3245 Aquam
1386 3210 1442 3237 sale
1462 3210 1541 3243 (20),
1561 3211 1593 3236 de
1612 3211 1760 3238 Consecrat.
1783 3213 1807 3238 d.
1828 3213 1852 3245 3,
1865 3216 1890 3238 et
1909 3214 1933 3238 S.
1948 3214 1993 3240 Bo-

1044 3264 1102 3282 nav.
1123 3257 1234 3287 Exposit.
1255 3257 1279 3280 in
1300 3256 1360 3280 Luc.
1382 3256 1429 3286 18,
1450 3256 1491 3280 13.

1113 3301 1124 3316 ⁷
1143 3300 1209 3325 Vide
1229 3300 1255 3324 11.
1283 3300 1351 3324 Scnt.
1378 3298 1404 3324 d.
1433 3299 1472 3324 40.
1494 3306 1515 3324 a.
1537 3300 1560 3324 2.
1581 3306 1605 3332 q.
1627 3300 1649 3324 4.
1670 3303 1694 3325 et
1713 3307 1793 3332 supra
1812 3301 1837 3326 d.
1859 3302 1898 3327 42.
1919 3309 1944 3334 p.
1965 3302 1991 3327 ll.

1044 3344 1106 3369 dub.
1128 3343 1152 3368 4.
1168 3357 1202 3360 —
1215 3344 1277 3368 Ante
1296 3342 1403 3368 nullum
1423 3343 1573 3369 addidimus
1593 3343 1629 3369 ad
1646 3351 1677 3369 ex
1696 3344 1771 3370 codd.
