2483 3882
283 688 317 709 Ad
332 688 413 714 opposi-

324 717 374 735 tum.

271 1850 329 1871 Finis
336 1851 418 1881 'matri-

285 1883 358 1898 monn.

271 1903 384 1925 Conclusio
397 1904 416 1924 1.

429 227 493 260 834

516 316 545 347 Δ.
571 316 662 353 Item,
688 314 829 346 infideles
854 313 1001 345 haeretici
1026 312 1142 344 habent
1173 320 1248 343 vera
1272 311 1378 343 Sacra-

429 371 533 399 menta
567 367 717 399 Ecclesiae
734 366 741 380 ¹
763 385 807 388 —
830 365 975 406 quamvis
1007 374 1068 396 non
1101 364 1237 396 habeant
1264 363 1377 401 fidem,

429 420 544 451 habent
569 419 738 450 verborum
767 418 901 449 formam
924 435 968 439 —
992 425 1066 457 ergo
1090 416 1116 447 si
1141 416 1376 447 matrimonium

429 471 513 512 apud
537 471 647 502 fideles
670 470 867 502 contrahitur
891 478 946 510 per
968 468 1066 501 verba
1082 468 1294 510 exprimentia
1310 477 1379 500 con-

429 532 573 560 sensum;
598 526 627 554 et
651 522 721 554 talis
745 522 846 554 forma
870 525 916 554 est
947 521 1032 562 apud
1065 520 1224 553 infideles:
1249 529 1324 562 ergo
1348 524 1379 552 et

429 574 618 606 matrimonii
643 574 890 606 Sacramentum.

519 628 546 658 1.
571 626 713 658 CONTRA:
739 626 839 658 Causa
863 625 1015 667 vigesima
1046 628 1172 663 octava,
1197 625 1378 667 quaestione

428 679 530 720 prima
545 678 574 710 2ε
604 678 695 710 «Non
721 682 767 711 est
791 682 896 710 ratum
920 678 1101 719 coniugium
1125 678 1208 719 quod
1232 678 1298 710 sine
1315 677 1379 709 Deo

428 735 526 770 est»;
550 731 604 764 sed
629 731 690 763 tale
718 735 765 763 est
788 731 968 773 coniugium
1000 731 1192 763 infidelium:
1219 739 1293 772 ergo
1318 740 1378 762 non

427 788 474 817 est
498 787 621 823 ratum,
644 793 719 825 ergo
743 793 804 816 non
829 788 876 816 est
899 784 1146 815 matrimonium.

516 837 545 867 Ξ).
572 836 663 874 item,
688 836 871 868 Ambrosius
894 836 1053 868 ibidem⁸2
1084 836 1176 868 «Non
1201 839 1248 868 est
1271 838 1380 877 putan—

427 889 503 921 dum
536 889 716 930 coniugium
748 889 832 930 quod
861 892 953 921 extra
984 889 1038 921 Dei
1070 889 1233 921 decretum
1265 892 1312 921 est
1339 889 1381 920 sa-

428 945 513 973 ctum
527 953 565 980 »3
590 941 645 973 sed
670 941 730 973 tale
755 945 802 974 est
822 941 1002 983 coniugium
1020 941 1212 974 infidelium:
1231 950 1305 982 ergo
1322 944 1379 973 etc.

517 994 546 1026 3.
570 994 663 1033 ltem‚
688 994 926 1026 matrimonium
950 998 997 1027 est
1020 995 1259 1027 Sacramentum
1282 994 1381 1026 Eccle-

428 1048 509 1086 siae3
534 1047 589 1080 sed
613 1047 789 1089 baptismus
817 1051 864 1080 est
894 1047 1136 1080 fundamentum
1169 1047 1381 1079 Sacramento-

429 1108 502 1131 rum
528 1100 696 1132 Ecclesiae:
722 1109 797 1141 ergo
820 1109 881 1131 non
913 1099 1065 1132 habentes
1096 1099 1289 1141 baptismum
1318 1108 1379 1131 non

429 1152 547 1184 habent
570 1152 816 1184 matrimonium.

518 1205 547 1236 lt.
573 1205 666 1243 Item,
692 1205 928 1236 matrimonium
953 1207 1000 1236 est
1023 1205 1260 1237 Sacramentum
1286 1208 1316 1236 et
1345 1205 1382 1237 si-

428 1266 524 1299 gnum
549 1257 674 1290 unionis
697 1257 751 1289 Dei
777 1260 807 1290 et
831 1257 970 1296 animae,
995 1258 1061 1289 sive
1093 1257 1217 1290 divinae
1249 1261 1380 1290 naturae

427 1313 457 1341 et
481 1310 638 1341 humanae
652 1309 681 1348 43
706 1309 759 1341 sed
786 1310 866 1342 hanc
891 1319 952 1341 ΠοΠ
969 1310 1147 1351 percipiunt
1164 1309 1307 1342 infideles
1324 1318 1381 1342 nec

429 1362 578 1394 credunt:
603 1370 677 1403 ergo
702 1370 763 1393 non
787 1365 834 1394 est
858 1371 968 1394 eorum
995 1363 1243 1394 Sacramentum.

782 1476 1023 1500 CONCLUSIO.

429 1573 681 1606 Matrimonium
705 1573 797 1614 apucl
827 1572 971 1613 infideles
1003 1571 1099 1604 ltabct
1129 1576 1258 1604 tantum
1290 1573 1382 1605 semi-

513 1626 606 1668 plene
629 1625 792 1657 rationem
818 1625 935 1668 officii,
952 1625 1091 1657 remedii
1106 1630 1134 1657 et
1151 1625 1382 1664 Sacramenti;

517 1679 603 1710 unde
626 1682 671 1710 est
696 1678 877 1720 legitimum
902 1678 1052 1721 quictem,
1076 1678 1134 1710 sea
1156 1688 1222 1710 non
1245 1682 1369 1710 ratum.

520 1785 717 1816 Responnuo:
743 1784 935 1822 Dicendum,
960 1783 1044 1825 quod
1074 1783 1311 1815 matrimonium
1337 1788 1384 1816 est

432 1837 610 1870 institutum
635 1837 667 1868 in
691 1836 835 1879 officium
859 1840 890 1868 et
914 1837 944 1868 in
968 1836 1150 1868 ‘remedium
1167 1837 1245 1868 etin
1263 1836 1383 1869 Sacra-

432 1890 619 1927 mentan
642 1894 673 1922 et
701 1890 760 1921 ista
794 1890 854 1921 tria
891 1889 1041 1931 complete
1069 1889 1181 1928 habet,
1207 1890 1381 1922 secundum

431 1944 515 1985 quod
540 1947 587 1975 est
610 1942 695 1984 apud
716 1942 843 1981 fideles;
860 1942 946 1983 apud
963 1941 1105 1974 infideles
1123 1951 1197 1974 vero
1214 1942 1308 1974 habet
1325 1943 1384 1974 ista

432 1995 607 2028 secundum
639 1995 792 2027 rationem
823 1994 1045 2036 semiplenam.
1078 1994 1153 2026 Nam
1186 1998 1233 2027 est
1265 1995 1295 2026 in
1320 1994 1385 2037 offi-

431 2048 538 2086 cium,
564 2048 638 2089 quia
661 2051 708 2080 est
730 2048 907 2089 procreatio
931 2047 1029 2088 prolis
1054 2047 1228 2089 legitimae,
1245 2047 1301 2079 sed
1322 2056 1384 2079 non

432 2100 472 2133 ad
495 2100 616 2132 cultum
640 2100 711 2139 Dei,
737 2100 820 2141 apud
846 2100 955 2132 fideles
979 2102 1085 2132 autem
1110 2100 1150 2132 ad
1175 2100 1296 2132 cultum
1318 2100 1382 2132 Dei.

434 2153 485 2185 Est
509 2153 539 2185 in
563 2153 764 2191 remedium,
789 2153 862 2194 quia
894 2156 1026 2184 excusat
1057 2152 1174 2184 coitum
1207 2153 1383 2184 maritalem

431 2214 450 2236 a
474 2205 588 2247 culpa.
606 2209 636 2237 et
657 2214 787 2244 rursus,
806 2205 900 2237 datur
924 2204 971 2236 ibi
990 2205 1107 2247 gratia
1131 2205 1294 2237 remittens
1316 2215 1384 2238 con-

2459 165 2462 189 1

1187 224 1470 256 ΞΕΝΤΕΝΤΙᾹΒΠΜ
1495 224 1562 256 LlB.
1587 224 1633 256 lv.
2460 191 2463 252 ἱ

2462 289 2465 320 l

1442 310 1666 352 cupiscentiam
1691 311 1810 343 ratione
1842 311 2066 343 benedictionis
2097 312 2280 350 adiunctae3
2305 312 2391 353 apud
2406 320 2483 352 Conco-q

1442 363 1584 395 infideles
1608 372 1683 396 vero
1708 364 1844 396 maritali
1876 364 1992 396 affectu
2021 373 2141 396 uxores
2171 368 2392 405 cognoscentes

1443 418 1490 447 est
1514 416 1676 447 excusatio
1700 425 1718 447 a
1742 416 1859 457 culpa,
1884 416 1938 448 sed
1962 425 2022 448 non
2046 416 2140 448 datur
2154 416 2290 458 qratia;
2306 417 2391 458 apud

1444 466 1552 499 fideles
1584 470 1757 509 utrumque
1771 467 1792 499 ⁶.
1818 468 1869 500 Est
1901 471 1931 500 et
1963 468 2234 506 Sacramentum,
2259 468 2333 510 quia
2357 468 2394 500 si-

1443 518 1569 560 gnificat
1592 520 1740 552 unionem
1765 520 1819 552 Dei
1845 523 1875 552 et
1898 520 2039 560 animae,
2056 520 2122 553 sive
2147 521 2293 553 unionem
2319 521 2394 553 divi·
2467 522 2469 535 ¹

1443 580 1502 604 nae
1524 576 1657 605 naturae
1688 576 1718 604 et
1747 573 1921 612 humanae,
1947 582 2009 605 nou
2041 577 2163 605 tantum
2196 573 2393 615 aptitudine,

1444 624 1498 656 sed
1523 629 1622 662 aetu;
1645 625 1731 666 apud
1756 625 1899 657 infideles
1931 634 2005 657 vero
2037 625 2222 667 aptitudine
2254 630 2392 658 tantum.
2407 613 2483 672 counit

1445 677 1479 709 Et
1499 682 1692 719 praeterea,
1718 678 1797 710 ratio
1821 678 2014 710 Sacramenti
2039 679 2179 711 maxime
2202 679 2342 711 consistit
2362 679 2394 712 in
2480 671 2483 712 ἶ

1444 730 1648 763 ratificatione
1673 730 1807 769 vinculi;
1831 731 1916 772 apud
1943 730 2085 763 infideles
2109 734 2215 763 autem
2233 731 2396 764 vinculum

1443 792 1505 814 non
1529 783 1624 815 habet
1647 783 1885 815 ratificationem
1910 783 2089 824 perfectam.
2116 802 2155 806 ——
2182 784 2267 816 Unde
2291 784 2469 816 distin-coron

1444 836 1551 877 guitur
1583 835 1684 868 Causa
1714 835 1866 877 vigesima
1899 839 2025 872 octava,
2050 836 2232 877 quaestione
2263 837 2367 878 prima
2385 837 2395 853 ⁷

1445 888 1605 929 quoddam
1642 888 1877 920 matrimonium
1913 892 2029 920 ratum
2064 892 2093 920 ct
2128 888 2328 930 leyitimum,
2360 894 2396 922 ut

1444 940 1605 978 fidelium3
1630 940 1791 982 quoddam
1816 939 2018 982 legitimum,
2042 940 2099 972 sect
2121 950 2187 972 non
2210 945 2344 979 ratum,
2361 945 2397 974 ut

1445 993 1639 1030 infidelium;
1663 993 1824 1034 quoddam
1853 997 1986 1031 ratum,
2011 993 2068 1025 sea
2098 1003 2163 1025 non
2196 993 2396 1036 lequinium,

1444 1049 1480 1078 ut
1504 1046 1741 1078 matrimonium
1765 1049 1959 1078 contractum
1985 1055 2003 1077 a
2027 1046 2175 1078 fidelibus
2198 1047 2229 1078 in
2254 1047 2385 1080 occulto.
2478 1085 2479 1090 ,

1534 1097 1572 1130 Si
1593 1101 1704 1130 autem
1734 1102 1938 1140 quaeratur,
1964 1107 2063 1139 quare
2095 1098 2330 1131 matrimonium
2355 1099 2397 1131 in·
2424 1094 2482 1153 edua&

1445 1151 1587 1183 fidelium
1620 1160 1681 1183 non
1711 1154 1758 1183 est
1788 1155 1924 1188 ratum,·
1949 1151 2136 1190 dicendum,
2160 1152 2244 1193 quod
2270 1152 2328 1184 hoc
2352 1155 2399 1185 est
2412 1138 2431 1153 ⁰¹
2447 1138 2482 1174 '5⁰¹

1444 1208 1574 1246 propter
1598 1204 1754 1236 defectum
1781 1204 1993 1236 Sacramenti
2015 1203 2112 1245 fidei,
2137 1208 2167 1236 et
2191 1208 2320 1246 propter
2335 1209 2400 1237 sta·
2481 1220 2483 1250 3

1446 1261 1535 1295 tum;
1559 1257 1633 1298 quia
1657 1257 1688 1288 in
1712 1257 1766 1289 tali
1792 1260 1874 1288 statu
1906 1256 2033 1288 iunctus
2064 1261 2111 1289 est
2143 1257 2256 1296 uxori,
2280 1258 2311 1289 in
2336 1267 2398 1299 quo
2413 1250 2483 1295 Nom}

1445 1313 1546 1352 potest
1570 1309 1681 1342 vinciri
1706 1309 1837 1341 vinculo
1868 1308 2024 1350 fortiori,
2050 1309 2167 1342 scilicet
2198 1310 2398 1352 suscipiendo

1446 1363 1682 1394 Sacramentum
1716 1362 1882 1403 baptismi,
1906 1364 1937 1393 et
1969 1361 2093 1394 Christo
2124 1362 2263 1403 alligari,
2287 1371 2306 1394 a
2337 1372 2399 1405 quo

1446 1417 1530 1446 statu
1554 1423 1647 1445 nemo
1670 1417 1772 1455 potest
1796 1414 1966 1455 prohibere
1981 1413 2009 1452 Β;
2026 1418 2057 1446 et
2073 1414 2143 1446 ideo
2159 1418 2260 1455 potest
2277 1415 2306 1447 in
2324 1424 2400 1447 casu

1446 1467 1531 1499 istud
1557 1466 1718 1499 vinc-ulum
1743 1467 1908 1498 infirmari.
1933 1467 2030 1499 Habet
2056 1471 2160 1499 tamen
2178 1468 2399 1507 militudinem,

1446 1523 1498 1558 ut,
1515 1519 1569 1551 illo
1593 1523 1676 1551 statu
1701 1519 1731 1551 in
1756 1523 1892 1561 utroque
1919 1522 2080 1558 manente,
2105 1529 2164 1551 non
2189 1521 2286 1561 possit
2310 1520 2398 1553 solvi.

1538 1573 1564 1603 1.
1590 1572 1625 1603 Et
1650 1580 1706 1612 per
1730 1572 1789 1604 hoc
1812 1575 1897 1613 patet
1925 1572 2087 1613 responsio
2118 1572 2158 1605 ad
2191 1572 2270 1605 illud
2300 1574 2400 1614 Augu·
2426 1580 2481 1611 solut

1447 1624 1561 1657 stini⁹z
1587 1625 1650 1656 Non
1676 1628 1723 1657 est
1749 1628 1853 1656 ratum
1878 1628 1935 1657 etc.
2414 1609 2483 1633 mmm

1536 1679 1565 1709 2.
1590 1677 1634 1709 Ad
1659 1677 1737 1709 illud
1762 1677 1848 1719 quod
1872 1677 2017 1710 obiicitur
2042 1678 2081 1710 de
2102 1678 2280 1718 Ambrosio,
2298 1679 2399 1711 dicen‘

1447 1731 1542 1770 dum,
1563 1731 1649 1772 quod
1673 1730 1751 1763 illud
1778 1730 2016 1772 intelligendum
2042 1734 2088 1763 est
2105 1731 2164 1764 sic:
2183 1736 2279 1764 extra
2296 1732 2400 1764 deere-

1448 1788 1533 1822 tum,
1558 1784 1590 1815 id
1614 1786 1660 1816 est
1685 1786 1793 1815 contra
1818 1783 2001 1815 mandatum
2027 1783 2170 1816 divinum
2186 1783 2220 1815 ¹⁰.

1537 1836 1565 1868 3.
1590 1836 1634 1869 Ad
1658 1836 1738 1869 illud
1762 1836 1846 1878 quod
1871 1836 2027 1875 obiicitur,
2045 1837 2127 1878 quod
2149 1840 2198 1869 est
2223 1838 2400 1870 Sacramen-

1450 1894 1515 1922 tum
1543 1889 1712 1928 Ecclesiae3
1737 1889 1923 1928 dicendum,
1946 1890 2028 1931 quod
2058 1899 2166 1922 verum
2184 1893 2249 1929 est;
2266 1891 2320 1923 sed
2338 1900 2399 1923 non

1448 1946 1569 1974 tantum
1599 1942 1777 1979 Ecclesiae,
1803 1942 1857 1974 sed
1882 1942 1974 1974 etiam
2001 1942 2079 1984 leyis
2105 1946 2255 1974 naturae.

1537 1996 1567 2027 [ι.
1592 1995 1636 2027 Ad
1662 1995 1739 2027 illud
1766 1995 1851 2036 quod
1875 1995 2022 2028 obiicitur
2043 1995 2082 2027 de
2099 1996 2340 2037 significatione,
2357 1997 2401 2029 di-

1449 2048 1602 2086 cendum,
1627 2047 1711 2089 quod
1743 2048 1799 2080 etsi
1834 2057 1895 2080 non
1928 2052 2005 2080 actu
2037 2052 2267 2089 repraesentet,
2295 2052 2400 2081 tamen

1450 2099 1583 2138 ltabitu;
1608 2103 1638 2132 et
1661 2100 1720 2132 hoc
1745 2099 1861 2132 sufficit
1884 2100 1922 2132 ad
1947 2100 2024 2139 hoc,
2046 2100 2130 2142 quod
2155 2101 2194 2133 sit
2222 2101 2400 2133 Sacramen-

1448 2157 1526 2185 tum.
1545 2172 1585 2176 ——
1611 2153 1665 2185 Vel
1684 2153 1733 2184 dic
1744 2178 1751 2191 ‚
1768 2153 1853 2194 quod
1870 2156 1942 2184 actu
1958 2157 2202 2194 repraesentat,
2221 2153 2292 2186 licet
2308 2163 2400 2187 nemo
2413 2164 2483 2186 Aliter,

1449 2205 1612 2247 percipiat
1627 2205 1661 2236 ¹¹.

2472 779 2483 913 *>*-›==<·†

2474 872 2477 885 5

1292 2316 1475 2357 ΩΠᾹΕΞΤΙΟ
1500 2316 1545 2347 ΙΙΙ.

716 2414 833 2446 Utrum
857 2414 1112 2446 matrimonium
1137 2413 1319 2456 infidelium
1344 2418 1473 2446 excuset
1498 2414 1639 2452 coitum,
1664 2418 1701 2446 ut
1723 2424 1789 2446 non
1812 2414 1855 2446 sit
1880 2414 1926 2446 ibi
1946 2418 2128 2456 peccatum.

521 2520 624 2552 Tertio
656 2521 837 2562 quaeritur,
867 2524 976 2552 utrum
1010 2521 1246 2552 matrimonium
1280 2521 1387 2553 infide-

434 2573 511 2605 lium
536 2577 667 2605 excuset
691 2573 807 2605 coitum
834 2574 898 2605 sive
915 2574 1112 2615 coniugalem
1129 2578 1255 2613 actum,
1273 2578 1308 2606 ut
1324 2583 1384 2605 non

434 2625 472 2658 sit
497 2625 538 2657 ibi
563 2630 737 2667 peccatum.
764 2627 797 2658 Et
821 2626 906 2668 quod
930 2636 1009 2665 non,
1034 2626 1169 2659 videtur.

1543 2522 1568 2552 1.
1594 2521 1637 2553 Ad
1663 2522 1817 2553 Romanos
1849 2521 1970 2553 decimo
1995 2524 2109 2562 quarto
2124 2520 2165 2552 12;
2193 2521 2293 2553 Omne
2316 2520 2402 2563 quod
2416 2533 2483 2559 Adop

1450 2583 1516 2605 non
1539 2578 1585 2605 est
1608 2583 1647 2605 ecc
1670 2573 1752 2615 lide,
1774 2578 1947 2615 peccatum
1971 2578 2036 2611 cst;
2060 2574 2115 2606 sed
2139 2577 2227 2606 actus
2260 2574 2402 2615 coniuga-
2453 2561 2483 2580 ‘¹¹¹¹

1451 2626 1488 2657 lis
1512 2626 1597 2667 apud
1622 2626 1764 2659 infideles
1789 2636 1849 2658 non
1874 2630 1920 2659 est
1944 2635 1985 2658 ex
2012 2626 2089 2658 fide:
2115 2635 2189 2667 ergo
2221 2631 2267 2658 est
2298 2635 2403 2668 pecca-

506 2780 512 2795 ¹
535 2780 566 2805 Ut
585 2781 682 2805 dictum
711 2784 750 2806 cst
777 2788 856 2812 supra
882 2781 906 2805 d.
928 2781 969 2806 2:2'.
989 2789 1013 2806 a.
1036 2782 1058 2806 ¹1.
1079 2789 1104 2814 q.
1124 2783 1149 2807 2.
1172 2796 1206 2799 —
1224 2782 1281 2807 Mox
1305 2781 1388 2807 verbo

433 2822 547 2849 habeant
567 2824 733 2855 praemittunt
751 2824 810 2849 cdd.
832 2825 928 2850 tamen..

505 2866 515 2883 2
536 2867 559 2891 ln
580 2868 719 2899 principio,
740 2867 784 2892 ubi
806 2869 868 2893 hacc
887 2868 968 2893 verba
982 2876 996 2893 a
1010 2869 1129 2894 Gratiano
1143 2869 1318 2894 attribuuntur
1332 2869 1388 2900 qui-

434 2910 495 2935 dem
514 2910 679 2944 Auqustino,
710 2912 734 2936 in
764 2916 823 2937 nota
847 2914 932 2937 tamen
952 2912 1051 2937 adiecta
1070 2912 1180 2938 dicitur:
1200 2913 1254 2937 Hoc
1275 2920 1325 2937 non
1350 2916 1388 2938 cst

434 2955 568 2979 inventum
589 2955 659 2986 apud
679 2956 705 2979 Β.
732 2956 913 2987 Augustinum.
943 2956 1041 2981 Verum
1070 2956 1142 2987 apud
1169 2955 1336 2981 Ambrosium
1362 2957 1387 2980 in

435 2998 503 3024 idem
525 3006 546 3023 c.
565 2999 589 3023 7.
611 3000 711 3030 primae
730 2999 762 3024 ad
783 2999 839 3024 Cor.
861 2999 899 3032 [v.
923 3000 974 3031 45]
994 3001 1057 3025 haec
1071 3000 1208 3031 leguntur:
1227 3009 1238 3022 «
1251 3000 1304 3025 Non
1319 3001 1387 3024 enim

436 3046 521 3066 ratum
540 3046 578 3066 cst
597 3043 807 3074 matrimonium,
835 3043 905 3074 quod
926 3044 979 3067 sine
999 3043 1043 3067 Dci
1064 3043 1201 3068 devotione
1221 3046 1258 3068 est
1272 3051 1295 3075 »3
1315 3046 1340 3068 et
1358 3044 1388 3067 si-

436 3086 503 3110 milia
524 3087 547 3110 in
569 3086 657 3111 Glossa
677 3086 806 3111 ordinaria
827 3086 924 3112 ibidem
944 3094 974 3112 ex
994 3087 1022 3112 Β.
1044 3087 1190 3112 Ambrosio.

505 3129 516 3145 ³
536 3130 601 3154 Tam
630 3130 701 3161 apud
730 3131 841 3155 Gratiani.
867 3134 925 3156 nota
947 3131 1065 3162 praeced.
1085 3131 1238 3163 allegatum,
1259 3138 1337 3163 quam
1363 3132 1387 3156 in

438 3172 666 3199 C01n1nem.(olim
686 3174 823 3199 Ambrosio
845 3175 950 3207 tributo)
970 3182 1049 3206 super
1068 3175 1084 3200 Ι.
1105 3175 1161 3201 Cor.
1182 3175 1213 3207 7,
1229 3175 1269 3200 115,
1284 3174 1333 3200 Csr.
1348 3175 1389 3200 hie

437 3216 470 3241 lit.
490 3217 616 3248 Magistri,
637 3225 658 3242 c.
679 3219 704 3242 2.

508 3260 518 3276 ⁴
538 3261 603 3286 Vide
631 3269 708 3293 supi-n
738 3262 772 3286 lit.
802 3263 927 3294 Magistri,
947 3263 971 3288 d.
993 3263 1088 3289 XXVI.
1109 3271 1130 3289 c.
1151 3265 1179 3296 (3,
1199 3267 1223 3289 et
1242 3264 1386 3289 Comment.

438 3310 460 3327 a.
481 3305 504 3328 2.
525 3312 549 3335 q.
571 3305 593 3328 1.
614 3319 647 3322 —
667 3306 773 3331 Inferius
787 3314 834 3337 pro
849 3313 942 3332 corum
956 3307 1013 3332 cod.
1034 3308 1055 3332 M
1075 3307 1145 3334 inter
1158 3314 1201 3334 eos
1214 3307 1387 3334 matrimonii.

507 3347 518 3363 5
537 3347 586 3372 Csr.
607 3356 685 3379 supra
705 3350 739 3374 lit.
760 3351 886 3383 Magistri,
908 3351 933 3376 d.
950 3351 1045 3376 XXVI.
1066 3359 1089 3377 c.
1112 3353 1133 3376 1.
1154 3359 1208 3384 seq.
1229 3366 1262 3370 -—
1282 3352 1388 3377 Inferius

1453 2781 1542 2807 verbis
1570 2781 1634 2814 quia
1652 2783 1690 2807 est
1710 2782 1824 2806 nonnulli
1844 2781 1920 2806 codd.
1941 2782 2096 2807 interserunt
2113 2780 2155 2806 ibi.
2176 2781 2291 2806 Subinde
2310 2783 2368 2812 post
2386 2787 2403 2806 α

1454 2825 1532 2858 culpa
1553 2826 1613 2851 edd.
1630 2825 1729 2850 addunt
1741 2824 1866 2857 mortali,
1884 2826 1980 2850 omisso
1994 2825 2147 2850 maritalem
2161 2825 2215 2857 (cfr.
2230 2832 2309 2856 supra
2322 2825 2347 2850 cl.
2362 2825 2402 2849 31.

1452 2877 1474 2895 a.
1497 2871 1519 2894 2.
1541 2878 1565 2902 q.
1588 2870 1631 2901 1.).

1522 2913 1533 2930 6
1554 2913 1619 2938 Vide
1639 2921 1716 2944 supra
1737 2913 1762 2938 d.
1784 2914 1824 2938 26.
1846 2921 1867 2938 a.
1889 2914 1912 2938 2.
1933 2920 1957 2945 q.
1979 2915 2002 2938 2.
2022 2920 2075 2945 seq.

1521 2956 1532 2972 ⁷
1552 2959 1571 2981 Λ
1591 2957 1710 2982 Gratiano
1730 2964 1810 2988 super
1823 2957 1849 2983 C.
1864 2957 1895 2983 Si
1906 2957 1965 2990 quis
1979 2956 2103 2983 Iudaicae
2120 2956 2250 2990 pravitati
2265 2956 2339 2989 (117.).
2353 2956 2402 2982 Csr.

1453 3002 1493 3025 hic
1513 3001 1546 3026 lit.
1567 3001 1693 3032 Magistri,
1715 3008 1736 3026 e.
1756 3002 1780 3026 6.
1801 3009 1855 3034 seq.

1523 3044 1533 3061 ⁸
1552 3044 1614 3070 Cod.
1635 3045 1655 3070 U
1672 3044 1817 3078 prohiberi.
1838 3046 1886 3070 Pro
1916 3045 2082 3078 suscipiendo
2112 3045 2199 3076 plures
2227 3046 2304 3071 codd.
2328 3044 2403 3070 susti-

1451 3088 1547 3114 nendo.
1570 3089 1656 3113 Finem
1677 3096 1748 3121 corp.
1769 3089 1826 3114 cod.
1846 3090 1868 3114 K
1889 3089 1991 3115 exhibet
2010 3090 2119 3120 sictut,
2136 3088 2163 3114 in
2182 3088 2227 3114 illo
2247 3090 2319 3114 statu
2332 3089 2403 3114 utro-

1452 3138 1502 3164 que
1521 3133 1652 3164 manente,
1674 3139 1728 3158 non
1746 3132 1829 3166 possit
1846 3132 1921 3158 solvi.

1522 3176 1533 3192 9
1554 3177 1617 3201 Vide
1637 3184 1716 3207 supra
1736 3180 1794 3202 nota
1815 3178 1838 3201 2.

1525 3220 1545 3237 ¹0
1565 3221 1614 3246 Csr.
1636 3222 1676 3246 hic
1695 3222 1728 3246 lit.
1749 3221 1877 3252 Magistri,
1899 3228 1920 3245 c.
1942 3222 1966 3246 2.

1526 3264 1545 3280 Η
1566 3264 1615 3289 Csr.
1635 3272 1713 3296 supra
1740 3265 1765 3290 d.
1786 3265 1809 3289 ’1.
1830 3272 1853 3295 p.
1876 3264 1890 3288 Ι.
1912 3272 1936 3296 q.
1957 3266 1980 3289 2.
2001 3264 2034 3289 ad
2053 3265 2076 3289 3.
2092 3279 2125 3282 --
2139 3264 2204 3290 Vide
2230 3264 2344 3289 scholion
2370 3263 2401 3288 ad

1453 3309 1653 3339 praecedentem
1672 3312 1770 3341 quaest.

1525 3352 1546 3368 ¹⁵⁷
1568 3353 1642 3378 Vers.
1663 3354 1702 3378 23.
