2483 3882
827 270 921 302 DIST.
945 270 1042 303 XLVI.
1067 270 1186 303 DUBIA.

1925 273 1988 304 967

677 459 787 492 DUBIA
811 459 917 492 CIRCA
942 460 1127 492 LITTERAM
1151 460 1332 492 MAGISTRI.

436 582 511 615 DUB.
536 583 556 614 I.

111 689 142 720 In
167 691 255 730 parte
279 688 337 720 ista
369 691 442 720 sunt
466 687 677 720 dubitationes
702 688 785 720 circa
817 687 971 726 litteram,

25 746 54 775 et
70 741 171 784 primo
187 741 226 774 de
250 741 308 773 hoc
330 741 414 783 quod
432 740 516 779 dicit,
534 741 619 782 quod
636 740 706 772 sine
730 740 972 772 intermissione

20 798 193 837 perpetuos
216 797 273 826 etc.
299 794 430 826 Videtur
454 793 537 825 enim
562 793 643 825 male
668 793 791 832 dicere,
823 793 896 835 quia
920 793 972 824 lob

24 847 172 889 vigesimo
203 850 315 888 quarto
334 846 343 861 ¹
377 846 508 878 dicitur:
549 846 771 878 Transierunt
801 846 843 878 ab
874 846 972 888 aquis

23 899 149 932 nivium
173 899 219 931 ad
242 898 384 931 calorem
417 898 578 930 nimiam:
603 907 678 940 ergo
703 898 811 931 saltem
832 898 971 937 videtur,

24 952 106 994 quod
132 953 161 984 in
187 951 240 984 illo
265 952 397 984 transitu
423 951 462 984 sit
486 951 685 984 intermissio.
702 971 745 975 —
762 952 851 990 ltem,
876 960 972 993 super

23 1005 102 1038 illud
133 1004 228 1037 Isaiae
252 1004 373 1037 decimo
407 1004 560 1046 quarto²z
593 1004 641 1036 Tu
665 1008 775 1036 autem
805 1004 972 1046 proiectus

23 1067 73 1095 es‚·
88 1057 212 1089 Glossa:
236 1068 250 1086 «
268 1057 328 1089 Etsi
346 1065 454 1088 omnes
471 1056 593 1088 animae
617 1056 786 1098 aliquando
811 1056 973 1088 habebunt

23 1110 177 1151 requiem,
201 1113 235 1142 tu
267 1119 428 1151 nunquam
446 1121 480 1140 »:
506 1113 536 1141 et
560 1109 602 1141 ita
634 1109 769 1148 videtur,
802 1109 884 1151 quod
911 1109 973 1141 ani-

21 1171 90 1195 mae
113 1161 282 1203 aliquando
305 1162 347 1194 ibi
372 1162 580 1203 requiescant.

109 1215 307 1248 Rsssroisnno:
332 1215 524 1254 Dicendum,
542 1215 626 1257 quod
644 1214 765 1256 punitio
789 1214 971 1256 gehennalis

22 1268 80 1301 erit
103 1268 169 1300 sine
192 1268 277 1300 omni
302 1268 549 1306 intermissione3
572 1271 603 1300 et
626 1268 685 1300 hoc
709 1272 794 1309 patet
818 1277 874 1309 per
892 1268 970 1300 illud

21 1321 102 1363 quod
127 1321 242 1353 dicitur
266 1321 465 1363 Apocalypsis
489 1321 611 1354 decimo
635 1321 786 1362 quarto³:
816 1321 973 1353 Ascendit

19 1371 134 1414 fumus
170 1377 406 1405 tormentorum
443 1374 478 1405 in
512 1373 647 1405 saecula
682 1373 910 1411 saeculoram,
943 1378 972 1405 et

1 1434 84 1464 ,non
99 1423 263 1457 habebant
285 1426 429 1468 requiem
451 1426 502 1458 die
525 1436 565 1458 ac
589 1430 688 1458 noete.
706 1426 783 1458 Cum
808 1426 889 1458 enim
909 1436 968 1458 nou

21 1479 58 1510 sit
82 1478 279 1519 interpolatio
303 1479 333 1510 in
359 1478 468 1520 culpa,
494 1488 553 1511 non
580 1479 673 1511 debet
704 1488 772 1512 esse
804 1480 834 1510 in
861 1488 968 1521 poena.

105 1531 192 1572 Quod
219 1531 365 1563 obiicitur
382 1532 421 1564 de
438 1533 587 1570 transitu,
612 1532 796 1570 dicendum,
814 1532 896 1574 quod
916 1532 970 1564 du-

0 1584 141 1627 rpliciter
165 1589 266 1626 potest
297 1584 446 1626 intelligi:
475 1584 523 1617 vel
549 1584 630 1617 sicut
654 1589 700 1616 est
724 1585 876 1617 transitus
900 1585 970 1617 sub-

19 1637 88 1670 iecti
111 1637 151 1669 ab
179 1647 242 1669 uno
266 1638 496 1670 contrariorum
525 1637 779 1670 immediatorum
802 1637 831 1669 in
849 1638 969 1677 aliud⁴,

19 1690 60 1723 ita
78 1694 194 1729 tamen,
216 1690 299 1732 quod
319 1699 444 1732 semper
460 1694 507 1723 est
528 1692 587 1723 sub
604 1690 704 1723 altero
721 1691 968 1729 contrariorum;

20 1743 62 1775 sic
85 1742 269 1784 intelligitur
294 1743 324 1774 in
342 1743 517 1784 proposit03
544 1743 593 1775 vel
617 1743 669 1782 ita,
694 1743 779 1785 quod
797 1752 858 1774 non
885 1743 970 1775 intel-

20 1796 132 1837 ligatur
149 1797 322 1835 successiO,
340 1796 394 1828 sed
420 1805 476 1828 neo
493 1796 644 1828 transitus
661 1805 731 1828 cum
758 1797 969 1835 successIOne‚

18 1849 71 1881 sed
96 1849 231 1881 varietas
255 1858 326 1881 cum
353 1849 542 1882 confusione.

105 1902 194 1943 Quod
226 1901 372 1934 obiicitur
396 1903 435 1934 de
458 1902 583 1940 Glossa,
609 1902 796 1940 dicendum,
820 1902 904 1943 quod
930 1902 970 1933 lo-

19 1954 125 1996 quitur
142 1964 202 1986 non
219 1955 427 1996 simpliciter,
445 1955 500 1987 sed
524 1955 585 1987 sub
602 1954 800 1993 conditione,
821 1955 860 1987 ad
877 1963 970 1996 exag-

19 2008 190 2050 gerandum
215 2008 465 2050 magnitudinem
490 2008 607 2049 peccati
632 2008 727 2040 illius.

422 2113 498 2146 Due.
524 2113 557 2145 Il.

104 2219 178 2252 Item
197 2219 361 2261 quaeritur
386 2219 425 2251 de
440 2219 500 2251 hoc
524 2219 609 2261 quod
627 2218 717 2251 dicit:
745 2219 836 2259 Quae
851 2218 883 2250 si
897 2218 968 2250 sola

19 2275 95 2304 esset
118 2271 264 2304 alienari
287 2281 309 2303 a
340 2281 440 2314 reyiw
464 2275 522 2304 etc.
548 2272 680 2304 Videtur
708 2271 790 2304 enim
816 2271 897 2303 male
927 2271 968 2304 di-

20 2333 103 2358 cere:
121 2325 209 2367 quia,
226 2328 262 2357 ut
286 2325 360 2357 dicit
377 2324 568 2366 Augustinus
580 2325 600 2364 ⁵,
624 2324 702 2357 haec
718 2328 766 2356 est
788 2323 968 2356 mitissima

4 2377 188 2420 :poenarum
212 2378 370 2410 omnium:
396 2387 470 2419 ergo
494 2378 679 2410 contradicit
703 2377 760 2410 sibi
786 2386 879 2409 nunc.

21 2468 25 2471 ι
105 2431 303 2463 Respounno:
324 2430 510 2468 Dicendum,
528 2430 612 2472 quod
630 2430 822 2472 Augustinus
837 2429 847 2444 ⁰
873 2429 969 2471 loqui-

20 2485 69 2518 tur
93 2483 132 2516 de
156 2483 218 2516 illis
242 2483 295 2532 qui
321 2483 472 2515 damnum
497 2484 614 2516 habent
634 2488 664 2515 et
687 2493 748 2515 non
773 2482 969 2515 animadver-

19 2539 99 2574 tunt,
125 2536 173 2568 vel
191 2536 457 2575 animadvertunt,
477 2546 537 2568 nou
556 2540 658 2569 tamen
677 2537 792 2569 liabent
813 2537 968 2570 conscien-

1036 583 1096 616 tiae
1120 592 1308 616 remorsum.
1340 604 1378 607 —
1408 585 1463 618 Vel
1486 585 1671 624 dicendum,
1696 586 1781 627 quod
1813 586 1886 628 quia
1918 586 1984 628 ipse
1999 595 2075 617 Aliter.

1036 640 1197 678 comparat
1220 637 1390 669 carentiam
1424 637 1551 670 visionis
1575 638 1629 670 Dei
1661 641 1821 671 aeternam
1853 639 1893 671 ad
1918 648 1986 680 poe-

1035 698 1108 721 nam
1133 689 1355 731 temporalem,
1373 690 1479 723 dicens
1490 691 1511 730 ⁷,
1535 691 1619 733 quod
1646 691 1696 723 illa
1713 691 1838 724 excedit
1861 700 1986 724 omnem

1036 742 1257 783 temporalem,
1282 743 1356 784 quia
1380 743 1421 775 ibi
1446 747 1493 776 est
1516 744 1650 786 privatio
1673 744 1746 776 boni
1769 744 1906 783 aeterni,
1930 744 1986 777 sed

1037 794 1087 826 hic
1111 795 1302 836 temporalis.
1327 796 1404 828 Cum
1429 800 1534 829 autem
1560 797 1651 835 dicit,
1676 798 1776 839 ipsam
1793 806 1861 830 esse
1886 797 1987 830 mitis-

1035 847 1175 885 simam,
1202 847 1341 891 loquitur
1364 849 1403 882 de
1428 850 1535 891 poenis
1559 850 1704 882 aeternis.

1438 955 1513 987 DUB.
1539 955 1583 986 111.

1126 1059 1199 1090 Item
1224 1060 1388 1101 quaeritur
1412 1060 1451 1092 de
1475 1060 1534 1093 hoc
1558 1060 1642 1102 quod
1667 1061 1758 1099 dicit,
1783 1061 1867 1102 quod
1885 1070 1986 1104 qaan-

1038 1114 1247 1154 tumcanique
1269 1112 1353 1145 mali
1375 1113 1459 1151 sint,
1484 1113 1522 1145 de
1536 1123 1641 1155 poena
1665 1113 1828 1146 relaxare.
1853 1113 1985 1147 Videtur

1037 1165 1119 1196 enim
1140 1165 1225 1197 'male
1243 1165 1360 1204 dicere,
1386 1166 1459 1207 quia
1477 1166 1679 1198 Ecclesiastici
1704 1167 1945 1208 quadragesimo
1958 1167 1984 1198 ⁸:

1037 1217 1063 1249 A
1087 1217 1295 1258 praesidente
1317 1222 1394 1257 etc.;
1418 1218 1492 1250 dicit
1516 1218 1638 1251 Glossa:
1670 1231 1685 1247 «
1703 1219 1733 1250 ln
1758 1219 1879 1251 inferno
1898 1219 1985 1251 nulla

1036 1270 1096 1302 erit
1121 1270 1270 1312 mitigatio
1286 1283 1316 1302 n.

1125 1323 1322 1355 Ruspounno:
1340 1323 1532 1362 Dicendum,
1556 1324 1640 1366 quod
1658 1324 1708 1356 liic
1729 1324 1868 1366 loquitur
1885 1325 1923 1357 de
1940 1333 1986 1357 re-

1036 1375 1207 1415 laxatione,
1232 1385 1312 1417 quae
1336 1376 1371 1408 fit
1394 1376 1430 1408 in
1453 1377 1611 1409 taxatione
1636 1386 1770 1418 poenae,
1795 1377 1850 1409 sed
1880 1377 1920 1409 ibi
1946 1377 1985 1410 de

1036 1429 1225 1470 mitigatione
1238 1433 1314 1470 post
1328 1438 1460 1471 poenam
1479 1433 1626 1462 taxatam.
1644 1430 1798 1471 —Aliqui
1813 1434 1916 1463 tamen
1933 1439 1985 1462 ex·
1998 1438 2047 1468 Alia
2061 1437 2144 1464 exposi-

1035 1485 1170 1523 ponunt,
1195 1482 1279 1523 quod
1305 1491 1365 1514 non
1389 1482 1447 1514 erit
1466 1482 1616 1524 mitigatio
1632 1483 1671 1515 ad
1689 1483 1930 1521 liberationem,
1948 1483 1985 1515 si·
1998 1467 2144 1512 issssiaffmp'ffi

1034 1538 1087 1565 cut
1111 1534 1240 1575 exponit
1271 1534 1415 1576 Magister
1439 1535 1591 1576 quasdam
1624 1535 1701 1568 alias
1725 1536 1925 1568 auctoritates
1953 1535 1983 1567 in

1035 1587 1138 1619 littera
1150 1587 1174 1625 ⁹3
1192 1587 1247 1619 sed
1264 1587 1324 1619 ista
1340 1588 1495 1629 expositio
1516 1592 1641 1620 extorta
1657 1597 1724 1620 esse
1742 1588 1877 1620 videtur.
1895 1588 1985 1620 Aliud

1034 1644 1081 1672 est
1105 1640 1186 1672 enim
1212 1649 1343 1681 poenam
1373 1641 1545 1682 mitiyari,
1570 1641 1656 1673 aliud
1681 1650 1699 1673 a
1719 1651 1826 1683 poena
1854 1642 1985 1674 omni-no

1035 1691 1182 1724 liberari.

1432 1799 1508 1831 DUB.
1542 1799 1589 1831 lV.

1123 1903 1197 1935 [tem
1223 1903 1387 1944 quaeritur
1412 1904 1451 1936 de
1483 1904 1542 1936 hoc
1566 1904 1650 1945 qnod
1676 1904 1766 1937 dicit:
1802 1905 1909 1945 Quam
1942 1905 1987 1936 in-

1035 1954 1340 1997 comprehensibilia
1360 1960 1449 1988 λιςῑιηϊ
1480 1956 1608 1988 iudicia
1639 1957 1730 1989 eius!
1754 1958 1827 1999 quia
1860 1958 1986 1990 videtur

1034 2009 1139 2041 dicere
1163 2012 1271 2041 contra
1296 2008 1373 2041 illud
1398 2009 1483 2050 quod
1500 2009 1615 2042 dicitur
1640 2010 1671 2041 in
1696 2010 1817 2042 Psalmo
1832 2011 1867 2042 ¹⁰:
1888 2011 1925 2042 In,
1942 2011 1986 2043 la-

1035 2061 1096 2093 biis
1128 2061 1208 2093 meis
1228 2062 1450 2103 pronuntiavi
1473 2062 1585 2094 omnia
1618 2062 1745 2095 iudicia
1770 2063 1839 2095 oris
1871 2064 1928 2095 tai.
1954 2064 1984 2096 Si

1033 2113 1116 2146 enim
1142 2115 1243 2155 potuit
1263 2114 1507 2156 pronuntiare:
1533 2123 1607 2156 ergo
1631 2118 1661 2147 et
1685 2114 1962 2157 comprehendere.

1123 2167 1322 2199 RusPONnEo:
1340 2167 1514 2199 Dicendum
1525 2193 1532 2206 ,
1557 2167 1641 2209 quod
1661 2168 1786 2200 iudicia
1804 2169 1864 2200 Dei
1879 2169 1985 2201 dicun·
1998 2177 2081 2204 Duplex
2096 2183 2143 2207 sen,-

1034 2223 1086 2251 tur
1103 2219 1287 2261 dupliciter:
1310 2229 1372 2253 uno
1389 2220 1483 2252 modo
1500 2220 1676 2252 iudicialia
1689 2225 1881 2262 praecepta,
1903 2230 1983 2263 quae
1995 2203 2141 2224 susmabuh'

1033 2276 1122 2303 erant
1146 2272 1177 2303 in
1202 2273 1298 2314 Lege,
1323 2281 1403 2314 qnae
1427 2273 1607 2314 frequenter
1632 2273 1661 2304 in
1688 2273 1808 2305 Psalmo
1831 2278 1983 2306 vocantur

1033 2324 1170 2356 iudicia.
1196 2324 1261 2356 Alio
1286 2325 1378 2368 modo
1396 2325 1546 2357 dicuntur
1568 2325 1682 2357 diviua
1700 2325 1868 2368 dispositio
1894 2330 1923 2358 et
1940 2327 1984 2358 di·
2011 2322 2014 2329 ‘

1035 2378 1096 2409 vini
1115 2378 1233 2409 consilii
1252 2378 1405 2417 delinitio,
1430 2382 1460 2411 et
1478 2379 1536 2410 ista
1561 2383 1633 2411 suut
1651 2379 1865 2412 inscrutabilia
1889 2389 1984 2421 quan-

1033 2435 1099 2463 tum
1125 2431 1162 2462 ad
1182 2431 1388 2472 cognitionem
1412 2431 1444 2463 ,ςί
1458 2437 1519 2470 est,
1543 2436 1711 2473 antequam
1730 2432 1818 2471 fiant3
1843 2437 1873 2465 et
1890 2443 1986 2474 quan-

1032 2487 1098 2515 tum
1118 2484 1155 2515 ud
1175 2484 1380 2525 cognitionem
1395 2489 1531 2526 propter
1548 2485 1645 2528 qvid,
1663 2494 1702 2517 ex
1719 2495 1783 2527 quo
1800 2486 1879 2518 sacta
1896 2490 1984 2524 sunt,

1033 2536 1090 2568 nisi
1116 2536 1250 2577 Spiritus
1274 2537 1328 2568 Dei
1355 2537 1485 2575 revelet,
1510 2538 1569 2580 qai
1591 2542 1764 2570 scrutatur
1789 2538 1887 2570 etiam
1910 2548 1984 2579 pro-

89 2740 97 2756 1
117 2741 188 2766 Vers.
214 2741 251 2765 19.
271 2739 321 2765 Cl'r.
341 2747 420 2772 supra
441 2748 500 2773 pag.
521 2742 579 2773 927,
601 2745 658 2767 nota
681 2742 703 2766 8.
725 2756 758 2759 -
778 2742 825 2766 Pro
848 2740 967 2767 Transie

19 2785 82 2809 rzmt
101 2784 157 2809 cod.
177 2785 198 2809 G
220 2783 389 2810 Transibzmt.

87 2828 98 2844 ²
117 2828 191 2853 Vers.
214 2829 253 2853 119.
275 2842 309 2846 -
328 2827 424 2855 Glossa
440 2832 477 2854 est
496 2830 640 2855 secundum
661 2830 763 2855 Hieron.
783 2831 807 2854 in
828 2831 897 2854 hunc
919 2830 966 2854 loc.

21 2871 158 2898 dicentem:
179 2872 274 2898 Omnes
294 2873 394 2898 animae
414 2873 484 2904 apud
504 2874 598 2899 inferos
622 2874 735 2906 aliquam
761 2875 878 2906 requiem
904 2874 967 2898 acci-

21 2916 101 2948 pient,
122 2921 147 2942 tu
172 2915 437 2950 [Nalmcuodonosor]
457 2918 528 2943 solus
556 2919 581 2942 in
609 2922 736 2943 extremas
766 2917 883 2942 teni-bros
908 2917 967 2941 rele-

20 2959 128 2991 gaberis.
147 2975 181 2979 —
200 2961 306 2987 Interius
325 2969 373 2993 pro
392 2961 537 2995 aliquando
558 2962 614 2987 cod.
635 2962 656 2987 G
675 2961 883 2995 aliquantulum.

86 3003 97 3020 3
117 3005 190 3030 Vers.
212 3006 238 3030 11
256 3014 260 3036 ;
283 3006 392 3037 Vulgata
413 3011 471 3037 post
498 3007 694 3032 tormentorum
723 3006 795 3031 addit
822 3012 914 3031 eorum
944 3008 968 3029 et

20 3046 146 3073 substituit
165 3055 212 3074 nec
231 3048 326 3074 habeut
345 3057 391 3081 pro
412 3050 435 3075 et
452 3056 506 3075 non
525 3048 664 3075 habebunt.

87 3089 98 3107 4
117 3092 182 3117 Vide
201 3094 311 3124 Aristot,
332 3093 364 3118 de
385 3094 541 3119 praedicam.
562 3101 582 3119 c.
597 3093 627 3119 de
643 3093 782 3127 Oppositis,
805 3097 829 3118 et
842 3093 872 3117 V.
892 3094 966 3124 ruys.

21 3133 77 3159 text.
98 3134 138 3159 46.
159 3142 230 3168 seqq.
252 3136 284 3167 (c.
306 3137 356 3169 5,),
373 3137 417 3162 ubi
438 3137 562 3168 allegatur
582 3140 608 3161 ut
627 3137 774 3168 exemplum
796 3138 916 3161 transitus
936 3137 967 3161 de

22 3178 125 3203 sanitate
143 3180 169 3203 in
188 3180 385 3211 aegritudinem,
410 3181 449 3205 vel
480 3182 535 3205 vice
563 3187 648 3205 versa.
667 3194 700 3198 ——
720 3181 744 3205 ln
770 3180 828 3205 edd.
850 3183 901 3205 tota
929 3187 968 3205 re-

22 3222 122 3252 sponsio
143 3223 205 3248 haec
224 3224 348 3249 omittitur
367 3228 391 3249 et
411 3225 576 3250 contunditur
596 3231 654 3249 cum
680 3231 733 3256 seq.
754 3224 786 3248 de
810 3224 917 3255 Glossa3
937 3224 968 3248 lo-

22 3268 83 3295 gunt
101 3267 182 3292 enini:
199 3266 276 3298 Quod
294 3267 417 3294 obiicitur
435 3268 466 3294 de.
485 3268 616 3300 transitu,
639 3268 786 3300 dicendam,
804 3267 875 3301 quod
888 3267 968 3301 loqui·

22 3307 65 3333 tur
77 3313 123 3334 etc.
139 3310 162 3334 ln
178 3310 227 3336 tine
240 3311 315 3337 solut.
330 3319 377 3342 pro
390 3311 492 3344 peccata·
509 3310 582 3337 illias
597 3312 653 3336 cod.
670 3312 686 3335 L
699 3312 807 3344 peccata
821 3310 894 3336 illias
909 3310 968 3344 [Na-

21 3349 247 3387 huchodonosoi·].
267 3368 302 3373 —
316 3356 351 3380 De
370 3355 463 3380 eodem
478 3354 558 3380 dubio
574 3356 636 3380 Petr.
658 3362 670 3380 a
692 3355 765 3386 Tar¹⁷
788 3356 828 3380 liic
847 3356 912 3380 circa
934 3356 966 3381 lit.

89 3394 100 3412 ⁵
119 3396 244 3424 Euchirid.
265 3407 286 3424 c.
308 3398 349 3423 93.
370 3405 393 3423 n.
409 3399 451 3423 23.
468 3398 518 3423 Cir.
534 3398 561 3423 ll.
578 3399 645 3423 Sent.
662 3398 685 3423 d.
701 3398 743 3423 33.
759 3405 781 3422 a.
796 3399 818 3422 3.
835 3405 859 3430 q.
879 3399 898 3422 1.
913 3405 967 3431 seq.

1102 2740 1113 2756 6
1133 2742 1156 2765 ln
1177 2740 1327 2765 obiectionis
1347 2740 1436 2765 verbo.
1457 2755 1490 2758 —-
1510 2741 1564 2765 Mox
1586 2748 1635 2766 non
1660 2742 1735 2772 pauci
1762 2742 1837 2766 codd.
1864 2743 1983 2768 omittunt

1032 2786 1128 2810 tamen.

1101 2829 1111 2845 7
1132 2829 1230 2858 Verbo,
1252 2836 1319 2861 quae
1339 2832 1434 2854 textum
1455 2830 1531 2853 liuius
1552 2829 1623 2854 dubii
1644 2832 1800 2861 sequuntur,
1821 2833 1896 2855 sunt:
1917 2831 1982 2855 Tam

1032 2873 1138 2904 grandis
1157 2876 1241 2897 tamon
1262 2876 1299 2897 est
1320 2879 1417 2903 poena,
1440 2876 1467 2897 ut
1485 2874 1508 2897 ei
1538 2874 1634 2904 possint
1656 2873 1722 2897 nulla
1752 2877 1885 2903 tormenta,
1916 2881 1982 2906 quae

1033 2918 1161 2947 nox-imus,
1182 2917 1327 2947 comparari
1346 2921 1392 2941 etc.
1415 2917 1479 2941 Vide
1498 2918 1539 2941 hic
1559 2917 1592 2942 lit.
1614 2918 1738 2948 Magistri,
1754 2925 1774 2942 c.
1797 2919 1868 2942 1.-
1882 2918 1930 2943 Csr.
1951 2919 1983 2944 de

1033 2962 1081 2985 hoc
1100 2960 1181 2985 dubio
1202 2961 1226 2984 S.
1248 2961 1339 2985 Tuom.
1360 2965 1384 2985 et
1405 2961 1468 2985 Pctr¹
1489 2968 1502 2985 a
1524 2961 1596 2991 Tar„
1618 2961 1658 2985 liic
1677 2962 1742 2985 circa
1764 2962 1797 2985 lit.

1102 3004 1112 3020 8
1134 3005 1204 3029 Vei-s.
1226 3005 1248 3029 3.
1263 3012 1316 3036 seq.
1328 3011 1334 3029 z
1348 3006 1365 3029 A
1382 3005 1508 3029 residente
1522 3003 1706 3037 [In-aesidenle
1720 3006 1812 3036 legitur
1826 3007 1849 3030 in
1865 3006 1983 3037 pluribus

1032 3050 1142 3081 antiquis
1162 3048 1236 3081 edd]
1256 3056 1334 3079 super
1353 3049 1441 3073 sedem
1463 3049 1601 3080 gloriosam
1627 3056 1708 3081 usque
1729 3049 1760 3074 ad
1781 3051 1942 3075 humiliatum
1958 3052 1981 3075 in

1033 3097 1097 3118 terro
1127 3096 1151 3117 et
1177 3093 1286 3117 cineret..
1316 3093 1400 3123 furor,
1420 3093 1490 3117 zelus
1510 3096 1556 3117 etc.
1578 3107 1610 3110 —
1630 3093 1731 3124 Glossn,
1753 3094 1823 3125 apud
1852 3094 1981 3125 Lyranum

1033 3135 1211 3161 interlinearis
1231 3137 1253 3160 in
1275 3143 1299 3160 v.
1321 3135 1347 3167 4,
1369 3139 1452 3161 sumta
1472 3140 1510 3161 est
1529 3143 1558 3161 ex
1580 3137 1699 3167 uanano,
1722 3138 1746 3161 in
1769 3138 1836 3161 liunc
1856 3138 1902 3162 loc.

1102 3179 1113 3195 9
1133 3180 1177 3204 IIic
1197 3187 1218 3204 c.
1244 3180 1261 3204 1.
1283 3194 1316 3197 -
1336 3180 1461 3211 Superius
1481 3180 1539 3205 edd.
1561 3181 1679 3205 omittunt
1698 3187 1766 3214 quae
1793 3180 1822 3215 fit
1850 3181 1876 3206 in
1906 3183 1982 3208 last'a-

1033 3223 1101 3249 tione
1118 3229 1235 3255 pamiae,
1258 3226 1280 3247 et
1301 3223 1411 3248 subiiide
1431 3230 1489 3248 cum
1511 3224 1638 3249 nonnullis
1666 3224 1741 3249 codd.
1763 3231 1814 3250 non
1836 3229 1892 3250 :inte
1921 3226 1980 3252 ert'l.

1033 3268 1105 3293 Circa
1126 3267 1202 3292 tinem
1223 3267 1296 3292 solut.
1317 3275 1346 3292 ex
1361 3268 1435 3293 codd.
1450 3268 1468 3292 L
1481 3268 1500 3292 Ο
1513 3268 1531 3293 U
1545 3268 1725 3293 substituimus
1738 3275 1848 3301 poenum
1864 3276 1911 3301 pro
1922 3277 1982 3303 pec-

1033 3313 1131 3337 catum.
1151 3325 1185 3328 ——
1204 3311 1240 3335 De
1261 3312 1309 3336 noc
1328 3311 1408 3337 dubio
1428 3313 1472 3336 cfr.
1494 3319 1572 3343 supra
1594 3320 1615 3337 a.
1642 3313 1659 3337 1.
1681 3320 1705 3344 q.
1728 3313 1757 3340 2.
1781 3312 1824 3337 ubi
1845 3314 1869 3337 in
1884 3314 1981 3340 scholio

1033 3357 1141 3380 citantur
1162 3355 1201 3379 alii
1223 3355 1348 3379 doctores.

1105 3398 1124 3414 ¹⁰
1145 3399 1234 3424 l'salm.
1261 3400 1319 3430 118,
1346 3400 1382 3424 13.
1402 3399 1451 3425 Csr.
1472 3399 1533 3425 ibid.
1554 3407 1578 3424 v.
1600 3401 1639 3425 30.
1661 3400 1701 3425 52.
1728 3401 1781 3425 10-2.
1808 3402 1861 3426 106.
