2483 3882
193 589 327 610 Confirmatio

207 616 292 642 duplex.

213 2016 276 2041 Argg.
291 2019 329 2043 pro

185 2045 244 2071 parte
275 2041 330 2060 athr-

186 2071 269 2089 malive.

218 2801 257 2821 Pro
273 2802 332 2826 parte

200 2826 303 2853 negativa.

339 284 380 315 78

338 371 393 403 etsi
418 380 477 402 non
503 369 569 411 ipse
592 369 623 400 in
648 367 775 409 propria
792 375 939 408 persona,
964 369 1067 398 tamen
1082 365 1236 407 'discipuli
1254 365 1285 396 in

339 432 396 456 sua
430 421 623 464 praesentia,
659 420 834 452 secundum
869 419 953 461 quod
989 419 1055 460 ipse
1078 418 1224 456 volebat3
1255 421 1286 450 et

340 484 467 514 rursus,
491 473 662 515 discipulos
690 472 773 504 misit
796 472 835 504 ad
861 471 1106 513 praedicandum
1135 474 1165 503 et
1189 470 1285 511 bapti-

340 524 475 559 zandum
502 526 604 563 binos,
629 526 729 557 Lucae
754 524 896 563 decimo,
924 523 1004 556 sieut
1035 523 1109 555 dicit
1141 522 1284 563 Magister

339 580 369 611 in
394 579 497 610 littera
513 578 532 609 ¹.
549 596 594 600 ——
611 576 827 618 Consti-mavit
850 579 954 608 autem
980 576 1172 617 baptismum
1195 573 1284 617 facto

338 636 367 664 et
391 630 505 663 verbo:
537 629 645 672 facco,
677 638 749 662 cum
774 629 812 661 de
845 628 941 661 latere
970 628 1038 661 eius
1069 637 1130 659 non
1163 630 1283 659 tantum

1096 277 1378 310 SENTENTIARUM
1403 277 1468 308 [ΛΒ.
1491 276 1539 309 lv.

1348 364 1501 406 profluxit
1523 363 1667 404 sanguis,
1692 370 1804 394 verum
1828 361 1921 393 etiam
1953 369 2035 402 aqua
2070 361 2100 392 in
2132 360 2199 401 ipsa
2229 370 2296 402 pas-

1349 416 1444 449 sionis
1478 415 1745 448 consummatione
1758 413 1780 445 ².
1822 413 1921 445 Verbo
1945 417 2050 445 autem
2079 412 2296 451 confirmavit,

1348 469 1474 511 quando
1498 471 1568 509 post
1590 467 1852 499 resurrectionem
1882 465 2053 506 discipulos
2076 465 2116 497 ad
2141 465 2296 506 baptizan-

1348 521 1425 554 dum
1456 528 1564 553 omnes
1592 523 1622 551 et
1648 517 1796 560 singulos
1821 517 1918 555 misit,
1942 516 2086 549 Matthaei
2111 516 2233 549 ultimo.
2253 535 2297 539 —

1350 574 1384 606 Et
1415 573 1459 605 sic,
1491 576 1590 614 patet,
1618 571 1775 613 quomodo
1806 569 2017 602 diversimode
2049 569 2189 611 loquitur
2220 570 2297 602 Scri·

1349 630 1451 667 ptura.

1172 754 1468 804 SOHOLION.

409 875 424 899 l.
444 875 564 899 Rationes
583 873 735 905 probantes,
756 880 851 906 aquam
876 876 1062 904 congruentem
1091 872 1211 903 baptismi
1232 877 1285 895 ma—

339 920 429 944 teriam
449 925 513 949 esse⁷
533 922 652 949 receptae
671 922 730 942 sunt
749 918 825 942 etiam
845 924 858 942 a
879 918 903 941 S.
924 917 1023 941 'l‘lioma
1038 920 1062 941 et
1081 917 1177 947 optime
1197 914 1285 945 paucis

338 962 594 993 comprehenduntur
613 962 637 986 in
658 961 784 993 ssreviloq.
806 968 830 992 p.
851 961 890 986 Vl.
917 967 938 985 c.
967 960 991 984 7.
1011 974 1045 978 -
1069 959 1140 985 Circa
1161 958 1286 990 quaestio-

338 1013 397 1031 nem
417 1005 586 1037 incidentem,
606 1004 713 1038 (litando
733 1004 848 1029 Christus
868 1004 995 1035 baptisma
1019 1004 1139 1033 instituit,
1159 1002 1220 1027 olim
1241 1008 1285 1032 pu-

339 1050 400 1074 tarit
428 1049 497 1074 Alex.
518 1048 571 1072 Hal.
592 1048 626 1079 (S.
647 1055 672 1079 p.
694 1047 733 1072 lV.
754 1055 779 1079 q.
806 1047 829 1072 8.
859 1054 892 1071 m.
922 1048 945 1071 2.
966 1054 988 1071 a.
1009 1046 1052 1078 3.),
1073 1052 1150 1078 quem
1170 1045 1286 1076 sequitur

339 1094 364 1118 Β.
384 1093 479 1118 Albert.
499 1093 551 1124 (hic
576 1099 598 1117 a.
628 1093 671 1124 S.),
699 1091 843 1124 formalem
872 1092 1057 1116 institutionem
1085 1089 1205 1120 baptismi
1236 1094 1285 1112 non

339 1144 395 1162 esse
414 1137 506 1161 saetam
526 1139 596 1167 ante,
616 1135 662 1160 sed
682 1138 740 1167 post
752 1135 966 1160 resurrectionem
980 1133 1085 1164 Christi,
1100 1132 1204 1164 quando
1217 1130 1285 1156 Chri-

339 1184 393 1206 stus
417 1181 527 1205 sormam
547 1183 571 1205 et
590 1183 757 1211 praeceptum
786 1179 907 1210 baptismi
927 1178 1103 1209 promulgavit
1122 1176 1217 1208 (naith.
1239 1175 1284 1206 28,

345 1225 405 1257 19.);
436 1223 605 1257 potentialem
638 1230 699 1248 vero
731 1224 786 1247 sive
814 1222 973 1247 materialem
1000 1221 1183 1246 institutionem
1212 1222 1285 1250 tunc,

338 1268 443 1301 quando
462 1268 576 1293 Christus
596 1267 739 1298 baptizatus
758 1267 805 1291 suit
823 1274 835 1291 a
856 1266 957 1290 Ioanne.
976 1265 1027 1290 Sed
1040 1264 1211 1289 communiter
1225 1268 1284 1287 curn

340 1314 378 1338 Ss.
393 1314 498 1344 Bonav.‚
513 1313 613 1337 Thema
628 1319 675 1337 nec
688 1318 737 1336 non
752 1311 827 1336 Scoto
847 1313 956 1340 tenetur,
978 1310 1026 1334 hoc
1044 1309 1238 1333 Sacramentum
1251 1307 1286 1330 in-

340 1358 455 1382 stitutum
475 1363 531 1381 esse
551 1356 601 1380 iam
621 1357 679 1380 ante
702 1356 846 1386 passionem
867 1353 972 1384 Christi,
992 1352 1037 1377 sed
1058 1358 1107 1376 uon
1128 1354 1185 1376 ante
1205 1351 1285 1381 ipsius

340 1400 506 1431 baptismum.
527 1399 551 1423 S.
572 1399 664 1423 Thom.
687 1398 720 1426 (S.
742 1398 777 1422 lll.
793 1405 817 1429 q.
838 1397 879 1421 66.
893 1404 916 1421 a.
936 1396 969 1427 2.)
985 1396 1046 1426 vult⁷
1062 1396 1086 1419 iu
1100 1394 1229 1425 baptismo
1244 1393 1285 1417 illo

340 1443 430 1469 Christi
450 1445 498 1468 hoc
521 1443 716 1467 Sacramentum
740 1447 822 1466 «vere
842 1441 1006 1464 institutum»
1030 1439 1122 1469 suisse;
1151 1437 1196 1462 sed
1216 1437 1284 1462 idem

1349 870 1373 893 in
1393 868 1536 893 Comment.
1557 868 1609 897 (hie
1638 874 1662 899 q.
1688 868 1706 891 l.
1727 874 1749 892 a.
1770 867 1794 891 5.
1815 867 1974 899 quaestiunc.
1995 866 2030 898 2.)
2051 866 2123 898 dicit,
2145 871 2205 892 tunc
2232 868 2299 892 insti-

1349 914 1431 937 tutum
1452 912 1529 936 fuisse
1550 910 1635 943 quoad
1655 910 1810 941 materiam,
1832 911 1996 942 formamque
2015 911 2101 943 aliquo
2122 911 2200 936 modo
2220 912 2298 936 tuisse

1349 955 1558 987 praefiguratam.
1578 956 1603 979 S.
1632 955 1727 979 Bonav.
1747 957 1771 979 et
1791 956 1857 979 scot.
1878 954 1930 985 (hic
1950 961 1974 986 q.
2006 954 2028 979 4.
2058 961 2082 979 n.
2111 956 2145 985 2.)
2176 955 2299 980 verisimi-

1349 1000 1398 1025 lius
1416 1006 1473 1024 esse
1498 1001 1601 1030 putant,
1621 996 1681 1023 tunc
1699 997 1806 1031 proprie
1825 998 1903 1023 tuisse
1922 999 2077 1029 institutum,
2098 1005 2158 1023 cum
2183 997 2298 1024 Christus

1350 1043 1490 1074 discipulos
1509 1043 1606 1068 miserit
1624 1042 1657 1067 ad
1677 1042 1869 1073 baptizandum.
1892 1042 1926 1066 lta
1951 1043 2027 1066 etiam
2052 1043 2164 1067 sentiunt
2193 1043 2256 1067 Petr.
2285 1049 2299 1068 a

1350 1087 1409 1111 Tar.
1430 1087 1482 1117 (hie
1501 1094 1525 1118 q.
1547 1086 1569 1111 4.
1596 1094 1617 1111 a.
1648 1087 1682 1116 sl.)
1703 1090 1727 1111 et
1746 1086 1864 1111 Richard.
1889 1093 1903 1111 a
1929 1086 1994 1111 Med.
2020 1085 2072 1118 (hic
2092 1094 2114 1111 a.
2129 1087 2153 1111 5.
2174 1094 2198 1118 q.
2224 1086 2263 1117 l.).

1422 1130 1455 1155 De
1470 1131 1525 1161 ipsa
1544 1131 1563 1155 l.
1577 1131 1737 1162 quaestione:
1755 1130 1822 1155 Alex.
1837 1130 1899 1161 1121„
1914 1130 1962 1155 loc.
1976 1131 2016 1155 cit.
2032 1137 2066 1154 m.
2081 1131 2104 1155 3.
2118 1137 2140 1155 a.
2156 1131 2179 1155 2.
2199 1130 2214 1162 ξς
2233 1131 2252 1155 1.
2267 1144 2301 1149 --

1350 1174 1425 1205 Scot.⁷
1446 1174 1493 1198 loc.
1514 1174 1554 1198 cit.
1575 1180 1598 1198 11.
1619 1173 1642 1198 3.
1664 1187 1695 1190 —
1716 1174 1740 1198 S.
1762 1173 1864 1204 Tuom„
1884 1174 1925 1199 hic
1945 1180 1969 1205 q.
1985 1174 2042 1198 11.11.
2057 1174 2080 1198 3.
2095 1175 2255 1206 quaestiunc.
2271 1175 2300 1204 l:

1350 1218 1374 1242 S.
1394 1218 1441 1242 loc.
1463 1218 1503 1242 cit.
1523 1224 1545 1242 a.
1565 1217 1588 1241 3.
1609 1230 1643 1234 —
1664 1217 1689 1241 B.
1718 1216 1823 1248 Albert.y
1843 1217 1885 1241 hic
1910 1224 1932 1241 a.
1953 1216 1976 1241 4.
1996 1231 2031 1235 —
2050 1217 2114 1242 Petr.
2134 1225 2148 1242 a
2169 1218 2236 1249 Tar„
2258 1219 2301 1243 liic

1350 1267 1374 1292 q.
1394 1260 1417 1285 3.
1438 1267 1460 1285 a.
1482 1261 1504 1285 ¹1.
1524 1261 1684 1292 quaestiune.
1707 1260 1729 1284 l.
1750 1274 1783 1278 —
1803 1260 1923 1285 Richard.
1943 1267 1957 1285 a
1984 1260 2057 1292 Med,
2080 1261 2120 1286 hic
2140 1268 2162 1286 a.
2184 1262 2207 1286 3.
2228 1269 2252 1294 q.
2274 1263 2299 1286 ¹l.

1349 1318 1383 1322 -—
1401 1304 1523 1335 Durand„
1543 1304 1584 1328 hie
1603 1311 1628 1335 q.
1649 1303 1672 1328 4.
1691 1317 1727 1321 -
1746 1303 1850 1334 Dionys.
1871 1303 1964 1335 Carth.y
1986 1305 2026 1329 liic
2050 1312 2074 1336 q.
2095 1305 2119 1329 3.

1420 1349 1445 1373 ll.
1466 1348 1501 1373 De
1514 1355 1568 1380 seq.
1581 1348 1626 1380 (2.)
1637 1348 1787 1379 quaestione
1798 1348 1842 1373 cfr.
1853 1355 1932 1379 supra
1946 1348 1971 1373 cl.
1987 1349 2009 1373 11.
2024 1355 2048 1379 p.
2060 1349 2076 1373 l.
2087 1356 2112 1381 q.
2127 1350 2150 1374 3.
2162 1349 2183 1374 4..
2196 1352 2220 1374 et
2229 1350 2301 1375 scho-

1349 1393 1412 1423 li0n;
1432 1393 1538 1424 insuper
1563 1392 1632 1416 Alex.
1652 1392 1719 1423 Hah,
1740 1392 1786 1417 loc.
1807 1393 1846 1417 cit.
1868 1399 1902 1416 m.
1923 1392 1945 1417 4.
1966 1399 1988 1417 a.
2011 1393 2032 1417 l.
2054 1407 2087 1410 —
2108 1393 2172 1418 l³etr.
2192 1400 2206 1418 a
2227 1393 2302 1425 '1'ar.‚

1350 1437 1390 1461 hie
1410 1443 1433 1468 q.
1455 1436 1478 1460 3.
1493 1442 1515 1460 a.
1535 1436 1553 1459 l.
1569 1436 1728 1467 quaestiunc.
1749 1436 1771 1460 3.
1787 1449 1820 1453 —
1834 1436 1953 1461 Richard.
1968 1443 1982 1460 a
1996 1435 2075 1468 Med,
2090 1437 2131 1461 liic
2144 1443 2166 1461 a.
2189 1436 2211 1461 4.
2231 1444 2256 1469 q.
2278 1438 2300 1461 1l.

1202 1551 1383 1593 Qutsssrio
1408 1552 1440 1582 11.

756 1667 871 1698 Caram
895 1676 934 1697 ear
961 1664 1159 1696 masticatione
1185 1662 1340 1704 baptismi
1362 1661 1477 1704 aliqzm
1504 1661 1551 1693 uis
1574 1661 1617 1693 311
1642 1661 1760 1693 collecta
1785 1662 1891 1704 etquis.

431 1792 572 1825 Secundo
597 1791 777 1833 quaeritur,
802 1794 909 1822 utrum
943 1798 983 1821 ex
1016 1788 1208 1820 institutione
1240 1787 1290 1819 ba-

342 1846 446 1888 ptismi
471 1845 501 1876 in
526 1854 607 1886 aqua
631 1844 742 1876 collata
766 1844 805 1875 sit
828 1843 933 1884 aliqua
958 1842 1004 1873 vis
1028 1840 1128 1882 aquis.
1146 1840 1180 1871 Et
1204 1839 1289 1881 quod

344 1898 404 1937 sic„
430 1897 564 1929 videtur.

434 1952 459 1981 1.
485 1951 586 1982 Lucae
602 1948 728 1981 tertio³:
756 1947 933 1989 Baptizato
951 1947 1045 1983 Ima,-
1062 1945 1182 1977 Glossa:
1207 1945 1291 1976 «Do-

346 2005 449 2035 minus
484 2003 659 2044 baptizatus
694 2004 757 2040 est,
783 2010 843 2032 non
871 1999 1017 2031 mundari
1054 1998 1211 2039 indigens,
1235 1997 1289 2030 sed

343 2060 428 2089 tactu
452 2056 588 2088 mundae
613 2054 715 2087 carnis
739 2062 813 2085 suae
838 2061 935 2094 aquas
960 2052 1133 2089 mundans,
1166 2054 1201 2082 ut
1225 2050 1289 2082 vim

343 2108 489 2140 abluendi
515 2107 650 2139 habeant
666 2118 703 2137 »z
729 2115 802 2147 ergo
828 2106 852 2137 si
877 2105 924 2137 vis
948 2104 1095 2136 abluendi
1113 2108 1158 2136 est
1184 2103 1290 2145 aliqua

344 2162 408 2199 vis,
432 2164 533 2202 patet,
557 2160 639 2202 quod
664 2159 753 2201 aquis
777 2159 887 2191 collata
912 2161 958 2190 est
981 2157 1087 2199 aliqua
1111 2157 1166 2189 vis.

433 2215 460 2244 2.
487 2213 577 2250 item,
602 2212 735 2244 liabetur
760 2212 798 2243 de
821 2211 1075 2248 Consecratione,
1093 2209 1290 2242 distinetione

345 2266 497 2308 quarta&
530 2265 723 2306 «Nunquam
756 2273 855 2305 aquae
881 2263 1024 2305 baptismi
1059 2271 1195 2304 purgare
1225 2271 1291 2294 cre-

346 2320 485 2351 dentium
510 2322 635 2360 peccata
662 2317 851 2359 potuissent,
877 2317 935 2348 nisi
966 2320 1109 2348 contactu
1143 2315 1289 2348 dominici

345 2372 485 2413 corporis
509 2370 698 2403 sanctificata
722 2370 853 2402 fuissent
869 2381 898 2400 ›>.

434 2424 461 2456 3.
488 2424 572 2462 ltem,
597 2423 725 2454 ratione
748 2422 890 2461 videtur,
919 2422 991 2463 quia
1027 2421 1128 2453 omnis
1151 2421 1291 2462 operatio

345 2477 505 2519 egreditur
522 2486 539 2508 a
556 2476 729 2508 substantia
754 2475 908 2507 mediante
926 2475 1031 2516 aliqua
1048 2475 1198 2506 virtute⁵:
1217 2483 1291 2515 ergo

345 2539 415 2562 cum
433 2538 515 2571 aqua
531 2529 685 2570 tangendo
711 2537 825 2569 corpus
850 2528 958 2559 abluat
981 2527 1137 2565 animam,
1162 2527 1221 2559 hoc
1245 2529 1292 2558 est

344 2583 383 2614 ab
407 2591 488 2623 aqua
512 2582 627 2613 virtute
651 2581 756 2622 aliqua
782 2580 955 2618 mediante3
978 2580 1033 2611 sed
1051 2588 1111 2611 non
1138 2578 1290 2610 naturali:

345 2643 418 2675 ergo
443 2635 515 2666 data
538 2637 584 2665 est
608 2633 697 2675 aquis
721 2633 827 2674 aliqua
851 2633 952 2664 virtus
976 2633 1007 2664 in
1032 2631 1179 2673 baptismi
1208 2631 1293 2663 insti-

346 2687 473 2718 tutione.

433 2739 575 2771 CoN'ruA:
605 2740 630 2770 l.
656 2739 685 2770 Si
711 2739 782 2770 data
817 2742 864 2770 est
895 2738 1001 2779 aliqua
1037 2737 1138 2769 virtus
1174 2745 1292 2778 aquae,

347 2800 482 2833 quaere,
508 2791 664 2832 quomodo
688 2790 777 2829 datag
795 2795 825 2822 et
841 2790 915 2822 dicit
932 2790 1039 2821 Glossa
1052 2789 1071 2828 ὅ,
1089 2789 1174 2830 quod
1198 2800 1212 2817 «
1225 2797 1294 2820 eon-

2002 1743 2014 1757 ἱ

1355 1789 1440 1818 tactu
1464 1786 1567 1818 carnis
1592 1785 1757 1817 Domini»:
1784 1786 1808 1818 si
1834 1795 1908 1827 ergo
1930 1795 1987 1827 per
2005 1790 2181 1819 contactum
2200 1787 2303 1820 carnis

1355 1838 1547 1877 dominicae,
1583 1847 1657 1879 ergo
1684 1838 1799 1870 habent
1829 1838 1947 1880 ipsam,
1980 1839 2063 1871 omni
2089 1839 2149 1871 alio
2174 1839 2304 1872 circum-

1355 1891 1483 1933 scripto:
1510 1900 1584 1932 ergo
1608 1891 1633 1923 si
1666 1891 1736 1933 quis
1768 1891 2010 1933 immergeretur
2038 1892 2067 1923 in
2097 1901 2210 1934 aquam
2237 1893 2306 1925 sine>

1354 1945 1439 1976 omni
1465 1944 1574 1983 verim,
1592 1953 1674 1985 aqua
1691 1944 1889 1985 regenerabit
1905 1953 1997 1984 eum3
2014 1945 2099 1986 quod
2116 1945 2234 1978 falsum,
2247 1949 2302 1978 est.

1355 1996 1393 2029 Si·
1409 2001 1443 2028 tit
1461 1997 1570 2034 dieas,
1588 1997 1671 2038 quod
1690 1997 1784 2028 simul
1809 2000 1856 2029 est
1880 1997 1910 2028 in
1936 2006 2017 2038 aqua
2041 2001 2071 2029 et
2089 1998 2203 2036 verbog
2229 1997 2305 2030 obii-

1355 2050 1442 2082 enm·
1468 2054 1562 2087 tunc,
1587 2050 1661 2091 quia
1697 2050 1774 2082 haec
1805 2050 1956 2082 differunt
1987 2050 2161 2083 substantia
2193 2054 2223 2083 et
2254 2060 2308 2083 na-

1355 2106 1443 2142 tura,
1468 2112 1542 2144 ergo
1566 2105 1746 2144 operatione
1778 2106 1808 2135 et
1839 2103 1994 2135 virtute⁷z
2020 2112 2095 2145 ergo
2118 2113 2179 2136 non
2204 2108 2305 2146 potest

1356 2165 1419 2188 una
1442 2156 1544 2188 virtus
1568 2164 1635 2188 esse
1660 2156 1690 2187 in
1715 2158 1859 2197 utroque.

1444 2210 1473 2241 9..
1499 2209 1591 2246 Item,
1617 2209 1640 2240 si
1666 2209 1784 2240 munda
1810 2217 1882 2241 caro
1917 2209 2030 2240 Christi
2064 2210 2195 2242 contulit
2219 2210 2303 2242 illam

1355 2261 1437 2299 vim3
1462 2262 1517 2293 sed
1541 2261 1722 2302 frequenter
1747 2260 1846 2302 tetigit
1869 2269 1984 2302 aquas,
2008 2264 2044 2293 ut
2076 2262 2201 2303 quando
2226 2272 2304 2304 puer

1356 2314 1538 2352 lavabatur,
1564 2317 1594 2345 et
1617 2313 1743 2355 qnando
1769 2313 1892 2345 lavabat
1917 2322 2043 2352 manusg
2061 2318 2091 2346 et
2114 2314 2169 2346 ubi
2195 2315 2303 2347 eadem

1356 2376 1467 2405 causa,
1492 2366 1532 2398 ibi
1558 2366 1641 2398 idem
1666 2365 1833 2398 effeetuss:
1860 2375 1934 2407 ergo
1950 2370 2022 2399 ante
2039 2367 2184 2406 eontulit,
2209 2376 2304 2409 quam

1356 2420 1578 2461 baptizaretur.

1446 2471 1473 2503 3.
1500 2472 1589 2510 Item,
1615 2471 1640 2503 si
1664 2474 1809 2503 contactu
1844 2472 1963 2504 carnis:
2001 2481 2075 2513 ergo
2106 2472 2209 2504 solnm
2234 2473 2304 2505 illae

1356 2533 1456 2566 aquae
1480 2524 1628 2556 virtutem
1665 2523 1797 2563 habent,
1833 2533 1912 2565 quas
1947 2524 2061 2556 Christi
2090 2534 2163 2557 caro
2188 2525 2303 2566 tetigit,

1357 2587 1416 2609 non
1442 2586 1517 2618 ergo
1541 2576 1642 2608 omnis
1673 2586 1763 2618 aqua.
1797 2576 1835 2608 Si
1868 2577 1980 2615 dieas,
2016 2578 2099 2619 quod
2126 2579 2225 2610 virtus
2250 2578 2303 2610 illa

1357 2629 1498 2662 derivata
1522 2632 1569 2661 est
1600 2629 1631 2659 in
1666 2629 1743 2660 alias
1778 2637 1891 2670 aquas3
1916 2638 1990 2670 ergo
2014 2638 2086 2661 eum
2111 2630 2263 2662 derivatio
2287 2639 2304 2662 a

1357 2691 1487 2723 corpore
1511 2682 1542 2713 in
1567 2690 1681 2723 corpus
1713 2691 1773 2713 non
1808 2681 1862 2713 fiat
1896 2681 1955 2713 nisi
1991 2691 2046 2722 per
2073 2682 2300 2721 continuu1n⁹‚

1356 2734 1444 2767 nullo
1468 2734 1560 2766 modo
1596 2734 1709 2775 poterit
1745 2734 1909 2775 pervenire
1944 2734 1983 2766 ad
2007 2743 2105 2775 aquas
2129 2735 2190 2767 illis
2215 2735 2305 2777 aquis

1358 2786 1587 2819 diseontinuas:
1613 2796 1687 2827 ergo
1713 2786 1794 2818 idem
1820 2786 2049 2818 inconveniens.

416 2959 423 2974 1
444 2959 489 2983 Hic
508 2966 529 2984 c.
555 2960 573 2984 l.
593 2973 627 2977 -—
646 2959 728 2984 Locus
748 2960 894 2990 scripturae
915 2962 952 2984 est
970 2960 1030 2984 Luc.
1056 2959 1097 2989 lO,
1122 2959 1141 2982 l.

416 3003 425 3019 '2
446 3003 511 3027 loan.
537 3003 578 3033 19,
600 3002 641 3027 34..
661 3016 695 3020 -
715 3004 772 3035 Suq.
793 3004 839 3028 loe.
860 3006 897 3028 est
916 3004 1000 3028 Δ11111111.
1021 3003 1067 3033 28,
1093 3003 1130 3026 19.

416 3046 426 3062 3
447 3048 517 3072 Yet-s.
538 3047 578 3071 21.
590 3060 622 3063 —
634 3047 735 3077 Glossa‚
756 3054 821 3078 quae
835 3050 872 3071 est
886 3045 1024 3071 animarat
1044 3044 1114 3076 apud
1135 3044 1254 3069 strabum
1269 3047 1293 3069 et

347 3091 665 3121 [γι-31111111,5101110051οΧ
678 3091 744 3115 Beda
756 3091 780 3115 iu
792 3091 859 3115 hune
870 3091 917 3115 loc.
929 3090 978 3115 Csr.
989 3096 1068 3121 supra
1080 3096 1138 3120 pag.
1152 3089 1193 3119 21,
1202 3091 1260 3113 nota
1268 3088 1292 3112 3.

418 3133 427 3149 ¹¹
446 3133 505 3158 Can.
534 3134 569 3158 10.
594 3133 679 3158 Verba
701 3134 770 3164 (olim
795 3134 887 3159 tributa
909 3133 1104 3164 Chrysostomo)
1128 3134 1187 3157 sunt
1213 3131 1293 3156 Chro-

349 3179 431 3207 matii,
446 3178 523 3208 episc
544 3178 650 3209 Aquilei.
673 3178 702 3208 (·1-
724 3177 773 3201 407
793 3182 836 3203 aut
860 3177 927 3209 208),
941 3180 970 3202 tr.
990 3178 1008 3201 l.
1030 3177 1053 3200 in
1075 3176 1159 3200 Matth.
1180 3175 1202 3199 3.
1224 3182 1247 3199 11.
1273 3175 1291 3198 1.

418 3220 429 3235 ⁵
447 3219 495 3244 Cir.
516 3221 531 3244 l.
551 3220 618 3245 Sent.
639 3221 662 3245 d.
684 3221 707 3244 3.
728 3228 752 3251 p.
774 3221 788 3244 l.
810 3221 871 3245 dub.
893 3221 915 3245 3.
935 3224 959 3245 et
979 3228 1002 3251 p.
1024 3220 1049 3244 ll.
1070 3227 1092 3243 u.
1118 3219 1137 3243 l.
1157 3226 1181 3250 q.
1203 3218 1225 3243 3.
1247 3224 1293 3243 nec

350 3271 398 3289 non
420 3264 443 3288 d.
465 3265 487 3288 8.
508 3271 532 3295 p.
554 3264 578 3288 ll.
600 3272 624 3296 q.
646 3266 668 3288 2.
688 3266 803 3295 Ariston,
824 3264 856 3289 de
881 3265 952 3289 Sens.
978 3268 1003 3289 et
1027 3271 1092 3289 sens.
1114 3270 1134 3288 e.
1156 3263 1178 3287 li.
1206 3263 1292 3294 docet,

350 3308 444 3332 nullam
464 3314 518 3331 rem
539 3314 615 3338 agero
636 3315 725 3338 posse,
746 3308 792 3332 nisi
813 3308 985 3332 mediantibus
1004 3306 1187 3332 accidentibus.

418 3350 428 3366 fi
449 3351 473 3375 ln
499 3351 517 3375 l.
538 3357 591 3381 arg.
612 3351 727 3381 allegata.
754 3350 803 3375 Csr.
830 3352 935 3382 Urs—gor.
958 3351 1029 3381 Naz„
1051 3350 1118 3375 Orat.
1140 3351 1180 3374 38.
1202 3356 1225 3374 n.
1252 3350 1292 3374 23.

350 3399 373 3419 ct
394 3395 460 3418 Orat.
482 3394 521 3418 39.
544 3401 566 3417 11.
589 3394 620 3418 27
634 3402 638 3424 ;
654 3394 744 3425 [lilar.⁷
760 3394 782 3418 in
805 3394 888 3418 Mattn.
909 3395 937 3421 3,
964 3395 1000 3418 13.
1022 3394 1054 3423 (c.
1075 3394 1097 3418 2.
1120 3400 1143 3417 11.
1164 3393 1217 3425 5.);
1238 3394 1294 3417 Am-

1358 2956 1440 2987 bros.‚
1462 2957 1485 2980 in
1513 2956 1572 2980 Luc.
1594 2956 1621 2986 3,
1643 2956 1683 2979 21.
1705 2969 1737 2972 —
1757 2955 1825 2980 Multi
1846 2955 1921 2980 codd.
1942 2955 2033 2981 dicunt
2059 2955 2176 2982 Glosscte.
2203 2956 2307 2981 iuferius

1358 3007 1405 3032 pro
1425 2999 1642 3032 {intuleram-etur,
1663 2999 1735 3031 quod
1754 2999 1849 3024 liabent
1868 2999 1943 3024 codd.
1964 3000 1984 3023 M
1997 2999 2029 3030 O,
2050 2999 2090 3024 alii
2110 3006 2170 3024 cum
2188 2999 2307 3025 011111111-

1357 3044 1499 3076 met-(seret,
1523 3044 1563 3068 cui
1583 3043 1639 3068 cod.
1660 3043 1683 3068 X
1704 3043 1775 3068 addit
1793 3042 1918 3076 aliquem.

1427 3087 1437 3103 7
1457 3086 1506 3111 Cir.
1527 3094 1605 3118 supra
1625 3094 1685 3118 pag.
1707 3087 1753 3118 42,
1774 3090 1831 3112 nota
1857 3087 1893 3111 10.

1428 3130 1438 3146 S
1458 3130 1547 3161 Colligi
1568 3133 1649 3161 potest
1668 3138 1698 3155 ex
1718 3131 1806 3156 verbis
1826 3131 1944 3162 Aristot.‚
1962 3131 1988 3155 ll.
2009 3131 2041 3155 de
2061 3130 2136 3155 Caelo
2156 3133 2179 3155 ct
2200 3131 2308 3162 mundo,

1359 3178 1415 3200 text.
1436 3175 1476 3199 86.
1499 3176 1529 3205 (c.
1551 3175 1618 3206 ·13.);
1638 3175 1746 3199 Easdem
1761 3176 1829 3199 enim
1843 3174 1985 3199 eorundem
2003 3175 2176 3199 necessarium
2196 3178 2233 3199 est
2251 3181 2306 3199 esse

1358 3225 1449 3243 causas
1468 3218 1566 3243 eisdem
1581 3218 1683 3249 (Vorsio
1702 3218 1931 3243 Arabico-Latina:
1950 3217 2048 3243 Causae-
2067 3219 2134 3243 enim
2155 3218 2262 3243 caedem
2283 3221 2307 3243 et

1358 3262 1501 3286 consimiles
1514 3264 1573 3286 sunt
1586 3265 1749 3287 causatorum
1765 3263 1955 3293 consimilium).
1967 3276 2000 3279 —-
2012 3263 2037 3286 ln
2051 3261 2150 3287 iuniori
2163 3261 2307 3293 postillam

1358 3305 1410 3331 vim
1430 3305 1486 3330 cod.
1506 3306 1523 3329 Z
1544 3306 1647 3337 supplet
1665 3305 1729 3331 liano
1746 3305 1862 3338 fecisset,
1879 3305 2099 3339 quandocmnque
2118 3305 2201 3338 letz'qic
2211 3312 2309 3338 aquus..

1427 3348 1438 3364 9
1457 3348 1506 3373 Cir.
1528 3350 1642 3380 Ariston,
1664 3350 1678 3373 l.
1700 3349 1732 3374 (le
1751 3350 1867 3374 Generat.
1892 3353 1916 3374 et
1944 3353 2057 3380 corrupt.
2085 3352 2141 3374 text.
2168 3348 2207 3374 43.
2232 3356 2308 3381 seqq.

1358 3393 1390 3425 (e.
1411 3394 1433 3417 6.
1454 3394 1528 3425 seq),
1548 3395 1572 3418 et
1591 3393 1620 3418 V.
1642 3394 1715 3424 Phys.
1737 3396 1793 3418 text.
1814 3394 1855 3418 21.
1876 3400 1948 3425 seqq.
1970 3393 2001 3425 (c.
2023 3392 2066 3424 3.).
