2483 3882
0 933 40 949 ›ost-

0 970 3 974 '
51 966 194 1009 confiteri
216 966 298 997 usui:
330 975 404 1007 ergo
429 969 551 997 tantum
578 965 678 1003 valet,
703 966 727 997 si
752 969 898 1006 peccator
922 965 998 997 divi-

37 1168 120 1220 'ergo
148 1187 207 1209 non
243 1177 335 1209 debet
364 1177 432 1209 fieri
457 1177 486 1209 in
512 1177 743 1216 scandalum&

696 247 788 279 DtST.
813 247 886 279 XXI.
911 247 941 279 P.
966 247 998 278 lt.
1023 247 1105 279 ΛΒΤ.
1129 247 1150 279 Ι.
1175 248 1327 288 QUAEST.
1353 248 1372 279 Ι.

55 347 87 371 se
109 345 168 369 non
193 343 339 377 peccasse
361 334 419 366 nisi
446 338 512 372 ter;
530 335 582 367 sed
611 335 668 367 boc
693 338 740 367 est
764 335 881 367 falsitas
898 337 928 367 et
946 335 1010 376 by->

55 389 182 434 pocrisis
206 387 389 420 manifesta:
414 396 489 428 ergo
512 390 570 419 etc.
618 399 626 405 .

138 442 167 473 li.
193 441 285 479 item,
309 439 461 472 confessio
484 439 519 471 fit
542 443 671 481 propter
687 439 930 477 absolutionem,
947 440 999 471 ab·

53 495 162 529 solutio
185 496 289 525 autem
315 491 486 524 sacerdotis
507 491 632 533 signum
657 495 703 523 est
727 492 851 523 divinae
875 492 1000 523 absolu-

54 548 162 582 tionis;
187 545 241 578 sed
266 545 349 577 Deus
386 553 546 586 nunquam
573 544 707 576 absolvit
730 544 770 575 ab
795 553 857 575 una
889 544 998 585 culpa,

53 600 125 643 quin
142 597 283 630 absolvat
298 597 338 629 ab
354 597 437 628 omni
463 596 556 637 culpa
582 596 705 628 mortali
721 596 751 627 ¹:
778 605 853 637 ergo
876 596 999 628 absolu-

52 654 93 686 tio
116 650 285 683 sacerdotis
308 653 362 681 aut
386 649 473 681 nulla
497 652 560 688 est,
585 652 639 680 aut
663 653 710 681 est
735 649 774 681 ab
790 649 874 681 omni
892 649 995 690 culpa.

53 705 108 738 Sed
132 713 192 735 non
218 706 358 734 merctur
382 702 502 734 absolvi
527 711 544 733 a
569 702 731 734 sacerdote
756 706 918 742 peccator,
944 701 996 742 qui

51 757 128 791 celat
143 757 169 789 ei
188 759 365 797 peccatum:
381 764 455 796 ergo
472 755 558 787 nulla
576 759 623 787 est
639 755 812 793 absolutio,
831 755 888 786 nisi
907 754 1000 786 confi-

53 813 151 843 teatur
167 808 220 839 uni
237 807 390 840 sacerdoti
409 808 530 845 omnia,
547 817 565 839 a.
582 808 699 849 quibus
724 808 842 849 indiget
865 807 996 839 absolvi.

136 861 273 893 CONTRA:
294 862 320 892 l.
334 860 449 892 Omnes
463 860 642 892 sacerdotes
655 864 760 892 tenent
775 860 877 892 locum
892 860 997 899 nnius,

52 915 163 948 scilicet
180 914 292 945 Christi
307 926 313 944 ι
332 922 407 954 ergo
424 913 506 944 idem
525 917 571 944 est
588 912 739 953 confiteri
754 912 895 944 [liversis
912 913 996 954 quod

51 1021 106 1054 sim
130 1020 263 1052 diversis
286 1019 473 1051 confiteatur
497 1019 619 1057 onmia,
644 1022 816 1060 quantum,
842 1018 875 1050 si.
891 1018 997 1050 omnia

51 1072 272 1107 confiteretur2
298 1072 361 1104 uni.

134 1127 162 1158 2.
188 1125 278 1162 Item,
315 1124 467 1157 consessio
501 1124 644 1156 instituta
672 1127 719 1156 est
744 1124 772 1155 in
799 1123 995 1163 remedium,

768 1176 823 1208 sed
848 1176 995 1217 possibile

49 1235 109 1270 est,
137 1230 221 1272 quod
256 1230 418 1272 poenitens
454 1230 641 1262 confiteatur
676 1229 804 1271 proprio
839 1229 994 1261 sacerdoti

49 1284 168 1326 aliquod
196 1286 375 1325 peccatum,
400 1283 484 1325 quod
517 1282 740 1315 scandalizabit
771 1291 862 1321 eum,
886 1285 995 1323 utpote

50 1337 72 1370 si
96 1340 222 1378 cognata
246 1336 418 1368 sacerdotis
449 1335 545 1368 fuerit
570 1335 638 1367 eius
662 1335 826 1367 adultera:
853 1344 928 1376 ergo
952 1335 995 1366 vi-

49 1390 153 1427 detur,
177 1388 260 1430 quod
286 1388 383 1429 possit
407 1391 570 1429 peccatum
595 1388 654 1420 hoc
687 1396 850 1420 reservare
879 1392 909 1419 et
933 1388 994 1419 alia.

49 1442 103 1475 sihi
127 1442 246 1478 dicere,
271 1444 301 1473 et
325 1441 367 1472 ita
391 1440 616 1472 confessionem
641 1439 817 1472 dimidiare.

132 1494 160 1526 3.
185 1494 276 1532 Item,
311 1493 426 1535 aliquis
461 1492 622 1525 confessus
658 1496 704 1525 est
734 1493 788 1524 uni
822 1493 930 1525 decem
964 1497 994 1525 et

49 1547 198 1581 commisit
221 1547 406 1585 duodecim,
432 1549 462 1578 et
484 1546 600 1578 oblitus
625 1546 780 1585 duorum,
806 1549 875 1587 post
892 1555 994 1579 recor-

48 1600 150 1639 datur,
174 1609 234 1632 non
259 1600 378 1632 babens
410 1599 531 1641 copiam
564 1599 755 1637 sacerdotis3
782 1599 840 1631 iste
864 1599 922 1631 suit
954 1599 993 1632 le-

48 1653 149 1695 gitime
183 1653 342 1685 confessus
366 1652 405 1684 de
429 1652 558 1684 decem:
584 1661 659 1693 ergo
684 1652 708 1684 si
733 1661 795 1683 non
820 1652 913 1684 debet
944 1653 992 1685 bis

47 1706 148 1749 puniri
171 1715 228 1747 pro
252 1705 362 1737 eodem
377 1704 399 1743 ⁴,
416 1704 531 1737 sufficit
555 1714 639 1737 nnnc
660 1705 799 1737 confiteri
819 1705 898 1737 duo:
917 1715 992 1748 ergo

47 1759 184 1798 videtur,
209 1758 292 1800 quod
317 1753 469 1790 confessio
494 1758 592 1799 possit
616 1758 786 1790 dimidiari.

131 1812 276 1849 4.1tem,
312 1810 445 1849 sufficit,
481 1811 506 1843 si
540 1811 611 1852 quis
643 1810 811 1843 confitetur
836 1811 991 1843 sacerdoti

46 1865 169 1908 proprio
193 1864 288 1903 illud,
313 1873 330 1895 a
355 1873 417 1905 quo
441 1866 543 1905 potest
566 1863 731 1895 absolvere
746 1875 753 1902 ;
771 1863 825 1895 sed
843 1864 992 1905 possibile

47 1920 106 1957 est,
129 1917 212 1959 quod
235 1916 348 1958 aliquis
382 1916 494 1948 babeat
526 1924 651 1955 casum,
681 1915 731 1948 vel
760 1919 942 1957 peccatum,
974 1926 991 1948 a

47 1979 106 2012 quo
128 1979 186 2002 non
212 1973 312 2011 potest
342 1969 507 2001 absolvere
532 1969 591 2001 nisi
616 1968 782 2010 superior:
808 1978 883 2010 ergo
908 1969 992 2002 suffi-

46 2024 100 2061 cit,
124 2023 205 2065 quod
230 2023 351 2054 minora
375 2022 561 2054 confiteatur
593 2022 683 2061 uni⁵,
717 2026 746 2054 et
771 2026 933 2063 peccatum
960 2022 992 2054 il-

46 2076 99 2108 lud
122 2072 304 2108 confiteatur
330 2075 460 2107 maiori:
494 2084 569 2116 ergo
598 2075 742 2114 videtur,
767 2075 850 2116 quod
876 2075 992 2107 confes-

47 2129 90 2162 sio
112 2129 206 2171 possit
230 2129 398 2161 dimidiari.

392 2243 630 2266 CONCLUSIO.

47 2339 174 2372 Necesse
197 2345 241 2372 est
264 2341 325 2372 uui
347 2340 506 2382 confiteri,
523 2350 588 2372 uon
605 2341 735 2383 quidem
752 2339 865 2371 onmiu-
882 2341 991 2373 veniu-

131 2393 196 2431 lict,
220 2394 276 2425 scd
306 2394 418 2426 niuniu
451 2394 627 2432 mortalia,
656 2404 797 2436 quoru-uz
825 2395 990 2436 poenitens

130 2451 175 2478 est
203 2457 337 2484 mentor,
363 2452 391 2478 ct
418 2447 455 2479 (Ic
483 2446 602 2489 quibus
632 2457 697 2479 uon
729 2446 798 2489 fuit
833 2448 920 2479 (ilias
953 2447 990 2478 te-

127 2499 238 2541 glz'tz'nzc
261 2498 438 2541 coufessus.

130 2604 327 2637 Rnsrououo:
355 2605 545 2643 Dicendum,
563 2605 647 2646 qnod
672 2604 703 2636 in
727 2604 911 2635 ventalibus
929 2613 988 2636 non

0 2668 3 2680 ·
28 2658 90 2687 -est
118 2657 182 2694 vis;
218 2657 297 2689 sicut
332 2658 414 2690 enim
439 2667 500 2689 non
526 2661 570 2689 est
597 2666 722 2689 necesse
747 2666 783 2688 ea
807 2656 989 2694 confiteri&

46 2708 87 2740 sic
109 2718 167 2741 non
193 2713 238 2742 est
263 2719 387 2742 necesse
412 2719 448 2742 ea
472 2710 566 2741 simul
591 2714 621 2741 et
644 2709 749 2741 omnia
777 2709 896 2750 integre
921 2718 989 2740 con-

1951 251 2009 282 561

1063 334 1154 367 fiteri.
1179 335 1237 367 Sed
1263 335 1302 367 de
1331 335 1527 368 mortu-libus
1551 336 1683 376 dicitur,
1709 338 1792 379 quod
1817 347 1943 371 necesse
1968 342 2014 372 est
2029 347 2141 369 comasio
2152 349 2173 369 02.

1062 388 1167 419 onmia
1190 387 1331 420 confiteri
1356 388 1409 420 uni
1435 389 1607 428 sacerdoti,
1632 391 1753 429 omnia,
1779 391 1925 433 inquam,
1941 401 2015 433 quo-

1063 449 1134 472 rum
1159 444 1206 472 cst
1231 450 1351 473 memor
1374 444 1404 473 et
1429 442 1468 474 de
1491 442 1606 484 quibus
1622 452 1683 475 non
1701 444 1759 475 suit
1776 444 1853 477 alias
1875 444 2015 486 leyitz'me

1062 491 1240 534 coufiessus.
1266 494 1300 524 Et
1322 497 1395 526 tunc
1412 503 1488 526 voco
1505 494 1644 536 lepitz'mc
1660 494 1865 537 consessum,
1888 497 2014 538 quando

1063 544 1140 576 nihil
1165 545 1349 584 intervenit,
1381 547 1466 587 quod
1498 547 1725 580 absolutionem
1752 549 1924 582 sacerdotis
1948 550 2016 581 irri-

1064 599 1125 628 tam
1151 597 1287 636 saceret3
1319 599 1400 639 quod
1427 602 1474 630 est
1498 599 1528 631 in
1552 604 1689 641 quatuor
1713 601 1856 641 casibus,
1889 606 1919 635 et
1950 603 2013 635 duo
2044 610 2175 640 ttritaabso-

1064 653 1137 681 sunt
1161 659 1178 681 a
1202 653 1290 691 parte
1322 650 1538 683 absolventis.-
1572 662 1672 691 unus,
1704 654 1728 685 si
1759 663 1819 685 non
1844 655 1950 693 επακ
1973 655 2014 687 al·
2030 637 2176 684 ¹s²i¹1i¹n⁰sf⁰4⁶³⁴

1064 705 1127 740 ter,
1154 702 1178 733 si
1211 712 1272 734 non
1301 703 1429 744 possin
1460 713 1543 736 unus
1572 709 1680 737 contra
1705 706 1824 738 clavem
1849 708 2013 747 scientiae,

1062 753 1142 785 alter
1166 758 1275 786 contra
1299 755 1418 787 clavem
1445 757 1609 796 potentiae.
1634 758 1702 789 Duo
1718 768 1736 789 a
1754 763 1841 800 parte
1865 760 2012 801 confiten-

1063 805 1122 837 tis:
1148 815 1249 845 unus,
1274 807 1299 838 si
1324 807 1394 839 ficte
1419 808 1624 848 confiteatur3
1645 810 1734 849 alter,
1756 812 1781 843 si
1806 816 1876 853 post
1899 813 2015 846 confes-

1062 859 1180 890 sionem
1211 860 1450 892 satisfactionem
1477 866 1678 895 contemnens
1702 864 1770 896 eius
1798 865 2012 898 obliviscatur.

1060 930 1105 934 —-
1129 912 1159 943 Si
1181 915 1287 944 autem
1312 912 1451 954 legitime
1475 914 1634 947 confessus
1658 919 1720 955 est,
1739 926 1798 948 non
1816 922 1938 959 oportet
1960 919 2012 951 ite·
2028 926 2156 947 Notandum-

1061 974 1132 1008 rare
1157 965 1214 997 nisi
1241 965 1271 996 in
1296 966 1488 1005 universali;
1513 967 1537 998 si
1563 976 1638 999 vero
1654 978 1738 1007 uon,
1764 974 1902 1011 oportet,
1927 973 2010 1013 quod

1060 1018 1165 1049 omnia
1189 1018 1272 1050 dicat
1284 1030 1292 1056 3
1319 1028 1374 1059 pro
1398 1028 1434 1051 eo
1456 1020 1537 1061 quod
1558 1022 1704 1053 sacerdos
1721 1023 1854 1055 absolvit
1871 1024 1910 1055 ab
1927 1026 2011 1061 omni

1060 1070 1169 1111 culpa,
1201 1074 1256 1102 aut
1286 1071 1374 1103 nulla
1403 1075 1449 1104 est
1483 1072 1659 1111 absolutio,
1692 1075 1798 1107 nullus
1829 1080 1934 1109 autem
1968 1087 2013 1110 sa—

1059 1124 1170 1156 cerdos
1199 1124 1332 1156 intendit
1362 1124 1526 1157 absolvere
1557 1127 1765 1167 poenitentem
1798 1129 1838 1160 ab
1866 1139 1902 1161 eo
1926 1132 2010 1171 quod

1059 1177 1117 1209 sibi
1142 1177 1266 1209 celat⁷:
1292 1177 1330 1209 ad
1357 1178 1416 1210 boc
1440 1187 1532 1219 ergo,
1564 1180 1646 1220 quod
1681 1181 1833 1213 confessio
1865 1183 1903 1214 sit
1935 1184 2013 1216 inte-

1056 1239 1141 1271 gyra,
1166 1239 1298 1268 necesse
1317 1234 1381 1270 est,
1406 1232 1490 1272 quod
1514 1233 1619 1264 omnia
1644 1242 1724 1274 quae
1749 1234 1843 1266 simul
1868 1235 1961 1268 babet
1979 1237 2009 1268 in

1058 1282 1263 1322 conscientia,
1288 1283 1327 1315 de
1358 1284 1474 1325 quibus
1501 1287 1624 1316 tenetur
1648 1286 1806 1326 confiteri,
1831 1288 1885 1319 uni
1910 1297 2014 1321 sacer-

1058 1335 1121 1366 doti
1147 1335 1249 1374 dicat,
1266 1335 1423 1377 alioquin,
1441 1336 1521 1368 sicut
1537 1346 1688 1378 expresse
1705 1338 1780 1370 dicit
1800 1340 2011 1382 Augustinus,

1060 1388 1211 1429 probatur
1236 1388 1389 1420 confessio
1412 1388 1524 1430 fictuwss.

1150 1442 1176 1472 1.
1201 1441 1245 1473 Ad
1270 1441 1347 1473 illud
1366 1450 1441 1483 ergo
1458 1442 1541 1484 quod
1559 1443 1719 1482 obiicitur,
1737 1445 1821 1485 quod
1843 1455 1950 1479 omnes
1967 1456 2012 1480 sa·
2042 1454 2123 1484 Salutio
2135 1461 2174 1481 01³-

1057 1494 1199 1526 cerdotes
1224 1497 1329 1526 tenent
1353 1494 1455 1526 locum
1482 1495 1592 1533 unius,
1616 1496 1732 1528 scilicet
1756 1497 1887 1537 Christi,
1910 1499 2013 1532 dicen·
2029 1483 2152 1507 ‘mmmm'

1057 1547 1148 1585 dum,
1172 1547 1256 1588 quod
1281 1556 1393 1579 verum
1419 1550 1485 1585 est;
1510 1548 1564 1580 sed
1583 1548 1624 1580 ita
1642 1552 1746 1581 tenent
1770 1550 1875 1582 locum
1899 1553 2011 1591 unius,

1057 1600 1140 1641 qnod
1159 1609 1217 1632 non
1236 1600 1330 1632 simul
1355 1609 1482 1638 omnes,
1507 1601 1561 1633 sed
1582 1601 1714 1642 quilibet
1731 1611 1787 1644 per
1805 1612 1855 1642 se3
1877 1608 1907 1636 et
1924 1605 2011 1645 ideo,

1057 1653 1110 1695 qui
1128 1653 1196 1684 vult
1212 1652 1352 1685 confiteri
1379 1653 1533 1685 sacerdoti
1560 1657 1709 1695 tanquam
1726 1655 1866 1695 Christo,
1884 1657 1909 1689 si
1927 1662 2010 1691 recte

1056 1704 1240 1743 confitetur,
1264 1714 1391 1737 necesse
1415 1709 1479 1744 est,
1496 1706 1581 1747 quod
1597 1707 1702 1738 omnia
1719 1707 1802 1739 dicat
1825 1709 1901 1748 uni;
1926 1711 2009 1751 quod

1056 1757 1079 1789 si
1097 1757 1216 1799 aliquid
1234 1757 1314 1790 celat
1330 1758 1401 1796 uni,
1426 1759 1571 1799 quamvis
1589 1759 1671 1791 dicat
1694 1760 1764 1799 alii,
1786 1766 1938 1802 quantum
1966 1767 2012 1795 est

1056 1811 1086 1841 in
1111 1819 1161 1849 se,
1188 1810 1349 1842 mediatori
1376 1810 1505 1850 celavit,
1531 1814 1561 1843 et
1585 1811 1627 1843 ita
1651 1812 1784 1845 Christo.
1875 1850 1877 1853 ,

1145 1865 1174 1896 2.
1198 1863 1240 1896 Ad
1266 1863 1346 1896 illud
1370 1864 1455 1906 quod
1479 1864 1625 1897 obiicitur
1650 1865 1688 1898 de
1706 1867 1853 1899 scandalo
1870 1869 2013 1901 sacerdo-

1055 1915 1111 1955 tis,
1136 1916 1315 1955 dicendum⁷
1350 1917 1434 1958 quod
1466 1917 1519 1949 ubi
1553 1917 1682 1950 timetur
1714 1919 1917 1960 scandalum,
1950 1931 2010 1953 non

1055 1973 1101 2001 est
1126 1969 1277 2002 confessio
1309 1970 1521 2010 dimidianda,
1554 1971 1609 2003 sed
1642 1971 1765 2003 licentia
1796 1974 1947 2014 petenda;
1981 1979 2012 2007 et

1055 2023 1079 2054 si
1105 2031 1165 2054 non
1191 2022 1302 2061 datur,
1327 2023 1472 2064 superior
1496 2026 1543 2055 est
1566 2024 1750 2063 adeundus,
1772 2026 1938 2064 vetanus,
1955 2028 2008 2069 qui

1054 2075 1169 2108 habeat
1192 2076 1261 2108 eius
1284 2076 1514 2108 auctoritatem.
1538 2076 1615 2109 Nam
1640 2077 1671 2109 in
1690 2078 1741 2109 tali
1760 2087 1835 2111 casu
1854 2079 2009 2112 licentiam

1052 2132 1158 2170 petere
1182 2131 1229 2160 est
1254 2127 1405 2160 obtinere.

1116 2209 1120 2211 .
1144 2180 1173 2213 3.
1198 2181 1240 2213 Ad
1267 2181 1346 2213 illud
1371 2182 1456 2222 quod
1480 2182 1628 2214 obiicitur
1653 2183 1692 2215 de
1715 2192 1751 2215 eo
1776 2185 1828 2225 qui
1855 2186 2009 2218 commisit

1055 2235 1239 2273 duodecim,
1264 2235 1319 2267 sed
1344 2235 1460 2267 oblitus
1485 2236 1645 2268 confessus
1677 2240 1723 2269 est
1748 2237 1874 2276 decem,
1907 2239 2171 2280 [licenmgcasnohli-

1054 2288 1149 2326 dum,
1174 2288 1257 2329 quod
1284 2297 1396 2320 sanum
1422 2288 1586 2320 consilium
1613 2293 1711 2328 esset,
1736 2291 1820 2332 quod
1847 2295 1948 2323 totum
1965 2293 2008 2324 di·
2036 2276 2111 2290 ”oms'

1054 2343 1155 2377 ceret,
1181 2340 1261 2372 sicut
1290 2340 1319 2371 in
1356 2340 1640 2381 praecedentibus⁹
1667 2345 1782 2373 lactum
1816 2346 1880 2380 est:
1906 2347 2008 2376 tamen

1053 2393 1165 2432 credo,
1190 2393 1274 2434 quod
1300 2402 1359 2424 non
1386 2396 1529 2425 teneatur
1561 2394 1665 2426 dicere
1698 2395 1755 2427 uisi
1788 2395 1818 2426 in
1851 2397 2007 2436 generali,
2025 2401 2154 2421 Notandum.

1053 2447 1111 2479 nisi
1136 2446 1215 2478 forte
1239 2446 1353 2487 aliquis
1371 2446 1602 2487 praedictorum
1623 2456 1753 2478 casuum
1777 2447 2005 2481 intervenisset.

1053 2499 1129 2531 Nam
1154 2499 1239 2530 aliud
1265 2499 1368 2531 dicere
1404 2501 1450 2530 est
1487 2499 1568 2530 viam
1601 2499 1802 2531 consessionis
1834 2504 1864 2532 et
1896 2501 2007 2533 salutis

1054 2551 1162 2582 multis
1193 2551 1335 2589 auferre,
1368 2560 1439 2582 cum
1472 2550 1563 2582 multi
1595 2551 1804 2583 confiteantur
1836 2552 2005 2593 aliquando

1053 2604 1180 2645 aliquod
1205 2607 1365 2644 peccatum
1392 2612 1537 2640 enorme,
1573 2603 1656 2644 quod
1690 2604 1836 2645 deinceps
1869 2605 1923 2636 vix
1955 2606 2005 2637 alii

1054 2656 1206 2688 sacerdoti
1232 2655 1380 2687 dicerent.
1410 2656 1469 2687 Nec
1501 2656 1702 2687 auctoritates
1731 2657 1916 2689 Sanctorum
1950 2659 2007 2690 boc

1054 2708 1246 2749 compellunt
1270 2708 1393 2746 dicere,
1425 2708 1500 2749 quia
1524 2708 1582 2740 hoc
1611 2717 1673 2739 non
1705 2712 1751 2740 est
1783 2710 2007 2743 confessionem

112 2861 119 2877 ¹
140 2861 188 2887 Ctr.
197 2870 273 2894 supra
283 2864 316 2888 lit.
327 2864 446 2894 Magistri,
455 2863 480 2887 d.
490 2863 546 2888 XV.
555 2870 575 2888 c.
584 2863 608 2894 7,
618 2862 791 2888 efflommcm.
802 2863 862 2887 ibid.
873 2870 896 2894 p.
907 2864 922 2887 l.
932 2870 956 2895 q.
965 2864 988 2887 2.

111 2904 121 2920 2
141 2905 171 2930 lta
194 2907 310 2931 mcliorrs
331 2907 416 2938 codd.⁷
436 2908 475 2931 alii
497 2910 521 2931 ct
540 2906 599 2931 edd.
620 2906 785 2939 confiteatur.

110 2947 121 2963 3
141 2949 204 2974 Vide
224 2957 301 2981 supra
323 2958 381 2981 pag.
412 2950 476 2981 4:33,
497 2954 555 2974 nota
586 2951 610 2974 3.
631 2964 664 2967 »-
685 2950 790 2974 lut'crius
820 2950 876 2974 Vat.
898 2951 990 2974 omittit

44 2988 105 3016 eius.
119 2991 232 3018 Subinde
252 3000 299 3024 pro
318 2993 367 3019 sibi
385 2994 442 3018 cod.
465 2994 483 3018 U
503 2993 535 3025 ci,
557 2996 581 3018 ct
602 3001 649 3025 pro
669 2993 809 3018 dimidiare
828 2993 903 3018 codd.
925 2995 945 3017 ti
959 3001 988 3018 aa

44 3032 199 3068 diminuere,
222 3037 279 3062 cod.
300 3038 320 3062 tt
341 3037 463 3063 (lividere.

111 3078 121 3094 ⁴
141 3079 281 3111 Respicitnr
301 3081 400 3105 Nabum
426 3082 449 3111 1,
470 3082 493 3106 9.
514 3088 593 3112 supra
614 3081 647 3105 lit.
669 3081 789 3112 Magistri,
806 3081 830 3105 d.
846 3081 901 3105 XV.
923 3088 945 3105 c.
967 3082 986 3105 l.

44 3120 185 3152 allegatum.
205 3137 239 3140 —
258 3125 383 3154 Superius
402 3130 460 3155 post
480 3125 543 3149 Item
563 3124 621 3149 cod.
643 3124 661 3147 F
681 3124 752 3148 addit
770 3123 806 3155 si,
829 3127 853 3148 ct
873 3127 931 3155 post
949 3131 989 3149 su-

44 3163 151 3189 cerdotis
170 3166 194 3190 in
214 3166 270 3191 cod.
292 3167 314 3191 X
334 3167 446 3192 secunda
467 3174 559 3191 munus
579 3166 677 3191 addidit
696 3165 776 3191 illius.
799 3167 822 3190 ln
844 3167 892 3191 fino
912 3167 989 3191 liuius

44 3209 67 3231 et
84 3214 136 3240 seq.
156 3216 210 3240 arg.
230 3217 277 3241 pro
302 3210 439 3236 dimidiari
457 3211 533 3235 codd.
555 3211 594 3235 lt&
614 3209 695 3236 dividi
714 3211 748 3235 (in
769 3211 843 3235 solut.
863 3211 989 3242 quaestio-

44 3251 81 3275 nis
100 3252 185 3282 plures
204 3253 279 3278 codd.
300 3255 347 3279 boc
366 3254 448 3279 verbo
470 3254 596 3286 utuntur).

110 3295 121 3311 5
141 3296 201 3321 Cod.
221 3297 242 3321 G
260 3297 390 3329 infui-iuri.

110 3339 121 3355 ὃ
138 3339 186 3364 Cl'r.
206 3348 282 3372 supra
305 3342 328 3366 d.
354 3342 390 3366 17.
412 3349 436 3373 p.
458 3342 493 3366 lll.
513 3349 535 3366 a.
557 3343 579 3366 2.
601 3349 624 3373 q.
650 3342 669 3365 l.

110 3382 121 3398 ⁷
141 3384 204 3408 Vide
223 3392 300 3416 supra
322 3386 346 3410 (l.
372 3386 407 3410 l7.
428 3393 452 3416 p.
475 3386 510 3410 ΙΙΙ.
531 3385 593 3410 dub.
615 3385 639 3410 4.

180 3435 207 3462 S.
228 3437 325 3463 Bonan.
345 3452 379 3456 —
399 3439 473 3462 Tom.
495 3438 535 3462 lv.

1124 2862 1134 2877 S
1153 2862 1302 2893 Allcgantur
1323 2869 1369 2893 pro
1391 2863 1437 2886 bac
1465 2868 1492 2886 rc
1516 2869 1529 2886 a
1550 2862 1712 2887 Scholasticis
1732 2864 1906 2889 communitor
1924 2864 2004 2889 verba

1054 2914 1083 2931 cx
1104 2906 1309 2931 Meditationibus
1330 2907 1450 2936 piissimis
1471 2906 1501 2930 de
1522 2906 1667 2936 cognitione
1697 2907 1825 2931 luunanae
1851 2908 2003 2933 conditionis

1053 2949 1126 2982 (olim
1141 2950 1271 2975 Bernardo
1286 2949 1430 2980 attributis),
1446 2957 1466 2974 c.
1481 2950 1504 2973 Ο.
1520 2956 1542 2973 n.
1559 2950 1605 2974 ⁴25:
1620 2949 1812 2975 Confessioncm
1827 2951 1903 2975 ctiam
1920 2958 2003 2976 nicam

1054 2994 1141 3025 divisi,
1171 2998 1198 3019 ut
1226 2994 1335 3018 divorsis
1360 2993 1539 3018 sacerdotibus
1567 2993 1670 3018 diversa
1700 2995 1904 3025 manifestat-cmg
1925 2998 1949 3019 ct
1970 2996 2001 3020 ita

1053 3040 1127 3063 venia
1149 3039 1227 3069 carui,
1247 3038 1278 3062 ad
1299 3044 1378 3069 quam
1398 3043 1445 3068 per
1464 3039 1549 3068 partes
1569 3038 1704 3067 pervenire
1725 3039 1822 3068 putavi.
1844 3038 2002 3063 Exsecranda

1054 3089 1166 3113 namquo
1186 3081 1253 3106 fictio
1272 3084 1322 3111 est,
1344 3082 1477 3111 peccatum
1499 3080 1614 3104 dividrrc
1629 3083 1653 3103 vt
1666 3081 1802 3112 superficie
1818 3084 1891 3106 tenus
1905 3082 2003 3109 radere„

1054 3132 1103 3149 non
1124 3126 1275 3150 intrinsecus
1294 3124 1425 3149 eradicare
1445 3127 1492 3148 etc.

1123 3169 1133 3185 ⁹
1152 3170 1234 3200 Supra
1257 3169 1280 3193 d.
1303 3168 1342 3192 17.
1363 3175 1388 3199 p.
1408 3168 1443 3192 lll.
1465 3167 1526 3192 dub.
1549 3168 1570 3192 li.
1592 3182 1625 3185 —
1639 3169 1764 3199 Superius
1779 3175 1826 3200 pro
1845 3169 1891 3194 secl
1908 3168 2004 3195 oblitus

1053 3212 1188 3245 consessus
1207 3213 1245 3237 est
1264 3211 1351 3237 decem
1380 3212 1423 3243 (ita
1453 3212 1529 3236 codd.
1550 3212 1603 3244 lK)
1623 3212 1698 3237 cmld.
1720 3213 1767 3237 Ft}
1792 3214 1817 3238 et
1831 3220 1882 3245 per
1901 3213 2004 3239 chlicto-

1051 3263 1112 3281 nem
1131 3255 1229 3281 {lintisz't
1248 3254 1368 3288 confiteri
1385 3255 1501 3288 aliquot,
1522 3256 1579 3280 cod.
1595 3255 1630 3280 bb
1644 3257 1668 3281 et
1690 3255 1826 3289 confessus
1848 3258 1886 3283 cst
1904 3257 2001 3289 dacem,

1052 3299 1111 3324 edd.
1132 3300 1289 3330 corrigentes
1309 3301 1457 3329 corruptam
1478 3298 1612 3324 lectionem
1632 3299 1742 3324 aliorum
1763 3300 1839 3325 codd.
1860 3300 1890 3326 {Ic
1909 3307 1937 3327 eo
1958 3301 2006 3334 qui

1050 3349 1098 3375 pei·
1118 3341 1273 3367 oblivionem
1293 3342 1424 3368 commisit
1447 3342 1534 3368 decem
1560 3343 1681 3377 confiteri
1698 3343 1801 3377 aliquot
1818 3345 1906 3376 legunt
1924 3345 1954 3371 dc
1974 3352 2003 3371 eo

1052 3385 1099 3419 qui
1115 3392 1163 3418 pei·
1182 3384 1337 3411 oblivionem
1356 3385 1445 3412 omisit
1462 3385 1514 3412 cluo
1535 3386 1661 3420 confiteri.

1829 3442 1856 3466 71
