2483 3882
300 509 450 530 Fundamenta.

301 1821 413 1842 Conclusio
427 1822 445 1842 1.

300 2505 410 2526 Conclusio
424 2505 444 2525 Ξ).

458 203 521 234 458

458 289 652 327 sacerdotes,
688 288 768 320 sicut
803 288 918 319 dicitur
949 286 1183 318 Deuteronomii
1207 286 1328 318 decimo
1359 294 1403 318 se-

457 342 555 383 ptimo
570 342 600 372 ¹:
626 341 664 373 Si
687 340 816 382 difficile
839 344 867 371 et
890 339 1084 380 ambiyuum
1109 342 1186 371 eto:
1211 347 1286 379 ergo
1303 338 1404 370 venia-

457 394 497 425 lia
521 394 594 425 talia
618 397 691 425 sunt
714 391 897 424 confitenda.

545 445 671 477 CONTRA
685 456 691 475 z
713 445 739 474 ¹1.
759 455 773 472 «
790 442 978 474 Poenitentia
994 446 1041 474 est
1057 442 1195 474 secunda
1211 442 1319 474 tabula
1335 445 1405 484 post

457 496 679 538 naufragiu1n2
695 508 726 534 »3
758 495 811 527 sed
836 503 892 536 per
917 494 1037 527 veniale
1061 503 1153 526 nemo
1176 494 1402 536 naufragatur:

456 559 531 591 ergo
555 559 611 591 pro
636 548 811 580 venialibus
831 547 939 579 nullus
955 550 1079 579 tenetur
1096 551 1262 579 recurrere
1279 547 1318 579 ad
1335 556 1405 589 poe-

456 602 635 634 nitentiam:
661 610 735 641 ergo
759 609 816 632 nec
840 609 876 632 ea
900 599 1050 632 confiteri.

547 656 576 686 Ξ).
602 654 675 685 Item
687 679 694 692 ,
712 653 844 685 venialia
861 662 921 684 non
939 656 1011 684 sunt
1028 653 1058 684 in
1075 653 1313 694 prohibitione³,
1330 662 1405 695 ergo

457 715 513 738 nec
536 715 646 738 eorum
672 705 811 737 remedia
834 705 864 736 in
882 708 1068 746 praecepto:
1086 714 1161 746 ergo
1178 714 1238 737 non
1256 709 1302 737 est
1319 714 1406 747 prae-

457 762 581 800 ceptum
607 757 746 790 confiteri
772 757 913 789 venialia.

546 810 574 842 3.
600 811 692 849 Item,
717 810 868 842 confessio
892 810 927 842 fit
949 810 989 842 ad
1015 810 1281 843 reconciliandum
1307 810 1405 843 Eccle-

457 864 540 900 siae;
566 864 618 895 sed
645 872 700 904 per
725 863 845 895 veniale
869 863 977 895 nullus
998 864 1099 896 factus
1122 867 1169 896 est
1193 864 1338 896 inimicus
1356 864 1406 896 Eo-

457 916 582 954 clesiae,
600 916 708 948 nullus
732 919 823 947 extra
848 916 1015 948 Ecclesiam
1040 916 1158 949 eiectus
1182 920 1245 955 est,
1263 917 1293 948 in
1318 916 1406 948 nullo

456 968 655 1001 damnificata
681 968 832 1007 Ecclesia,
857 968 931 1010 quia
965 968 1126 1001 caritatem
1162 978 1222 1000 non
1258 969 1407 1001 auferunt

456 1031 513 1054 nec
538 1021 726 1053 minuunt&
751 1030 826 1062 ergo
850 1030 942 1053 nemo
967 1025 1090 1054 tenetur
1115 1021 1168 1053 illa
1191 1021 1341 1054 confiteri.

544 1075 573 1106 li.
599 1074 690 1113 Item,
723 1073 877 1115 quidquid
911 1074 1004 1105 homo
1029 1077 1153 1106 tenetur
1177 1074 1335 1113 confiteri,
1366 1078 1407 1106 te-

456 1131 549 1159 netur
573 1127 710 1168 amplius
734 1136 795 1158 non
828 1127 958 1165 iterare,
984 1126 1058 1168 quia
1087 1126 1308 1168 «poenitentia
1332 1135 1407 1158 vera

456 1183 503 1212 est
526 1179 692 1212 commissa
721 1179 868 1220 plangere
903 1182 934 1211 et
969 1178 1145 1220 plangenda
1175 1188 1237 1210 ΠοΠ
1269 1179 1407 1211 commit-

456 1233 590 1271 terem,
615 1233 669 1264 sed
695 1241 755 1264 non
781 1235 904 1263 tenetur
929 1232 1000 1273 quis
1024 1231 1157 1264 venialia
1181 1241 1242 1263 ΠοΠ
1270 1232 1404 1264 iterare:

456 1295 531 1327 ergo
555 1294 615 1317 non
645 1288 769 1317 tenetur
793 1284 831 1316 de
856 1284 917 1316 illis
941 1284 1164 1325 poenitentiam
1188 1293 1299 1326 agere,
1331 1293 1406 1326 ergo

456 1347 512 1370 nec
537 1337 687 1369 confiteri.

809 1451 1047 1474 CONCLUSIO.

459 1548 613 1590 Confiterz'
632 1553 768 1590 peecata
799 1548 944 1579 venialia
969 1557 1154 1589 eouyrumn
1180 1552 1244 1585 est,
1269 1557 1334 1579 ῖῖοῖῖ
1359 1557 1408 1579 ne-

544 1602 746 1639 cessarium,
782 1601 850 1632 on'st
887 1601 1049 1633 interdum
1085 1606 1220 1643 propter
1249 1601 1406 1639 (trabium,

547 1655 593 1686 oet
615 1654 869 1686 eeclesiasticam
894 1659 1065 1686 statatum.

546 1761 743 1792 ΗΕεΡοΝΠΠοι
762 1761 950 1798 Dicendum,
968 1760 1051 1801 qnod
1070 1759 1221 1792 confessio
1237 1759 1407 1791 venialium

460 1823 521 1846 ΠοΠ
546 1817 593 1846 est
617 1814 647 1845 in
670 1819 853 1855 praecepto,
872 1817 918 1845 est
935 1817 1038 1845 tamen
1058 1813 1086 1844 in
1106 1812 1251 1844 consilio.
1268 1813 1299 1844 ln
1316 1823 1410 1854 prae-

459 1871 546 1908 eepto
571 1875 630 1898 non
656 1870 721 1898 est:
748 1867 838 1908 qnia,
864 1875 934 1898 eum
961 1866 1022 1897 sint
1043 1865 1081 1897 de
1106 1866 1154 1897 sui
1179 1868 1292 1897 natura
1309 1865 1409 1897 venia-

459 1920 517 1958 lia,
543 1928 598 1961 per
622 1928 654 1951 se
679 1922 809 1960 possunt
834 1919 955 1951 veniam
981 1918 1146 1959 consequi,
1172 1918 1237 1950 sive
1263 1927 1316 1959 per
1340 1927 1409 1959 poe-

459 1972 620 2004 nitentiam
646 1972 827 2010 internam,
844 1972 910 2003 sive
928 1981 984 2013 per
1001 1971 1193 2003 curtertorem
1211 1976 1408 2009 asszmztctm,

458 2025 524 2057 sive
548 2024 640 2056 etiam
666 2033 722 2065 per
744 2034 882 2065 poenam
908 2024 1163 2065 purqatorz'awsz,
1188 2024 1268 2055 sieut
1296 2023 1409 2055 melius

457 2077 575 2118 patebit
600 2076 680 2108 infra
697 2077 723 2114 ⁶,
749 2077 813 2108 sive
837 2085 893 2118 per
915 2076 1010 2107 uliud
1025 2076 1207 2107 reuzectz'zmt
1231 2080 1409 2117 competens

459 2133 489 2162 et
515 2130 672 2161 idoneum.
698 2129 847 2170 Quamvis
871 2133 976 2161 autem
1002 2129 1040 2161 de
1066 2129 1184 2161 ratione
1207 2129 1264 2160 sui
1280 2128 1409 2170 Ueneris

458 2192 520 2214 non
545 2183 584 2215 sit
608 2192 644 2214 ea
668 2182 806 2214 confiteri
832 2182 1069 2220 necessarium,
1095 2186 1197 2213 tamen
1216 2190 1252 2214 ea
1268 2181 1408 2213 confiteri

459 2245 644 2278 congruum
681 2239 745 2273 est,
778 2236 916 2267 maxime
941 2235 1017 2267 viris
1041 2235 1203 2277 perfectis,
1228 2226 1302 2276 quia
1332 2235 1409 2266 utile

458 2293 504 2321 est
528 2289 682 2327 inultum,
706 2293 736 2320 et
760 2297 859 2329 poena
895 2288 956 2320 illis
992 2288 1097 2320 debita
1134 2288 1286 2319 minuitur
1310 2296 1350 2319 ex
1379 2287 1408 2318 vi

458 2340 604 2372 clavium.
637 2341 697 2373 Hoc
729 2345 775 2373 est
807 2341 902 2382 igitur
935 2340 973 2372 de
1010 2340 1186 2372 venialibus
1221 2339 1410 2381 generaliter

457 2393 585 2425 dietum.

546 2446 585 2478 In
602 2456 681 2478 casu
701 2449 805 2478 tamen
824 2446 982 2487 contingit,
1000 2446 1083 2487 quod
1102 2445 1196 2477 horno
1214 2448 1357 2477 teneatur
1374 2454 1410 2477 ea

460 2499 619 2537 confiteri,
644 2499 709 2531 sive
734 2502 862 2540 propter
886 2498 1042 2536 (tuorum,
1067 2499 1133 2530 sive
1158 2502 1287 2539 propter
1319 2497 1409 2529 ecele-

457 2552 631 2584 sz'ctstieum
655 2555 827 2583 statutum.
853 2552 981 2592 Propter
1006 2550 1163 2582 dubium:
1189 2550 1263 2592 quia
1287 2550 1410 2582 dubitat

457 2604 680 2646 probabiliter,
713 2608 821 2636 utrum
848 2605 886 2636 sit
910 2603 1047 2642 veniale,
1072 2603 1122 2635 vel
1147 2603 1279 2635 mortale
1289 2615 1296 2641 3
1322 2603 1408 2641 ideo,

459 2657 483 2689 si
508 2666 568 2688 Ποῖ]
593 2658 730 2698 poenitet
765 2657 845 2688 sient
873 2657 912 2689 de
937 2656 1079 2695 mortali,
1104 2656 1276 2689 discrimini
1302 2664 1334 2688 se
1358 2664 1410 2688 ex-

457 2710 561 2750 ponit,
586 2713 615 2741 et
644 2709 713 2741 ideo
749 2709 841 2741 debet
876 2708 1035 2747 confiteri,
1071 2708 1152 2740 sicut
1176 2708 1254 2740 iacet
1276 2708 1308 2739 -in
1341 2717 1410 2740 con-

458 2762 602 2799 scientia,
627 2765 657 2793 et
682 2761 796 2793 iudicio
829 2761 1000 2793 sacerdotis
1024 2761 1197 2802 relinquat,
1230 2764 1336 2793 utrum
1371 2761 1410 2793 sit

458 2814 597 2852 veniale,
622 2814 671 2845 vel
696 2814 836 2845 mortale.
863 2833 906 2836 —
930 2814 1058 2855 Propter
1075 2813 1330 2845 eeelesictslt'e'tm
1346 2818 1410 2845 sta-

1212 199 1495 231 SENTENTIARUM
1519 200 1586 231 LlB.
1612 200 1658 232 lV.

1467 290 1574 318 tutum
1598 289 1741 318 tenetur:
1778 287 1851 328 quia
1875 288 1976 320 omnis
2011 288 2112 320 fidelis
2146 289 2242 321 semel
2270 289 2301 321 in
2333 298 2414 322 anno
2461 282 2463 287 ’

1467 341 1591 370 tenetur
1615 338 1777 377 confiteri,
1809 342 1840 371 et
1863 339 1947 378 ideo,
1972 340 1995 371 si
2020 349 2080 372 non
2106 341 2200 373 habet
2222 342 2280 374 nisi
2314 342 2415 374 venia-

1468 391 1526 429 lia,
1551 391 1660 423 saltem
1686 391 1739 423 illa
1762 391 1859 423 semel
1883 392 1914 423 in
1938 401 2018 424 anno
2043 396 2166 425 tenetur
2187 394 2336 426 confiteri.
2355 394 2414 427 Sed
2462 386 2464 400 ¹

1469 443 1526 475 hoc
1552 452 1613 475 non
1637 447 1684 475 est
1709 447 1837 485 propter
1861 444 1991 476 venialis
2015 445 2132 486 peccati
2164 445 2335 484 morbum,
2360 446 2414 479 sed
2463 440 2465 449 ⁴

1468 499 1598 537 propter
1619 500 1851 537 praeceptum,
1876 496 1960 537 quod
1985 506 2083 538 quare
2099 497 2245 530 omnibus
2262 498 2301 530 sit
2317 498 2416 530 iniun-

1468 551 1572 586 ctum,
1598 548 1766 589 superius⁷
1792 551 1908 580 tactum
1933 553 1988 581 est.

1556 601 1797 633 Concedendum
1822 605 1869 633 est
1892 602 2002 643 igitur,
2026 602 2110 643 quod
2136 603 2284 641 venialia,
2309 608 2483 642 secun-Eut„

1469 654 1545 686 dum
1571 654 1654 695 quod
1679 654 1879 692 huiusmodi,
1898 663 1958 686 ΠοΠ
1983 658 2029 686 est
2053 663 2178 687 necesse
2200 655 2353 694 confiteri,
2371 659 2418 688 est

1469 710 1573 738 tamen
1598 706 1788 747 expediens3
1813 715 1869 739 nec
1893 707 1964 748 quis
1988 710 2112 739 tenetur
2136 707 2194 739 nisi
2220 708 2259 740 de
2283 707 2364 739 bono
2388 711 2418 740 et
2458 744 2461 746 μ

1468 768 1586 800 aequo,
1612 759 1669 791 nisi
1695 759 1725 790 in
1758 759 1883 791 duobus
1915 759 2056 798 casibus,
2081 759 2131 791 vel
2156 760 2229 801 qnia
2253 760 2368 801 ligatur
2400 770 2418 792 a
2467 762 2470 797 ᾗ

1469 811 1673 850 conscientia,
1709 811 1758 843 vel
1792 811 1867 853 quia
1891 811 2006 853 ligatur
2031 821 2048 844 a
2073 812 2293 844 constitutione
2325 812 2419 845 eccle·
2468 825 2470 828 ·

1470 863 1602 895 siastica.
2468 857 2470 902 Ϊ

1563 918 1590 948 1.
1614 916 1657 949 Ad
1682 916 1761 948 illud
1786 917 1869 957 quod
1895 917 2057 955 obiicitur,
2083 917 2167 958 quod
2185 921 2319 958 peecata,
2338 926 2418 959 quae
2445 927 2483 953 ει]

1469 978 1525 1010 per
1561 969 1769 1010 ignorantiam
1806 969 2052 1008 contrabuntur,
2078 969 2228 1010 praecipit
2256 947 2483 1009 οοΠΓῖῑοῖ·ἰ;130Εῇ

1470 1021 1656 1059 dicendum,
1681 1021 1765 1062 quod
1791 1020 1868 1052 illud
1894 1021 2131 1061 intelligendum
2161 1026 2208 1053 est
2231 1021 2270 1053 de
2295 1021 2420 1053 veniali-

1471 1074 1538 1105 bus.
1564 1073 1623 1105 Sed
1648 1076 1722 1105 tunc
1745 1073 1934 1114 praecipere
1958 1077 2005 1105 est
2029 1074 2160 1111 (locere,
2186 1074 2361 1105 seeundum
2386 1073 2419 1105 il-

1470 1126 1524 1157 lud
1539 1126 1639 1157 Lucae
1653 1126 1761 1167 quinto
1774 1125 1799 1156 S1
1815 1126 2026 1166 Praeceptor,
2038 1136 2097 1167 per
2111 1131 2210 1157 totam
2227 1131 2348 1158 noctem
2361 1130 2418 1158 etc.

1471 1179 1608 1211 Verbum
1633 1183 1737 1210 autem
1763 1178 1844 1210 beati
1871 1178 1968 1210 laeobi
1981 1205 1988 1218 ,
2006 1179 2150 1220 quamvis
2167 1180 2363 1220 propositum
2382 1180 2420 1211 sit

1470 1241 1526 1273 per
1550 1231 1679 1263 modum
1705 1231 1945 1272 imperativum,
1971 1235 2074 1263 tamen
2098 1241 2155 1273 pro
2177 1232 2362 1264 mortalibus
2380 1236 2421 1264 te-

1470 1287 1563 1315 netur
1587 1283 1797 1324 imperative,
1822 1292 1879 1324 pro
1904 1283 2080 1315 venialibus
2106 1284 2204 1325 inagis
2228 1283 2407 1315 excitatioe.
2473 1270 2474 1280 ἵ

1559 1339 1588 1368 2.
1613 1336 1655 1367 Ad
1682 1336 1758 1367 illud
1784 1336 1868 1377 quod
1904 1336 1978 1368 dieit
2013 1337 2224 1377 Augustinus:
2258 1336 2287 1367 Si
2324 1337 2421 1378 coepi-
2473 1333 2475 1344 ‘

1470 1390 1507 1421 sti
1533 1393 1612 1427 etc.;
1637 1389 1821 1427 dicendum,
1857 1389 1941 1431 quod
1966 1389 2140 1421 eonsilium
2165 1393 2228 1428 est,
2253 1399 2314 1421 non
2348 1390 2421 1431 quia

1470 1452 1531 1474 Ποῖ]
1556 1442 1645 1474 aliter
1670 1442 1767 1483 possit
1792 1442 1881 1474 vitari
1908 1442 1999 1474 ruina
2023 1442 2080 1474 nisi
2107 1451 2163 1484 per
2180 1443 2420 1481 consessionem,

1471 1497 1524 1528 sed
1549 1496 1622 1538 quia
1646 1496 1723 1527 haee
1748 1495 1797 1527 via
1822 1498 1868 1527 est
1894 1495 2005 1527 idonea
2022 1499 2052 1527 et
2074 1496 2234 1533 salubris;
2258 1496 2342 1528 unde
2359 1505 2420 1528 Ποῖ]

1471 1549 1545 1581 dicit
1570 1549 1645 1587 boe,
1669 1548 1752 1589 quod
1779 1557 1903 1589 semper
1927 1552 1997 1580 ruat
2023 1548 2073 1580 ille
2098 1549 2150 1590 qui
2176 1558 2236 1580 Ποῖ]
2255 1549 2421 1581 confitetur

1471 1605 1610 1639 motum,
1636 1601 1688 1633 sed
1715 1600 1789 1642 quia
1813 1601 1850 1632 acl
1877 1601 2035 1633 ruendum
2060 1605 2142 1633 esset
2166 1601 2343 1643 proclivior.

1561 1653 1588 1685 3.
1614 1653 1657 1685 Ad
1684 1653 1762 1685 illud
1787 1653 1870 1694 quod
1895 1653 2058 1692 obiicitur,
2084 1654 2167 1695 quod
2193 1654 2343 1686 Dominus
2368 1664 2423 1696 pu-

1471 1708 1535 1738 niet
1559 1711 1588 1738 et
1614 1705 1763 1737 iudicabit
1798 1706 1829 1737 in
1858 1706 1986 1744 futuro,
2011 1706 2197 1745 dicendum,
2223 1707 2307 1748 quod
2332 1708 2422 1739 aliter
2478 1746 2479 1750 Ἰ

1473 1759 1623 1791 iudicabit
1646 1758 1771 1790 veniale
1806 1759 1871 1790 sive
1896 1768 1953 1800 pro
1978 1759 2108 1797 veniali,
2144 1759 2234 1791 aliter
2259 1769 2315 1801 pro
2340 1770 2423 1792 mor-
2476 1764 2479 1780 ¹

1473 1811 1540 1843 tali.
1566 1812 1623 1843 Pro
1648 1811 1784 1842 w'zortctlt'
1807 1820 1941 1853 namque
1966 1811 2117 1843 iudicabit
2141 1815 2171 1843 et
2187 1812 2423 1852 condemnabit3
2478 1808 2479 1811 ’

1472 1874 1530 1906 pro
1553 1863 1676 1895 veniali
1699 1872 1897 1905 nequaquam
1930 1864 2166 1903 condemnabit,
2192 1865 2246 1896 sed
2272 1868 2423 1906 tempora-

1473 1917 1543 1949 liter
1574 1916 1743 1954 cruciabit,
1768 1916 1824 1948 nisi
1862 1917 1941 1949 forte
1967 1918 2005 1949 sit
2028 1926 2188 1949 annexum
2219 1917 2360 1955 mortali,
2393 1921 2423 1950 et

1472 1970 1531 2002 hoc
1556 1979 1616 2001 non
1641 1970 1760 2001 ratione
1777 1969 1841 2006 sui,
1859 1969 1913 2001 sed
1940 1970 2058 2002 ratione
2083 1970 2255 2002 mortalis&
2277 1971 2311 2001 Et
2335 1970 2422 2009 ideo,

1473 2032 1512 2055 ex
1536 2032 1598 2064 quo
1623 2023 1693 2065 quis
1728 2023 1893 2055 confitetur
1929 2023 2077 2060 mortale,
2102 2023 2244 2062 solvitur,
2269 2033 2326 2065 pro
2361 2033 2422 2065 quo

1473 2075 1731 2107 condemnandus
1754 2080 1821 2107 erat
1845 2085 1863 2107 a
1886 2075 2038 2113 Domin0;
2063 2079 2093 2107 et
2117 2076 2186 2107 ideo
2211 2085 2271 2107 non
2301 2079 2423 2117 oportet

1474 2129 1526 2160 illa
1550 2128 1707 2166 confiteri,
1725 2132 1876 2170 quantum
1895 2132 1941 2160 est
1958 2128 1996 2160 de
2014 2128 2197 2160 necessitate
2214 2129 2421 2170 obligationis.

1561 2183 1590 2213 li.
1616 2182 1659 2213 Ad
1685 2181 1762 2213 illud
1788 2181 1870 2222 quod
1895 2181 2041 2213 obiicitur
2066 2181 2104 2213 de
2128 2182 2313 2220 venialibus,
2338 2182 2421 2223 quod

1474 2234 1605 2266 dubium
1631 2238 1694 2272 est,
1719 2237 1826 2266 utrum
1854 2234 1914 2266 sint
1937 2234 2102 2272 mortalia3
2127 2234 2313 2272 dicendum,
2338 2234 2421 2275 quod

1474 2287 1503 2318 in
1531 2287 1580 2318 tali
1607 2295 1698 2324 casu,
1724 2286 1781 2318 nisi
1808 2286 1999 2318 certificetur
2025 2287 2184 2327 poenitens
2209 2296 2264 2328 per
2285 2287 2419 2328 aliquem
2435 2275 2482 2316 uon-³,

1474 2340 1577 2371 virum
1603 2339 1791 2381 sapientem,
1809 2340 1858 2371 cui
1876 2339 1973 2380 possit
1997 2339 2147 2371 adbibere
2172 2339 2281 2377 fidem,
2298 2343 2420 2371 tenetur
2480 2337 2482 2353 ⁴

1474 2392 1551 2424 illud
1577 2392 1684 2433 utique
1710 2391 1867 2430 eonfiteri3
1885 2391 1909 2423 si
1927 2395 2033 2423 autem
2060 2392 2186 2423 tollatur
2209 2392 2375 2430 dubitatio,
2392 2394 2422 2423 et

1474 2446 1591 2477 sciatur
1615 2454 1682 2477 esse
1707 2444 1845 2482 veniale,
1872 2448 1946 2477 tune
1975 2454 2035 2476 non
2072 2445 2249 2486 obligatur,
2286 2445 2366 2476 sicut
2397 2444 2421 2477 si
2481 2442 2483 2498 J

1473 2498 1660 2529 conscientia
1696 2497 1830 2529 alicuius
1862 2497 2065 2538 probabiliter
2091 2497 2214 2529 dubitat
2237 2497 2276 2529 de
2300 2497 2420 2538 aliquo,
2481 2513 2483 2544 4

1473 2554 1582 2582 utrum
1618 2550 1657 2582 sit
1693 2549 1841 2587 mortale,
1868 2553 1990 2582 tenetur
2014 2550 2149 2591 amplius
2174 2550 2251 2582 illud
2289 2559 2348 2581 Ποῖ]
2381 2549 2420 2581 fa·
2482 2546 2483 2580 l

2482 2603 2483 2625 ]

2482 2697 2483 2717 l

1473 2612 1560 2640 cere,
1587 2606 1730 2634 manente
1755 2601 1966 2639 dubitatione3
1991 2602 2045 2634 sed
2063 2606 2166 2633 amota
2192 2602 2243 2633 tali
2268 2601 2420 2633 conscien-

1475 2655 1531 2692 tia,
1550 2664 1609 2686 non
1636 2658 1759 2687 tenetur
1773 2655 1802 2685 ¹⁰.
1821 2655 1854 2686 Et
1879 2654 1948 2686 ideo
1973 2663 2046 2686 sane
2063 2654 2182 2686 dictum
2200 2659 2263 2693 est,
2280 2655 2365 2696 qnod
2382 2653 2420 2686 ad

1473 2708 1695 2740 consessionem
1718 2707 1848 2739 venialis
1866 2707 1979 2748 ligatur
1997 2708 2067 2748 quis
2084 2716 2144 2739 ΠοΠ
2163 2716 2202 2739 ex
2221 2707 2420 2739 institutione

1473 2761 1605 2798 (limina,
1643 2760 1696 2791 sed
1721 2769 1761 2791 ex
1787 2759 2013 2791 constitutione
2044 2760 2264 2791 ecclesiastiea
2294 2763 2324 2791 et
2351 2769 2420 2791 eon-

1471 2813 1609 2844 sez'entz'a
1630 2812 1781 2853 propria.
1809 2812 1842 2843 Et
1866 2811 1909 2844 sic
1933 2816 2039 2853 patent
2062 2812 2191 2844 obiecta.

529 2982 536 2997 ¹
560 2983 631 3007 Vors.
653 2983 677 3006 8.
700 2981 765 3006 Vide
785 2989 861 3012 supra
884 2989 942 3013 png.
964 2981 1021 3012 437,
1042 2985 1098 3006 nota
1120 2981 1143 3006 7.

529 3026 540 3042 ²
559 3027 589 3051 Ut
610 3026 669 3051 dicit
688 3027 790 3051 Hieron.
817 3033 894 3057 suprn
926 3026 958 3049 lit.
989 3026 1114 3057 Magistri,
1136 3026 1160 3050 d.
1181 3026 1247 3050 XlV.
1268 3033 1288 3051 c.
1314 3026 1334 3050 l.
1356 3025 1405 3050 Csr.

459 3069 519 3094 ibid.
542 3069 684 3095 Comment.
705 3077 729 3100 p.
751 3070 766 3094 l.
790 3069 851 3094 dub.
875 3070 896 3094 l.

529 3113 539 3129 3
560 3114 625 3138 Vide
645 3114 672 3138 ll.
694 3115 761 3139 Sent.
783 3114 806 3138 d.
829 3113 868 3138 6⁴2.
890 3121 910 3138 a.
933 3114 955 3137 ⁶2.
977 3120 1000 3145 q.
1023 3114 1045 3137 l.
1066 3113 1098 3138 ad
1119 3114 1141 3137 2.

531 3157 540 3173 ¹¹
559 3158 756 3188 Explicznionem
778 3158 838 3182 ride
858 3158 873 3181 1.
893 3158 961 3182 Sent.
981 3157 1005 3181 d.
1022 3157 1062 3181 117.
1083 3164 1108 3188 p.
1131 3157 1156 3181 ΙΙ.
1178 3164 1202 3188 q.
1223 3157 1246 3181 3.
1267 3156 1316 3182 Csr.
1331 3157 1407 3182 etinm

462 3208 540 3232 supra
560 3201 584 3226 d.
610 3202 645 3226 12.
667 3209 692 3232 p.
714 3203 738 3226 ll.
759 3210 780 3226 a.
806 3203 825 3226 1.
846 3209 870 3234 (1.
891 3202 915 3226 3.

532 3244 542 3260 5
562 3245 708 3269 Secundum
736 3246 875 3277 Αῖῖ]1]ῖόε,;
900 3246 944 3270 cfr.
971 3252 1050 3276 supra
1077 3246 1109 3269 lit.
1137 3245 1263 3276 Magistri,
1289 3244 1314 3269 d.
1342 3244 1406 3268 XIV.

545 3292 569 3312 et
589 3288 623 3312 ibi
643 3288 784 3314 Comment.
805 3297 829 3321 p.
852 3291 866 3314 l.
888 3289 950 3314 (lob.
972 3289 994 3314 li.

529 3330 540 3346 6
560 3331 620 3355 Dist.
644 3332 684 3355 21.
705 3339 729 3362 p.
751 3332 767 3356 l.
789 3340 810 3356 a.
832 3334 855 3357 2.
876 3340 900 3364 q.
916 3333 940 3357 rl.
956 3332 1005 3357 Csr.
1020 3340 1097 3364 supra
1113 3332 1146 3358 lit.
1161 3333 1287 3364 Magistri,
1303 3332 1326 3357 (1.
1343 3332 1407 3356 XVl.

460 3294 481 3312 C.
502 3289 524 3312 2.

1471 2988 1492 3006 c.
1514 2982 1538 3012 6,
1560 2984 1584 3005 et
1604 2981 1748 3006 Communi.
1771 2988 1794 3012 p.
1818 2981 1842 3005 ll.
1863 2988 1883 3005 a.
1905 2981 1928 3005 3.
1950 2988 1975 3012 q.
1998 2982 2020 3005 2.
2040 2995 2075 2998 —
2094 2981 2200 3005 lusci-ius
2227 2981 2281 3005 voci
2298 2978 2419 3013 perfectis

1471 3025 1527 3050 eod.
1550 3025 1568 3049 U
1589 3026 1727 3056 praemittit
1745 3023 1875 3057 reliffl'osz's
1895 3026 1928 3050 et.

1541 3069 1551 3085 ⁷
1574 3069 1652 3093 Partis
1673 3069 1698 3092 ll.
1719 3077 1741 3093 u.
1766 3070 1787 3093 2.
1810 3076 1833 3100 (χ,
1859 3069 1878 3093 l.

1541 3113 1551 3128 ⁸
1573 3114 1644 3138 Vers.
1666 3113 1690 3138 5.
1713 3113 1794 3144 Quem
1815 3113 1901 3137 locuni
1921 3114 1945 3138 S.
1966 3113 2063 3137 Bonav.
2085 3119 2216 3144 exponens
2236 3113 2284 3136 ait:
2303 3112 2356 3136 Non
2377 3117 2416 3135 so-

1472 3157 1524 3181 lum
1546 3156 1693 3187 doctorem,
1716 3157 1760 3181 sed
1790 3158 1866 3182 otium
1893 3157 2091 3189 praeceptorem
2115 3158 2204 3187 vocnt,
2227 3155 2348 3186 credens,
2368 3161 2416 3178 non

1472 3201 1555 3225 solum
1576 3208 1636 3225 eum
1657 3200 1751 3225 babere
1771 3200 1908 3226 seientiam
1928 3200 1961 3225 ad
1986 3200 2147 3231 docendum,
2170 3199 2214 3224 sed
2235 3200 2311 3224 etiam
2330 3199 2416 3231 polen-

1472 3244 1537 3269 tiam
1557 3244 1588 3268 {ul
1609 3244 1762 3269 faciendum.
1782 3258 1817 3262 -
1837 3244 1861 3268 ln
1883 3244 1931 3268 line
1945 3244 2019 3268 solut.
2035 3243 2089 3268 Vat.
2105 3243 2176 3268 addit
2194 3242 2235 3268 vel
2247 3241 2417 3268 eoeltortatz've.

1542 3287 1553 3303 9
1573 3287 1637 3312 Vide
1658 3288 1684 3312 ll.
1706 3288 1772 3313 Seni.
1795 3287 1820 3312 (l.
1844 3287 1884 3312 42.
1904 3295 1927 3312 a.
1951 3288 1975 3312 2.
1997 3294 2021 3319 q.
2043 3288 2065 3311 2.

1546 3330 1565 3346 ¹⁰
1586 3331 1634 3356 Cl'r.
1656 3331 1680 3355 ll.
1702 3332 1770 3355 Sem.
1791 3331 1815 3355 d.
1837 3331 1878 3355 39.
1898 3338 1920 3355 a.
1945 3331 1964 3355 l.
1985 3338 2009 3362 q.
2030 3331 2054 3355 3.
