2483 3882
834 240 928 272 DIST.
954 240 1082 274 xxxiv.
1107 240 1228 273 DUBlA.

49 328 164 363 sivein
201 326 348 365 muliere,
376 330 447 368 post
481 327 652 359 divortium
689 327 757 366 ille,
794 328 823 360 iu
859 338 921 370 quo
948 331 995 361 est

48 390 156 420 causa,
180 380 272 412 debet
304 388 467 412 remanere
499 380 565 412 sine
592 390 646 422 spe
678 381 812 422 coniugii
845 385 992 423 tanquam

46 442 177 478 persona
201 432 379 474 illegitima3
403 432 515 473 quodsi
541 433 704 465 contrahat
728 437 758 465 et
781 434 895 474 possit,
920 438 994 465 tunc

47 489 166 530 oportet
188 485 292 518 redire
316 485 355 517 ad
381 484 486 526 priora
510 487 591 516 vota.

131 538 220 579 Quod
244 546 318 579 ergo
343 537 431 576 dicit,
456 537 540 579 quod
565 540 712 569 maneant
736 537 876 578 innupti,
900 538 994 570 reser-

46 596 97 625 tur
119 591 158 623 ad
183 599 273 629 eum,
298 590 327 621 in
352 599 415 631 quo
439 590 598 630 reperitur
626 598 722 622 causa
746 589 993 631 illegitimitatis,

46 646 109 678 sive
132 644 163 676 in
188 642 265 682 viro,
291 642 357 675 sive
381 643 411 674 in
438 642 578 674 muliere.

130 696 219 737 Quod
243 695 390 728 obiicitur
415 695 453 727 de
474 694 674 732 retinaculo,
699 694 883 733 dicendum,
908 695 992 736 quod

45 749 99 782 etsi
116 748 288 782 secundum
307 748 476 780 veritatem
492 757 553 779 non
571 748 610 780 sit
626 747 667 779 ibi
693 748 902 780 retinaculum
924 757 994 779 con-

44 801 159 843 iugale,
184 804 286 832 tamen
315 800 490 833 secundum
515 800 750 841 apparentiam
778 800 827 832 vel
852 800 994 832 aestima-

44 854 156 886 tionem
181 853 222 885 ibi
247 857 311 890 est3
336 853 384 885 vel
408 853 502 885 etiam
527 852 682 893 quaedam
707 852 839 893 sponsio
866 856 895 884 ec
919 852 993 884 obli-

41 906 147 950 qacz'o,
170 905 244 947 quia
267 905 380 937 affectu
405 905 540 937 maritali
566 904 697 937 invicem
720 904 900 937 cohabitare
926 914 993 946 pos-

44 963 132 997 sunt;
155 958 240 990 unde
272 958 363 990 valde
394 958 589 989 laudandum
607 957 615 972 ¹
641 961 688 990 est
712 958 773 996 eis,
805 958 888 999 quod
922 957 993 989 insi-

43 1011 108 1045 mul
132 1014 353 1053 permaneant‚
382 1010 441 1042 nisi
466 1010 563 1042 velint
595 1010 728 1042 transire
752 1010 792 1042 ad
824 1010 990 1042 arctiorem

44 1065 146 1097 vitam.

128 1117 216 1158 Quod
240 1117 415 1158 quaeritur,
440 1117 480 1155 si,
507 1116 573 1148 viro
598 1120 738 1158 petente,
764 1117 876 1149 debeat
902 1116 990 1155 lieri;

42 1169 223 1208 dicendum,
247 1169 330 1211 quod
350 1169 407 1207 sic,
425 1169 448 1201 si
464 1169 599 1210 probare
616 1169 727 1211 possit3
751 1159 900 1208 attamen,
917 1169 992 1211 quia

42 1225 147 1255 contra
163 1230 195 1254 se
212 1225 242 1253 et
258 1224 366 1254 contra
383 1221 617 1253 matrimonium
638 1221 737 1260 vadit,
755 1221 891 1263 suspicio
908 1221 991 1253 mala

43 1272 80 1308 de
96 1275 163 1306 viro
179 1274 347 1315 colligitur.
366 1274 400 1306 Et
416 1274 486 1306 ideo
506 1274 672 1306 abundans
689 1274 831 1316 probatio
852 1274 905 1306 tali
923 1275 991 1306 viro

41 1327 201 1365 indicitur,
227 1327 364 1359 maxime
389 1327 413 1359 si
440 1327 554 1359 mulier
578 1327 675 1366 dicat,
693 1336 725 1359 se
750 1327 904 1368 cognitam
922 1336 990 1359 esse

41 1380 79 1413 ab
103 1381 190 1421 ipso;
215 1379 298 1421 quod
317 1379 341 1411 si
361 1379 474 1411 mulier
499 1380 704 1419 confiteatur;
720 1384 774 1412 aut
791 1384 914 1421 oportet
930 1380 991 1412 evi-

41 1433 148 1466 denter
165 1432 317 1474 probare,
341 1435 396 1464 aut
413 1432 528 1464 debent
551 1432 644 1464 ambo
660 1433 782 1474 innupti
809 1441 989 1471 remanere,

40 1486 87 1518 vel
112 1485 203 1518 etiam
226 1494 388 1526 nunquam
406 1485 562 1526 separari:
586 1494 644 1526 pro
661 1494 724 1526 quo
746 1485 880 1518 Ecclesia
896 1486 990 1518 debet

40 1538 230 1580 diligentiam
254 1547 348 1580 quam
375 1541 475 1579 potest
498 1538 686 1570 adhibere2.

441 1644 517 1676 DUB.
543 1644 590 1676 lV.

123 1749 199 1781 Item
212 1749 377 1790 quaeritur
395 1749 433 1781 de
447 1749 506 1781 hoc
519 1749 603 1790 quod
620 1749 710 1781 dicit:
726 1749 989 1790 Septimaniam

36 1801 310 1844 propinquorum,
332 1801 428 1833 tactis
443 1801 669 1833 sacrosanctis
691 1801 851 1844 reliquiis,
874 1802 988 1834 iuran-

39 1855 77 1887 do
100 1855 200 1891 dicae
213 1858 270 1887 etc.
296 1855 427 1887 Videtur
452 1854 533 1887 enim
552 1855 633 1887 male
650 1855 772 1894 dicere,
790 1855 864 1897 quia
880 1855 988 1888 nullus

38 1907 128 1940 debet
159 1907 265 1939 iurare
298 1907 356 1939 nisi
381 1907 420 1939 de
452 1916 505 1946 eo,
541 1907 579 1939 de
614 1916 677 1948 quo
709 1912 814 1939 certus
839 1911 903 1945 est;
932 1908 987 1939 sed

37 1960 141 1993 nullus
165 1961 417 2002 propinquorum
442 1964 548 1996 certus
564 1963 629 1999 est,
654 1969 712 2001 pro
736 1969 772 1993 eo
789 1961 873 2002 quod
898 1965 988 1994 actus

38 2013 87 2046 ille
103 2013 239 2045 latebras
257 2013 403 2054 requirit:
421 2022 496 2054 ergo
514 2013 649 2051 videtur,
667 2013 751 2054 quod
769 2014 877 2046 nullus
890 2014 987 2055 possit

36 2065 148 2098 iurare.
177 2084 220 2088 —
246 2065 341 2105 Item,
365 2069 431 2098 esto
455 2065 540 2107 quod
565 2065 673 2097 nullus
706 2066 745 2098 sit
769 2066 987 2108 propinquus,

35 2118 83 2151 vel
100 2119 205 2161 pauci;
223 2119 366 2160 nunquid
384 2122 532 2160 poterunt
549 2119 769 2160 separari?—
782 2119 869 2158 item,
888 2129 987 2161 quare

16 2171 132 2213 -magis
156 2171 215 2203 hoc
250 2171 342 2204 debet
371 2171 438 2203 fieri
474 2180 572 2203 manu
607 2171 858 2213 propinquorum
891 2181 985 2213 quam

36 2224 192 2256 aliorum?

121 2277 319 2309 RESPONnuo:
343 2277 536 2315 Dicendum,
560 2277 645 2318 quod
675 2277 820 2319 quamvis
852 2278 890 2310 de
914 2281 987 2310 actu

36 2328 87 2361 illo
110 2329 163 2361 vix
188 2333 243 2361 aut
272 2339 433 2371 nunquam
460 2329 614 2361 habeatur
646 2330 802 2362 certitudo
826 2339 883 2372 per
914 2330 985 2362 facti

37 2381 239 2421 evidentiam3
263 2383 399 2415 habetur
424 2386 528 2415 tamen
553 2386 588 2414 ut
617 2383 792 2424 plurimum
818 2392 874 2425 per
897 2383 985 2425 signa

37 2434 207 2475 probabilia
231 2439 261 2467 et
293 2444 348 2477 per
372 2435 587 2474 coniecturas,
620 2445 721 2477 quae,
745 2436 891 2478 quamvis
923 2445 984 2468 non

37 2486 189 2519 sufficiant
204 2487 243 2520 ad
261 2488 473 2529 generandam
490 2487 681 2525 scientiam,
701 2488 862 2520 sufficiunt
878 2491 983 2521 tamen

36 2539 73 2571 ad
96 2540 306 2581 generandam
330 2539 426 2581 fidem
459 2540 525 2572 sive
557 2540 794 2579 credulitatem,
819 2550 899 2582 quae
931 2541 985 2573 ali-

35 2592 116 2632 quod
132 2592 230 2625 robur
248 2596 394 2634 praestat.
412 2592 486 2625 Dico
505 2593 613 2634 igitur,
638 2593 722 2634 quod
740 2593 779 2625 ad
805 2593 880 2632 hoc,
898 2594 983 2635 quod

36 2644 201 2677 divortium
218 2645 286 2684 fiat,
303 2649 438 2688 uterque
455 2646 548 2678 debet
572 2645 678 2678 iurare
689 2671 696 2684 ,
713 2646 798 2687 quod
820 2655 982 2687 nunquam

35 2697 196 2730 carnaliter
232 2699 435 2731 convenerint
470 2707 527 2731 nec
558 2699 726 2731 convenire
751 2699 928 2740 potuerint,
953 2703 984 2731 et

35 2750 116 2791 quod
139 2760 265 2792 operam
284 2751 445 2789 dederint,
469 2755 500 2783 et
517 2751 750 2793 unusquisque,
768 2752 852 2793 quod
878 2760 934 2793 per
950 2760 983 2784 se

35 2810 94 2834 non
118 2804 252 2842 steterit,
281 2808 312 2836 et
336 2804 502 2845 propinqui
530 2804 645 2836 debent
676 2804 797 2843 iurare,
822 2804 907 2846 quod
940 2805 983 2837 ita

34 2855 179 2895 credunt3
204 2860 233 2888 et
259 2860 342 2896 tune,
366 2866 407 2889 ex
432 2866 494 2898 quo
512 2857 606 2889 simul
632 2857 893 2889 cohabitaverunt
925 2866 982 2898 per

35 2910 156 2949 tempus
175 2908 350 2948 sufficiens,
375 2910 472 2941 dividi
498 2914 638 2951 possunt.
663 2910 692 2941 Si
710 2914 816 2942 autem
840 2910 919 2942 alter
935 2919 983 2941 eo-

35 2968 122 2999 rum,
145 2964 252 3002 utpote
277 2962 409 3001 mulier,
426 2962 523 3001 dicat,
548 2962 632 3004 quod
656 2971 718 2994 non
735 2962 774 2994 sit
799 2963 936 3004 cognita,
952 2965 983 2994 et

104 3144 111 3160 ¹
132 3146 249 3172 Secunda
268 3154 361 3173 manus
375 3149 399 3172 in
414 3148 472 3173 cod.
486 3148 521 3173 bb
542 3148 673 3173 substituit
692 3148 894 3180 consulendum,
911 3152 935 3173 et
948 3150 983 3174 in-

35 3187 68 3211 tra
89 3192 145 3218 post
163 3189 254 3216 debeat
272 3192 403 3223 supplevit
421 3191 573 3217 divortium.

104 3232 114 3248 ²
131 3232 179 3258 Csr.
200 3235 240 3259 liic
259 3235 293 3260 lit.
313 3235 439 3267 Magistri,
455 3242 476 3261 e.
491 3236 515 3267 2,
531 3238 556 3260 et
574 3235 607 3260 X.
622 3235 654 3260 de
674 3235 783 3267 Frigidis
802 3239 849 3261 etc.
863 3236 923 3268 (lib.
938 3237 979 3262 lV.

34 3274 67 3300 tit.
90 3276 143 3308 15.)
161 3284 208 3309 per
226 3280 316 3304 totum.
329 3293 365 3298 —
378 3279 447 3304 ldem
474 3279 538 3305 dub.
559 3280 636 3304 solvit
660 3280 781 3305 Richard.
800 3287 813 3305 a
840 3281 919 3313 Med„
942 3282 982 3306 bic

36 3318 99 3343 circa
119 3320 153 3345 lit.

100 3362 111 3378 3
130 3364 206 3395 Epist.
227 3365 244 3390 1.
266 3365 322 3391 Cor.
345 3367 384 3398 ll,
406 3368 429 3392 3.
450 3370 475 3393 et
494 3367 557 3399 Eph.
578 3367 608 3399 5,
629 3368 669 3399 23,
690 3368 828 3399 allegatum
854 3369 931 3393 etiam
956 3370 981 3393 in

172 3416 200 3443 S.
219 3418 320 3444 Bonav.
339 3433 375 3438 —
394 3419 468 3444 Tom.
489 3420 530 3445 lv.

1949 245 2012 276 777

1058 329 1106 361 vir
1131 329 1227 367 dicat,
1253 329 1337 371 quod
1363 328 1425 368 sic;
1449 330 1596 362 standum
1621 336 1668 364 est
1692 331 1775 371 viro,
1799 332 1874 373 quia
1897 331 1950 364 vir
1967 335 2013 364 esc

1056 385 1158 423 capae
1180 381 1331 413 mulieris
1342 382 1364 419 ³,
1388 385 1418 414 et
1442 382 1516 424 quia
1540 384 1633 415 etiam
1668 384 1809 426 loquitur
1834 394 1892 426 pro
1917 394 2013 417 causa

1058 434 1294 473 matrimoniali,
1318 444 1399 476 quae
1415 439 1462 468 est
1486 437 1625 469 maxime
1642 437 1832 470 favorabilis.
1857 438 1887 469 Si
1904 441 2012 470 autem

1058 487 1172 519 mulier
1196 487 1271 520 velit
1294 488 1407 520 offerre
1431 492 1461 520 et
1486 489 1656 531 replicare,
1681 490 1786 532 ipsum
1810 499 1879 523 esse
1905 491 2013 523 menti-

1058 543 1143 577 tum,
1161 548 1216 580 per
1240 541 1447 573 ostensionem
1465 541 1693 581 claustrorum3
1711 543 1857 575 standum
1880 547 1927 575 est
1943 553 2012 584 pro-

1058 591 1172 623 bationi
1199 592 1350 625 mulieris.
1375 593 1405 625 Si
1429 602 1504 625 vero
1528 594 1576 626 vir
1601 598 1684 636 petat
1708 595 1893 628 divisionem
1915 599 1946 628 et
1969 596 2013 628 di-

1058 647 1120 682 cat,
1145 653 1177 676 se
1207 654 1266 676 non
1292 646 1488 686 cognovisse,
1520 650 1551 679 et
1576 647 1690 680 mulier
1726 648 1822 687 dicat,
1855 657 1888 680 se
1913 648 2008 681 fuisse

1057 696 1230 737 cognitam3
1259 698 1404 738 quamvis
1436 698 1488 730 vz'r
1511 699 1555 731 sz't
1585 705 1685 741 caput
1708 700 1879 739 mulieris,
1904 704 2010 733 tamen

1057 757 1118 779 non
1143 752 1190 780 est
1213 749 1360 781 standum
1386 750 1562 783 iuramento
1586 752 1662 791 viri,
1689 762 1745 793 pro
1774 762 1810 785 eo
1835 753 1920 795 quod
1945 754 2011 795 ipse

1057 805 1165 832 contra
1190 802 1425 834 matrimonium
1451 804 1531 844 agit,
1556 807 1586 836 et
1610 805 1701 836 multi
1727 805 1910 847 relinquunt
1933 815 2010 838 uxo-

1057 861 1108 884 res
1132 861 1215 884 suas.
1241 853 1327 885 Unde
1351 854 1374 886 si
1401 855 1480 887 aliae
1512 856 1711 897 probationes
1740 867 1801 890 non
1826 862 1916 897 sunt,
1949 868 2011 890 non

1055 909 1102 937 est
1126 905 1273 937 standum
1299 915 1357 947 pro
1381 915 1434 946 eo,
1459 908 1513 939 sed
1540 918 1597 950 pro
1624 911 1832 943 matrimonio.

1145 958 1234 999 Quod
1264 960 1442 1000 quaeritur,
1475 970 1574 1002 quare
1607 971 1701 994 manu
1736 964 2009 1006 propinquorum3

1056 1009 1241 1048 dicendum,
1266 1012 1350 1052 quod
1384 1012 1442 1044 hoc
1466 1017 1512 1044 est
1544 1022 1584 1045 ex
1618 1015 1734 1056 duplici
1769 1017 1905 1049 ratione:
1942 1021 2010 1049 tum

1056 1063 1130 1104 quia
1150 1063 1195 1095 eis
1220 1064 1319 1105 magis
1343 1069 1480 1104 constat,
1506 1069 1572 1097 tum
1605 1067 1713 1105 etiam,
1738 1068 1811 1109 quia
1847 1069 2010 1110 probabile

1055 1120 1118 1155 est,
1144 1117 1228 1158 quod
1254 1118 1353 1159 magis
1378 1127 1435 1160 pro
1460 1119 1659 1151 matrimonio
1684 1124 1765 1152 stent
1781 1122 1802 1152 ⁴.

1475 1224 1550 1256 DUB.
1578 1226 1611 1258 V.

1144 1328 1217 1360 ltem
1243 1329 1408 1370 quaeritur
1432 1330 1471 1362 de
1496 1330 1554 1363 hoc
1578 1332 1662 1372 quod
1695 1332 1785 1364 dicit:
1828 1334 1917 1366 Tunc
1953 1334 2011 1377 qui

1055 1379 1254 1413 iuraverant
1282 1383 1430 1423 periurii
1456 1383 1595 1415 crimine
1625 1385 1677 1416 ‘rei
1707 1389 1888 1418 teneancar.
1920 1387 2009 1419 Vide-

1054 1436 1107 1465 tur
1131 1434 1213 1466 enim
1240 1435 1321 1467 male
1352 1436 1471 1474 dicere,
1489 1437 1563 1478 quia
1587 1437 1790 1477 iuraverunt,
1823 1448 1854 1472 se
1879 1440 1921 1471 ita
1945 1449 2010 1472 cre-

1054 1486 1146 1524 dere;
1171 1487 1225 1519 sed
1258 1489 1403 1529 quamvis
1436 1489 1477 1520 ita
1506 1499 1565 1521 non
1598 1490 1653 1528 sit,
1691 1499 1751 1522 non
1786 1496 1915 1533 propter
1948 1493 2007 1525 hoc

1054 1539 1241 1571 iuraverunt
1272 1540 1387 1572 falsum
1419 1550 1476 1573 nec
1508 1546 1616 1574 contra
1649 1547 1802 1575 mentem:
1835 1553 1911 1585 ergo
1947 1554 2008 1576 non

1054 1595 1127 1623 sunt
1148 1592 1279 1633 periuri.

1142 1645 1343 1677 RESPONDEO:
1373 1646 1569 1685 Dicendum,
1601 1648 1685 1689 quod
1718 1648 1859 1680 facienda
1883 1654 1929 1682 est
1961 1650 2007 1682 vis

1053 1697 1082 1728 in
1108 1697 1215 1729 verbo.
1240 1697 1304 1729 Non
1330 1699 1412 1730 enim
1442 1699 1533 1737 dicit,
1567 1700 1651 1741 quod
1683 1700 1750 1732 sinc
1778 1702 1927 1742 periuri,
1953 1703 2008 1735 sed

1052 1750 1137 1791 quod
1154 1750 1204 1781 rei
1220 1754 1403 1788 teneantur,
1421 1751 1495 1793 quia
1512 1752 1554 1783 ita
1570 1753 1770 1785 retractanda
1787 1757 1833 1786 est
1856 1755 2008 1787 sententia

1052 1802 1178 1834 divortii
1204 1803 1266 1834 lata
1297 1812 1354 1845 per
1378 1804 1430 1835 illa
1456 1804 1649 1844 iuramenta,
1677 1806 1758 1838 sicut
1789 1806 1813 1838 si
1841 1807 1902 1839 lata
1926 1811 2009 1840 esset

1052 1864 1109 1897 per
1145 1856 1322 1888 iuramenta
1353 1857 1448 1895 falsa,
1484 1867 1541 1899 pro
1565 1867 1602 1890 eo
1634 1859 1717 1900 quod
1747 1859 1818 1891 facti
1851 1860 2008 1892 evidentia

1052 1908 1204 1947 ostendit,
1230 1908 1282 1941 illa
1308 1909 1483 1942 iuramenta
1507 1911 1603 1943 fuisse
1627 1912 1715 1943 nulla
1739 1916 1893 1954 quantum
1918 1913 1955 1945 ad
1975 1914 2008 1945 il-

1052 1960 1113 1992 lam
1139 1962 1324 1993 sententiam
1350 1962 1579 1995 fortificandam
1595 1963 1616 2002 ⁵,
1641 1973 1697 1996 nec
1715 1965 1932 2005 praebuerunt
1949 1965 2008 1997 for-

1052 2013 1271 2053 tificationem,
1296 2014 1351 2046 sed
1376 2014 1480 2056 potius
1504 2016 1630 2048 errandi
1656 2017 1861 2050 occasionem.

1452 2121 1529 2153 DUB.
1560 2122 1606 2154 Vl.

1139 2225 1215 2257 item
1239 2226 1404 2267 quaeritur
1423 2227 1462 2259 de
1487 2227 1545 2259 hoc
1563 2228 1646 2269 quod
1665 2228 1759 2267 -dicit,
1778 2230 1861 2271 quod
1883 2230 2006 2271 priori-

1051 2277 1111 2309 bus
1134 2278 1348 2310 reconciliari
1370 2279 1548 2321 nequibant
1571 2283 1627 2312 etc.
1655 2281 1787 2313 Videtur
1815 2282 1896 2314 enim
1924 2282 2004 2315 male

1050 2330 1173 2369 dicere,
1198 2331 1281 2372 quia,
1306 2332 1331 2364 si
1356 2332 1544 2373 copulentur
1568 2333 1637 2365 aliis
1661 2339 1690 2365 et
1715 2338 1828 2366 coeunt
1853 2335 2004 2374 invicem,

1050 2386 1124 2415 tunc
1158 2388 1303 2425 apertum
1336 2389 1399 2423 est,
1435 2386 1519 2426 quod
1544 2386 1683 2418 solutum
1720 2390 1766 2419 est
1791 2388 2001 2420 maleficium:

1048 2444 1124 2476 ergo
1148 2436 1283 2475 videtur,
1309 2437 1393 2478 quod
1418 2447 1478 2468 non
1504 2438 1598 2470 fuerit
1615 2444 1820 2480 perpetuum:
1846 2449 1920 2481 ergo
1945 2445 2002 2473 etc.

1138 2489 1332 2522 Restm-neo:
1351 2490 1540 2530 Dicendum,
1566 2492 1650 2533 quod
1669 2501 1739 2524 cun]
1766 2493 1891 2531 dicitur,
1917 2494 2002 2535 quod

1048 2549 1108 2572 non
1145 2546 1275 2583 possunt
1311 2544 1523 2581 reconciliari;
1553 2545 1611 2576 hoc
1636 2545 1837 2587 intelligitur,
1875 2546 2002 2587 quando

1047 2595 1272 2635 praesumitur,
1298 2595 1487 2628 maleficium
1514 2597 1592 2629 illud
1625 2597 1722 2630 fuisse
1751 2598 1948 2639 personalae,·
1972 2603 2002 2631 et

1047 2650 1121 2679 tuuc
1147 2647 1228 2679 valet
1245 2651 1379 2689 uterque
1396 2649 1540 2690 coniungi
1566 2649 1636 2688 alii,
1661 2650 1734 2691 quia
1752 2660 1812 2682 non
1838 2651 1932 2683 habet
1949 2651 2002 2684 ille

1046 2700 1298 2741 illegitimitatem
1316 2701 1373 2732 uisi
1392 2705 1536 2743 respectu
1561 2700 1682 2739 lucian
1706 2704 1736 2734 et
1753 2704 1832 2741 ideo,
1858 2713 1930 2736 cum
1948 2704 2001 2736 alii

1047 2753 1262 2794 coniungitur,
1280 2762 1353 2786 vere
1370 2754 1585 2795 coniungitur,
1609 2759 1639 2787 et
1656 2755 1726 2787 ideo
1751 2765 1811 2787 non
1831 2761 1931 2797 potest
1955 2766 2001 2789 re-

1046 2805 1114 2837 dire
1137 2806 1177 2837 ad
1209 2805 1355 2847 primam.
1379 2806 1408 2837 Si
1434 2812 1540 2838 auten]
1571 2807 1760 2840 maleficium
1788 2809 1864 2841 illud
1890 2809 2001 2842 fuisset

1047 2858 1088 2889 ita
1115 2858 1357 2896 univer-salicem
1381 2857 1417 2890 iit
1441 2859 1559 2891 nullam
1587 2864 1691 2901 posset
1721 2870 1909 2901 cognoscere
1935 2871 2001 2893 mu-

1047 2910 1170 2949 lierem,
1186 2915 1268 2949 tunc,
1284 2910 1308 2943 si
1326 2911 1444 2943 rediret
1462 2912 1597 2952 potentia
1610 2913 1826 2953 cognoscendi,
1841 2917 1870 2945 et
1885 2914 2001 2946 vellent

1047 2963 1168 3000 redire;
1193 2967 1320 3004 possent
1344 2967 1374 2995 et
1398 2964 1548 2996 deberent
1573 2974 1605 2997 se
1630 2965 1763 2998 invicem
1786 2967 1998 2999 reconciliare.

1046 3149 1072 3174 C.
1093 3149 1222 3182 Act-epistt*
1241 3150 1302 3182 (1.),
1322 3150 1354 3175 X.
1375 3150 1406 3175 de
1426 3150 1535 3182 Frigidis
1554 3154 1600 3176 etc.
1622 3151 1682 3183 (lib.
1705 3152 1744 3176 lV.
1766 3153 1800 3178 tit.
1820 3153 2001 3185 ¹5.).—1nse-

1045 3194 1098 3218 rius
1117 3198 1175 3218 ante
1194 3193 1256 3219 velit
1273 3194 1370 3226 offerre
1389 3194 1445 3219 cod.
1466 3194 1501 3219 bb
1521 3195 1593 3220 addit
1612 3202 1646 3220 se.

1116 3236 1126 3252 ⁴¹
1148 3237 1211 3262 Vide
1231 3238 1257 3261 B.
1277 3237 1380 3268 Albert.²
1401 3239 1441 3262 nic
1460 3245 1483 3263 a.
1506 3238 1564 3267 5-7;
1585 3240 1609 3263 S.
1630 3239 1731 3271 Tuom„
1753 3241 1794 3265 llic
1814 3241 1880 3266 circa
1901 3241 1934 3265 lit.

1115 3280 1126 3296 ⁵
1145 3280 1207 3305 Cod.
1227 3281 1263 3306 bh
1282 3280 1463 3313 formandum.
1483 3296 1517 3299 —
1537 3282 1605 3308 Idem
1634 3283 1696 3308 dub.
1717 3284 1821 3310 solvunt
1846 3285 1871 3310 S.
1895 3285 1998 3317 Tliom.,

1046 3325 1109 3350 Petr.
1130 3331 1144 3349 a
1165 3325 1225 3349 Tar.
1246 3329 1270 3350 et
1290 3325 1408 3350 Ricbard.
1429 3333 1441 3350 a
1463 3326 1538 3358 Med,
1560 3327 1600 3351 liic
1619 3328 1685 3352 circa
1706 3327 1741 3352 lit.

1824 3426 1855 3450 98

2026 972 2059 994 Ad
2073 974 2157 999 quaest.

2038 999 2106 1020 incid.
