2483 3882
161 565 164 567 Δ
194 574 343 600 Hieronymus.

356 285 398 317 48

353 371 533 406 credebaut,
550 378 608 400 uon
624 372 692 408 post
712 368 854 408 baptizati
872 368 992 397 suerunt
1004 367 1030 403 ¹,
1045 367 1099 397 sed
1116 367 1307 405 impositione

352 426 512 455 manuum,
535 418 573 448 ab
596 417 749 456 Apostolis
770 424 862 455 super
884 424 935 445 eos
958 415 1051 450 sacta,
1073 414 1219 453 Spiritum
1240 423 1308 445 san-

353 472 435 498 etum
457 469 647 505 receperunt.
669 465 728 495 Alii
751 472 838 501 vero,
861 464 986 502 quinon
1005 463 1045 493 ita
1060 463 1241 498 credebant,
1259 463 1309 493 ba-

354 516 456 555 ptizati
479 518 547 544 sunt
569 514 718 552 baptismo
741 512 867 549 Christi,
887 515 919 541 ut
934 511 1124 550 praedictum
1147 514 1200 541 est.
1222 511 1307 541 Unde

354 564 557 601 Hieronymus
568 561 578 576 ²
592 572 598 591 :
620 573 633 587 «
646 561 701 596 Qui
717 560 862 599 Spiritum
879 563 1016 589 sanctum
1032 559 1222 596 nesciebant,
1237 568 1307 589 cum

353 611 537 649 baptismum
554 618 571 639 a
587 609 695 639 Ioanne
711 611 904 647 acceperunt,
919 608 1029 637 iterum
1045 607 1187 646 baptizati
1199 611 1268 637 sunt
1280 620 1307 643 »,

355 667 391 689 ne
413 658 482 697 quis
505 665 542 688 ex
564 657 682 687 Iudaeis
712 656 758 686 vel
787 656 926 693 gentibus
945 659 1082 694 putaret,
1104 664 1214 694 aquam
1243 656 1308 685 sine

355 706 469 745 Spiritu
491 708 594 735 sancto
617 704 655 734 ad
676 704 802 734 salutem
819 712 909 742 posse
923 703 1071 734 sufficere.
1087 704 1129 733 De
1144 704 1202 734 hoc
1219 704 1308 734 etiam

1119 279 1403 313 SENTENTIARUM
1427 280 1494 311 LIB.
1518 280 1565 311 IV.

1371 366 1569 396 Ambrosius⁸
1592 366 1621 395 in
1643 365 1741 403 primo
1770 364 1848 394 libro
1878 365 1916 395 de
1942 364 2056 403 Spiritu
2079 368 2202 394 sancto:
2231 378 2243 391 «
2258 364 2325 400 Qui·
2338 373 2467 395 Ambrosius.

1372 415 1441 445 dam
1464 418 1665 452 negaverunt,
1687 422 1719 443 se
1741 413 1819 443 scire
1841 413 1986 451 Spiritum
2009 416 2163 450 sanctum,
2186 421 2254 443 cum
2276 413 2325 444 ba-

1373 463 1499 502 ptizatos
1521 471 1553 492 se
1574 462 1710 492 dicerent
1730 461 1849 491 Ioannis
1873 460 2038 499 baptismo,
2054 461 2151 499 quiin
2168 461 2326 491 advenien-

1374 512 1410 541 tis
1431 511 1512 548 Iesu,
1536 519 1593 540 non
1617 510 1645 540 in
1662 518 1730 546 suo,
1747 509 1913 548 baptizavit
1934 509 2063 539 nomine.
2086 509 2134 539 Isti
2151 517 2238 546 ergo,
2254 510 2326 548 quia

1373 568 1428 589 nec
1450 560 1478 589 in
1502 559 1610 589 Christi
1635 558 1754 587 nomine
1776 565 1831 587 nec
1852 565 1920 587 cum
1944 557 2002 587 [ide
2024 557 2154 596 Spiritus
2168 559 2263 588 sancti
2278 558 2328 588 ba-

1372 608 1474 647 ptizati
1497 608 1630 643 fuerant,
1646 615 1702 635 non
1725 608 1888 644 potuerunt
1904 605 2044 644 accipere
2063 605 2203 644 baptismi
2224 606 2328 637 Sacra-

1373 659 1525 690 nientum;
1549 654 1690 692 baptizati
1719 656 1789 683 sunt
1811 653 1902 690 igitur
1924 654 1953 682 in
1976 653 2096 683 nomine
2117 653 2242 691 Christi,
2271 662 2327 684 nec

1350 738 1358 739 .
1374 704 1514 733 iteratum
1537 706 1581 733 est
1602 703 1630 732 in
1653 702 1700 732 his
1723 701 1890 740 baptisma,
1912 701 1964 730 sed
1987 705 2174 731 novatum».

722 839 1226 895 COMMENTARIUS
1265 839 1334 893 IN
1372 837 1867 892 DISTINGTIONEM
1905 837 1971 891 Π.

1064 967 1115 1003 De
1144 965 1377 1003 Sacramentis
1405 966 1440 1002 in
1470 964 1620 1015 speciali.

863 1073 938 1104 Iam
962 1081 1051 1104 mmo
1076 1072 1122 1104 acl
1145 1071 1365 1103 Sacramenta
1388 1081 1491 1103 novae
1516 1071 1594 1113 lcyz's
1618 1071 1826 1102 accedamus.

1188 1168 1331 1200 DIVISIO.
1350 1168 1505 1200 TEXTUS.

447 1269 526 1301 Haec
550 1271 597 1300 est
621 1267 760 1300 secunda
781 1276 872 1308 pars,
896 1266 928 1297 in
953 1275 1015 1307 qua
1032 1266 1177 1306 Magister
1194 1265 1257 1306 agit
1274 1265 1313 1297 de

358 1321 566 1354 Sacramentis
583 1320 614 1351 in
631 1319 768 1361 speciali.
788 1319 822 1350 Et
838 1318 932 1350 habet
949 1318 1026 1350 haec
1051 1326 1124 1359 pars
1149 1318 1229 1349 duas
1245 1326 1314 1359 par-

359 1377 414 1406 tes.
440 1374 472 1405 In
495 1373 598 1415 prima
623 1371 811 1404 determinat
843 1370 999 1412 quaedam
1031 1369 1247 1412 praeambula.
1281 1370 1313 1401 ln

359 1426 497 1459 secunda
521 1435 596 1458 vero
621 1424 809 1457 determinat
833 1424 871 1456 de
896 1431 1087 1465 unoquoque
1111 1431 1168 1464 per
1185 1431 1235 1461 se,
1253 1422 1312 1454 ibi:

358 1480 439 1512 Post
470 1478 548 1511 ltacc
580 1477 756 1510 videndam
783 1481 846 1515 cst,
872 1477 953 1519 qaid
976 1476 1018 1508 sit
1044 1476 1246 1518 baptismas,
1272 1475 1315 1508 di-

359 1532 522 1565 stinctione
546 1531 647 1564 tertia.
667 1565 676 1567 ⁷,

447 1585 550 1616 Prima
574 1592 648 1625 pars
681 1583 775 1615 babet
799 1583 879 1615 duas
903 1586 1018 1624 partes.
1043 1583 1074 1613 In
1101 1582 1203 1623 prima
1227 1585 1316 1623 parte

360 1638 548 1671 determinat
572 1636 778 1679 praeambula
810 1636 849 1668 ad
882 1636 986 1668 onmia
1017 1636 1235 1674 Sacramenta,
1262 1635 1316 1667 sci-

359 1692 431 1724 licet
460 1695 584 1732 tempus
616 1689 820 1722 institutionis
847 1693 878 1722 et
905 1698 1084 1721 numerum.
1114 1688 1146 1720 In
1179 1688 1317 1721 secunda

360 1753 436 1776 vero
465 1743 654 1776 determinat
676 1742 920 1784 praeambulum
948 1741 1124 1783 specialiter
1153 1741 1192 1773 ad
1222 1741 1318 1783 bapti-

362 1805 481 1834 smum,
500 1796 561 1828 ibi:
580 1795 677 1827 Nunc
700 1804 776 1826 vcro
801 1795 838 1826 cte
861 1794 1017 1836 baptismi
1037 1793 1253 1826 Sacramento
1277 1794 1318 1825 oi-

364 1850 509 1881 fleamus.

1466 1264 1569 1295 Prima
1594 1265 1707 1296 iterum
1733 1273 1807 1305 pars
1831 1264 1926 1296 habet
1951 1264 2039 1297 duas.
2065 1265 2096 1296 In
2114 1265 2217 1306 prima
2233 1265 2334 1297 deter-

1378 1317 1476 1349 minat
1500 1326 1680 1349 numerum.
1705 1317 1737 1348 ln
1763 1317 1902 1349 secunda
1926 1326 2001 1349 vero
2025 1317 2230 1349 institutionis
2258 1321 2334 1349 tem-

1377 1379 1454 1412 pus,
1472 1369 1513 1401 ibi
1529 1381 1535 1401 :
1559 1369 1597 1401 δι’
1612 1379 1688 1401 vcro
1705 1369 1882 1412 quaeritur
1893 1395 1901 1406 ,
1919 1378 2023 1411 quare
2039 1379 2105 1401 000
2119 1368 2259 1411 fucrant
2275 1372 2331 1402 etc.

1378 1441 1422 1445 —
1438 1421 1534 1454 Nunc
1552 1431 1626 1453 vcro
1645 1422 1682 1453 dc
1705 1421 1862 1463 baptismi
1884 1422 2100 1454 Sacramcnto
2117 1425 2173 1454 etc.
2192 1422 2270 1454 Haec
2287 1426 2334 1455 est

1379 1475 1518 1507 secunda
1542 1484 1633 1516 pars,
1658 1474 1688 1506 in
1714 1484 1776 1516 qua
1800 1475 1863 1516 agit
1887 1475 1926 1507 de
1943 1474 2149 1516 praeambulo
2174 1475 2213 1507 ad
2238 1475 2335 1516 bapti-

1380 1537 1484 1560 smum
1509 1527 1641 1567 Christi„
1667 1527 1751 1569 quod
1776 1527 1903 1569 quidem
1922 1528 1981 1559 fuit
1997 1528 2173 1569 baptismus
2195 1528 2334 1567 Ioannis,

1380 1584 1410 1613 et
1433 1580 1528 1612 habet
1554 1581 1630 1612 haee
1653 1589 1727 1621 pars
1759 1584 1822 1613 tres
1855 1584 1970 1622 partes.
2003 1580 2034 1611 ln
2063 1581 2166 1622 prima
2191 1580 2335 1621 Magister

1381 1634 1569 1666 determinat
1594 1634 1632 1666 de
1659 1634 1808 1672 utilitate,
1826 1633 1891 1666 sive
1908 1633 1948 1665 ad
1965 1632 2042 1675 quid
2058 1633 2125 1665 fuit.
2144 1633 2175 1664 ln
2197 1633 2336 1665 secunda

1381 1694 1457 1718 vero
1482 1686 1520 1718 de
1545 1686 1613 1718 eius
1648 1686 1841 1718 institutione
1873 1686 1939 1718 sive
1971 1686 2240 1724 denominatione,
2274 1685 2335 1717 ibi:

1382 1739 1445 1771 Sed
1468 1739 1663 1781 quaeritur,
1689 1748 1794 1781 quare
1818 1739 1926 1770 dictas
1950 1742 1997 1770 cst
2026 1738 2210 1779 baptismus
2241 1738 2336 1770 Ioan-

1382 1793 1443 1824 nis.
1469 1792 1501 1824 ln
1527 1792 1617 1824 tertia
1641 1801 1717 1824 vero
1740 1792 1804 1833 agit
1829 1792 1867 1824 de
1891 1801 1953 1824 usu
1978 1792 2043 1824 sive
2068 1792 2106 1823 de
2130 1791 2294 1824 iteratione
2309 1791 2337 1831 ¹,

1383 1846 1444 1878 ibi:
1471 1846 1533 1877 Ht'c
1557 1845 1836 1877 considerandum
1860 1848 1923 1883 cst,
1949 1845 1980 1876 si
2004 1844 2169 1886 baptizati
2191 1849 2248 1877 etc.

1097 1970 1307 2003 TRACTATiO
1336 1970 1609 2012 QUAESTtONUM.

453 2085 497 2117 Ad
510 2084 745 2126 intelligentiam
762 2084 937 2126 praesentis
951 2083 962 2100 2
988 2083 1194 2115 distinotionis
1212 2091 1319 2115 secun-

367 2137 443 2170 dum
469 2137 546 2175 duo,
571 2146 651 2178 quae
675 2136 863 2169 determinat
886 2136 1049 2177 Magister,
1078 2136 1141 2167 duo
1165 2135 1318 2176 principa-

366 2190 437 2222 liter
462 2193 670 2231 quaeruntur.
710 2220 715 2224 ,

455 2242 557 2273 Primo
581 2242 745 2283 quaeritur
770 2241 809 2273 de
834 2241 1026 2273 institutione
1043 2240 1319 2272 Sacramentorum

367 2298 521 2336 quantum
545 2294 585 2327 ad
609 2294 745 2336 primam
770 2296 902 2335 partem.

457 2348 615 2389 Quantum
642 2356 715 2379 vero
732 2347 771 2379 ad
797 2346 967 2379 secundam
985 2346 1149 2388 quaeritur
1167 2346 1206 2378 de
1222 2346 1320 2387 bapti-

369 2410 436 2433 smo
460 2400 591 2432 loannis.

1195 2508 1460 2547 ARTICULUS
1489 2509 1514 2545 l.

858 2603 901 2634 De
926 2606 1066 2644 tempore
1090 2602 1307 2634 iustitutionis
1331 2606 1360 2633 ct
1382 2611 1520 2633 numero
1545 2601 1852 2633 Sacramentorum.

1243 2685 1427 2727 QUAESTIO
1451 2686 1471 2717 Ι.

685 2772 802 2804 Utrum
827 2781 919 2803 omne
944 2775 1069 2813 tempas
1092 2769 1199 2812 faerit
1221 2770 1374 2802 idoneum
1399 2770 1445 2802 ad
1467 2769 1704 2802 institutionem
1730 2769 2035 2801 Sacramcntorztm.

462 2870 496 2901 Et
520 2870 604 2911 quod
629 2878 720 2902 omne
745 2873 869 2911 tempus
893 2869 988 2902 suerit
1012 2869 1161 2901 idoneum
1178 2868 1216 2900 ad
1242 2868 1326 2899 insti-

374 2922 526 2954 tutionem
551 2922 843 2961 Sacramentorum,
868 2922 1057 2954 ostenditur:

466 2976 491 3006 l.
520 2975 552 3007 Et
584 2975 685 3016 primo
721 2975 760 3007 de
795 2978 937 3016 tempore
959 2978 1104 3006 maturae
1136 2973 1326 3010 instituta&

1472 2081 1560 2113 Circa
1584 2081 1724 2122 primum
1748 2084 1948 2123 quaeruntur
1973 2080 2042 2112 tria.

1472 2134 1574 2165 Primo
1610 2133 1789 2175 quaeritur,
1825 2136 1934 2165 utrum
1970 2142 2062 2165 omne
2094 2136 2219 2174 tempus
2244 2132 2339 2165 fuerit
2477 2156 2479 2171 s

1382 2187 1530 2219 idoneum
1555 2186 1595 2218 ad
1621 2186 1847 2218 institutionem
1872 2186 2158 2218 Sacramentorum.

1470 2239 1634 2277 Secundo,
1659 2243 1768 2271 utrum
1793 2239 1822 2270 in
1849 2238 1983 2271 diversis
2003 2238 2198 2280 temporibus
2225 2237 2339 2270 debue-

1382 2291 1445 2323 rint
1469 2292 1595 2324 diversa
1620 2291 1750 2323 institui.
2069 2283 2072 2284 ⁷

1472 2345 1585 2383 lertio,
1602 2347 1712 2376 utrum
1729 2344 1761 2376 in
1776 2347 1918 2386 tempore
1935 2344 2053 2386 gratiae
2071 2344 2238 2376 debuerint
2255 2343 2339 2376 insti-

1383 2398 1429 2430 tui
1455 2407 1572 2436 unum,
1599 2397 1648 2430 vel
1671 2397 1774 2439 plura.

1391 2867 1464 2909 quia
1488 2870 1563 2898 tunc
1588 2866 1766 2898 institutum
1784 2869 1830 2898 est
1854 2866 2092 2897 Sacramentum
2111 2864 2301 2897 matrimonii
2315 2864 2340 2896 ³:
2358 2871 2466 2920 issinffi‘*

1390 2928 1464 2960 ergo
1488 2919 1513 2950 si
1537 2918 1597 2950 boc
1614 2918 1694 2950 inter
1719 2918 1779 2950 alia
1796 2918 1997 2950 Sacramenta
2021 2918 2127 2950 minus
2144 2922 2191 2950 est
2215 2916 2342 2957 efficax,
2358 2926 2464 2955 oppos-aur

1391 2972 1532 3010 videtur,
1558 2971 1642 3012 quod
1667 2971 1698 3002 in
1723 2971 1776 3002 illo
1800 2974 1942 3012 tempore
1966 2971 2134 3003 debuerint
2157 2971 2218 3003 alia
2242 2971 2342 3003 multo
2378 3010 2381 3015 Ι

446 3103 511 3128 ¹De
535 3104 582 3128 bac
607 3103 729 3134 opinione
760 3104 871 3134 Magistri
898 3104 1070 3128 communiter
1098 3101 1235 3133 reprobata
1265 3101 1326 3126 vide

376 3146 519 3172 Comment.
541 3147 581 3172 liic
600 3154 622 3171 a.
643 3148 666 3171 Ξ.
688 3154 712 3179 q.
733 3147 756 3171 3.

444 3190 455 3206 ²
473 3191 550 3221 Epist.
571 3191 612 3215 (39.
633 3191 705 3222 (alias
724 3190 830 3222 83.)1ad
850 3190 981 3216 Oceanum
1002 3198 1026 3215 0.
1047 3191 1070 3215 6.
1090 3203 1125 3208 --
1144 3189 1207 3214 Edd.
1232 3190 1257 3213 in
1277 3189 1327 3213 tine

376 3234 452 3258 huius
471 3234 520 3258 loci
539 3233 638 3259 addunt
657 3232 786 3266 baptismo
807 3233 919 3266 Clzrz'stt,
941 3235 971 3259 ut
988 3232 1156 3266 praedictum
1175 3233 1226 3263 cst,
1249 3232 1328 3256 retra-

376 3276 497 3308 gantibus
517 3277 592 3302 codd.
612 3280 636 3301 et
655 3278 782 3308 originali.

447 3320 458 3336 3
477 3320 537 3352 Cap.
559 3328 580 3346 0.
601 3321 623 3345 3.
651 3328 675 3346 n.
696 3321 736 3346 41.
759 3321 804 3353 42,
825 3322 954 3346 nonnuliis
980 3321 1084 3346 mutatis
1110 3323 1134 3345 et
1158 3319 1268 3344 omissis.
1295 3332 1328 3336 —

377 3365 425 3390 Pro
453 3366 595 3396 uocatam,
627 3365 699 3396 quod
726 3364 821 3389 habent
849 3372 908 3389 cum
928 3365 1046 3396 originali
1065 3363 1142 3389 codd.
1171 3363 1279 3388 ABDE
1304 3365 1329 3387 et

377 3409 437 3434 cdd.
458 3409 488 3440 2,
508 3408 537 3440 7,
558 3408 615 3433 cod.
629 3407 647 3433 C
666 3411 691 3433 et
710 3411 809 3433 ceterae
828 3408 887 3433 edd.
907 3407 1072 3434 innovatam.

1634 3098 1740 3124 NOTAE
1759 3098 1801 3124 AD
1822 3098 2100 3125 COMMENTARIUM.

1463 3143 1471 3159 1
1491 3143 1544 3168 Non
1565 3145 1640 3175 pauci
1661 3143 1737 3169 codd.
1758 3150 1897 3175 perperam
1916 3142 2088 3175 narratione,
2104 3142 2164 3168 edd.
2178 3141 2340 3174 variatione,

1391 3194 1458 3219 quae
1477 3188 1553 3212 etium
1575 3188 1632 3212 voci
1652 3193 1704 3212 usa
1723 3188 1890 3218 praemittunt
1908 3187 2007 3220 forma.

1461 3230 1472 3247 2
1491 3230 1571 3256 Codd.
1593 3231 1638 3255 EG
1652 3231 1658 3255 l
1670 3231 1687 3255 Z
1705 3230 1870 3263 praedictae,
1893 3230 1950 3255 cod.
1970 3230 1988 3255 L
2007 3229 2153 3263 sequentis,
2175 3229 2234 3255 edd.
2255 3228 2343 3255 huius.

1462 3274 1472 3290 ³
1492 3275 1553 3299 Gen.
1575 3275 1603 3304 2,
1625 3274 1671 3306 243
1694 3275 1777 3300 Matth.
1799 3275 1846 3306 to,
1866 3275 1889 3299 5.
1910 3274 1960 3299 Ctr.
1977 3275 2017 3299 bic
2036 3274 2070 3298 lit.
2091 3274 2211 3305 Magistri,
2233 3280 2253 3298 c.
2276 3273 2299 3297 t,
2319 3275 2344 3298 et

1392 3318 1456 3343 infru
1476 3318 1501 3343 d.
1523 3318 1615 3343 xxvt.
1636 3325 1657 3343 c.
1683 3319 1707 3349 1,
1730 3325 1776 3343 nec
1797 3325 1847 3343 000
1867 3317 1929 3343 ibid.
1950 3317 2093 3343 Comment.
2113 3324 2135 3341 a.
2159 3317 2181 3341 il.
2203 3323 2228 3348 q.
2253 3317 2278 3347 1,
2298 3315 2343 3341 ubi

1393 3363 1468 3387 etiam
1489 3363 1633 3388 insinuatur
1652 3363 1784 3395 instantia,
1805 3369 1872 3395 quae
1892 3362 1969 3393 paulo
1989 3362 2096 3387 inferius
2110 3361 2189 3386 fertur
2202 3363 2269 3385 etex
2289 3366 2343 3384 ver-

1393 3406 1433 3431 bis
1452 3407 1588 3438 Augustini
1607 3411 1691 3433 sumta
1711 3410 1756 3432 est.
