2483 3882
314 1265 432 1286 Conclusio.

301 1370 333 1391 De
345 1372 432 1400 peccato

287 1399 361 1423 aperto
378 1399 432 1417 ratio

288 1423 374 1450 duplex.

354 1475 430 1496 Prima.

330 2001 434 2023 Secunda.

290 2584 342 2604 Item
353 2583 379 2604 de
389 2590 436 2610 pec—

304 2613 351 2630 cato
366 2611 435 2631 cordis

305 2638 325 2657 et
339 2636 424 2658 latente.

444 225 507 257 460

534 314 560 344 5.
587 312 677 350 Item>
702 320 796 352 super
814 310 891 342 illud
909 311 1035 342 Genesis
1052 313 1164 351 quarto
1179 309 1188 326 ¹
1204 321 1210 340 :
1235 309 1301 340 Vox
1317 319 1392 340 scm-

441 365 556 407 9102'722'3
580 368 658 402 etc.;
683 363 805 395 Glossa:
837 374 851 391 α
869 362 1028 394 Evidentia
1051 361 1164 403 patrati
1186 361 1313 393 sceleris
1329 370 1391 393 non

445 417 561 457 indiget
585 419 765 448 accusatore
782 427 813 453 »ς
837 414 892 446 sed
909 414 1061 446 confessio
1077 417 1124 446 est
1140 414 1306 451 accusatio,
1324 413 1392 445 Pro-

446 469 624 501 verbiorum
651 468 772 500 decimo
796 471 924 498 octavo:
950 467 1063 498 Iustus
1087 466 1122 497 in
1148 466 1317 507 principio
1341 475 1392 497 ac-

444 526 578 553 cusator
602 525 647 552 est
669 520 726 551 sui
737 531 745 551 :
771 528 845 561 ergo
869 519 994 561 quando
1011 523 1174 560 peccatum
1191 523 1237 551 est
1253 518 1391 557 evidens,

444 584 505 606 non
530 574 645 614 indiget
669 572 869 605 confessione.

534 627 561 657 G.
586 626 678 664 item,
703 625 772 657 ideo
796 624 831 656 fit
854 624 1022 662 confessio,
1043 627 1078 656 ut
1094 624 1269 656 instruatur
1294 632 1393 656 sacer-

445 678 501 710 dos
525 678 563 709 de
588 678 760 718 quantitate
784 677 900 718 peccati
914 689 922 715 3
946 676 1001 709 sed
1025 685 1085 708 non
1110 679 1242 718 oportet,
1266 675 1392 718 quando

444 734 491 762 est
514 730 677 771 publicum
701 733 731 761 et
755 729 932 761 notorium:
970 737 1044 770 ergo
1079 729 1118 761 de
1148 732 1257 770 aperto
1284 727 1392 760 nullus
1413 768 1414 771 Ἴ

445 783 537 815 debet
561 792 616 815 nec
641 786 764 814 tenetur
789 782 940 814 confiteri.

799 914 1038 937 cormmsm.

540 1027 745 1069 Confitemlcte
767 1032 845 1059 sunt
869 1028 975 1059 onmis
995 1027 1124 1069 peccati
1145 1028 1297 1059 mortalis

814 1079 1025 1122 differentiae.

534 1205 715 1235 RusPONqu
729 1214 735 1234 :
758 1202 946 1240 Dicendum.
963 1203 1047 1243 quod
1065 1203 1165 1235 omnis
1182 1203 1299 1244 peccati
1316 1212 1397 1235 mor-

449 1257 518 1289 talis
542 1256 750 1289 differentiam
774 1264 901 1287 necesse
924 1258 971 1287 est
995 1255 1153 1293 confiteri,
1186 1256 1251 1288 sive
1283 1256 1322 1288 sit
1353 1256 1397 1288 la-

449 1315 526 1347 tens,
544 1310 609 1341 sive
634 1307 859 1350 mctm'fhstum,
884 1308 949 1340 sive
974 1308 1012 1340 sit
1036 1308 1158 1346 cordis,
1176 1309 1241 1341 sive
1263 1309 1301 1341 sit
1318 1309 1396 1340 oris.

446 1380 489 1385 --
514 1363 676 1394 Peccatum
712 1365 864 1402 apertum
896 1365 1018 1402 oportet
1042 1361 1181 1393 confiteri
1206 1362 1322 1403 duplici
1355 1371 1396 1394 ex

447 1424 560 1448 causa:
586 1424 650 1446 una
674 1418 720 1446 est
743 1423 761 1445 a
778 1417 866 1455 parte
884 1413 1068 1450 carmentis,
1086 1414 1147 1445 alia
1163 1422 1204 1446 ex
1222 1418 1310 1455 parte
1327 1424 1397 1446 cou-

446 1468 574 1510 fitentes.
601 1468 644 1499 Ex
671 1471 757 1508 parte
781 1466 947 1498 audientis
962 1466 990 1497 2:
1015 1467 1181 1507 quoniam,
1206 1468 1286 1499 sicut
1303 1468 1395 1499 estin

447 1520 562 1553 iudicio
586 1520 719 1558 sorensi,
744 1519 826 1560 quod
854 1519 950 1551 iudex
975 1519 1093 1561 aliquid
1110 1519 1195 1551 novit
1212 1523 1246 1551 ut
1261 1520 1397 1561 priuata

446 1583 608 1616 persona,
633 1573 717 1614 quod
742 1576 844 1604 tamen
871 1581 931 1604 non
956 1572 1042 1604 novit
1066 1577 1101 1604 ut
1124 1573 1238 1611 index,
1256 1582 1311 1605 nec
1330 1582 1398 1615 pro-

448 1626 529 1658 cedit
542 1626 580 1658 ad
600 1625 796 1663 sententiam,
809 1633 975 1666 quousque
992 1625 1163 1658 innotescat
1180 1626 1206 1657 ei
1224 1629 1259 1657 ut
1276 1626 1397 1664 iudici;

448 1679 491 1711 sic
515 1682 561 1710 est
586 1678 615 1709 in
641 1678 756 1710 iudicio
782 1677 1009 1718 poenitentiali,
1045 1678 1129 1719 quod
1165 1679 1312 1710 sacerdos
1346 1679 1398 1710 ali-

448 1732 522 1772 quid
549 1731 634 1763 novit
658 1734 693 1762 ut
710 1729 821 1768 homo,
840 1731 924 1772 quod
942 1734 1045 1762 tamon
1062 1740 1121 1763 non
1140 1731 1226 1763 novit
1242 1735 1277 1763 ut
1296 1732 1396 1770 Deus,

448 1785 522 1825 quia
538 1793 598 1815 non
617 1787 663 1815 est
679 1792 735 1824 per
752 1783 964 1815 testimonium
983 1784 1188 1816 conscientiae
1205 1788 1397 1822 accusatum,

449 1846 529 1879 quae
553 1840 600 1868 est
624 1836 711 1868 testis
736 1836 889 1873 (tremum
905 1840 935 1868 et
959 1846 1124 1878 quousque
1149 1837 1193 1869 sic
1217 1837 1318 1876 novit,
1337 1846 1396 1869 non

449 1893 568 1931 spectat
592 1890 630 1921 ad
655 1889 757 1931 ipsum
783 1898 840 1921 nec
865 1889 986 1921 solvere
1009 1898 1064 1921 nec
1090 1889 1206 1931 ligare:
1225 1889 1294 1921 ideo
1311 1899 1399 1931 opor-

450 1946 510 1981 tet.
535 1943 618 1984 quod
635 1942 662 1973 ei
688 1942 873 1974 confiteatur
908 1946 1070 1983 peccator,
1107 1946 1398 1984 quantumcumque

451 1995 489 2027 sit
505 1995 667 2036 publicum
683 1994 703 2025 ³.
720 2014 764 2016 —
780 1994 844 2026 Alia
862 1994 939 2026 ratio
957 1998 1003 2026 est
1027 2003 1067 2026 ex
1091 1998 1179 2035 parte
1196 1994 1398 2036 confitentis:

450 2051 740 2090 quantumcumque
765 2047 846 2078 enirn
871 2047 985 2088 aliquis
1016 2047 1055 2078 al)
1087 2047 1192 2088 aliquo
1216 2051 1397 2086 accusetur,

451 2109 611 2141 nunquam
638 2103 765 2141 propter
790 2099 848 2131 hoc
874 2099 981 2130 custus
999 2099 1113 2131 dicitur
1138 2100 1203 2131 sive
1227 2100 1399 2138 iudicatur.

450 2152 505 2185 sed
529 2152 628 2193 magis
652 2152 821 2189 intumum
845 2152 898 2184 sed
925 2152 1051 2193 quando
1087 2152 1181 2184 homo
1216 2161 1249 2184 se
1277 2154 1399 2194 ipsum,

450 2206 503 2246 qui
528 2210 575 2237 est
599 2205 713 2246 dignus
748 2205 963 2243 accusatione,
999 2208 1142 2243 accusat,
1171 2208 1244 2237 tunc
1273 2209 1400 2237 exercet

451 2268 533 2300 opus
557 2258 722 2296 inscitiae,
749 2261 778 2289 et
803 2258 872 2290 ideo
898 2257 1034 2290 dicitur:
1054 2258 1167 2289 Iustus
1184 2258 1218 2289 itt
1232 2258 1399 2300 principio

450 2316 627 2344 accusator
652 2315 697 2343 est
720 2311 783 2342 sui.
802 2311 838 2343 Ut
855 2320 929 2352 ergo
954 2311 1024 2352 quis
1049 2311 1235 2343 instificetur
1252 2315 1282 2343 et
1299 2312 1400 2343 iustus

450 2373 517 2397 esse
542 2364 765 2406 comprobetur
782 2368 812 2395 et
829 2364 943 2405 dignus
962 2364 1114 2396 Ecclesiae
1132 2363 1399 2403 reconciliatione3

449 2426 575 2449 necesse
600 2420 663 2455 εει,
688 2417 772 2458 quod
798 2416 863 2458 ipse
888 2425 920 2449 se
945 2421 1086 2455 accuset,
1108 2421 1400 2459 quantumcumque

449 2470 517 2502 eius
541 2473 703 2511 peccatum
730 2470 768 2501 sit
791 2469 964 2510 publicum.

539 2521 669 2563 Oportet
692 2522 784 2553 etiam
815 2525 976 2562 peccatum
1002 2522 1123 2559 cordis,
1148 2522 1213 2554 sive
1236 2525 1399 2563 peccatum

452 2573 553 2605 latens
578 2574 718 2606 confiteri
744 2574 860 2615 duplici
887 2583 927 2606 ex
953 2583 1047 2606 causa
1072 2574 1233 2607 similiter:
1267 2578 1333 2607 tum
1359 2584 1400 2606 ex

449 2631 538 2668 parte
562 2627 746 2665 audientis,
772 2631 838 2659 tuin
864 2636 904 2659 ex
929 2631 1018 2669 parte
1042 2627 1230 2669 confitentis.
1251 2628 1294 2659 Ex
1312 2632 1400 2669 parte

1199 222 1481 254 SENTENTIARUM
1506 222 1572 254 LlB.
1598 222 1644 255 lV.

1456 309 1659 341 sacerdotis.-
1695 309 1842 350 quoniam
1875 319 1932 351 pro
1956 310 2009 342 illo
2033 311 2125 343 debet
2148 311 2245 353 ligare
2269 312 2308 344 ad
2332 322 2464 354 pOss-Prim

1457 371 1527 393 nam
1553 365 1583 393 et
1607 361 1794 394 absolvere⁴
1812 381 1856 384 —
1872 366 1993 394 certum
2028 363 2111 395 enim
2146 367 2210 403 est,
2234 364 2318 405 quod
2347 374 2401 406 pro

1458 415 1540 446 omni
1559 414 1682 446 mortali
1701 418 1840 446 meretur
1858 415 1928 456 quis
1949 424 2082 456 poenam
2105 419 2264 448 aeternam
2276 435 2320 440 —-
2333 417 2401 450 ideo

1457 467 1624 499 satisfactio
1649 467 1837 508 imponenda
1861 470 1907 499 est
1930 468 2104 499 secundum
2121 468 2288 501 arbitrium
2305 478 2402 502 sacer-

1457 519 1557 551 dotis:
1583 519 1652 551 ideo
1676 519 1746 551 talis
1781 520 1875 552 habet
1910 528 2035 552 necesse
2071 521 2210 553 confiteri
2242 521 2270 553 ei
2301 522 2402 555 scelus

1457 571 1638 609 occultum,
1663 571 1737 613 quia
1760 571 1850 603 aliter
1875 572 1941 613 ipse
1966 581 2025 603 non
2050 573 2145 604 novit.
2170 592 2213 595 —
2236 573 2300 605 Alia
2324 575 2402 607 ratio
2415 586 2481 614 seem.

1457 628 1504 657 est
1528 633 1569 657 ex
1593 628 1681 666 parte
1706 624 1904 666 confitentis,
1929 628 1965 656 ut
1989 633 2069 666 quae
2093 635 2154 657 non
2178 627 2306 658 crubuit
2322 627 2403 660 intra

1457 677 1632 709 thalamum
1665 677 1768 709 cordis
1792 677 1823 709 in
1848 681 2017 718 conspectu
2053 678 2177 710 divinae
2211 680 2404 720 praesentiae

1458 729 1593 771 cogitare
1617 732 1647 762 et
1670 729 1750 762 velle
1774 733 1804 761 et
1828 729 1961 762 volendo
1989 730 2177 768 consentire,
2202 734 2276 763 tunc
2300 740 2404 764 coram

1458 782 1557 814 oculis
1581 782 1751 814 sacerdotis
1775 782 1884 814 recitet
1908 791 1979 814 cum
2004 782 2136 821 rubore,
2161 786 2210 821 ut,
2235 792 2315 824 quae
2340 793 2406 825 per·
2475 786 2478 804 ⁹

1457 835 1592 876 petruvit
1616 835 1826 867 inverecunde
1857 838 1887 867 et
1916 835 2137 867 verecundiam
2167 834 2299 874 abiecit,
2322 845 2405 869 nunc
2475 829 2477 836 ⁴

1458 896 1499 919 ex
1524 888 1582 919 hoc
1607 887 1636 919 in
1662 892 1830 929 conspectu
1852 887 1987 919 hominis
2004 887 2189 926 erubescat;
2214 888 2307 920 homo
2323 889 2405 922 enim

1459 940 1593 972 carnalis
1617 940 1689 982 plus
1712 940 1870 972 erubescit
1893 940 2000 973 oculos
2020 940 2156 973 hominis
2172 950 2266 982 quam
2285 941 2347 973 Dei.
2364 961 2407 966 -

1459 993 1682 1025 Concedendae
1706 993 1801 1034 igitur
1825 997 1899 1025 sunt
1922 993 2075 1031 rationes,
2104 993 2188 1035 quod
2213 993 2406 1027 differentiae

1460 1045 1561 1077 omnis
1585 1046 1702 1086 peccati
1728 1045 1869 1077 mortalis
1893 1045 2087 1077 confitendae
2112 1049 2193 1077 sunt.
2476 1075 2479 1087 ἱ

1552 1099 1577 1129 l.
1603 1098 1646 1130 Ad
1672 1098 1750 1129 illud
1786 1107 1860 1139 ergo
1895 1098 1979 1139 quod
2003 1098 2149 1130 obiicitur
2173 1099 2211 1130 de
2235 1099 2407 1140 Sapientiae
2434 1110 2472 1142 stit

1462 1150 1670 1190 undecimo⁵‚
1707 1150 1893 1188 dicendum,
1922 1150 2007 1192 quod
2043 1155 2105 1182 tam
2142 1151 2275 1183 verbum
2312 1151 2407 1192 illud,
2423 1140 2483 1164 ⁹⁰⁸¹⁹¹

1461 1213 1555 1245 quam
1581 1203 1715 1235 verbum
1740 1203 1951 1244 Clirysostomi
1984 1207 2014 1235 et
2045 1203 2207 1244 Augustini
2233 1213 2328 1245 super
2352 1205 2408 1237 hac

1461 1257 1591 1288 materia
1610 1256 1846 1297 intelligendum
1865 1259 1912 1288 est
1928 1265 1984 1297 per
2001 1256 2327 1297 appropriationem;
2349 1267 2409 1289 non

1462 1310 1544 1342 enim
1571 1309 1807 1350 intelligendum
1833 1312 1880 1340 est
1901 1309 2051 1349 praecise
2076 1318 2130 1350 per
2148 1309 2325 1340 veritatem.
2344 1310 2409 1342 Pec-
2423 1320 2472 1343 Not-2

1462 1367 1547 1394 cator
1572 1362 1672 1400 enim,
1697 1361 1748 1402 qui
1776 1361 1841 1393 sola
1865 1361 2025 1393 voluntate
2049 1365 2173 1402 peccat,
2191 1370 2271 1403 quae
2288 1362 2341 1393 toti
2359 1362 2409 1394 ho-

1463 1415 1537 1447 mini
1562 1415 1737 1456 praesidet,
1763 1418 1847 1445 totus
1872 1414 2020 1455 punitur,
2046 1415 2087 1446 ita
2111 1414 2195 1456 quod
2220 1415 2359 1446 interius
2380 1419 2409 1447 et

1462 1468 1629 1505 emeritam
1653 1471 1684 1499 et
1708 1467 1795 1505 ideo,
1820 1467 1843 1499 si
1870 1466 1923 1498 fiat
1947 1467 2096 1505 emenda,
2131 1470 2212 1499 totus
2245 1467 2337 1498 homo
2361 1467 2409 1499 de-

1462 1521 1514 1552 bet
1537 1529 1604 1552 eam
1630 1520 1749 1558 facere,
1774 1523 1805 1551 et
1830 1528 1884 1560 per
1909 1528 2017 1551 omnes
2034 1522 2140 1557 actus,
2160 1519 2276 1551 scilicet
2292 1520 2408 1558 cordis,

1461 1573 1524 1604 oris
1549 1577 1578 1605 et
1603 1581 1723 1604 manus.

1551 1628 1579 1657 2.
1605 1626 1647 1657 Ad
1673 1625 1751 1657 illud
1776 1625 1859 1666 quod
1884 1625 2030 1657 obilcitur
2059 1625 2098 1657 de
2121 1625 2309 1666 Augustino,
2327 1626 2409 1666 quod

1462 1679 1515 1711 ubi
1541 1679 1642 1710 oritur
1666 1682 1746 1716 etc.;
1770 1678 1953 1716 dicendum,
1971 1677 2054 1719 quod
2079 1678 2213 1710 verbum
2231 1678 2309 1710 illud
2327 1678 2411 1710 intel-

1464 1731 1570 1773 ligitur
1606 1734 1758 1773 qnantum
1789 1731 1828 1762 ad
1850 1740 2066 1772 progyressum
2090 1731 2224 1771 peccati,
2249 1734 2284 1762 ut
2308 1739 2411 1772 pecca-

1463 1788 1529 1816 tum
1556 1794 1615 1816 non
1639 1784 1805 1825 procedat,
1830 1783 1883 1816 sed
1913 1795 1927 1812 «
1944 1783 1998 1815 ubi
2023 1783 2133 1821 oritur,
2160 1783 2199 1815 ibi
2222 1783 2404 1815 moriatur»
2480 1821 2482 1823 ι

1464 1846 1522 1869 non
1549 1836 1733 1877 intelligitur
1759 1839 1911 1877 quantum
1936 1836 1976 1868 ad
2001 1836 2164 1868 emendam
2181 1836 2203 1867 ⁶.
2225 1855 2268 1859 -
2290 1837 2345 1869 Vel
2369 1837 2410 1869 di·
2423 1827 2482 1883 Aut0{

1464 1890 1617 1928 cendum,
1642 1890 1725 1931 quod
1751 1890 1829 1921 illud
1854 1893 1901 1921 est
1933 1889 2170 1931 intelligendum
2196 1890 2234 1922 de
2258 1890 2411 1931 poeniten-

1464 1943 1506 1974 tia
1531 1943 1739 1983 respondente
1763 1946 1891 1983 peccato
1912 1941 2044 1983 publico
2069 1946 2099 1974 et
2123 1942 2255 1974 occulto.
2281 1942 2324 1974 De
2349 1951 2414 1984 pec-

1464 1999 1532 2027 cato
1567 1995 1648 2026 enirn
1685 1994 1811 2036 publico
1846 1994 1971 2036 publice
1995 1998 2042 2026 est
2067 1995 2261 2036 puniendum
2286 1999 2413 2036 propter

1465 2047 1647 2079 scandalum
1674 2047 1937 2088 exstirpandumg
1962 2050 1992 2078 et
2016 2047 2054 2078 de
2079 2047 2202 2078 occulto
2227 2047 2347 2079 occulte
2369 2056 2414 2080 co·

1466 2110 1532 2132 ram
1558 2100 1649 2132 unico
1675 2099 1857 2138 sacerdot03
1890 2102 1920 2131 et
1944 2099 2022 2131 illud
2048 2099 2172 2132 videtur
2196 2099 2340 2141 Magister
2372 2100 2413 2132 di-

1465 2163 1535 2185 cere
1560 2153 1590 2184 in
1616 2153 1728 2184 littera.

1554 2206 1583 2237 3.
1608 2205 1650 2237 Ad
1675 2205 1752 2237 illud
1771 2205 1853 2246 quod
1872 2205 2017 2237 obiicitur
2035 2205 2073 2237 de
2097 2205 2164 2237 soro
2188 2205 2312 2244 iudicii,
2330 2205 2412 2247 quod

1465 2259 1668 2291 adducuntur
1693 2259 1876 2296 manifesta;
1902 2258 2088 2296 dicendum⁷
2113 2258 2196 2300 quod
2222 2259 2251 2290 in
2276 2259 2343 2290 soro
2367 2258 2476 2290 itt-uon

1466 2311 1599 2348 (Zict'ctlt',
1624 2311 1707 2352 quod
1743 2311 1885 2352 procedit
1909 2311 2082 2343 secuudum
2109 2311 2244 2352 rigorem
2278 2311 2412 2343 iustitiae

1465 2364 1503 2396 ad
1530 2364 1837 2401 condemnationem,
1862 2364 1942 2396 alius
1960 2367 2006 2395 est
2022 2368 2126 2402 actor,
2148 2363 2228 2395 alius
2252 2367 2298 2396 est
2323 2372 2410 2403 reus,

1465 2416 1546 2448 alius
1570 2417 1678 2455 testis;
1703 2420 1733 2448 et
1757 2416 1826 2448 ideo
1861 2420 1999 2458 oportet,
2024 2416 2106 2457 quod
2132 2407 2278 2457 pluribus
2303 2416 2341 2447 sit
2364 2425 2413 2447 no-

1465 2472 1531 2499 tum
1558 2468 1654 2507 illud,
1679 2469 1717 2500 de
1741 2478 1803 2510 quo
1827 2469 1898 2510 quis
1922 2473 2097 2500 accusatur.
2122 2468 2179 2500 Sed
2205 2468 2235 2499 in
2257 2468 2324 2499 foro
2344 2477 2413 2509 poe-

1464 2521 1629 2552 nitentiali
1652 2522 1798 2553 sacerdos
1824 2525 1906 2553 tenet
1927 2521 2028 2553 locum
2055 2521 2126 2560 Dei,
2150 2525 2180 2553 et
2204 2520 2353 2553 confitens
2374 2524 2414 2552 te—

1465 2577 1516 2605 net
1541 2573 1643 2606 locum
1669 2574 1844 2606 accusantis
1868 2578 1898 2606 et
1921 2574 2057 2606 accusati
2075 2577 2105 2605 et
2127 2573 2220 2605 testis.
2243 2573 2318 2604 Nam
2336 2572 2412 2604 ratio

1465 2631 1590 2659 accusat
1609 2627 1809 2666 voluntatem,
1824 2627 2035 2659 testimonium
2053 2627 2170 2659 ferente
2187 2626 2373 2659 conscientia
2387 2626 2411 2664 ⁷3

523 2830 529 2845 ¹
553 2830 624 2855 Vcrs.
647 2831 686 2855 ¹lO.
708 2845 740 2847 —
766 2831 853 2855 Glossa
886 2830 1066 2856 interlinearis
1093 2832 1163 2862 apud
1192 2832 1322 2862 hyrunum
1353 2840 1400 2864 pro

451 2875 607 2899 accusatore
620 2874 750 2899 substituit
764 2874 881 2899 clamore
894 2874 1074 2905 ucrusatoris,
1091 2875 1161 2906 quod
1175 2877 1250 2899 etiam
1266 2876 1340 2900 codd.
1357 2877 1400 2901 FG

451 2918 579 2943 exhibent.
601 2932 633 2935 —
654 2919 712 2950 ch.
733 2918 804 2943 locus
824 2922 861 2943 cst
880 2919 954 2943 Prox‘.
981 2919 1023 2949 18,
1046 2919 1092 2943 17:
1114 2919 1195 2943 iustus
1214 2920 1285 2950 prior
1305 2923 1342 2945 cst
1361 2927 1400 2945 ac-

452 2964 554 2986 cusator
573 2962 620 2986 sui.

522 3005 533 3020 2
553 3005 608 3029 Vnt.
629 3005 732 3036 supplet
757 3006 787 3030 tit
812 3004 912 3030 audiat.
928 3019 960 3022 —
974 3005 1024 3030 Ct'r.
1051 3006 1161 3030 Gratiam.
1188 3005 1214 3030 C.
1236 3007 1258 3030 2.

453 3048 547 3072 Bonnv.
569 3049 603 3072 lll.
624 3048 691 3072 Sont.
711 3048 736 3073 (l.
758 3049 797 3073 39.
820 3048 880 3073 dul).
902 3048 925 3073 ὅ.

523 3091 534 3107 3
554 3092 615 3116 Cod.
642 3092 660 3116 ll
690 3093 775 3117 miuus
803 3092 869 3117 hene
889 3091 1020 3125 publicus.
1046 3094 1092 3117 l'ro
1114 3094 1236 3125 peccator
1259 3094 1315 3118 Vnt.
1341 3101 1400 3118 cum

454 3136 581 3159 imnnullis
610 3136 684 3160 codd.
714 3138 859 3167 peccalum.
888 3136 983 3161 Eadem
1012 3137 1067 3161 Vnt.
1099 3144 1157 3161 mox
1178 3139 1236 3168 post
1255 3136 1401 3170 consilentis

453 3178 523 3203 addit
542 3181 571 3204 «nt
591 3179 755 3213 iustificetur.

523 3222 532 3237 ⁴
554 3223 617 3247 lidd.
639 3223 767 3256 quonium
785 3231 833 3256 pei·
850 3223 930 3250 illum
949 3223 1021 3249 (lebet
1040 3224 1121 3258 liqart'
1142 3224 1177 3250 ud
1199 3231 1326 3257 poenam,
1354 3226 1402 3250 aut

454 3264 561 3290 absolvi.

525 3308 535 3324 ⁵
556 3310 628 3334 Vers.
655 3310 691 3334 Π.
707 3325 739 3327 —
754 3311 838 3336 Verba
864 3311 1039 3342 Clirysoslomi
1065 3315 1090 3337 ct
1114 3313 1248 3344 Augustini
1274 3312 1401 3337 habentur

455 3359 532 3383 supi-a
554 3353 587 3377 lit.
614 3354 738 3384 Magistri,
767 3354 790 3378 d.
812 3355 877 3380 XVl.
903 3362 924 3380 c.
956 3356 974 3380 1.
995 3356 1045 3381 Csr.
1073 3356 1134 3381 ibid.
1161 3355 1303 3382 Comment.
1330 3364 1355 3387 p.
1382 3356 1398 3381 l.

1285 3014 1309 3038 q.
1333 3007 1355 3037 l,
1377 3009 1401 3031 et

1431 3253 1433 3261 Ι
1466 3232 1511 3250 cui·
1531 3229 1627 3250 secreto
1648 3225 1697 3250 [int.
1710 3239 1745 3243 —
1759 3226 1914 3250 Sententiam
1929 3225 2038 3256 Magistri
2059 3224 2119 3249 vide
2133 3225 2174 3249 liic
2192 3225 2216 3248 in
2237 3225 2270 3248 lit.
2285 3231 2305 3249 c.
2321 3222 2343 3247 4.
2357 3229 2408 3253 seq.

1465 2833 1527 2857 dun.
1554 2834 1582 2864 ⁴2,
1609 2832 1652 2857 uhi
1678 2832 1782 2862 dicitur,
1809 2831 1879 2863 qnod
1904 2832 1959 2862 ipsa
1986 2838 2032 2862 per
2057 2829 2302 2863 appropriationem
2327 2829 2410 2855 intelli-

1465 2877 1548 2907 genda
1569 2877 1626 2900 sint.

1534 2919 1545 2934 6
1565 2919 1618 2944 Sul)
1638 2926 1690 2951 quo
1710 2923 1827 2950 respectu
1853 2919 1964 2949 Hieron„
1987 2919 2063 2949 Epist.
2085 2919 2125 2942 ²22.
2141 2925 2164 2943 n.
2185 2918 2214 2942 6:
2239 2927 2249 2940 a
2264 2917 2325 2942 Nolo
2345 2917 2411 2942 sinas

1465 2964 1631 2994 cogitationes
1659 2969 1800 2987 crescere...
1823 2963 1888 2986 Dum
1915 2969 2012 2993 parvus
2040 2965 2078 2986 cst
2106 2963 2199 2993 hostis,
2221 2961 2351 2991 intersicc=3
2372 2967 2410 2984 ne·

1465 3007 1558 3038 quina,
1581 3013 1611 3030 nc
1630 3007 1724 3030 zizania
1745 3009 1872 3036 crescant,
1892 3006 2001 3030 elidatur
2021 3007 2043 3030 in
2065 3007 2162 3030 semine
2177 3015 2200 3029 ».
2221 3005 2303 3036 Ovid,
2325 3005 2410 3028 Rome-

1466 3050 1505 3074 din
1531 3050 1639 3079 amoris,
1666 3057 1691 3074 V.
1712 3051 1757 3073 Ol:
1785 3051 1917 3080 Principiis
1943 3049 2030 3080 obsta,
2059 3056 2116 3074 sero
2144 3049 2269 3073 medicina
2297 3051 2407 3079 paratur,

1466 3101 1524 3118 cum
1547 3094 1611 3118 mula
1633 3100 1679 3124 per
1704 3094 1794 3124 longas
1820 3094 1951 3118 invaluere
1977 3100 2070 3118 moras.
2094 3092 2143 3118 Cl'r.
2170 3094 2246 3117 ctiam
2267 3094 2410 3123 praenotata

1465 3138 1538 3168 epist.
1555 3138 1655 3168 Pelagii.
1671 3138 1787 3162 Secunda
1804 3138 1877 3162 solut.
1893 3138 1976 3168 magis
1989 3136 2128 3168 respondet
2147 3144 2223 3161 serm.
2239 3137 2279 3160 82.
2294 3136 2410 3166 superius

1465 3182 1587 3212 allegam,
1608 3183 1631 3205 in
1653 3189 1704 3213 quo
1731 3183 1814 3213 agitur
1841 3182 1872 3207 de
1891 3181 1968 3206 modo
1989 3181 2114 3205 fraternae
2133 3181 2314 3211 correptionis,
2336 3182 2410 3210 atque

1466 3283 1499 3285 —
1520 3269 1626 3293 inferius
1646 3276 1693 3300 pro
1712 3268 1877 3301 puniendum
1901 3268 1975 3293 codd.
1997 3269 2017 3292 H
2031 3269 2050 3293 Κ
2071 3267 2235 3300 puniendus,
2257 3267 2298 3292 ed.
2319 3268 2326 3291 rl
2352 3272 2410 3292 6071-

1464 3311 1606 3345 fitemlum,
1630 3312 1685 3337 Vat.
1706 3312 1843 3343 glossando
1863 3311 2040 3345 confitendum
2058 3318 2105 3337 seit
2121 3310 2294 3344 puniendum.

1536 3355 1547 3371 7
1565 3355 1615 3380 Cir.
1635 3363 1713 3387 supra
1735 3356 1758 3381 d.
1784 3355 1819 3380 lsi.
1842 3363 1867 3387 p.
1888 3356 1912 3380 ll.
1933 3355 1995 3380 dub.
2016 3356 2038 3380 6.
