2483 3882
897 252 1010 285 INDEX
1035 253 1305 294 QUAESHONUM.

218 334 355 360 Aarrcuzus
374 336 391 361 l.
412 336 449 362 De
468 336 668 370 confirmatione
687 337 776 371 quoad
792 337 976 372 inteqrz'tatem.

124 386 228 418 Quassr.
268 387 283 413 1.
298 387 388 413 Utrum
399 389 423 412 in
435 388 628 414 confirmatione
635 390 666 415 sit
675 391 816 416 necessaria
827 391 909 417 forma
921 398 982 425 paq.

258 440 285 465 ll.
305 440 395 465 Utrum
409 442 514 466 materia
528 441 729 468 confirmationis
741 444 772 469 sit
786 444 929 469 necessaria
967 453 978 467 n

247 491 283 516 lll.
302 491 393 517 Utrum
413 492 518 524 quilibet
533 493 614 524 possit
627 493 776 525 dispensare
795 494 928 520 conflrma—
957 488 960 489 ⁷

334 545 443 575 tionem,
465 544 553 569 saltem
573 545 598 569 in
618 547 767 571 necessitate
787 566 793 571 .
831 565 836 571 .
875 565 880 572 .
921 567 926 572 .
966 556 977 569 ι)

227 596 364 621 Ακτιευιυε
382 596 407 620 ΙΙ.
427 596 464 621 De
483 595 683 630 confirmatione
702 597 791 631 quoad
808 597 960 632 efficaciam.

121 646 227 678 Quaasr.
264 647 282 672 l.
303 647 394 672 Utrum
414 647 573 673 confirmatio
601 649 714 675 conferat
738 651 847 681 gratiam
868 657 927 682 gra-

332 702 387 724 tum
405 700 539 725 facientem
567 719 926 728 .........
964 712 976 725 »

255 750 280 775 ll.
303 750 392 775 Utrum
411 751 502 776 eadem
521 753 602 783 gratia
623 754 768 778 conteratur
796 754 821 778 in
846 753 927 785 bapti-

330 809 386 828 smo
405 806 430 828 et
448 805 473 828 in
493 804 686 830 confirmatione
741 824 923 831 .....
960 815 974 829 2>

242 855 277 880 nl.
296 855 386 880 Utrum
406 856 536 887 copiosius
554 862 650 881 munus
663 857 760 888 gratiae
779 857 924 882 conferatur

328 907 353 931 in
373 907 566 932 confirmatione
585 914 664 940 quam
683 909 707 932 in
728 908 857 939 baptismo
870 927 876 932 .
916 928 922 933 .
962 918 973 931 ι)

249 960 386 984 Auricums
405 959 440 984 lll.
461 959 497 985 De
515 959 715 993 confirmatione
735 960 825 993 quoad
842 967 931 986 usam.

116 1012 222 1043 QUAEST.
260 1012 277 1037 l.
297 1012 387 1037 Utrum
406 1019 469 1038 usus
488 1014 646 1038 sacramenti
660 1013 860 1038 confirmationis
879 1013 924 1038 de-

327 1064 385 1090 beat
404 1072 461 1090 esse
480 1066 607 1096 generalis
644 1084 922 1091 .......
958 1074 970 1088 1>

249 1116 275 1141 11.
294 1116 384 1142 Utrum
404 1118 484 1148 gratia
514 1118 714 1143 confirmationis
734 1119 765 1142 sit
784 1118 816 1143 de
836 1125 920 1144 neces-

325 1170 397 1194 sitate
416 1170 503 1194 salutis
558 1189 922 1196 .........
960 1180 972 1194 n

236 1221 271 1247 111.
292 1222 381 1247 Utrum
401 1222 595 1247 Sacramentum
615 1216 815 1248 confirmationis
840 1223 921 1254 possit

326 1274 379 1299 dari
399 1277 457 1299 ante
476 1273 634 1305 baptismum
693 1293 920 1300 ......
957 1284 968 1297 »

111 1324 195 1350 Dubia
214 1325 273 1350 I-Vl.
293 1325 360 1350 circa
380 1325 487 1350 litteram
507 1325 618 1356 Magistri
643 1344 916 1351 .......
955 1335 966 1348 »

455 1455 635 1481 DlSTlNCTlO
656 1456 715 1481 vm.

111 1587 206 1613 Textus
225 1587 337 1619 Magistri
369 1606 912 1613 .............
950 1597 962 1611 ι)

530 1639 594 1665 Pars
612 1639 623 1665 Ι

108 1692 203 1717 Divisio
221 1695 303 1718 textus
331 1712 916 1719 ..............
954 1703 966 1717 ι»

247 1746 384 1770 Ακτιουωε
403 1746 418 1770 l.
439 1745 476 1771 De
493 1744 721 1779 praefiqitratione
740 1745 910 1772 Sacramenti

489 1796 673 1823 eucharistiae.

107 1849 212 1882 QUAEST.
249 1850 266 1875 1.
286 1850 376 1874 Utrum
396 1850 590 1875 Sacramentum
609 1851 778 1875 eucharistiae
797 1850 916 1876 debuerit

316 1902 487 1934 praefigurari

240 1954 267 1979 11,
278 1954 314 1979 De
327 1961 436 1979 numero
446 1957 471 1979 et
480 1955 629 1980 sufficientia
644 1957 756 1986 quatuor
769 1954 913 1986 figurarum
950 1965 961 1978 »

128 1921 135 1936 i

228 2007 264 2032 111.
284 2007 319 2032 De
338 2007 481 2038 figurarum
502 2006 702 2039 praeeminentia
728 2027 911 2034 .....
950 2018 961 2032 n

174 2059 311 2085 Armenius
329 2059 354 2084 11.
374 2059 411 2084 De
429 2059 590 2085 institutione
609 2058 780 2086 Sacramenti
797 2060 983 2088 eucharistiae.

104 2111 209 2144 Quaas‘r.
247 2112 264 2136 1.
284 2112 373 2137 Utrum
394 2113 587 2137 Sacramentum
606 2113 775 2138 eucharistiae
795 2112 913 2139 debuerit

314 2164 409 2189 institui
428 2170 443 2188 a
462 2164 589 2195 principio
643 2182 912 2189 .......
949 2174 961 2187 »

238 2215 263 2240 ll.
283 2215 373 2240 Utrum
394 2216 587 2240 Sacramentum
606 2216 774 2240 eucharistiae
794 2215 911 2241 debuerit

314 2268 408 2292 institui
427 2271 484 2292 ante
504 2268 650 2298 passionem
679 2287 910 2293 ......
948 2278 960 2291 »

225 2320 261 2345 111.
281 2320 371 2345 Utrum
392 2320 515 2345 Dominus
533 2321 702 2345 eucharistiae
716 2320 909 2346 Sacramentum

314 2373 385 2404 prius
399 2373 543 2404 contecerit,
558 2379 636 2404 quam
651 2372 762 2398 verbum
776 2374 910 2404 protulerit
946 2383 957 2397 >i

101 2422 183 2448 Dubia
204 2423 265 2448 l-lV.
287 2424 352 2449 circa
373 2424 480 2449 litteram
501 2424 611 2455 Magistri
637 2443 907 2450 .......
945 2434 956 2448 n

517 2475 581 2501 Pars
600 2475 633 2502 11.

101 2528 198 2553 Divisio
217 2531 299 2553 textus
323 2547 908 2555 ..............
946 2539 958 2553 »

241 2580 377 2605 ARTICULUS
397 2580 411 2604 l.
432 2580 469 2605 De
487 2579 577 2613 forma
596 2580 668 2606 verbi
685 2581 713 2606 in
732 2580 907 2607 Sacramenta

481 2632 665 2659 eucharistiae.

101 2684 206 2716 QUAEST.
262 2684 278 2709 Ι.
297 2685 334 2710 De
353 2685 435 2710 forma
455 2685 528 2710 verbi
547 2693 626 2717 super
646 2693 740 2717 panem
767 2706 772 2711 .
810 2706 816 2711 .
854 2705 860 2712 .
899 2707 904 2712 ,
942 2697 953 2710 »

234 2736 259 2760 11.
280 2736 316 2761 De
334 2737 415 2761 forma
436 2737 510 2762 verbi
529 2745 608 2769 super
626 2739 717 2763 vinum
768 2758 773 2763 .
811 2758 818 2764 .
856 2758 861 2764 .
900 2759 905 2764 .
943 2748 954 2761 ν)

251 2788 388 2814 Aarmums
407 2789 432 2814 ll.
452 2789 490 2814 De
508 2789 700 2823 significatione
718 2790 889 2817 Sacramenti

480 2841 663 2868 eucharistiae.

100 2890 206 2922 QUAEsr.
245 2892 262 2916 Ι.
282 2892 348 2923 Quid
368 2894 392 2917 in
412 2894 562 2918 eucharistia
592 2895 624 2919 sit
652 2901 707 2927 res,
729 2898 754 2920 et
772 2896 834 2928 quid
864 2896 905 2921 Sa-

310 2948 469 2970 cramentum
500 2965 902 2972 ..........
942 2957 953 2970 n

234 2996 258 3020 ll.
280 2996 315 3021 De
334 2998 429 3022 unitate
449 2998 606 3023 Sacramenti
626 2999 795 3024 eucharistiae
854 3020 859 3024 .
895 3018 901 3024 .
942 3009 953 3022 n

98 3045 179 3071 Dubia
199 3047 243 3072 1-11.
264 3048 330 3073 circa
350 3048 458 3074 litteram
479 3050 590 3080 Magistri
628 3069 902 3076 .......
941 3061 952 3074 2>

448 3179 629 3205 DISTlNCTlO
651 3180 691 3204 ΙΧ.

96 3307 191 3332 Textus
210 3308 321 3339 Magistri
361 3328 901 3337 .............
938 3322 950 3335 i>

96 3358 192 3384 Divisio
210 3362 291 3386 textus
317 3379 900 3389 ..............
939 3374 949 3387 »

240 3412 267 3439 S.
287 3414 386 3439 Bonae.
408 3428 441 3432 —
461 3414 535 3439 Tom.
557 3415 597 3439 lV.

1020 391 1069 416 163

1020 444 1069 468 ’166

1020 547 1069 572 167

1018 702 1066 727 168

1016 807 1065 832 169

1014 908 1059 933 ’171

1013 1065 1062 1090 172

1014 1171 1063 1196 173

1012 1274 1062 1299 Ἰ175

1025 1325 1059 1351 ib.

1006 1588 1056 1613 177

1008 1692 1056 1718 179

1005 1904 1055 1929 180

1004 1956 1054 1981 182

1004 2010 1053 2035 183

1003 2165 1053 2190 »184

1002 2270 1052 2294 1185

1001 2375 1049 2399 186

999 2425 1049 2450 187

999 2531 1048 2555 1189

1012 2687 1046 2712 ib.

1001 2740 1045 2764 193

996 2947 1045 2973 195

998 3000 1045 3025 197

995 3052 1043 3076 ’198

993 3313 1041 3337 1199

992 3365 1041 3389 200

1285 342 1421 367 Αῐιτιουιυε
1441 343 1456 368 l.
1477 343 1513 368 De
1531 343 1736 370 manducatione
1755 345 1930 372 eucharistiae

1521 395 1549 421 in
1568 396 1694 429 qenerah’.

1134 444 1241 476 Qutsssr.
1278 445 1295 471 l.
1318 446 1915 478 Deduplicimodomanducandieucharistiam
1927 457 1989 485 pay.

1268 498 1295 523 ll.
1316 499 1382 530 Quid
1401 500 1432 524 sit
1452 501 1607 526 mamluearc
1627 503 1789 533 spiritualiter
1844 523 1848 528 .
1888 523 1893 528 .
1931 523 1937 529 .
1975 514 1987 527 ι»

1254 549 1291 574 lll.
1312 550 1378 581 Quid
1397 551 1428 576 sit
1447 552 1603 577 manducare
1623 555 1838 580 sacramentaliter
1887 574 1892 580 .
1930 574 1936 581 .
1974 565 1986 579 ι»

1250 601 1290 626 lV.
1301 592 1391 627 Utrum
1402 602 1517 629 Christus
1528 605 1723 631 manducaverit
1733 610 1843 639 utroque
1857 608 1935 633 modo
1972 618 1983 631 ι)

1243 654 1379 678 Αῐιτιευιυε
1398 655 1423 679 ll.
1445 655 1479 680 De
1497 656 1702 683 manducatione
1720 657 1747 683 in
1767 659 1966 691 comparatione

1531 708 1566 734 ad
1584 708 1679 735 malos.

1131 756 1238 788 Qutmsr.
1278 757 1293 782 1.
1314 758 1403 783 Utrum
1418 760 1476 784 mali
1490 765 1593 787 sumant
1603 763 1728 787 veraciter
1738 769 1834 794 corpus
1844 763 1934 790 Christi
1971 774 1982 787 n

1265 809 1291 834 ll.
1311 809 1400 835 Utrum
1431 814 1563 844 peccator⁷
1594 815 1636 845 qui
1665 818 1703 839 est
1731 815 1754 839 in
1780 819 1885 846 peccato
1904 824 1934 842 ex

1341 865 1408 887 certa
1429 864 1545 895 scientia,
1566 866 1703 891 manducet
1722 874 1817 898 corpus
1843 867 1934 894 Christi

1341 913 1519 940 damnabiliter
1575 936 1930 945 .........
1966 930 1976 943 »

1252 964 1288 989 lll.
1308 965 1398 990 Utrum
1417 971 1537 997 peccator
1563 970 1690 995 sumendo
1718 977 1813 1002 corpus
1842 971 1933 998 Christi

1342 1024 1445 1049 semper
1463 1021 1602 1046 mortaliter
1621 1026 1710 1052 peccet
1746 1043 1752 1048 .
1790 1043 1796 1048 .
1836 1045 1840 1050 .
1881 1045 1887 1050 .
1923 1045 1929 1051 .
1968 1036 1979 1049 »

1245 1067 1285 1093 lV.
1307 1069 1395 1094 Utrum
1415 1074 1504 1102 peccet
1523 1072 1700 1099 damnabiliter
1714 1075 1754 1100 ille
1773 1077 1816 1107 qui
1837 1083 1932 1109 corpus

1339 1120 1429 1147 Christi
1443 1122 1486 1148 dat
1499 1125 1521 1148 ei
1535 1131 1613 1156 quem
1628 1126 1675 1150 seit
1694 1133 1749 1151 esse
1770 1132 1930 1158 peccatorem
1968 1140 1979 1153 n

1127 1170 1293 1198 Dubiassl-Vl.
1314 1175 1380 1199 eirca
1401 1175 1508 1200 litteram
1529 1177 1639 1208 Magistri

1484 1307 1661 1333 DlSTlNCTlO
1682 1309 1714 1334 X.

1125 1432 1221 1459 Textus
1239 1434 1350 1466 Magistri

1546 1490 1610 1516 Pars
1629 1491 1649 1516 Ι.

1123 1537 1219 1563 Divisio
1239 1541 1321 1565 textus
1351 1559 1928 1573 ..............
1966 1559 1977 1571 »

1219 1591 1357 1617 Animatus
1376 1601 1466 1619 UNICUS.
1486 1595 1523 1620 De
1541 1596 1650 1622 veritate
1669 1599 1693 1622 et
1710 1598 1787 1624 modo
1805 1601 1970 1632 praesentiae

1370 1645 1467 1672 Christi
1484 1646 1510 1672 in
1530 1648 1704 1675 Sacramenta
1723 1650 1828 1677 altaris.

1122 1694 1227 1726 QUAEsr.
1266 1696 1282 1721 l.
1304 1697 1393 1722 Utrum
1412 1697 1528 1724 Christus
1547 1701 1578 1726 sit
1604 1701 1628 1725 in
1658 1702 1823 1729 Sacramento
1841 1705 1927 1731 altaris

1334 1751 1477 1775 secundum
1497 1753 1630 1778 veritatem
1656 1773 1927 1783 .......
1965 1768 1976 1781 »

1257 1801 1282 1826 11.
1302 1801 1392 1827 Utrum
1411 1809 1507 1834 corpus
1525 1804 1617 1830 Christi
1642 1807 1673 1831 sit
1701 1808 1725 1832 in
1746 1808 1816 1833 altari
1837 1816 1925 1834 secun-

1331 1854 1394 1879 dum
1418 1863 1492 1881 suam
1520 1858 1662 1884 naturalem
1690 1861 1869 1893 quantitatem,
1895 1869 1926 1887 an

1331 1907 1362 1931 sit
1381 1906 1415 1931 ibi
1436 1915 1448 1932 a
1469 1910 1608 1940 quantitate
1627 1910 1783 1936 abstractum
1828 1933 1833 1938 .
1873 1932 1879 1938 .
1917 1933 1923 1938 .
1962 1923 1973 1936 n

1242 1958 1278 1983 111.
1298 1958 1388 1984 Utrum
1409 1967 1504 1991 eorpus
1532 1961 1623 1987 Christi
1651 1964 1683 1987 sit
1711 1964 1760 1989 sub
1788 1965 1926 1995 speciebus

1332 2012 1461 2038 definitive

1236 2063 1277 2088 lV.
1297 2064 1386 2089 Utrum
1407 2072 1503 2096 corpus
1528 2065 1618 2092 Christi
1647 2068 1678 2092 sit
1706 2068 1850 2094 dimensire
1870 2071 1925 2095 sive

1329 2117 1549 2148 circumscriptive
1569 2118 1619 2142 sul)
1638 2119 1685 2143 illis
1704 2120 1841 2151 speciebus
1870 2140 1875 2146 .
1916 2143 1921 2147 .
1959 2132 1971 2146 ι)

1248 2168 1279 2192 V.
1300 2168 1389 2193 Utrum
1410 2176 1505 2200 corpus
1525 2169 1616 2194 Christi
1635 2172 1703 2196 sitin
1718 2172 1831 2204 qualibet
1850 2178 1922 2204 parte

1328 2221 1424 2245 hosuae

1115 2271 1197 2296 Dubia
1217 2271 1269 2296 l-V.
1289 2273 1354 2296 circa
1375 2273 1483 2297 litteram
1502 2274 1613 2304 Magistri

1532 2325 1596 2351 Pars
1613 2326 1646 2352 11.

1114 2375 1211 2399 Divisio
1231 2378 1312 2400 textus

1253 2427 1389 2453 Anrreucus
1409 2429 1423 2453 l.
1445 2428 1481 2454 Dc
1499 2429 1660 2455 eucharistia
1679 2433 1799 2463 respectu
1818 2432 1925 2459 virtutis

1440 2481 1727 2508 trmzssahstcmttmztts.

1112 2531 1217 2562 Quaesr.
1255 2531 1270 2556 l.
1292 2532 1380 2556 Utrum
1401 2534 1528 2565 aequalis,
1559 2534 1599 2559 vel
1629 2536 1732 2560 maioris
1762 2537 1863 2563 virtutis
1883 2539 1914 2563 sit

1321 2592 1413 2616 panem
1446 2587 1470 2610 in
1502 2593 1596 2617 corpus
1627 2587 1718 2613 Christi
1749 2594 1915 2623 convertere,

1321 2641 1430 2669 quantae
1450 2641 1487 2662 est
1506 2638 1602 2670 aliquid
1623 2639 1655 2664 de
1675 2647 1743 2665 novo
1763 2648 1870 2667 creare.
1910 2663 1915 2668 .
1954 2654 1965 2667 ³>

1241 2688 1267 2713 ll.
1290 2689 1379 2713 Utrum
1400 2690 1482 2713 virtus
1502 2690 1756 2716 transsubstantiandi
1786 2694 1817 2718 sit
1843 2693 1916 2718 nobi-

1320 2740 1366 2764 lior
1386 2741 1478 2765 virtute
1497 2742 1657 2772 concipiendi
1677 2742 1806 2768 Christum
1865 2765 1870 2769 .
1909 2764 1915 2770 .
1954 2755 1965 2767 1>

1233 2791 1268 2816 111.
1289 2792 1377 2816 Utrum
1402 2793 1483 2818 virtus
1512 2794 1766 2820 transsubstantiandi
1796 2797 1828 2821 sit
1856 2796 1915 2822 data

1320 2844 1400 2869 verbo
1416 2846 1526 2877 prolate,
1542 2854 1572 2870 an
1587 2847 1669 2871 solum
1690 2849 1721 2872 sit
1740 2849 1822 2873 virtus
1837 2849 1914 2874 Verbi

1320 2896 1422 2920 increati

1225 2947 1265 2972 lV.
1286 2948 1374 2973 Utrum
1395 2949 1475 2974 virtus
1496 2950 1637 2975 verborum
1660 2953 1740 2982 possit
1763 2957 1914 2978 convertere

1318 3005 1555 3034 quantamciunquc
1576 3005 1707 3028 materiam
1730 3025 1735 3029 .
1776 3025 1781 3029 .
1819 3025 1825 3030 .
1864 3026 1868 3030 .
1907 3026 1912 3030 .
1952 3016 1962 3029 n

1212 3054 1348 3078 Amemus
1368 3055 1392 3079 ll.
1415 3055 1450 3079 De
1468 3055 1630 3080 rituam-istm
1647 3063 1696 3088 per
1715 3058 1942 3090 comparationem

1362 3106 1397 3131 ml
1415 3106 1537 3132 virtatettz
1557 3107 1800 3140 apprehenitentem.

1108 3157 1214 3188 Qutxizsr.
1254 3158 1268 3182 l.
1289 3158 1377 3182 Utrum
1397 3159 1524 3183 existentia
1540 3161 1656 3190 corporis
1670 3160 1760 3185 Christi
1783 3162 1805 3185 in
1827 3162 1913 3186 Sacra-

1317 3214 1402 3235 mento
1422 3212 1453 3235 sit
1470 3218 1547 3241 supra
1569 3212 1723 3237 intellectum
1743 3214 1867 3237 viatoris.
1906 3233 1911 3238 .
1951 3222 1962 3237 n

1238 3262 1262 3286 ll.
1284 3263 1373 3287 [trum
1387 3264 1514 3288 existentia
1531 3263 1621 3288 Christi
1635 3264 1684 3289 sul)
1698 3265 1861 3290 Sacramenta
1882 3267 1910 3291 sit

1316 3321 1392 3345 supra
1413 3322 1517 3339 sensum
1537 3317 1762 3346 comprehensoris
1817 3337 1821 3341 .
1861 3338 1865 3341 .
1904 3337 1909 3342 .
1950 3327 1961 3341 »

1107 3365 1187 3390 Dubia
1208 3366 1261 3390 l-lll.
1282 3367 1346 3390 circu
1369 3367 1475 3391 litteram
1497 3368 1607 3398 Magistri
1637 3387 1909 3394 .......
1947 3379 1958 3392 ι)

1863 3422 1907 3446 133

1996 261 2079 292 1057

2027 452 2072 476 201

2028 505 2078 529 203

2027 556 2076 581 204

2024 609 2074 633 205

2024 765 2075 790 207

2022 921 2071 946 203

2019 1028 2069 1051 210

2020 1132 2065 1156 211

2021 1185 2071 1210 212

2020 1445 2069 1470 213

2019 1550 2068 1574 215

2018 1760 2067 1783 216

2001 3319 2049 3343 236

1999 3369 2050 3394 237
