2483 3882
672 236 766 268 DIST.
791 235 864 267 XXI.
887 235 916 267 P.
942 235 962 267 Ι.
986 236 1068 268 ART.
1094 235 1139 267 111.
1163 235 1317 277 QUAEST.
1341 235 1373 267 ΙΙ.

1941 238 2006 270 557

900 406 1083 448 QUAESTIO
1108 407 1140 439 [Ι.

464 503 580 535 Utrum
606 503 728 546 aliquis
754 503 954 535 Sanctorum
978 503 1077 536 evolet
1099 504 1134 536 in
1158 503 1285 536 eaelum
1309 507 1384 536 ante
1408 504 1581 537 iudicium.

127 615 268 649 Secundo
300 614 478 656 quaeritur,
510 617 619 646 utrum
651 614 765 655 aliquis
801 614 987 646 Sanctorum

42 670 140 705 evolet
167 669 196 701 in
226 667 347 701 caelum
379 670 451 699 ante
482 667 645 700 iudicium.
672 667 707 698 Et
729 666 813 708 quod
843 676 921 705 non,
947 666 989 699 vi-

42 724 155 806 deturi.
179 773 223 805 Ad
246 773 402 805 Hebraeos
426 771 614 804 undecimo1
647 771 830 813 Apostolus,
856 771 987 813 loquens

0 822 27 859 ³⁵1-
40 828 77 861 de
99 825 175 859 viris
208 825 323 857 sanctis
357 827 387 856 et
410 823 572 862 fidelibus,
596 823 687 856 dicit:
713 823 759 855 Hi
788 832 898 854 omnes
921 832 988 854 non

40 882 232 921 aeceperunt
253 877 543 919 repromissiones,
567 877 632 908 Deo
653 886 717 918 pro
741 876 834 908 'nobis
858 876 988 919 aliquid

39 932 152 966 melius
170 930 377 973 providente,
394 940 433 961 ite
448 929 518 961 sine
535 929 627 961 nobis
651 933 986 961 consummat-enam:

40 993 112 1027 ergo
135 984 160 1016 si
184 983 285 1016 Sancti
312 983 434 1025 priores
465 991 528 1014 non
560 982 739 1015 debuerunt
773 981 986 1014 consummari

40 1038 103 1070 sine
125 1036 193 1068 aliis
217 1036 332 1068 sanctis
356 1035 526 1077 Apostolis;
547 1044 620 1067 cum
644 1043 747 1077 usque
770 1035 809 1067 ad
835 1034 918 1067 diem
944 1034 988 1066 iu-

40 1090 109 1124 dicii
132 1092 251 1122 crescat
274 1097 428 1120 numerus
452 1088 656 1126 Sanctorum,
673 1090 775 1129 patet,
792 1087 877 1129 quod
902 1096 987 1119 unus

38 1152 97 1176 non
119 1142 220 1175 evolet
244 1144 315 1173 ante
338 1141 446 1173 alium.

122 1196 151 1227 2.
183 1195 273 1232 Item,
305 1193 451 1226 Matthaei
486 1193 638 1235 vigesimo
674 1193 826 1235 quint02:
861 1193 989 1225 Statuet

38 1257 138 1291 aynos
161 1257 184 1280 α
207 1247 344 1284 demo-is,
369 1246 486 1279 hoedos
517 1250 627 1278 autem
652 1256 674 1277 ct
697 1246 866 1284 sinist-rim
890 1250 918 1278 et
942 1245 988 1278 di-

37 1306 83 1334 cet
104 1300 155 1333 liis
179 1299 237 1342 qui
259 1303 356 1331 erzmt
379 1309 401 1331 α
426 1299 570 1331 dextris:
603 1298 725 1336 Venice,
744 1298 901 1330 benedieti
924 1299 988 1330 Pct-

39 1354 97 1387 tris
126 1353 208 1391 mei,
236 1352 392 1394 percipite
426 1361 584 1394 reymim:
610 1360 684 1393 ergo
721 1351 866 1390 videtur,
902 1352 987 1393 quod

38 1416 95 1440 non
120 1406 180 1439 sint
203 1409 275 1438 ante
300 1405 375 1437 illud
404 1405 555 1437 iudicium
581 1404 712 1446 gloriam
741 1404 932 1446 percepturi.
957 1404 986 1436 Si

38 1460 117 1493 enim
139 1458 229 1501 prius
253 1458 483 1500 percepissent,
508 1467 569 1489 non
595 1457 713 1490 diceret
738 1457 902 1490 Dominus:
921 1466 988 1499 per-

39 1512 127 1555 cipite
151 1521 294 1553 regnum.

123 1564 152 1597 3.
176 1565 270 1602 Item,
294 1564 412 1596 nullius
446 1563 617 1606 possessio,
654 1572 734 1605 quae
766 1563 902 1596 hahetur
931 1573 987 1605 per

38 1617 236 1656 sententiam,
260 1617 420 1649 obtinetur
448 1620 520 1648 ante
544 1616 691 1648 lationem
717 1616 906 1654 sententiae,
931 1616 986 1648 sed

37 1671 116 1704 vitae
146 1674 292 1703 aeternae
327 1670 484 1712 possessio
519 1669 656 1702 habetur
691 1678 748 1711 per
784 1669 986 1702 sententiam:

37 1733 109 1766 ergo
133 1732 204 1756 cum
236 1723 389 1755 sententia
421 1722 515 1755 detur
547 1722 577 1754 in
610 1722 660 1754 die
693 1722 819 1761 iudicii,
844 1722 988 1761 videtur,

37 1777 119 1819 quod
142 1779 213 1808 ante
238 1776 320 1808 diem
346 1775 453 1808 iudicii
478 1785 539 1808 non
564 1775 666 1808 evolet
697 1775 803 1817 aliqua
828 1775 932 1807 anima
957 1775 987 1807 in

38 1830 166 1863 caelum.

122 1883 152 1915 lt.
176 1883 269 1921 ltem,
295 1881 451 1923 magnifici
476 1881 558 1923 regis
582 1890 619 1913 eo
644 1881 737 1913 modo
761 1884 808 1913 est
832 1880 987 1922 stipendia

38 1935 178 1978 elargiri,
202 1944 259 1977 per
292 1944 385 1977 quem
412 1934 541 1967 modum
573 1934 640 1967 eius
670 1934 902 1976 magnificentia
926 1942 989 1965 ma-

39 1989 83 2031 gis
117 1988 314 2027 declaratum
337 1988 392 2020 sed
427 1988 487 2019 hoc
518 1990 566 2020 est
601 1987 788 2029 praecipue,
821 1987 922 2019 dum³
953 1986 988 2018 fit

39 2041 123 2074 curia
147 2050 209 2073 una
233 2049 274 2073 ex
299 2040 501 2073 multitudine
518 2044 548 2072 et
564 2050 603 2072 ex
630 2040 851 2082 aggregatione
877 2039 988 2071 multo-

39 2103 127 2126 rum:
151 2103 225 2135 ergo
250 2094 394 2132 videtur,
412 2093 496 2135 quod
520 2093 672 2126 Dominus
690 2096 830 2125 reservet
854 2092 987 2134 glorIam

38 2150 211 2185 aeternam,
235 2150 271 2178 ut
294 2155 363 2178 eam
389 2146 482 2179 simul
507 2146 654 2178 omnibus
678 2146 827 2178 conferat.

124 2200 152 2231 5.
176 2199 268 2238 Item,
293 2199 397 2231 anima
421 2199 561 2240 peccavit
577 2199 608 2230 in
625 2207 736 2237 carne,
754 2207 828 2240 ergo
845 2198 987 2237 videtur,

40 2252 120 2294 quod
144 2252 174 2284 in
199 2261 293 2285 carne
318 2252 429 2284 debeat
452 2252 575 2293 puniri:
602 2261 676 2293 ergo
702 2260 864 2293 nunquam
889 2251 988 2293 perfe-

40 2309 85 2337 cte
107 2309 260 2347 purgatur
277 2314 333 2337 nec
350 2305 496 2347 punitur,
513 2314 680 2347 quousque
697 2308 838 2337 resumat
862 2313 987 2346 corpus,

42 2357 68 2389 in
93 2367 154 2400 quo
177 2362 348 2400 purgetur,
372 2358 427 2390 sed
456 2361 528 2390 ante
563 2358 733 2399 perfectam
769 2357 988 2398 purgationem

31 2419 97 2457 *non
122 2411 223 2443 evolat
246 2411 350 2443 anima
381 2411 411 2442 in
436 2410 576 2443 caelum:
602 2419 677 2452 ergo
709 2419 771 2442 non
808 2413 880 2442 ante
905 2409 987 2442 diem

41 2462 153 2495 iudicii.

129 2517 156 2548 6.
180 2516 271 2555 Item,
296 2525 428 2557 corpora
452 2524 512 2547 nou
530 2515 793 2556 glorificabuntur
816 2518 888 2546 ante
905 2515 989 2546 diem

42 2568 163 2607 iudicii,
195 2573 488 2610 quantumcumque
519 2569 558 2600 sit
590 2572 717 2600 sanctus
749 2568 801 2609 qui
832 2567 988 2599 moritur:

42 2629 114 2663 ergo
137 2623 204 2663 pari
228 2622 348 2654 ratione
374 2631 428 2653 nec
453 2621 584 2653 animae.

128 2674 274 2706 CONTRA:
303 2676 329 2706 1.
359 2675 459 2706 Lucae
492 2673 643 2715 vigesimo
677 2672 789 2705 tertio⁴
821 2673 903 2705 dixit
934 2673 991 2719 Do-

0 2726 146 2759 autminus
169 2727 296 2759 latroni:
320 2727 424 2759 Hodie
440 2736 567 2758 mecum
584 2726 650 2757 eris
668 2726 702 2758 in
716 2725 897 2767 paradiso,
915 2734 991 2767 ergo

43 2779 143 2811 anima
165 2779 294 2812 latronis
317 2780 376 2811 fuit
400 2788 472 2812 cum
497 2779 638 2817 Christo,
663 2778 718 2811 sed
743 2782 880 2817 constat,
905 2778 990 2819 quod

114 2982 121 2998 ¹
142 2983 214 3008 Vers.
241 2984 282 3008 39.
308 2990 376 3016 seq:
403 2984 431 3009 Et
451 2984 475 3007 hi
501 2990 592 3008 omnes
618 2983 763 3008 testimonio
790 2982 849 3007 fidei
875 2982 992 3013 probati,

45 3032 94 3050 non
113 3030 267 3058 acceperunt
286 3028 529 3059 repromissionem,
551 3027 604 3052 Deo
625 3034 672 3058 pro
693 3026 768 3051 nobis
785 3026 877 3051 melius
896 3026 993 3058 aliquid

47 3070 208 3103 providente,
228 3074 255 3096 ut
274 3078 323 3096 non
344 3072 398 3096 sine
417 3075 465 3096 etc.

113 3114 124 3130 ²
143 3115 215 3140 Vei-s.
235 3116 276 3140 33.
297 3121 367 3148 seq:
389 3116 417 3140 Et
435 3118 528 3140 statuet
553 3122 616 3140 oves
643 3115 749 3147 quidem
766 3122 780 3139 a
806 3115 900 3139 dextris
919 3115 991 3146 suis,

46 3157 142 3183 hoedos
166 3161 251 3184 autem
277 3167 290 3184 a
316 3160 431 3184 sinistris.
459 3159 533 3184 Tunc
562 3159 630 3184 dicet
654 3166 697 3183 rex
724 3160 762 3183 his
788 3159 832 3190 qui
858 3166 872 3183 a
898 3159 993 3183 dextris

46 3201 100 3226 eius
117 3205 204 3228 erunt:
219 3203 320 3234 Venite,
335 3203 464 3228 benedicti
484 3203 563 3227 Patris
582 3203 647 3232 mei,
662 3202 792 3233 possidete
812 3205 930 3233 paratum
949 3209 993 3227 vo-

46 3243 84 3269 bis
102 3252 211 3277 regnum
231 3254 245 3272 a
265 3248 443 3272 constitutione
463 3246 561 3271 mundi.
575 3259 611 3264 —
624 3246 731 3270 lnserius
749 3253 778 3271 ex
793 3245 852 3271 cod.
870 3245 887 3270 U
902 3245 993 3271 substi-

46 3289 141 3314 tuimus
158 3289 234 3322 ptius
253 3298 300 3322 pro
317 3290 416 3323 primo.

113 3332 124 3349 3
143 3333 204 3359 Cod.
224 3334 242 3359 F
262 3341 330 3360 cum.

115 3375 125 3392 ⁴
146 3377 217 3402 Vers.
238 3377 279 3403 43.

1051 614 1195 648 Christus
1226 615 1310 657 quod
1343 615 1486 657 promisit
1521 616 1723 657 postmodum
1763 625 1824 648 non
1856 616 2003 649 abstulit:

1051 676 1126 709 ergo
1160 676 1286 709 semper
1320 672 1390 709 post
1423 668 1483 700 fuit
1513 677 1585 701 cum
1618 668 1751 701 Christo.
1776 669 1835 701 Sed
1860 669 2005 702 Christus

1051 720 1192 752 ascendit
1227 720 1258 751 in
1289 720 1428 752 caelum:
1454 729 1529 762 ergo
1560 721 1664 753 anima
1693 721 1823 754 latronis
1847 722 2005 762 ascendit,

1051 780 1126 813 ergo
1149 772 1217 813 pari
1243 772 1363 804 ratione
1387 772 1466 805 aliae
1490 773 1613 805 animae
1637 777 1771 806 sanctae.

1140 826 1170 857 2.
1195 825 1288 864 ltem,
1312 825 1352 858 ad
1388 826 1603 867 Philippenses
1639 827 1776 868 primo-³:
1805 826 1908 868 Cupio
1943 827 2006 859 clis-

1050 877 1135 909 solvi
1156 881 1185 909 et
1215 887 1282 909 esse
1317 887 1392 910 eum
1427 877 1576 917 Christo,
1602 879 1644 911 ita
1675 879 1798 912 dicebat
1822 879 2006 921 Apostolus;

1051 930 1106 962 sed
1131 933 1267 968 constat,
1292 931 1377 972 quod
1402 931 1595 963 desiderium
1629 941 1722 964 suum
1756 942 1816 964 non
1853 936 1920 965 erat
1944 941 2008 965 cas-

1052 992 1135 1015 sum:
1153 992 1228 1024 ergo
1244 984 1348 1015 statim
1368 988 1436 1024 post
1453 984 1689 1016 dissolutionem
1707 985 1764 1017 fuit
1781 994 1852 1017 cum
1872 985 2006 1018 Christo.

1143 1035 1171 1067 3.
1197 1036 1289 1075 Item,
1312 1036 1513 1078 Apocalypsis
1545 1036 1674 1069 sexto⁶:
1700 1037 1806 1069 Datae
1833 1041 1912 1069 sunt
1940 1037 2007 1070 illis

1050 1087 1202 1129 sinyulae
1224 1088 1342 1126 stolatu-
1366 1088 1421 1121 sed
1446 1098 1508 1120 non
1531 1092 1578 1121 est
1595 1089 1674 1121 stola
1690 1089 1747 1122 nisi
1767 1090 1866 1131 gloria
1883 1090 2007 1123 animae

1051 1144 1082 1172 et
1105 1140 1185 1172 stola
1208 1141 1365 1183 corporis:
1391 1150 1466 1183 ergo
1490 1145 1547 1174 etc.

1140 1194 1170 1225 lt.
1195 1193 1269 1226 ltem
1281 1219 1288 1232 ,
1306 1193 1420 1226 caritas
1437 1198 1483 1226 est
1502 1194 1625 1236 pondus
1643 1194 1836 1227 sufficienter
1853 1195 2007 1228 inclinans

1052 1255 1180 1279 sursum
1198 1250 1228 1279 et
1245 1247 1386 1279 elevans:
1406 1256 1480 1289 ergo
1505 1247 1529 1279 si
1555 1257 1617 1279 non
1642 1248 1681 1280 sit
1705 1248 1885 1287 retardans,
1903 1248 2007 1280 statim

1051 1309 1108 1341 per
1132 1300 1294 1332 caritatem
1327 1300 1431 1332 anima
1466 1309 1596 1332 sursum
1632 1300 1753 1339 evolat3
1777 1301 1832 1333 sed
1858 1301 1911 1343 qui
1935 1309 2010 1342 pur-

1052 1356 1144 1394 gatur
1175 1352 1206 1384 in
1242 1353 1435 1394 purgatorio,
1471 1356 1541 1394 post
1573 1354 1792 1395 purgationem
1825 1363 1885 1385 non
1911 1353 2005 1386 habet

1053 1405 1180 1447 aliquod
1205 1405 1383 1438 retardans:
1409 1415 1484 1447 ergo
1509 1407 1613 1439 statim
1639 1406 1750 1439 evolat.

1143 1460 1172 1490 5.
1196 1458 1289 1497 Item,
1322 1458 1449 1491 differre
1485 1460 1663 1492 mercedem
1698 1460 1905 1492 mercenarii⁷
1936 1460 2010 1492 facit

1052 1511 1282 1553 praeiudicium
1308 1511 1463 1551 iustitiae3
1481 1513 1535 1545 sed
1560 1512 1645 1545 Deus
1669 1516 1716 1545 est
1740 1522 1863 1545 summe
1888 1513 2008 1545 iustus:

1053 1573 1127 1605 ergo
1159 1564 1263 1596 statim
1296 1564 1422 1606 quaudo
1455 1565 1573 1597 invenit
1605 1565 1765 1598 hominem
1801 1566 2006 1607 dispositum,

1052 1617 1157 1649 statim
1182 1617 1338 1649 retribuit.

1143 1671 1171 1701 6.
1204 1670 1302 1709 Item,
1336 1679 1428 1711 spes,
1464 1680 1548 1713 quae
1587 1669 1753 1713 differtur,
1782 1671 1905 1714 affligit
1938 1671 2013 1704 cmi-

1053 1732 1144 1754 mam
1156 1722 1185 1754 ⁸:
1203 1722 1229 1754 si
1245 1730 1321 1763 ergo
1338 1722 1484 1754 differtur
1508 1723 1686 1764 praemium
1703 1724 1888 1756 Sanctorum
1907 1733 2009 1766 usque

1053 1776 1094 1808 ad
1119 1775 1290 1814 iudicium,
1315 1775 1458 1815 videtur,
1483 1776 1568 1818 quod
1604 1777 1665 1809 sint
1700 1777 1731 1809 in
1764 1778 1912 1809 continua
1936 1777 2012 1810 affli-

1054 1828 1155 1861 ctione
1194 1831 1224 1860 et
1255 1828 1375 1870 gemitu
1410 1832 1440 1860 et
1471 1830 1723 1871 exspectatione:
1760 1839 1835 1872 ergo
1865 1831 1889 1862 si
1925 1830 2010 1863 Deus

1054 1884 1176 1913 tantum
1202 1881 1321 1919 differt,
1346 1881 1486 1920 videtur,
1503 1882 1588 1923 quod
1606 1882 1673 1924 ipse
1698 1882 1737 1914 sit
1761 1882 2010 1915 crudelissimus.

1411 1996 1652 2021 CONCLUSIO.

1053 2094 1241 2125 Erroneam
1265 2097 1312 2125 est
1335 2093 1464 2132 dicere,
1489 2093 1624 2126 smirnos
1658 2098 1814 2133 sanetas,
1839 2104 1923 2137 quae
1946 2104 2012 2127 non

1142 2144 1260 2185 liabent
1282 2150 1413 2178 reatum
1434 2156 1569 2188 poenae,
1591 2156 1657 2179 uon
1684 2157 1751 2179 esse
1773 2147 1887 2180 statim
1908 2147 2010 2190 glori-

1141 2197 1313 2240 ficaudcw,
1337 2198 1394 2230 sed
1415 2198 1525 2240 potitis
1549 2202 1737 2240 exspectare
1766 2209 1868 2242 usque
1892 2200 1938 2232 ad
1961 2209 2011 2232 ex-

1143 2255 1286 2282 tremum
1311 2250 1396 2283 diem
1421 2251 1549 2283 iudicii.

1144 2356 1346 2388 RESPONDEO:
1372 2356 1564 2395 Dicendum,
1581 2357 1666 2398 quod
1691 2356 1786 2399 aliqui
1811 2357 1905 2389 stulti
1927 2357 2009 2390 circa
2024 2368 2088 2389 Error
2102 2373 2154 2394 quo-

1055 2409 1114 2441 hoc
1137 2412 1261 2447 errant,
1279 2409 1435 2448 dicentes,
1452 2409 1573 2442 animas
1591 2418 1651 2441 non
1668 2418 1736 2442 esse
1761 2410 2010 2451 glorificandas⁹,
2038 2393 2136 2415 ‘undam'

1055 2461 1110 2493 sed
1134 2461 1239 2503 potius
1263 2465 1448 2503 exspectare
1473 2470 1575 2503 usque
1598 2462 1641 2494 ad—
1655 2465 1836 2494 extremum
1862 2462 1946 2494 diem
1967 2462 2012 2494 iu-

1055 2514 1137 2546 dicii.
1162 2533 1206 2537 —
1231 2514 1288 2546 Hos
1312 2514 1428 2546 stultos
1452 2515 1538 2553 dixi,
1563 2514 1712 2556 quoniam
1745 2514 1814 2547 talis
1839 2523 1928 2546 error
1952 2523 2009 2547 nec
2025 2525 2095 2547 natio.

1055 2566 1274 2598 fulcimentum
1300 2567 1395 2598 habet
1419 2567 1458 2598 ab
1482 2567 1668 2599 auctoritate
1693 2576 1748 2598 nec
1765 2567 1805 2598 ab
1829 2566 1946 2599 efficaci
1964 2576 2010 2599 ra-

1056 2619 1155 2657 tione,
1181 2628 1237 2651 nec
1261 2619 1372 2651 habuit
1397 2620 1455 2651 ista
1479 2620 1591 2661 positio
1615 2620 1753 2661 aliquem
1780 2628 1929 2661 magnum
1957 2629 2010 2652 au-

1056 2676 1173 2704 ctorem
1199 2681 1255 2704 nec
1280 2672 1494 2711 defensorem,
1520 2673 1573 2705 sed
1612 2673 1784 2714 imponitur
1819 2673 2010 2714 quibusdam

1056 2724 1190 2756 Graecis.
1216 2725 1348 2756 Videtur
1372 2729 1475 2757 tamen
1501 2734 1558 2765 pro
1575 2725 1634 2757 isto
1650 2734 1758 2757 errore
1774 2726 1876 2757 facere
1893 2725 2010 2764 Glossa,

1056 2786 1136 2818 quae
1160 2780 1207 2809 est
1231 2786 1327 2819 super
1351 2777 1510 2810 Psalmum
1525 2777 1561 2809 ¹⁰:
1583 2777 1660 2810 Noli
1682 2778 1864 2817 aemulari,
1889 2778 1944 2811 uhi
1968 2779 2011 2812 di-

1128 2982 1139 2998 5
1159 2982 1233 3007 Vers.
1254 2982 1298 3007 23:
1319 2982 1480 3007 Desiderium
1500 2981 1598 3007 habens
1619 2982 1724 3007 dissolvi
1745 2985 1794 3007 etc.

1128 3025 1139 3042 6
1159 3026 1233 3051 Vcrs.
1254 3026 1295 3051 ll.

1126 3070 1136 3085 ⁷
1157 3070 1219 3095 Cod.
1240 3070 1257 3094 R
1279 3068 1467 3101 mercenariis,
1490 3069 1547 3094 cod.
1569 3069 1585 3093 S
1604 3068 1780 3095 mercenario.

1127 3113 1138 3129 ⁸
1160 3114 1235 3138 Prov.
1256 3114 1300 3143 13,
1324 3114 1363 3138 12.

1128 3157 1139 3173 ⁹
1158 3157 1222 3182 Edd.
1242 3157 1341 3182 addunt
1354 3158 1415 3182 ante
1433 3156 1502 3182 diem
1515 3156 1612 3183 iudicii.
1630 3157 1677 3182 Pro
1697 3158 1791 3182 errant
1804 3156 1880 3182 codd.
1898 3157 1917 3182 L
1928 3157 1948 3181 R
1960 3157 1977 3181 S
1988 3157 2008 3181 T

1058 3202 1228 3226 errat-erunt.
1251 3201 1306 3225 Mox
1327 3207 1374 3232 pro
1393 3202 1547 3233 eoespecture
1566 3200 1623 3226 cod.
1645 3201 1661 3224 Ρ
1681 3202 1870 3233 eccspectantes.

1130 3244 1151 3260 ¹⁰
1171 3244 1262 3269 Psalm.
1283 3245 1328 3274 36,
1351 3245 1372 3269 =l.
1395 3258 1426 3262 —
1446 3245 1535 3269 Glossu
1561 3248 1599 3270 cst
1624 3244 1764 3270 ordinaria
1790 3244 1861 3276 apud
1887 3244 2009 3270 Strabum

1058 3292 1082 3314 et
1101 3289 1231 3320 Lyranum
1251 3291 1276 3313 et
1294 3291 1378 3313 sumta
1398 3294 1429 3312 ex
1449 3288 1570 3319 August„
1593 3288 1706 3313 Enarrnt.
1727 3289 1752 3313 in
1772 3289 1841 3314 hunc
1861 3289 1901 3314 Ps.
1922 3295 1948 3314 v.
1969 3289 2010 3314 110.

1058 3339 1137 3357 serm.
1154 3333 1178 3357 l.
1194 3339 1219 3357 n.
1240 3332 1277 3363 lO,
1294 3339 1372 3364 quam
1389 3332 1443 3356 Vat.
1459 3333 1490 3357 ita
1512 3333 1552 3357 hic
1571 3332 1672 3357 inserit:
1686 3332 1750 3358 Noti
1768 3332 1911 3365 aemulari,
1929 3339 2009 3364 super

1057 3376 1099 3400 illo
1119 3383 1197 3400 versu
1216 3376 1332 3401 eiusdem
1353 3375 1461 3401 Psalmi:
1482 3376 1516 3401 Et
1538 3375 1627 3402 adhuc
1642 3375 1776 3409 pusillum
1794 3379 1859 3409 Βία,
1886 3376 1931 3402 ubi
1951 3377 2012 3403 dicit
