2483 3882
166 592 269 624 Primo
293 601 367 633 ergo
392 591 567 633 quaeritur,
584 595 692 623 utrum
720 591 838 623 veniale
863 595 1027 633 peccatum

77 645 175 689 possit
200 645 266 677 fieri
294 644 434 676 mortale.
461 644 495 676 Et
519 644 601 686 quod
628 644 689 683 sic,

55 738 59 741 .
169 700 195 730 1.
220 698 277 730 Per
301 697 571 739 complace-nciam
595 697 782 739 specialiter,
805 697 946 730 videtur:
972 697 1029 728 Au-

15 751 259 794 posi-gnstinus¹:
291 750 400 782 «Nihil
435 751 513 782 adeo
542 754 589 782 est
613 749 754 789 veniale,
778 750 862 792 quod
889 759 949 781 non
974 749 1028 781 fiat

15 795 27 810 ¹'
76 804 224 842 mortale,
249 803 324 835 dum
352 803 495 845 placet».
520 822 562 826 —
586 803 676 841 ltem,
693 803 776 844 quod
803 812 859 844 per
883 802 1028 834 maleila-

76 857 200 890 dinem:
226 857 417 898 Augustinus
442 856 481 888 de
505 856 733 888 Poenitentiass:
765 856 943 897 «Quamvis
967 855 1026 887 siu-

75 910 148 952 gula
184 918 244 941 non
277 909 359 941 letali
396 909 528 941 vulnere
561 908 655 941 ferire
691 908 888 946 sentiantur;
922 912 1025 940 tamen

74 963 177 996 omnia
199 962 292 994 simul
310 965 506 1003 congregata,
524 961 611 994 velut
627 961 760 1000 scabies,
778 971 814 994 eo
830 961 915 1003 quod
932 961 1026 1003 plura

75 1019 162 1054 sunt,
189 1018 344 1047 necant».

161 1069 190 1099 ⁹2.
217 1067 308 1106 ltem,
333 1067 462 1099 ratione
498 1066 639 1099 videtur:
677 1067 751 1109 quia
787 1066 1025 1108 complacentia

73 1125 119 1153 est
144 1120 255 1162 plenus
279 1128 472 1157 consensus3
501 1119 555 1151 sed
593 1119 775 1158 delectatio,
801 1128 881 1161 quae
906 1122 953 1151 est
979 1128 1026 1151 ve-

72 1173 179 1213 nialis,
203 1173 388 1205 adveniente
425 1181 597 1211 consensu,
624 1172 657 1204 fit
692 1172 851 1209 mortalis:
877 1181 953 1213 ergo
978 1181 1026 1204 ve-

72 1227 152 1259 niale
178 1235 232 1268 per
268 1226 526 1268 complacentiam
563 1225 597 1257 fu.
622 1225 763 1258 mortale.
788 1225 897 1257 Minor
923 1228 1024 1266 patet,

71 1280 143 1322 quia
167 1279 332 1311 delectatio
357 1288 497 1317 morosa,
523 1288 604 1320 quae
632 1283 679 1311 est
705 1278 834 1311 venialis
859 1282 930 1311 ante
954 1287 1027 1311 cou-

71 1341 212 1371 sensum,
238 1337 345 1374 postea
370 1332 404 1363 fit
429 1332 602 1364 mortalis³.

159 1385 187 1417 3.
214 1385 306 1423 item,
333 1384 494 1426 placitam
526 1388 573 1417 est
608 1384 747 1426 quletata
783 1384 944 1423 voluntas;
968 1385 1024 1417 sed

71 1437 233 1479 quiescens
251 1437 280 1468 in
298 1441 444 1469 creatura
460 1436 578 1468 fruitur
601 1437 671 1475 illa,
689 1441 719 1468 et
744 1437 785 1468 ita
810 1440 917 1478 peccat
942 1446 1022 1468 mor-

72 1491 174 1523 taliter
188 1490 211 1522 ⁴:
236 1499 311 1532 ergo
336 1490 456 1522 veniale
473 1490 505 1521 fit
525 1499 578 1531 per
603 1490 863 1531 complacentiam
882 1490 1022 1522 mortale.

157 1544 188 1576 li.
213 1543 306 1582 ltem,
330 1543 414 1585 quod
434 1552 490 1584 per
507 1543 772 1581 multitudinem,
790 1543 929 1575 videtur:
948 1544 1023 1585 quia

69 1606 157 1630 amor
181 1596 323 1628 mortalis
347 1606 407 1628 non
432 1596 557 1629 excedit
581 1605 722 1628 amorem
747 1596 879 1628 venialis
904 1597 934 1628 in
960 1596 1024 1627 infi-

71 1650 184 1686 nitum;
209 1650 263 1682 sed
301 1650 422 1681 finitum
460 1650 803 1694 aliquotiesfsumtum
830 1650 934 1682 reddit
957 1660 1024 1682 esse

69 1702 241 1745 finitam*
267 1711 341 1744 ergo
366 1706 423 1734 etc.
449 1702 487 1734 Si
511 1707 544 1734 tii
581 1702 691 1740 dicae,
716 1703 801 1744 quod
838 1702 963 1735 excedit
991 1703 1022 1734 in

69 1756 243 1792 infinitum.
260 1757 333 1798 quia
358 1756 417 1788 hoc
442 1760 488 1788 est
512 1765 609 1797 supra
632 1756 751 1794 Deum,
769 1759 799 1788 et
819 1756 899 1787 illud
924 1756 1023 1793 infra3

69 1813 203 1841 contra.-
228 1809 267 1840 ab
292 1808 402 1840 eadem
428 1809 546 1840 virtute
582 1817 642 1840 uon
677 1808 744 1840 exit
769 1811 873 1840 motus
902 1808 932 1839 in
957 1808 1023 1839 infi-

67 1862 166 1894 nitum
191 1862 292 1894 maior
316 1865 347 1894 et
373 1862 492 1900 minor3
517 1862 570 1894 sed
595 1861 736 1893 mortalis
752 1870 841 1893 amor
865 1865 896 1893 et
920 1861 1022 1893 venia-

68 1916 105 1948 lis
129 1919 203 1948 sunt
226 1916 266 1947 ab
289 1915 399 1947 eadem
426 1915 577 1956 potentia:
603 1923 679 1956 ergo
703 1918 760 1946 etc.

160 1970 188 2001 5.
214 1969 305 2007 Item,
330 1968 451 2000 veniale
484 1972 531 2000 est
554 1968 689 2000 alicuius
724 1968 923 2010 quantitatis,
947 1968 1022 2010 quia

69 2025 115 2054 est
137 2022 240 2054 maius
265 2025 294 2053 et
330 2021 451 2059 minus;
488 2021 541 2053 sed
578 2030 670 2053 omne
702 2024 855 2063 quantum
882 2025 929 2053 est
952 2030 1022 2063 pro-

70 2074 240 2116 portionale
265 2077 399 2116 quanto:
418 2083 493 2115 ergo
519 2074 668 2113 mortale,
686 2083 758 2106 cum
784 2074 824 2106 sit
848 2077 1020 2115 quantum,

69 2136 128 2158 non
154 2127 278 2159 excedit
302 2127 423 2159 veniale
448 2127 780 2168 improportionaliter,
806 2130 836 2159 et
860 2127 904 2159 sic
928 2130 985 2159 etc.

157 2181 184 2211 6.
210 2179 303 2218 Item,
328 2188 428 2211 unum
453 2180 575 2212 veniale
607 2180 746 2221 disponit
777 2180 884 2222 aliquo
909 2180 1021 2219 modO,

69 2236 98 2265 et
121 2232 207 2265 aliud
232 2232 349 2273 magis3
374 2233 428 2265 sed
456 2242 511 2274 per
537 2234 685 2265 maiorem
724 2233 960 2275 dispositionem
986 2233 1021 2266 fit

67 2286 282 2317 necessita-3⁵:
319 2295 394 2327 ergo
429 2286 620 2325 necessario,
654 2290 688 2318 ut
724 2286 868 2324 videtur,
899 2287 1021 2319 veniale

66 2338 235 2371 introducit
261 2339 392 2371 mortale
417 2344 590 2380 peccatum.

155 2393 297 2424 CONTRA:
325 2393 351 2423 i.
370 2391 497 2425 Veniale
513 2396 543 2423 et
561 2392 692 2424 mortale
710 2391 812 2433 specie
830 2392 981 2424 disserunt
993 2392 1021 2430 ⁷3

0 2445 123 2479 nentased
147 2445 402 2487 complacentia,
428 2454 465 2477 eo
489 2445 573 2487 quod
599 2445 843 2486 complacentia,
868 2454 929 2476 non
955 2453 1022 2476 mu-

69 2502 112 2531 tat
135 2500 287 2540 speciem,
323 2499 377 2531 sed
406 2502 588 2531 conservat:
625 2508 701 2540 ergo
733 2507 833 2530 unum
860 2507 915 2539 per
940 2507 1022 2529 com-

69 2552 252 2593 placentiam
288 2562 350 2584 non
386 2552 420 2584 fit
455 2552 607 2584 alterum:
645 2561 720 2593 ergo
753 2551 875 2583 veniale
900 2560 960 2582 non
987 2550 1021 2582 fit

70 2605 210 2637 mortale.

714 206 807 238 DlST.
833 206 905 239 XVI.
931 206 961 237 Ι).
986 206 1019 238 ll.
1042 207 1123 239 ART.
1149 206 1193 238 ΙΙΙ.
1219 206 1371 247 QUAEST.
1395 206 1415 238 Ι.
1982 209 2045 241 409

958 374 1141 416 QUAESTto
1166 375 1186 406 1.

638 479 755 512 Utrtim
779 479 904 512 veniale
923 484 1096 521 peccatam
1117 481 1222 522 possit
1244 480 1321 523 sieri
1344 482 1491 514 mortale.

1184 593 1213 623 02.
1239 592 1331 632 Item,
1356 594 1488 626 mortale
1511 595 1637 627 excedit
1660 595 1781 628 veniale
1813 596 1843 627 in
1869 595 2045 636 infinitum,

1094 644 1172 686 quia
1191 654 1291 687 poena
1315 646 1440 678 excedit
1463 656 1596 689 poenam
1621 647 1651 679 in
1676 648 1872 680 infinitum8:
1898 658 1972 690 ergo
1999 658 2046 682 ve-

1094 697 1175 729 niale
1200 697 1348 730 infinities
1372 698 1628 740 multiplicatam
1653 710 1715 732 non
1733 700 1766 733 fit
1792 702 1933 734 mortale.

1448 813 1686 838 CONCLUSIO.

1092 908 1236 940 Peccata
1259 909 1404 941 venialia
1417 919 1478 951 per
1494 911 1668 942 essentiam
1685 921 1750 943 iton
1766 911 1851 953 fiam
1867 914 2044 953 mortalia,

1179 960 1266 1002 sitini
1297 965 1406 993 tamen
1436 962 1602 994 interdum
1634 964 1763 996 ratione
1785 965 1835 997 vei
1853 966 1944 1007 pleni
1974 977 2045 1000 coii-

1180 1023 1307 1052 sensas,
1327 1014 1374 1046 uel
1397 1015 1560 1058 qaietalae
1583 1016 1774 1056 voltmtatis,
1790 1018 1839 1050 vei
1864 1019 2045 1061 dispositio-

1180 1066 1232 1098 πίε
1256 1067 1323 1098 sive
1342 1067 1535 1109 pronitacis.

1179 1172 1379 1205 Ruspouneo:
1404 1173 1593 1213 Dicendum,
1619 1175 1704 1217 quod
1727 1176 1845 1218 triplex
1874 1182 1920 1210 est
1944 1187 2043 1220 genus
2072 1164 2157 1209 Triplex
2170 1167 2206 1213 έθ-

1092 1225 1222 1258 venialis
1245 1226 1372 1267 peccati.
1398 1227 1563 1268 Quoddam
1588 1229 1672 1260 enim
1697 1233 1743 1261 θεῖ
1761 1239 1798 1262 ex
1817 1215 2118 1273 stibrepci'one;1¹1³31⁵u-
2134 1215 2206 1230 vema-

1091 1282 1121 1310 et
1145 1278 1215 1311 ideo
1239 1279 1378 1318 veniale,
1402 1280 1477 1321 quia
1502 1280 1591 1312 vitari
1616 1290 1678 1313 non
1700 1286 1801 1323 potest
1817 1283 1923 1316 tuuc9.
1942 1285 2045 1325 Quod-

1091 1332 1163 1364 dam
1189 1341 1229 1364 ex
1265 1332 1460 1374 equitatione
1491 1334 1557 1366 sine
1593 1334 1754 1368 voluntate
1779 1336 1844 1368 sive
1869 1346 2043 1377 consensu,

1090 1389 1120 1416 et
1145 1385 1214 1417 ideo
1239 1385 1374 1424 veniale,
1399 1386 1473 1428 quia
1498 1396 1560 1418 non
1584 1387 1675 1428 plene
1700 1389 1853 1421 consentit
1878 1390 1981 1429 homo,
2007 1395 2042 1423 ut

1091 1437 1122 1469 in
1146 1438 1331 1479 cogitatione
1356 1438 1394 1470 de
1419 1439 1552 1471 muliere
1577 1444 1607 1472 et
1635 1440 1839 1474 delectatione
1867 1443 1945 1474 citra
1973 1452 2042 1475 con-

1090 1500 1218 1523 sensum
1244 1491 1274 1522 in
1300 1491 1549 1524 delectationem.
1567 1493 1733 1533 Quoddam
1758 1498 1805 1526 est
1829 1494 1950 1527 veniale
1967 1504 2040 1527 cun]

1089 1544 1218 1576 racione
1242 1548 1269 1576 et
1301 1554 1480 1583 muscosa,-
1516 1546 1571 1578 scd
1609 1549 1710 1578 tamen
1738 1546 1807 1578 ideo
1832 1551 1878 1580 est
1902 1549 2043 1588 veniale,

1089 1597 1161 1639 quia
1179 1606 1240 1628 non
1258 1601 1305 1629 est
1322 1597 1518 1629 deordinatio
1536 1602 1644 1630 contra
1661 1603 1876 1640 praeceptum,
1894 1604 1929 1633 ut
1946 1601 2043 1634 ebrie-

1090 1653 1136 1682 tas
1161 1654 1191 1682 et
1216 1650 1416 1682 mendacium
1441 1650 1591 1683 iocosum.

1179 1703 1255 1735 Cum
1282 1704 1378 1745 igitur
1403 1706 1585 1745 quaeritur,
1611 1708 1720 1737 utrum
1746 1706 1867 1738 veniale
1892 1706 1946 1738 fiat
1964 1716 2044 1739 mor·

1091 1756 1150 1788 tale
1160 1769 1167 1794 3
1193 1757 1217 1788 si
1243 1756 1395 1797 intelligat
1408 1757 1437 1795 ¹¹³,
1463 1757 1545 1798 quod
1572 1758 1649 1790 haec
1674 1758 1768 1800 culpa
1791 1768 1848 1801 per
1875 1760 2042 1792 essentiam
2059 1763 2172 1785 Conclusio
2185 1764 2205 1785 1-

1089 1809 1142 1840 siat
1166 1808 1233 1847 illa,
1258 1809 1345 1841 nulla
1381 1814 1428 1841 est
1463 1810 1622 1851 quaestio,
1648 1811 1722 1852 quia
1746 1812 1804 1844 hoc
1830 1816 1876 1844 est
1900 1813 2045 1854 impossia

1089 1862 1159 1894 bile.
1185 1881 1229 1885 —
1253 1862 1280 1893 Si
1316 1862 1484 1904 intelligat,
1509 1863 1594 1905 quod
1631 1863 1709 1896 illud
1742 1866 1826 1906 quod
1863 1866 1940 1898 alias
1975 1870 2044 1899 erat

1088 1916 1227 1955 veniale,
1252 1916 1350 1957 possit
1366 1925 1434 1948 esse
1452 1917 1596 1955 mortale,
1616 1921 1651 1949 ut
1677 1919 1877 1951 mendacium
1903 1920 2043 1953 iocosum

1087 1971 1117 1999 et
1141 1968 1292 2006 ebrietas;
1317 1968 1403 2007 dico,
1428 1969 1512 2010 quod
1549 1969 1710 2011 quoddam
1746 1980 1806 2002 non
1833 1971 1867 2003 fit
1893 1972 2042 2011 mortale,
2058 1975 2168 1997 Conclusio
2180 1976 2204 1997 2·

1088 2021 1247 2063 quoddam
1274 2022 1308 2053 fit
1331 2022 1464 2054 mortale
1485 2032 1546 2064 per
1572 2023 1853 2064 complacentiam.
1884 2025 2041 2057 Primam

1087 2074 1183 2115 igitur
1208 2074 1344 2113 veniale,
1370 2075 1455 2116 quod
1481 2075 1687 2108 committitur
1712 2080 1837 2118 praeter
1870 2078 2168 2117 rationem,0011011151o
2181 2082 2202 2104 3-

1088 2137 1212 2169 semper
1237 2132 1283 2160 est
1307 2128 1451 2166 veniale3
1476 2129 1530 2160 sed
1555 2130 1697 2161 secando
1723 2130 1815 2162 modo
1841 2131 1961 2163 veniale
1985 2141 2042 2173 per

1087 2181 1325 2213 delectationem
1350 2181 1428 2213 citra
1452 2190 1640 2214 consensum
1674 2182 1708 2214 fit
1735 2183 1868 2215 mortale
1892 2192 1949 2225 per
1974 2193 2041 2216 cou-

1087 2243 1233 2273 sensum,
1258 2238 1287 2266 el
1312 2235 1354 2266 ita
1379 2244 1434 2275 per
1459 2235 1735 2276 complacentiam,
1761 2237 1937 2269 secundum
1956 2238 2040 2279 quod

1084 2287 1247 2328 placitam
1283 2287 1398 2319 dicitur
1434 2297 1611 2319 consensus
1644 2288 1770 2329 plenas.
1815 2289 1961 2321 Tertiam.
1994 2298 2043 2322 ve-

1087 2340 1185 2378 niale,
1203 2340 1287 2382 quod
1305 2344 1352 2372 est
1375 2350 1432 2382 per
1456 2340 1695 2373 delectationem
1712 2342 1790 2373 citra
1806 2342 1918 2380 Deum,
1941 2345 2041 2383 potest
2056 2345 2166 2368 Conclusis’
2180 2345 2200 2366 4-

1086 2392 1154 2424 fieri
1181 2393 1313 2424 mortale
1334 2403 1394 2434 per
1420 2392 1587 2425 libidinem
1611 2403 1788 2436 inaquam,
1813 2395 1893 2433 sicut
1917 2395 2041 2426 menda-

1087 2446 1170 2478 cium
1195 2446 1350 2483 iocosum3
1375 2450 1405 2478 et
1440 2447 1499 2478 hoc
1532 2446 1566 2478 fit
1591 2447 1722 2479 mortale
1747 2447 1921 2479 secundum
1947 2447 2040 2488 placi-

1089 2501 1172 2536 tum,
1209 2499 1383 2530 secundum
1420 2499 1505 2540 quod
1537 2498 1701 2540 placitam
1741 2499 1857 2531 dicitur
1893 2499 2040 2542 quietata

1086 2550 1248 2582 volaticas.
1277 2551 1311 2582 Et
1335 2551 1408 2592 quia
1433 2551 1564 2582 iteratio
1589 2556 1677 2583 actus
1710 2552 1846 2593 disponit
1871 2553 1910 2584 ad
1936 2552 2041 2584 libidi-

1087 2613 1159 2635 neni
1184 2607 1214 2635 et
1237 2603 1531 2645 complacentiam;
1555 2604 1628 2635 hinc.
1652 2608 1712 2642 est,
1738 2605 1823 2646 quod
1847 2605 2040 2646 Augustinus

142 2783 148 2799 ¹
169 2784 233 2808 Vide
255 2787 315 2809 tom.
336 2784 361 2808 ll.
383 2791 442 2815 pag.
463 2783 529 2815 576,
552 2786 611 2808 nota
631 2784 655 2808 6.

139 2827 149 2843 ‘2
168 2828 249 2853 Serui.
270 2828 328 2853 351.
349 2828 403 2860 (qui
423 2832 461 2853 est
489 2829 510 2853 l.
532 2828 563 2853 de
589 2827 763 2859 Paenitentia)
783 2835 804 2853 c.
826 2828 849 2852 3.
869 2835 893 2852 n.
915 2828 938 2853 5.
960 2828 1022 2853 Tex-

71 2873 110 2895 tus
129 2872 258 2903 originalis
282 2879 333 2905 quo
356 2871 439 2904 plara
459 2879 507 2903 pro
527 2878 555 2897 eo
576 2872 647 2905 qnod
665 2871 755 2904 plura.
769 2872 864 2896 —ero
880 2879 931 2905 per
958 2871 1022 2897 niul-

70 2913 205 2941 titudinem
225 2916 281 2941 cod.
302 2916 318 2940 S
337 2923 386 2949 per
404 2915 659 2949 muliiplicaiionem.

137 2958 149 2975 ³
167 2959 217 2985 Cfr.
238 2960 263 2984 ll.
283 2961 351 2985 Seni.
371 2960 396 2985 d.
418 2959 459 2985 24.
483 2967 507 2991 p.
529 2961 555 2984 ll.
575 2960 639 2985 dul).
666 2961 685 2984 1.
701 2974 733 2977 —-
746 2960 872 2991 Superius
892 2967 938 2991 pro
952 2967 1023 2986 com-

68 3002 198 3035 placentia
217 3004 293 3029 codd.
314 3004 333 3029 Ο
345 3005 363 3028 R
375 3005 391 3029 S
403 3005 422 3029 T
441 3011 490 3037 per
509 3004 737 3037 complaceatliam.

137 3046 147 3063 4
167 3047 232 3073 Vide
252 3049 266 3072 l.
288 3049 356 3074 Seni.
378 3049 401 3073 d.
428 3049 447 3073 1.
468 3056 490 3073 a.
525 3049 543 3072 l.
573 3056 597 3080 q.
628 3049 650 3073 3.
672 3052 695 3073 vt
715 3056 736 3073 a.
758 3049 781 3073 3.
802 3056 826 3080 (1.
848 3050 879 3080 ‘23
901 3049 926 3073 ll.
953 3049 1020 3073 Seni.

71 3090 94 3115 d.
115 3090 154 3116 42.
175 3100 197 3117 a.
218 3093 240 3117 2.
261 3101 285 3125 q.
311 3094 330 3117 l.
350 3107 384 3110 —
406 3093 465 3117 Fide
487 3093 562 3117 codd.
591 3095 609 3117 Α
623 3093 700 3117 FGll
714 3093 820 3118 VWna
841 3093 1022 3118 substituimus

70 3133 185 3166 quietata
205 3143 251 3166 pro
271 3135 367 3169 quieta,
388 3138 429 3161 liic
448 3140 473 3161 et
492 3136 555 3160 insi-a
577 3137 601 3160 in
622 3136 672 3160 fine
692 3143 763 3167 corp.
778 3139 802 3160 et
817 3136 840 3160 in
855 3137 929 3161 solut.
945 3137 1022 3161 liuius

71 3177 174 3208 obieci.v
194 3179 238 3204 ubi
258 3181 333 3205 ctiam
355 3180 441 3211 piures
461 3180 501 3204 alii
522 3179 598 3204 codd.
619 3180 707 3210 legunt
727 3179 851 3212 quietata.

138 3221 149 3238 ⁵
169 3223 264 3247 Sensus
283 3228 337 3248 cst:
359 3224 471 3254 finitum,
498 3224 518 3248 si
543 3223 678 3254 aliquoties
697 3224 809 3248 sumitur
827 3224 882 3248 sive
902 3224 1022 3254 multipli-

71 3268 154 3296 θεων,
175 3273 225 3291 non
246 3267 272 3292 sit
291 3267 432 3298 infinitum,
453 3267 497 3292 scd
519 3267 628 3291 altorum
649 3266 756 3291 finitimi.
779 3281 811 3284 -—
832 3267 879 3292 Pro
898 3274 952 3293 esse
964 3267 1022 3301 siui-

70 3308 126 3334 tam
145 3309 185 3334 cd.
210 3311 215 3334 1
240 3318 300 3335 cum
322 3311 440 3342 pluribus
460 3311 536 3336 codd.
558 3317 695 3342 perperam
716 3317 771 3336 esse
790 3310 936 3344 infinitam,
962 3312 1018 3336 Vat.

70 3358 123 3381 esse
141 3359 195 3379 tion
214 3353 327 3388 finitum.

214 3406 240 3432 S.
259 3407 361 3433 Bonan.
383 3421 417 3426 —
439 3408 514 3432 Tom.
536 3407 575 3431 lV.

1158 2782 1168 2798 6
1188 2782 1239 2808 Ci'r.
1261 2789 1339 2813 supra
1363 2789 1421 2813 pag.
1443 2783 1489 2812 22,
1511 2785 1568 2806 nota
1589 2783 1612 2807 (J,
1633 2796 1667 2799 --
1687 2783 1812 2813 Superius
1841 2790 1889 2813 pro
1918 2784 1942 2808 ei
1966 2782 2042 2809 (iliaci

1087 2826 1173 2860 ntayi's
1193 2827 1280 2858 plures
1300 2827 1375 2851 codd,
1396 2828 1420 2851 ei
1440 2825 1529 2859 [codd.
1551 2829 1568 2850 A
1582 2827 1615 2851 W
1635 2827 1755 2851 omittunt
1774 2826 1810 2859 et]
1836 2826 1872 2852 acl
1890 2826 1967 2852 aliud
1987 2835 2042 2853 'nla-

1086 2871 1135 2904 qi-s.
1155 2871 1214 2896 cdd.
1235 2871 1271 2896 (nt
1289 2870 1411 2902 mortale,
1428 2870 1485 2895 cod.
1500 2871 1521 2894 F.
1544 2870 1560 2901 (i
1581 2878 1592 2894 a
1614 2871 1728 2895 secunda
1748 2876 1837 2903 manu)
1858 2871 1893 2897 [td
1916 2871 2038 2904 mortale,

1087 2917 1110 2941 et
1129 2915 1204 2941 uliud
1222 2915 1317 2948 maqz's.

1157 2959 1167 2976 7
1188 2960 1217 2985 Ut
1230 2964 1361 2984 ostensum
1378 2963 1416 2983 cst
1431 2958 1695 2983 li.se11t.tt.42.n.2.
1706 2966 1730 2990 q.
1747 2960 1766 2983 l.
1778 2962 1802 2983 ct
1815 2966 1837 2983 a.
1852 2960 1875 2983 3.
1891 2966 1914 2991 q.
1936 2960 1953 2984 1.
1969 2959 2002 2984 ud
2016 2960 2040 2985 6.

1157 3004 1167 3020 ὃ
1188 3004 1253 3029 Vide
1274 3004 1298 3028 il.
1320 3004 1387 3028 Sunt.
1407 3003 1432 3027 d.
1454 3002 1493 3027 42.
1515 3011 1537 3027 a.
1558 3004 1580 3027 2.
1602 3009 1627 3034 q.
1649 3004 1671 3027 Ξ,
1691 3016 1724 3020 —
1744 3003 1850 3027 lutei-ius
1871 3008 1928 3034 post
1945 3003 2041 3037 nonsit

1085 3048 1161 3073 codd.
1183 3049 1201 3072 R
1214 3049 1229 3072 S
1250 3048 1348 3072 addunt
1367 3047 1454 3072 elium.

1156 3092 1167 3108 9
1186 3093 1253 3122 lloc,
1283 3094 1310 3116 ut
1337 3092 1458 3116 asseritur
1478 3091 1503 3115 ll.
1524 3092 1592 3115 o'cnt.
1613 3091 1638 3115 d.
1659 3091 1700 3115 21.
1720 3098 1742 3116 a.
1763 3092 1786 3116 3.
1813 3099 1837 3123 q.
1863 3093 1881 3116 1.
1903 3093 1926 3116 in
1955 3099 2039 3125 corp.,

1087 3136 1179 3161 dicitur
1197 3136 1298 3160 veniale
1317 3143 1329 3159 a
1350 3134 1485 3165 certando,
1508 3135 1567 3166 quin
1587 3135 1658 3160 vonit
1677 3142 1707 3159 ex
1721 3135 1889 3166 subreptione
1908 3140 1932 3161 et
1954 3137 2040 3167 proni-

1087 3184 1135 3205 tate
1155 3184 1260 3204 naturae
1280 3182 1425 3209 corruptae.
1446 3178 1499 3203 lbid
1530 3179 1632 3203 tertium
1652 3186 1735 3210 genus
1755 3180 1864 3205 venialis
1877 3180 1983 3205 inst-rius
1997 3181 2039 3205 ad-

1087 3224 1192 3249 ductum
1213 3218 1320 3248 vocnfur
1344 3232 1355 3245 «
1369 3223 1468 3247 veniale
1488 3229 1517 3247 ex
1538 3230 1633 3253 genere
1653 3228 1725 3248 actus
1739 3233 1762 3247 n.
1777 3223 1826 3248 Cir.
1847 3224 1912 3249 intra
1933 3232 1958 3256 q.
1974 3226 1996 3249 2.
2016 3229 2041 3250 et

1087 3268 1113 3293 d.
1134 3268 1172 3292 17.
1189 3275 1212 3298 p.
1229 3267 1254 3291 ll.
1275 3266 1338 3291 dub.
1357 3267 1381 3290 7.
1397 3281 1430 3283 —
1444 3267 1580 3298 Aliquanto
1599 3267 1704 3292 interius
1724 3274 1771 3299 pro
1792 3267 1860 3293 citra
1880 3274 2039 3294 eonsensum

1086 3312 1145 3337 cdd.
1165 3311 1238 3337 eirca
1257 3317 1426 3337 consensum.

1157 3355 1177 3370 ¹0
1196 3354 1277 3380 Codd.
1299 3355 1350 3379 HK
1363 3362 1392 3379 aa
1413 3355 1454 3379 liic
1473 3359 1497 3380 et
1517 3355 1594 3386 paulo
1614 3356 1720 3381 inferius
1740 3355 1914 3389 intellifflalltr.

1864 3410 1896 3434 52
