2483 3882
769 243 863 276 DIST.
888 244 957 276 XLI.
983 244 1121 278 DIVISIO
1146 246 1300 279 TEXTUS.

445 329 513 359 CAP.
536 330 607 360 VIII.

376 394 457 431 Quid
477 395 517 425 sit
538 395 676 426 incesta&

132 487 143 500 α
159 475 291 504 Incestus
314 477 357 504 est
379 475 670 512 consanguinearum
694 476 739 505 vel
762 476 896 506 affinium
928 477 999 507 abu-

47 532 113 561 sus;
133 523 214 553 unde
229 523 392 553 incestuosi
412 523 555 553 dicuntur
577 524 628 562 qui
652 525 882 562 consanguineis
898 526 944 555 vel
961 526 999 556 as-

47 572 155 602 finibus
177 571 240 601 suis
262 571 470 601 abutuntur».

453 654 522 685 ΟΑΡ.
544 654 592 684 ΙΧ.

379 733 460 771 Quid
484 732 524 763 sit
543 738 659 773 raptus.

128 827 140 840 «
154 814 270 853 Raptus
293 813 470 850 admittitur,
486 821 555 843 cum
576 813 676 852 puella
698 813 844 843 violenter
866 823 882 844 a
905 814 995 844 domo

42 862 137 902 patris
159 862 307 898 educitur,
330 865 362 891 ut
384 865 528 900 corrupta
555 862 583 891 iu
606 870 732 892 uxorem
752 862 909 893 habeatur.
925 863 995 893 Sive

1953 252 2015 284 857

1066 333 1200 371 puellae,
1215 333 1279 364 sive
1294 334 1471 372 parentibus
1487 336 1531 365 vis
1551 335 1631 366 illata
1647 337 1827 373 constiterit,
1846 337 1896 367 hie
1920 342 2015 368 morte

1066 382 1238 412 mulctatur.
1260 382 1318 412 Sed
1340 383 1364 412 si
1387 383 1425 413 ad
1448 383 1614 416 Ecclesiam
1638 394 1706 415 cum
1725 389 1810 424 rapta
1832 386 2016 425 confugerit,

1065 430 1223 468 privilegio
1245 430 1400 461 Ecclesiae
1421 433 1527 462 mortis
1549 433 1757 471 impunitatem
1780 438 1912 465 meretur
1927 448 1953 464 ».
1977 452 2017 458 —

1063 478 1284 508 Attendendum
1301 483 1345 509 est
1360 480 1449 510 etiam
1464 480 1537 510 illud
1555 481 1715 511 Alexandri
1727 482 1746 519 ¹,
1762 483 1813 521 qui
1830 483 1884 512 ait:
1906 483 2015 519 «Quod
2030 493 2159 515 Alexander.

1063 526 1155 557 frater
1182 535 1306 557 sororve
1333 529 1436 558 uxoris
1466 532 1534 559 tuae
1562 530 1682 569 cannati
1702 530 1853 567 dicuntur,
1876 533 2016 570 aequivo-

1063 576 1190 605 cationis
1211 576 1275 606 iure
1291 577 1323 606 sit
1338 580 1367 607 et
1381 578 1558 608 necessitate
1575 579 1708 615 vulgaris
1727 580 1939 619 appellationis
1962 590 2016 620 po—

1064 623 1121 652 tius
1136 631 1226 661 quam
1244 624 1304 655 ulla
1326 633 1417 655 eausa
1433 627 1628 664 cognationis.
1644 627 1726 657 Uxor
1741 628 1820 657 euim
1837 628 1936 659 fratris
1952 629 2016 669 fra-

1063 670 1153 701 trissa
1169 672 1268 710 potius
1290 681 1379 711 quam
1403 678 1528 712 coynata
1550 679 1684 705 vocatur.
1708 676 1803 706 Mariti
1824 677 1915 706 frater
1938 676 2016 707 levir

1062 718 1181 750 (licitur.
1213 721 1346 751 Duorum
1380 722 1504 752 fratrum
1533 731 1644 753 uxores
1675 723 1831 754 ianitrices
1857 730 2012 761 vocantur,

1061 768 1147 806 quasi
1167 768 1293 799 eandem
1317 769 1436 800 ianuam
1460 771 1611 801 intrantes.
1635 772 1697 802 Viri
1720 781 1806 803 soror
1827 774 1892 812 yles
1914 774 2016 813 appel-

1060 816 1148 846 latur.
1171 816 1289 846 Soron-Is
1312 821 1410 847 autem
1428 819 1472 848 vir
1489 828 1546 849 non
1562 820 1653 850 habet
1674 822 1805 860 speciale
1822 830 1943 859 nomen,
1960 831 2014 853 nec

1061 865 1165 894 uxoris
1187 865 1278 895 frater
1294 878 1320 894 ».

377 1003 871 1058 COMMENTARIUS
910 1004 980 1058 IN
1017 1005 1514 1062 DISTINOTIONEM
1550 1010 1677 1063 XLI.

768 1122 818 1159 De
837 1121 1080 1172 impedimento
1101 1123 1287 1161 affinitatis.

711 1227 808 1260 Nanc
832 1229 870 1260 cle
894 1228 1054 1272 affinitate
1077 1230 1254 1262 videndam
1279 1235 1334 1263 esc.

866 1340 1004 1372 DIVISIO
1028 1341 1183 1374 TEXTUS.

124 1439 225 1480 Supra
242 1439 303 1480 egit
320 1438 466 1479 Magister
489 1438 528 1470 de
549 1438 835 1479 consanguinitate3
861 1438 911 1470 hic
927 1439 990 1480 agit

35 1492 74 1525 de
91 1491 258 1530 affinitate,
275 1495 305 1523 et
322 1491 475 1524 dividitur
493 1491 569 1523 baec
589 1500 663 1532 pars
680 1491 710 1522 in
729 1491 818 1523 duas.
838 1491 868 1523 ln
886 1491 989 1533 prIma

34 1545 223 1578 determmat
246 1544 364 1586 gradus
389 1543 556 1576 affinitatis.
582 1544 614 1575 In
639 1544 778 1576 secunda
802 1544 865 1585 agit
889 1544 928 1576 de
945 1553 990 1576 se-

32 1599 194 1641 paratione
211 1590 451 1630 coniunctorum
476 1597 556 1629 infra
573 1597 749 1638 praedictos
774 1597 909 1639 gradus,
929 1597 986 1629 ibi:

34 1653 74 1684 Ec
95 1651 266 1684 sciendam
297 1654 361 1689 est,
393 1650 480 1693 quod
504 1649 649 1682 Ecclesia
674 1648 770 1692 infra
794 1650 987 1691 praedictos

29 1705 161 1748 gradus
185 1708 241 1737 etc.

121 1758 223 1790 Prima
248 1766 321 1798 pars
344 1756 439 1789 habet
464 1760 527 1789 tres
559 1759 672 1798 partes.
698 1756 730 1788 In
755 1756 858 1798 prima
887 1756 986 1788 deter-

31 1812 128 1844 minat
152 1811 270 1852 gradus
293 1809 453 1842 affinitatis
477 1810 651 1842 secundum
677 1809 727 1841 ius
751 1818 927 1841 commune.
954 1810 985 1841 ln

31 1864 169 1897 secunda
185 1862 374 1896 determinat
391 1863 566 1895 secundum
584 1862 848 1904 dispensationem
870 1863 985 1904 specia-

30 1918 106 1956 lem,
131 1917 186 1949 ibi:
213 1916 276 1949 Secl
291 1916 354 1948 alii
374 1916 529 1948 videntur
546 1915 719 1947 concedere
742 1919 799 1948 etc.
830 1916 862 1947 ln
892 1916 984 1948 tertia

29 1980 106 2004 vero
130 1970 169 2003 de
193 1970 331 2002 secundo
356 1978 470 2011 genere
486 1968 663 2008 affinitatis,
687 1969 873 2008 ostendens,
897 1969 982 2011 quod

1055 1440 1228 1472 secundum
1262 1449 1362 1482 genus
1393 1441 1552 1474 affinitatis
1586 1443 1715 1484 impedit
1752 1445 2006 1485 matrimonium,

1055 1492 1113 1524 ibi:
1139 1493 1227 1525 Illud
1250 1494 1349 1526 etiam
1372 1504 1437 1526 non
1462 1499 1508 1527 est
1527 1497 1867 1537 praeteratittcnclain.

1143 1546 1292 1578 Similiter
1326 1548 1465 1579 secunda
1501 1557 1573 1589 pars
1606 1549 1699 1581 babet
1731 1553 1803 1582 tres.
1837 1550 1868 1582 In
1905 1550 2007 1592 prima

1053 1599 1205 1636 ostendit,
1229 1600 1312 1640 quod
1329 1600 1338 1617 ¹
1365 1600 1499 1632 debeant
1524 1601 1675 1642 separari.
1693 1602 1724 1633 ln
1750 1603 1888 1635 secunda
1913 1612 2006 1642 vero,

1053 1653 1126 1693 quia
1151 1662 1210 1684 non
1236 1653 1351 1685 debent
1375 1654 1514 1695 separari
1541 1654 1606 1685 sine
1632 1655 1822 1694 testimonio,
1840 1665 1896 1697 per
1921 1657 2005 1698 quod

1052 1704 1204 1745 probetur
1222 1705 1423 1746 proximitas3
1448 1709 1478 1738 et
1496 1706 1698 1746 determinat,
1720 1708 1772 1749 qni
1798 1709 2006 1749 possunthoc

1051 1757 1228 1796 testificari,
1254 1758 1311 1790 ibi:
1338 1758 1376 1791 Sz·
1399 1759 1464 1791 cluo
1485 1759 1555 1791 viri
1576 1759 1625 1791 vel
1646 1764 1710 1792 tres
1735 1762 2006 1803 consanyuinita-

1051 1813 1112 1842 tem
1129 1815 1185 1843 ete.
1211 1811 1242 1842 ln
1260 1811 1365 1850 tertia.
1390 1812 1464 1853 quia
1481 1813 1637 1846 coniuncti
1659 1814 1740 1846 infra
1764 1815 1882 1856 gradus
1903 1816 2006 1857 prohi-

1050 1863 1130 1895 bitos
1162 1863 1361 1896 committunt
1392 1865 1561 1904 incestum,
1594 1866 1782 1899 determinat
1814 1867 1854 1899 ibi
1889 1877 2006 1909 genera

1048 1921 1249 1959 peccatorum
1275 1918 1358 1950 eirea
1382 1922 1487 1951 actum
1513 1920 1632 1959 carnis,
1658 1920 1716 1952 ibi:
1742 1921 1805 1953 Hic
1829 1921 2005 1954 dicendam

1047 1974 1104 2008 est,
1129 1970 1217 2013 qaod
1238 1970 1334 2003 alind
1356 1971 1400 2003 sit
1422 1970 1623 2013 fornicatio,
1647 1972 1744 2005 aliud
1767 1977 1823 2006 ete.

765 2094 974 2126 TRACTATIO
999 2095 1273 2136 QUAESTIONUM.

906 2202 1124 2226 PRAENOTATA.

116 2283 160 2315 Ad
178 2282 413 2323 intelligentiam
437 2282 609 2323 praesentis
628 2281 852 2321 distinctionis,
870 2282 901 2314 in
918 2292 980 2324 qua

27 2337 131 2378 agitur
147 2336 186 2368 de
203 2335 370 2374 affinitate.
393 2335 495 2376 primo
513 2334 748 2376 procedendum
774 2339 821 2367 est
844 2344 901 2377 per
919 2345 982 2367 mo-

27 2390 104 2422 dum
135 2388 359 2426 narrationis,
391 2389 529 2420 secundo
550 2398 610 2430 ‘per
635 2388 764 2420 modum
798 2388 982 2431 inquisitio-

4 2443 88 2475 ·m's.
112 2443 270 2484 Quantum
296 2450 371 2483 ergo
403 2442 441 2473 ad
477 2441 634 2482 primum,
668 2441 770 2482 primo
801 2441 980 2472 annotanda

27 2500 73 2529 est
96 2494 314 2538 differentict²‚
339 2495 477 2527 secundo
501 2503 577 2526 vero
602 2494 780 2526 annotanda
797 2498 843 2526 est
861 2493 979 2535 triplex

25 2548 148 2581 notula.

113 2601 216 2633 Primo
240 2601 335 2643 igitur
359 2600 586 2632 attendendum
605 2603 668 2638 est,
685 2599 770 2641 quod
788 2599 894 2631 dissert
910 2608 978 2631 esse

10 2654 155 2698 affinem
179 2659 209 2687 et
232 2663 301 2695 esse
325 2653 619 2696 consangyainettm.
645 2653 720 2684 Nam
746 2653 979 2694 consanqnini-

26 2712 77 2740 tas
99 2708 184 2741 venit
208 2717 249 2740 ex
274 2707 377 2740 carnis
400 2706 600 2749 propagine,
618 2707 671 2739 sed
690 2705 839 2749 affinitas
855 2715 895 2738 ex
913 2715 979 2738 car-

25 2761 86 2793 nali
111 2760 357 2798 commixtione,
383 2760 623 2802 praesupposita
641 2763 743 2791 tamen
762 2759 978 2800 consanguini-

24 2817 96 2846 tate.
128 2814 214 2846 Unde
245 2812 394 2856 affi'nitas
425 2812 575 2845 definitur
608 2811 697 2844 sie³:
729 2812 899 2844 «Affinitas
930 2816 976 2844 est

24 2867 210 2909 proximitas
226 2875 434 2909 personarum
452 2875 492 2898 ex
511 2865 628 2898 carnali
647 2866 760 2907 copula
779 2865 975 2907 proveniens,

24 2919 107 2951 omni
131 2928 240 2952 carens
267 2919 428 2960 parentela
444 2932 474 2956 n.
500 2919 658 2960 intellige:
685 2922 840 2960 qnantum
865 2923 912 2951 est
936 2919 975 2951 de

1046 2292 1100 2321 seg
1132 2286 1234 2315 tamen
1268 2285 1494 2326 praesupponit
1517 2285 1829 2327 consanguinitatem.
1856 2287 1941 2319 Unde
1974 2288 1997 2319 si

1045 2336 1116 2377 quis
1148 2337 1305 2377 cognoscit
1337 2337 1520 2375 mulierem,
1550 2337 1685 2370 efficitur
1716 2338 1819 2371 affinis
1852 2340 2000 2373 omnibus

1044 2389 1283 2430 consanguinem
1309 2390 1451 2422 mulieris
1476 2399 1531 2432 per
1557 2391 1641 2423 illam
1667 2393 1944 2432 commixtionem,
1969 2397 2000 2425 et

1045 2451 1062 2474 e
1084 2451 1236 2474 converso
1260 2443 1290 2475 in
1316 2443 1459 2475 muliere.

1132 2495 1275 2527 Secundo
1301 2496 1538 2537 intelligendum
1570 2500 1634 2535 est.
1667 2498 1751 2539 quod
1785 2498 1814 2530 in
1847 2498 2158 2538 affinitateffiffmmffl.

1044 2547 1148 2579 differt
1176 2557 1281 2590 yenas
1305 2552 1335 2580 et
1355 2549 1496 2590 praeliis.
1521 2549 1596 2581 Nam
1619 2559 1724 2592 yemis
1748 2551 1921 2583 attenditur
1953 2560 1998 2584 se-

1043 2601 1182 2632 cundum
1216 2601 1476 2642 plurificationem
1503 2603 1735 2635 commixtionis
1758 2604 1823 2636 sive
1855 2614 1873 2636 a
1906 2608 1996 2646 parte

1043 2653 1292 2693 commixtionis,
1317 2654 1371 2686 sed
1394 2655 1526 2697 zeraclae
1550 2664 1568 2687 a
1591 2660 1680 2697 parte
1702 2657 1864 2698 sanguinis
1880 2662 1911 2689 et
1927 2667 1997 2699 pro-

1043 2707 1236 2748 pagationis;
1261 2711 1390 2749 propter
1414 2708 1497 2750 quod
1523 2708 1658 2740 dicitur:

1195 2787 1272 2811 Mutat
1292 2790 1369 2818 nupta
1391 2794 1486 2819 genus,
1508 2788 1553 2812 sed
1574 2792 1693 2819 generata
1715 2789 1835 2820 gradum.

1041 2866 1126 2898 Unde
1150 2866 1347 2908 antiquitus⁴
1375 2867 1434 2898 trIa
1455 2877 1578 2908 vqenera.
1602 2867 1763 2900 affinitatis
1781 2877 1848 2901 esse
1866 2878 1994 2902 consue-

1043 2923 1164 2951 verunt.
1190 2919 1328 2951 Primum
1354 2921 1454 2961 surgit
1477 2929 1517 2952 ex
1543 2921 1811 2962 consanguinitate
1837 2926 1867 2954 et
1891 2923 1993 2964 prima

23 3073 78 3106 (3.),
88 3073 163 3104 ibid.;
177 3075 266 3100 tertius
281 3075 316 3106 (in
331 3082 406 3106 capp.
420 3074 486 3107 5-9.)
497 3074 523 3100 C.
537 3074 756 3107 Consanqttineos
770 3075 826 3107 (1.),
838 3075 900 3101 ibid.
910 3084 916 3107 ;
927 3076 972 3100 sed

21 3117 109 3143 ultima
131 3119 273 3150 propositio
296 3122 335 3144 est
354 3126 384 3144 ex
404 3119 537 3150 Gratiano,
558 3125 638 3150 super
657 3118 684 3143 C.
704 3118 736 3145 Si
753 3118 806 3144 duo
825 3119 885 3151 (4.),
907 3119 970 3144 ibid.

22 3160 92 3192 Quae
104 3166 248 3194 sequuntur
267 3162 337 3188 idem
357 3162 436 3188 habet
454 3170 534 3194 super
553 3162 580 3187 C.
595 3162 651 3187 Lex
669 3161 719 3187 illa
739 3162 796 3194 (2.),
811 3162 837 3187 C.
852 3162 893 3187 36.
908 3170 933 3194 q.
953 3164 972 3188 l.

91 3204 99 3221 ¹
119 3205 178 3231 Can.
200 3206 277 3238 Quod
294 3208 385 3232 autem
403 3207 460 3239 (5.),
477 3206 503 3232 C.
519 3207 560 3231 35.
581 3214 605 3238 q.
626 3206 650 3231 5.
671 3206 720 3231 Csr.
735 3206 834 3237 Isidor.‚
856 3206 898 3231 lX.
917 3207 973 3238 Ety-

21 3247 117 3280 molog.
136 3256 158 3274 c.
177 3249 201 3275 7.
222 3257 246 3275 n.
268 3250 310 3275 i7.

259 3293 367 3319 NOTAE
388 3293 430 3319 AD
451 3292 728 3320 COMMENTARIUM.

90 3336 97 3352 ¹
118 3336 183 3362 Edd.
199 3338 239 3363 hic
253 3345 300 3369 pro
320 3337 391 3371 quod
410 3341 435 3363 et
455 3338 533 3369 paulo
553 3338 659 3362 inferius
674 3344 722 3369 pro
736 3337 801 3370 quia
814 3337 972 3363 substituunt

21 3378 73 3412 qui.
86 3380 200 3406 Subinde
220 3388 267 3412 pro
283 3381 415 3414 probetur
434 3381 493 3407 edd.
513 3380 677 3414 prohibetur.

160 3433 189 3459 S.
210 3433 310 3459 Bonav.
331 3448 367 3453 —
388 3435 462 3459 Tom.
482 3434 524 3460 lV.

1108 3076 1118 3092 ἵ
1140 3076 1195 3100 Vat.
1216 3075 1315 3108 triplex
1334 3075 1492 3109 differentia.

1107 3120 1118 3136 3
1138 3121 1162 3144 ln
1184 3120 1358 3145 Declaratioue
1378 3120 1477 3145 arboris
1498 3121 1626 3146 affinitatis
1645 3120 1672 3146 C.
1693 3121 1733 3147 35.
1755 3129 1779 3154 q.
1801 3123 1824 3147 5.
1845 3123 1868 3147 in
1886 3123 1943 3148 fine.
1957 3137 1992 3141 —

1036 3165 1161 3195 Superius
1181 3171 1228 3195 pro
1247 3163 1393 3197 propayine
1412 3165 1485 3189 multi
1505 3165 1582 3190 codd.
1603 3166 1808 3198 propayalione.

1107 3207 1116 3223 ⁴
1136 3208 1185 3232 Ctr.
1206 3208 1294 3232 Glossa
1315 3209 1339 3232 in
1360 3208 1386 3232 C.
1406 3208 1468 3234 Non
1487 3208 1559 3234 debet
1578 3209 1642 3241 (8.)‚
1663 3209 1695 3234 X.
1716 3209 1748 3234 (le
1762 3209 1990 3242 Consanguinitate

1035 3254 1060 3277 et
1078 3252 1199 3277 affinitate
1219 3251 1274 3283 (lib.
1295 3252 1334 3277 lV.
1355 3253 1389 3277 tit.
1413 3251 1478 3284 lla),
1507 3252 1540 3277 ad
1568 3252 1650 3278 verba
1674 3254 1705 3279 In
1724 3253 1840 3280 secundo
1859 3256 1883 3280 et
1903 3254 1990 3280 tertlo.

1036 3310 1069 3313 —
1089 3296 1144 3319 Mox
1164 3302 1211 3326 pro
1230 3294 1366 3329 affinitatis
1387 3302 1436 3320 non
1458 3296 1532 3326 pauci
1553 3296 1628 3321 codd.
1650 3297 1907 3330 consanguinitatis,
1930 3305 1989 3329 per—

1036 3346 1139 3370 peram,
1161 3340 1226 3364 sicut
1245 3340 1321 3364 etiam
1341 3339 1447 3364 interius
1467 3346 1514 3371 pro
1534 3346 1568 3365 ca:
1588 3340 1714 3374 affinitate
1741 3341 1796 3367 Vnt.
1823 3348 1858 3368 ea:
1880 3348 1990 3368 consan-

1033 3381 1172 3416 yuv'nitate.

1800 3439 1845 3463 108
