2483 3882
898 271 1012 304 INDEX
1037 272 1308 313 QUAESTIONUM.

251 355 279 381 11.
298 356 388 381 Utrum
408 356 538 382 voluntate
558 357 724 383 deliberativa
744 358 857 384 damnati
877 366 928 384 ma-

332 409 377 433 lint
395 416 446 434 non
465 416 522 435 esse
542 416 620 442 quam
640 411 676 436 sic
695 417 751 436 esse
789 432 794 437 .
834 431 840 437 .
878 430 885 436 .
920 418 981 445 pay.
1003 412 1070 437 1037

244 460 279 485 111.
300 460 390 486 Utrum
411 461 523 486 damnati
547 461 663 492 mallent,
693 469 784 488 omnes
811 470 868 488 esse
888 463 930 488 da-

330 516 441 545 mnatos,
457 520 535 546 quam
550 514 678 546 quosdam
692 515 839 548 damnatos,
854 523 929 548 quos-

333 564 393 590 dam
413 565 503 591 beatos
522 585 927 593 ..........
966 577 977 591 »
1006 569 1069 593 1039

265 617 402 644 Anu-tentus
420 618 446 644 11.
465 618 503 644 De
521 618 706 645 excaecatione
725 616 926 646 damnatorum.

119 670 226 702 QUAEST.
264 671 281 695 1.
301 670 392 696 Utrum
412 672 436 696 in
457 672 555 697 inferno
569 673 618 697 sint
631 673 752 698 tenebrae
771 674 927 705 corporales.
967 683 978 696 »
1002 672 1069 698 ’1040

252 723 279 748 ll.
299 723 390 748 Utrum
409 724 434 748 in
455 723 582 749 damnatis
610 727 685 750 erunt
709 725 830 751 tenebrae
858 726 930 757 spiri·

131 785 163 790 *κ
333 777 414 802 tuales
434 777 521 809 quoad
540 780 625 803 actum
646 778 840 810 cognoscendi.
877 796 884 804 .
923 797 928 803 .
967 787 978 801 »
1004 778 1065 803 ’1041

245 828 282 854 111.
303 829 394 854 Utrum
413 830 438 854 in
459 829 586 855 damnatis
605 831 654 856 sint
672 830 793 856 tenebrae
813 832 930 863 spiritua-

1268 362 1404 386 Anrtcums
1423 362 1438 386 Ι.
1460 361 1496 387 De
1515 361 1662 395 coy'nz'tione
1680 361 1787 388 animae
1806 363 1953 396 separatae.

1136 413 1241 444 Quansr.
1279 414 1295 438 l.
1315 413 1406 438 Utrum
1425 414 1510 439 anima
1529 417 1646 446 separata
1673 414 1766 439 habeat
1795 421 1871 440 usum
1899 422 1944 446 po-

1267 518 1293 542 li.
1312 518 1402 544 Utrum
1422 519 1507 543 anima
1526 522 1643 550 separata
1663 522 1801 551 cognoscat
1821 527 1850 545 ea
1876 527 1942 552 quae

1252 622 1288 647 ΙΙΙ.
1308 622 1398 648 Utrum
1410 623 1477 648 Beati
1488 623 1633 649 etdamnati
1644 626 1942 656 mutuosecognoscant.
1980 633 1992 647 ι

1267 675 1405 700 Αητιςυιυε
1423 676 1449 701 ΙΙ.
1470 676 1507 701 De
1524 683 1627 709 verme,
1650 676 1697 710 qui
1714 678 1752 703 est
1770 676 1798 702 in
1818 676 1959 703 damnatis.

1135 727 1241 759 Qumzs'r.
1280 728 1295 752 Ι.
1325 728 1414 753 Utrum
1442 729 1553 754 damnati
1582 729 1693 755 habeant
1724 737 1840 755 vermem
1867 734 1944 756 mate-

1346 781 1434 806 rialem
1491 798 1942 810 ...........
1980 792 1991 805 1›

1268 833 1294 858 ll.
1313 833 1403 858 Utrum
1422 836 1446 859 et
1465 841 1516 866 qua
1536 835 1634 860 ratione
1653 836 1677 860 in
1691 835 1819 861 damnatis
1838 836 1869 861 sit
1888 842 1944 861 ver-

331 882 368 907 les
387 883 474 915 quoad
494 886 579 908 actum
600 884 762 909 memorandi
787 904 793 909 .
831 903 837 909 .
875 903 881 909 .
922 905 927 910 .
967 894 978 908 υ
1003 884 1070 910 1043
1346 887 1395 911 mis
1415 887 1553 918 spiritualis
1579 906 1942 913 .........
1980 897 1992 911 J)

536 934 602 961 Pars
620 935 653 961 II.
1259 938 1294 964 111.
1315 938 1404 964 Utrum
1424 940 1520 964 vermis
1539 939 1579 965 ille
1599 940 1630 965 sit
1648 939 1806 965 invariabilis
1848 960 1853 965 .
1892 959 1899 965 .
1936 959 1943 966 .
1980 950 1992 963 υ

120 986 218 1013 Divisio
238 989 321 1013 textus
342 1007 930 1015 ..............
969 1000 980 1013 »
1005 990 1071 1015 4044.
1135 990 1249 1016 Dubium
1269 992 1335 1016 circa
1355 991 1463 1017 litteram
1483 993 1595 1023 Magistri
1620 1011 1940 1018 ........
1979 1003 1989 1017 ιι

1050 1983 1155 2010 Erram-

475 2080 536 2105 pag.
593 2074 608 2099 5
628 2073 675 2099 coi.
698 2074 720 2098 Ι1.
740 2074 765 2098 in
785 2073 870 2101 indice
890 2074 1062 2106 capitulorum
1083 2073 1143 2099 dist.
1161 2073 1229 2098 XIV.
1249 2073 1342 2098 melius
1361 2079 1421 2097 eum
1441 2073 1531 2104 paucis
1551 2072 1627 2098 codd.
1647 2073 1768 2098 uniantur

900 2128 957 2154 cap.
977 2122 1006 2146 II
1023 2124 1048 2146 et
1069 2121 1120 2152 III,
1143 2123 1171 2145 ut
1193 2121 1300 2145 fecimus
1326 2121 1351 2144 in
1376 2120 1410 2144 lit.
1430 2120 1543 2151 Magistri
1562 2127 1622 2151 pag.
1643 2120 1692 2145 345
1712 2127 1767 2153 seq.

548 2170 597 2194 435
618 2170 665 2195 col.
687 2170 710 2195 1.
731 2170 796 2194 linea
818 2170 858 2194 18.
878 2176 892 2194 a
911 2172 985 2201 parte
1003 2176 1063 2200 sup.
1082 2169 1175 2194 excidit
1190 2175 1241 2202 pro
1261 2171 1319 2193 ante
1335 2167 1461 2201 parvulo.

563 2227 575 2240 ³²
634 2227 646 2240 1³
694 2219 718 2243 2.
757 2227 768 2241 ιι
823 2218 864 2243 ¹⁴10.
938 2227 949 2241 2>
1027 2227 1039 2240 »

547 2265 596 2291 348
638 2275 649 2289 n
698 2267 721 2290 lt.
742 2269 801 2291 nota
839 2267 862 2291 3.
883 2273 931 2297 pro
951 2265 1013 2298 Gap.
1033 2264 1069 2297 5,

548 2363 769 2388 483n2.»
841 2364 950 2388 aa»
1027 2373 1039 2386 1>

494 2179 507 2193 1>

492 2227 504 2240 )>

491 2275 503 2289 D

492 2324 504 2338 2>
546 2314 596 2339 473
636 2322 648 2338 a
695 2315 717 2339 11.
740 2315 804 2340 linea
826 2315 866 2340 31.
887 2321 902 2339 a
920 2317 993 2346 parte
1012 2321 1070 2346 sup.
1090 2321 1138 2346 pro
1157 2313 1178 2339 ὅ
1197 2321 1265 2346 pone
1283 2312 1311 2340 4.

494 2371 506 2387 t)

493 2420 505 2435 l)

1092 2224 1140 2249 pro
1160 2216 1283 2250 sequitur
1301 2217 1358 2248 lege
1376 2215 1504 2250 sequitur.

1093 2263 1134 2292 20
1152 2267 1247 2291 rectius
1266 2266 1357 2291 citetur
1377 2264 1440 2298 Cap.
1463 2263 1511 2298 48,
1533 2263 1584 2294 24.

1093 2370 1141 2394 pro
1159 2362 1293 2397 dispositio
1313 2363 1370 2394 lege
1390 2361 1524 2396 disposito.

545 2412 595 2436 898
615 2412 640 2436 in
660 2412 731 2438 titulo
753 2412 776 2437 3.
797 2412 954 2444 quaestionis
974 2418 1022 2443 pro
1041 2410 1177 2445 aperietur
1196 2412 1252 2443 lege
1271 2411 1418 2445 aperiatur.

1347 466 1437 491 tentiae
1457 467 1594 492 sensitivae
1619 485 1896 493 .......
1932 474 1994 502 paq.

1346 572 1412 596 circa
1432 578 1478 597 nos
1497 574 1623 603 geruntur
1669 590 1943 597 .......
1981 582 1993 596 ³>

1999 276 2082 308 1067

2016 468 2084 493 ι1041

2021 572 2085 598 1047

2018 623 2084 649 11049

2020 782 2084 807 1050

2018 889 2026 912 11
2035 888 2080 913 051

2020 940 2083 966 1053

2049 993 2083 1018 11),
