2483 3882
454 231 518 263 814
1214 230 1497 263 SENTENTIARUM
1520 231 1588 263 LIB.
1612 232 1659 264 IV.

711 429 1203 484 COMMENTARIUS
1242 431 1312 484 IN
1349 431 1842 487 DISTINGTIONEM
1878 434 2155 490 XXXVIII.

861 546 911 583 De
939 546 1191 597 impedimentis
1225 547 1307 584 ortis
1337 559 1379 584 ex
1408 547 1610 598 obligatione
1638 549 1707 586 voti
1735 556 1767 587 et
1794 550 2010 588 matrimonii.

1145 652 1242 685 Nunc
1266 653 1304 685 cle
1325 657 1397 685 voto
1421 653 1643 695 inspiciamus
1668 658 1725 688 etc.

1277 764 1415 797 DIVISIO
1440 765 1595 797 TEXTUS.

539 861 640 902 Supra
664 860 726 901 egit
749 860 894 902 Magister
918 861 957 893 de
982 860 1222 903 impedimento,
1244 862 1328 903 quod
1353 871 1402 894 ve-

449 912 516 944 nit¹
542 921 583 945 ex
607 912 815 945 ecclesiastiea
839 913 1041 946 institutione.
1067 913 1119 946 Hic
1142 914 1205 955 agit
1237 914 1275 947 de
1306 915 1400 956 impe-

450 965 605 1004 dimento,
628 967 712 1007 quod
737 966 822 999 venit
845 975 885 998 ex
910 970 1017 999 nostra
1041 966 1251 1008 obligationes
1269 967 1303 999 Et
1326 977 1400 1009 quo-

448 1017 532 1049 niam
557 1018 724 1060 dupliciter
748 1022 850 1061 potest
873 1019 987 1058 aliquis
1003 1018 1134 1060 obligari
1152 1019 1263 1058 alicui,
1281 1019 1400 1052 scilicet

448 1074 519 1103 voto
537 1074 567 1103 et
583 1071 800 1109 matrimonio3
817 1072 888 1104 ideo
903 1071 1006 1113 primo
1022 1071 1085 1113 agit
1101 1071 1140 1103 de
1157 1071 1399 1113 impedimento,

448 1123 532 1165 quod
560 1125 645 1156 venit
675 1133 716 1157 ex
748 1124 936 1166 obligatione
969 1124 1050 1162 voti;
1082 1124 1220 1156 secundo
1251 1133 1327 1156 vero
1359 1125 1398 1157 de

446 1176 500 1208 illo
525 1177 606 1218 quod
634 1177 777 1218 provenit
800 1186 841 1209 ex
865 1176 1053 1218 obligatione
1079 1177 1287 1216 matrimonii,
1306 1182 1336 1210 et
1356 1178 1399 1210 in-

448 1229 524 1271 cipit
548 1229 601 1262 illa
625 1230 763 1262 secunda
787 1239 878 1271 pars,
903 1230 961 1262 ibi:
989 1225 1148 1262 Caninii*
1172 1234 1200 1262 et
1224 1230 1343 1263 mulier
1361 1231 1398 1263 le-

444 1283 558 1324 gsitime
582 1282 749 1315 coniuncti
772 1286 850 1315 simi
873 1286 930 1315 etc.

534 1335 637 1367 Prima
660 1345 734 1378 pars
758 1336 853 1368 habet
876 1336 965 1369 duas.
991 1336 1023 1368 In
1055 1337 1158 1378 prima
1190 1337 1397 1377 determinat,

445 1387 521 1430 quid
539 1388 578 1420 sit
594 1391 720 1427 votum,
745 1388 883 1421 breviter
907 1389 1057 1428 innuens,
1083 1389 1158 1431 quid
1176 1389 1215 1421 sit
1232 1393 1262 1422 et
1278 1390 1317 1422 de
1334 1399 1397 1432 quo

445 1443 475 1473 et
499 1450 646 1483 quorum.
670 1441 702 1472 In
727 1441 866 1473 secunda
890 1441 1078 1474 determinat
1102 1442 1349 1484 deobligatione
1365 1442 1396 1474 in

445 1494 676 1535 comparatione
715 1494 755 1526 ad
794 1495 1049 1534 matrimonium,
1089 1495 1274 1534 ostendens,
1310 1496 1395 1537 quod

444 1546 603 1589 quoddam
629 1547 776 1589 impedit,
802 1547 856 1580 sed
882 1557 943 1580 non
968 1548 1104 1588 dirimit,
1129 1551 1164 1580 ut
1187 1552 1296 1581 votum
1325 1549 1397 1581 sim-

1464 862 1558 903 plex3
1583 863 1742 904 quoddam
1768 867 1798 896 et
1820 864 1950 906 impedit
1982 868 2012 897 et
2043 865 2178 906 dirimit,
2202 871 2238 900 ut
2266 868 2413 902 solemne.

1466 916 1500 947 Et
1524 915 1631 957 incipit
1655 916 1707 947 illa
1729 917 1867 950 secunda
1890 927 1964 960 pars
1989 918 2048 950 ibi:
2066 919 2241 952 Sciendum
2258 931 2334 954 vero
2351 927 2413 962 est,

1464 969 1552 1011 quod
1573 972 1725 1001 votorum
1750 970 1846 1002 aliud
1867 975 1913 1003 est
1937 981 2109 1004 commune
2133 977 2189 1006 etc.

1552 1021 1695 1054 Secundo
1720 1023 1828 1055 modo:
1850 1023 1931 1056 Cum
1948 1024 2000 1056 vir
2018 1028 2047 1056 cc
2061 1025 2181 1057 mulier
2199 1025 2337 1068 legitime
2354 1031 2411 1061 etc.

1463 1073 1541 1106 Haec
1565 1076 1612 1106 est
1636 1075 1774 1107 secunda
1797 1084 1889 1117 pars,
1914 1076 1945 1108 in
1970 1086 2031 1118 qua
2056 1077 2245 1110 determinat
2268 1079 2412 1121 Magister

1463 1127 1501 1159 de
1526 1127 1750 1169 impedimento
1775 1128 1947 1170 ligaminis,
1964 1132 1993 1162 et
2012 1130 2106 1162 babet
2124 1130 2201 1164 haec
2224 1141 2297 1173 pars
2322 1133 2409 1165 duas.

1462 1179 1494 1211 In
1518 1180 1621 1221 prima
1644 1181 1796 1220 ostendit,
1822 1182 1906 1223 quod
1923 1182 2060 1224 legitime
2082 1184 2246 1225 copulatus
2270 1185 2325 1217 uni
2350 1195 2411 1218 non

1461 1236 1579 1273 potest,
1604 1232 1657 1264 illa
1681 1233 1822 1273 vivente,
1847 1234 1899 1266 alii
1924 1235 2084 1277 copulari,
2109 1245 2166 1269 nec
2197 1246 2213 1269 e
2244 1246 2413 1277 convers0;

1461 1288 1492 1317 et
1516 1285 1541 1317 si
1565 1286 1731 1328 copuletur
1755 1286 1793 1319 de
1817 1287 1913 1327 facto,
1938 1297 1999 1319 non
2031 1292 2078 1321 est
2109 1289 2354 1323 matrimonium.
2378 1292 2411 1324 In

1461 1338 1600 1371 secunda
1623 1339 1764 1381 quaerit,
1787 1342 1897 1372 utrum
1932 1341 2067 1383 copulati
2105 1342 2144 1375 de
2179 1343 2258 1376 facto
2293 1345 2412 1385 possint

1461 1399 1517 1432 per
1533 1391 1740 1433 ignorantiam
1758 1392 1798 1424 ab
1814 1393 1971 1426 adulterio
1988 1395 2149 1435 excusari,
2163 1395 2219 1428 ibi:
2238 1396 2300 1428 Hic
2317 1406 2411 1439 quae-

1461 1443 1551 1475 ritur
1575 1444 1613 1476 de
1637 1444 1703 1476 illis
1726 1443 1879 1486 feminis,
1903 1456 1987 1489 quae
2007 1451 2162 1488 putantes
2185 1452 2261 1488 etc.;
2282 1449 2337 1482 ubi
2362 1450 2410 1483 de-

1461 1497 1625 1537 terminat,
1648 1498 1733 1539 quod
1764 1503 1977 1538 excusantur,
2003 1501 2129 1542 quando
2161 1502 2322 1542 dubitant,
2354 1504 2408 1536 sed

1461 1550 1587 1591 quando
1612 1550 1841 1590 certificantur,
1866 1561 1927 1584 non
1952 1556 2149 1586 excusantur
2165 1553 2186 1586 ².

1179 1686 1387 1719 TRACTATIO
1412 1687 1684 1728 QUAESTIONUM.

531 1795 575 1828 Ad
600 1795 835 1837 intelligentiam
852 1797 1025 1838 praesentis
1043 1797 1249 1830 distinctionis
1273 1798 1395 1839 quaeri-

442 1850 495 1880 tur
519 1848 558 1880 de
582 1852 663 1880 voto.
690 1849 724 1880 Et
741 1849 779 1881 de
797 1849 854 1881 hoc
872 1850 934 1881 duo
951 1849 1165 1891 principaliter
1183 1854 1395 1892 quaeruntur.

531 1901 634 1933 Primo
658 1902 822 1943 quaeritur
847 1901 886 1934 de
910 1905 981 1934 voto
1006 1903 1037 1934 in
1063 1911 1104 1935 se.

532 1953 674 1986 Secundo
699 1954 863 1995 quaeritur
887 1954 925 1986 de
949 1958 1021 1986 voto
1046 1955 1077 1986 in
1103 1955 1335 1996 comparatione
1356 1956 1394 1988 ad

443 2006 672 2048 obligationem.

1548 1798 1636 1831 Circa
1659 1800 1800 1840 primum
1825 1805 2023 1841 quaeruntur
2049 1802 2117 1834 tria-

1547 1851 1650 1883 Primo
1681 1851 1845 1893 quaeritur
1878 1853 1916 1885 de
1949 1858 2038 1893 voto,
2071 1854 2147 1896 quid
2171 1855 2211 1887 sit
2235 1856 2407 1889 secundum

1458 1904 1634 1935 essentiam.

1548 1957 1690 1989 Secundo
1714 1958 1895 1998 quaeritur,
1921 1959 1959 1991 de
1984 1968 2046 2001 quo
2071 1960 2117 1992 sit.

1548 2009 1668 2048 Tertio,
1693 2010 1723 2041 in
1748 2019 1811 2052 quo
1836 2011 1884 2043 sit.

1268 2132 1533 2171 ARTICULUS
1559 2134 1584 2171 I.

1300 2235 1346 2266 De
1361 2237 1433 2266 voco
1450 2234 1486 2266 iii
1501 2244 1543 2267 se.

1315 2346 1498 2387 Quaestio
1522 2346 1542 2378 1.

1074 2443 1162 2483 Qaisl
1184 2443 1228 2475 stc
1250 2447 1362 2475 ¹uotam
1385 2444 1567 2476 secandum
1591 2445 1774 2477 essentiam.
1815 2459 1821 2465 ·

527 2554 683 2595 Quantum
717 2554 756 2586 ad
785 2554 924 2596 primum
950 2554 993 2587 sic
1017 2554 1199 2596 proceditur
1230 2559 1261 2587 et
1292 2558 1391 2588 osten-

437 2606 539 2645 ditur,
569 2607 652 2649 quod
686 2610 794 2639 votum
819 2607 994 2639 secundum
1020 2607 1228 2640 substantiam
1254 2608 1293 2640 sit
1314 2618 1390 2650 pro-

434 2660 567 2692 missio:

527 2714 553 2744 1.
579 2713 635 2745 Per
660 2713 872 2746 definitionem
897 2713 1032 2755 Hugonis
1048 2713 1079 2745 3;
1108 2714 1252 2746 «Votum
1276 2717 1321 2746 est
1347 2717 1388 2746 te-

278 2765 579 2800 Fundamenta.SllfiCatiO
597 2766 751 2808 quaedam
768 2766 983 2808 promissionis
1000 2769 1199 2808 spontaneae,
1213 2776 1294 2809 quae
1310 2767 1384 2806 Deo,

434 2822 464 2851 et
488 2818 526 2851 de
550 2819 600 2851 his
624 2828 704 2860 quae
729 2819 792 2851 Deo
816 2819 987 2861 pertinent,
1006 2820 1133 2861 proprie
1156 2819 1224 2852 fieri
1249 2820 1385 2852 debet».

523 2872 550 2903 2.
577 2871 669 2909 Item,
694 2875 765 2903 voto
790 2880 822 2903 se
847 2871 963 2913 obligat
987 2872 1081 2903 homo
1105 2872 1144 2904 ad
1169 2872 1218 2910 id,
1243 2872 1282 2904 ad
1300 2872 1385 2913 quod

434 2925 522 2967 prius
546 2934 607 2957 non
632 2924 852 2966 otiliganatur3
878 2925 932 2957 sed
957 2925 1051 2957 homo
1075 2925 1114 2957 ad
1139 2934 1255 2957 novum
1275 2934 1307 2957 se
1325 2934 1383 2957 non

434 2978 550 3019 obligat
581 2977 638 3009 nisi
672 2981 800 3019 propter
825 2977 1030 3016 beneficium,
1056 2977 1104 3009 vel
1128 2980 1257 3019 propter
1282 2986 1385 3019 pecca-

1456 2559 1540 2595 tum,
1565 2556 1615 2588 vel
1639 2560 1768 2598 propter
1790 2557 2005 2598 promissum3
2030 2559 2085 2591 sed
2111 2559 2140 2592 in
2165 2564 2236 2593 voto
2254 2570 2314 2594 non
2332 2562 2404 2594 obli-

1454 2612 1545 2650 gatur
1570 2609 1664 2641 homo
1688 2609 1856 2650 beneficio,
1892 2611 1938 2643 vel
1972 2615 2117 2653 peccato:
2149 2622 2224 2655 ergo
2248 2614 2403 2656 obligatur

1452 2661 1678 2703 promissione:
1704 2671 1779 2704 ergo
1803 2663 1969 2705 promissio
1999 2667 2044 2697 est
2069 2665 2107 2697 de
2132 2666 2307 2699 substantia
2331 2666 2403 2700 voti.

1540 2715 1633 2754 Item,
1659 2716 1743 2757 qnod
1768 2716 1807 2748 sit
1831 2716 2001 2758 obliyaizcli
2022 2718 2155 2750 intenlio
2170 2718 2197 2757 4,
2223 2719 2368 2752 videtur:

1541 2767 1569 2799 3.
1594 2768 1689 2809 Quia,
1722 2769 1802 2800 sicut
1834 2769 2070 2802 matrimonium
2099 2774 2146 2803 est
2169 2771 2209 2803 ab
2233 2781 2328 2813 opere
2352 2781 2401 2804 no-

1451 2823 1532 2859 stro,
1558 2821 1601 2853 sic
1626 2824 1655 2853 et
1680 2825 1806 2860 votinn3
1831 2822 1885 2854 sed
1917 2823 2025 2854 nullus
2059 2824 2215 2856 contrahit
2244 2825 2400 2857 matrimo-

1450 2873 1548 2911 nium,
1562 2878 1854 2916 quantumcumque
1872 2875 2034 2916 promittat
2052 2876 2211 2916 exterius,
2228 2877 2286 2910 nisi
2305 2878 2397 2910 inten-

1450 2926 1503 2957 dat
1526 2934 1559 2958 se
1583 2926 1723 2967 obligare
1748 2927 1813 2959 sive
1837 2928 2008 2960 consentiat
2032 2929 2185 2960 interius:
2211 2938 2285 2971 ergo
2310 2934 2364 2962 eto.

1539 2979 1569 3010 lt.
1598 2979 1691 3018 item,
1724 2983 1831 3012 votum
1866 2984 1912 3012 est
1948 2981 2095 3022 obligatio
2131 2985 2300 3023 spontanea
2335 2982 2397 3015 sive

504 3195 511 3210 1
533 3194 613 3220 Codd.
633 3196 732 3221 addunt
752 3202 805 3221 noa
834 3197 939 3221 {aizium
968 3202 1002 3221 em
1030 3197 1124 3221 nostra
1143 3194 1315 3229 obligatione,
1338 3195 1384 3222 sed

434 3237 519 3263 etlam

502 3282 557 3307 21„
583 3283 642 3307 edd.
672 3283 851 3308 desiderantur
879 3283 960 3308 verba
989 3283 1096 3316 quando
1124 3282 1272 3309 (trahitant...
1302 3290 1383 3309 που·

434 3325 537 3350 santur.

502 3368 512 3384 3
532 3369 598 3394 Libr.
620 3370 645 3394 11.
677 3370 708 3394 de
736 3371 848 3396 Sacram.
871 3378 895 3402 p.
923 3371 974 3396 ΧΗ.
1004 3379 1026 3397 c.
1047 3372 1075 3396 3:
1102 3372 1199 3397 Votum
1228 3373 1296 3397 enini
1316 3374 1380 3397 cst...

1447 3204 1513 3228 quae
1533 3197 1565 3222 ad
1585 3198 1669 3222 solum
1690 3198 1771 3222 Deum
1791 3200 1815 3223 et
1834 3198 1867 3223 ad
1896 3205 1924 3224 ea
1954 3205 2021 3231 quac
2050 3199 2093 3224 Dei
2114 3202 2172 3225 sunt
2191 3201 2275 3231 inagis
2294 3200 2396 3231 proprie

1446 3241 1562 3265 retertur.
1583 3240 1632 3266 Csr.
1653 3242 1694 3266 liic
1713 3242 1747 3266 lit.
1774 3242 1900 3273 Magistri,
1921 3249 1942 3267 c.
1964 3243 1993 3273 ¹1,
2014 3242 2058 3267 ubi
2089 3243 2153 3268 haec
2177 3243 2290 3268 definitio
2310 3244 2361 3268 voti
2380 3250 2394 3267 a

1446 3284 1470 3308 S.
1491 3284 1586 3309 Bonav.
1607 3285 1679 3310 allata
1699 3286 1829 3310 invenitur
1848 3285 1934 3318 quoad
1954 3286 2048 3318 verba;
2063 3286 2139 3312 codd.
2159 3288 2279 3313 omittunt
2296 3288 2320 3312 in
2341 3287 2395 3318 ipsa

1445 3334 1561 3361 proprie.

1518 3370 1528 3387 ¹¹
1547 3371 1608 3397 Cod.
1629 3380 1659 3397 aa
1678 3373 1781 3404 supplet
1800 3372 1831 3399 [Ze
1850 3372 1962 3399 essentia
1981 3373 2042 3399 voti.
