2483 3882
0 394 40 415 arg.
58 387 78 408 E.

0 417 40 437 arte
49 413 79 435 af-

0 441 46 463 tiva.

0 1529 79 1557 opposi-

0 1562 40 1578 um.

635 234 729 266 DlST.
754 233 850 266 XLlX.
876 233 904 265 Ρ.
930 233 961 265 ll.
987 233 1088 265 SECT.
1113 233 1132 265 1.
1158 233 1239 265 ΛΒΤ.
1263 232 1296 264 ll.
1321 232 1472 274 QUAEST.
1498 232 1518 264 Ι.

181 321 224 354 Ad
249 321 327 354 illud
352 321 437 364 quod
461 321 608 354 obiicitur
628 321 666 354 de
683 321 919 363 spiritualitate,
944 320 1045 354 dicen-

93 375 187 412 dum,
204 373 289 416 quod
307 382 419 406 verum
435 377 500 413 est,
517 373 571 406 ubi
588 383 684 416 agens
707 377 738 406 et
762 374 883 415 patiens
907 382 1044 406 commu-

92 427 196 459 nIcant
219 426 250 458 in
275 426 423 465 materia3
444 426 499 458 sed
521 435 581 458 11011
608 429 654 459 est
679 426 721 458 ita
743 426 774 458 in
797 425 901 458 anima
925 429 955 459 et
979 435 1040 459 cor·

1974 232 2056 263 1015

1108 329 1202 363 pore;
1220 320 1304 353 unde
1327 320 1447 359 anima,
1473 319 1641 352 immobilis
1664 319 1820 358 existens,
1843 327 1898 360 per
1926 318 2058 351 influen-

1108 373 1181 406 tiam
1199 376 1308 406 causat
1325 376 1444 405 motum
1461 372 1492 404 in
1510 381 1640 414 corpore
1650 385 1658 411 ;
1675 372 1719 405 sic
1735 376 1765 405 et
1782 372 1813 404 in
1829 371 1898 404 aliis
1919 371 2058 413 proprie-

1107 425 1240 465 tatibus,
1257 426 1338 458 sicut
1362 426 1476 458 dicitur
1500 426 1585 458 calor
1609 425 1753 458 animalis
1778 426 1842 458 sive
1859 425 1865 441 ¹
1882 425 1922 457 ab
1942 424 2056 456 anima.

908 576 1172 615 ARTICULUS
1200 577 1242 614 ll.

861 678 904 709 De
927 677 1053 709 dotium
1078 677 1293 710 distinctione.

181 797 414 838 Consequenter
437 801 590 838 quantum
615 797 655 829 ad
680 796 855 829 seeundum
873 796 1042 829 articulum

95 849 258 892 quaeritur
282 849 321 881 de
352 849 483 881 dotium
499 849 705 882 distinctione.
732 850 767 881 Et
790 849 873 881 circa
897 849 956 881 hoc
981 849 1044 881 duo

93 905 300 944 quaeruntur.

1197 796 1299 828 Primo
1327 796 1491 838 quaeritur
1519 796 1557 829 de
1585 805 1719 829 numero
1743 800 1774 829 et
1797 796 1982 829 sufficientia
2007 797 2058 829 do-

1110 849 1199 881 tium.

1196 901 1339 934 Secundo
1363 902 1526 943 quaeritur
1551 901 1590 934 de
1613 901 1801 943 aequalitate
1825 901 1976 943 ipsarum.

965 1039 1147 1080 QUAESTIO
1172 1039 1191 1070 l.

760 1137 803 1168 De
827 1146 965 1168 numero
989 1141 1017 1168 et
1039 1135 1238 1179 sufficieutia
1262 1136 1398 1168 dotium.

136 1292 138 1295 ,
181 1258 338 1298 Quantum
357 1265 431 1298 ergo
448 1256 487 1288 ad
513 1256 650 1298 primum
676 1256 857 1298 proceditur
882 1256 934 1288 sic.
952 1256 1045 1288 Dotes

88 1299 234 1352 corporis
258 1313 490 1342 consueverunt
514 1312 649 1351 quatuor
666 1308 836 1350 assignari,
854 1308 971 1340 scilicet
987 1307 1046 1340 cla-

94 1363 183 1401 ritas,
208 1362 460 1404 impassibilitas,
485 1361 642 1394 subtilitas
666 1364 697 1393 et
720 1360 851 1402 agilitas.
876 1360 934 1393 Sed
960 1361 1044 1402 quod

94 1415 228 1447 debeant
251 1423 319 1446 esse
340 1414 534 1455 pauciores,
562 1413 704 1446 videtur:

184 1469 211 1500 l.
236 1467 315 1508 Quia
332 1468 419 1499 dotes
444 1470 517 1498 sunt
541 1466 570 1497 in
596 1474 742 1507 corpore,
768 1466 941 1498 secundum
960 1465 1045 1506 quod

93 1524 295 1563 comparatur
317 1521 357 1552 ad
382 1520 541 1558 animam;
565 1519 620 1551 sed
644 1519 749 1550 anima
770 1522 891 1550 tantum
917 1518 1046 1559 duplici-

94 1578 141 1606 ter
165 1577 384 1615 comparatur,
409 1572 525 1605 scilicet
550 1576 583 1604 ut
609 1575 713 1603 motor
738 1574 768 1603 et
788 1575 824 1603 ut
846 1570 1045 1613 1101100002.-

94 1636 168 1669 ergo
193 1626 336 1664 videtur,
360 1625 445 1667 quod
469 1628 590 1656 tantum
617 1624 678 1656 sint
701 1624 787 1656 <tatae
811 1624 908 1656 dotes.

183 1681 211 1711 Ξ.
236 1679 310 1711 Item
322 1705 329 1718 ,
348 1682 468 1711 tantum
486 1682 550 1710 tres
571 1677 720 1710 dicuntur
737 1686 805 1709 esse
823 1677 923 1715 vires,
940 1686 1047 1709 secun-

95 1732 169 1765 dum
195 1740 274 1774 quas
297 1732 401 1763 anima
426 1731 505 1772 regit
530 1739 645 1772 corpus
669 1734 700 1762 et
723 1729 914 1771 perficiendo
938 1733 968 1761 et
985 1738 1048 1761 mo-

96 1785 214 1823 vendo,
247 1785 364 1817 scilicet
396 1783 583 1821 naturalis,
612 1782 725 1815 vitalis
749 1786 779 1815 et
803 1781 986 1820 animab&
1017 1785 1047 1814 et

96 1837 269 1870 secundum
295 1837 354 1869 1100
379 1837 527 1869 dicuntur
556 1840 619 1868 tres
651 1835 781 1877 spiritus
812 1835 842 1866 in
872 1834 1047 1876 corpore3:

96 1900 171 1932 ergo
195 1890 339 1928 videtur,
365 1889 449 1931 quod
474 1889 535 1921 sint
559 1893 688 1921 tautum
711 1892 784 1920 tres.

185 1942 213 1975 3.
239 1943 313 1974 Item
325 1967 332 1981 ,
350 1942 438 1974 dotes
454 1941 576 1973 animae
594 1943 667 1973 sunt
684 1944 747 1973 tres
761 1940 789 1971 ⁴:
808 1949 882 1981 ergo
901 1940 925 1972 si
943 1939 1047 1971 anima

95 1995 241 2038 pluribus
265 1994 391 2027 dotibus
416 1994 552 2026 dotanda
576 1997 622 2026 est
638 2002 732 2035 quam
751 2001 884 2034 corpus,
901 1992 926 2024 si
943 1992 1047 2024 anima

95 2058 156 2080 non
183 2048 275 2080 babet
299 2047 366 2079 uisi
390 2051 473 2085 tres,
498 2055 554 2079 uec
578 2055 702 2088 corpus.

184 2100 328 2132 CONTRA:
354 2099 443 2140 Quod
468 2099 529 2131 sint
549 2098 682 2140 plures,
709 2098 853 2130 videtur:

184 2153 213 2184 lt.
243 2152 414 2193 Quoniam,
440 2152 519 2184 sicut
549 2152 675 2184 claritas
706 2151 778 2184 facit
802 2151 841 2183 ad
865 2150 1049 2192 pulcritudi-

95 2214 183 2243 nem,
209 2204 251 2236 ita
275 2208 305 2236 et
330 2205 468 2246 partium
498 2204 723 2245 congruentiag
748 2203 832 2236 unde
856 2203 1049 2245 Augustinus

95 2258 134 2290 de-
158 2257 287 2290 Civitate
312 2257 365 2290 Dei
379 2258 409 2288 ⁵:
440 2270 455 2286 «
471 2257 653 2289 Pulcritudo
674 2260 721 2289 est
737 2257 891 2298 quaedam
911 2257 1046 2297 partium

95 2310 300 2352 congruentia
330 2320 402 2342 cum
428 2310 564 2351 quadam
595 2309 707 2342 coloris
736 2309 888 2341 suavitate
905 2321 941 2340 »x
974 2318 1049 2350 ergo

96 2364 177 2396 sicut
204 2364 330 2396 claritas
361 2367 408 2395 est
440 2363 495 2395 [los
523 2363 681 2404 corporis,
706 2363 750 2395 sic
774 2367 804 2394 et
827 2363 1049 2403 congruentia,

95 2420 125 2448 et
149 2416 193 2448 sic
217 2420 273 2448 ete.

186 2471 214 2501 ὃ.
240 2470 329 2507 Item,
355 2469 435 2501 sicut
459 2477 575 2509 corpus
599 2468 637 2500 ad
663 2468 738 2505 hoc,
758 2467 841 2509 quod
865 2467 903 2499 sit
927 2467 1049 2499 animae

96 2530 271 2563 congruum
295 2530 466 2562 organum,
485 2520 619 2561 requirit
635 2520 773 2552 debitam
791 2519 990 2561 qualitatem,
1008 2519 1046 2551 ita

96 2574 189 2606 etiam
214 2574 350 2606 debitam
377 2573 604 2615 quantitatem:
638 2582 713 2614 ergo
745 2572 826 2605 sicut
849 2572 1050 2613 assignantur

98 2628 186 2660 dotes
209 2637 227 2659 a
251 2631 340 2669 parte
365 2627 541 2668 qualitatis,
566 2626 608 2658 ita
624 2627 717 2658 etiam
743 2635 760 2657 a
786 2630 873 2667 parte
898 2625 1049 2666 quantita-

97 2681 155 2712 tis:
181 2689 256 2721 ergo
277 2680 391 2721 plures
414 2684 489 2712 sunt
512 2688 607 2721 quam
632 2682 768 2720 quatuor
792 2678 902 2710 dictae.

187 2734 215 2764 6.
241 2733 334 2771 item,
358 2732 522 2764 Anselmus
547 2731 576 2764 111
603 2731 682 2763 libro
708 2723 1051 2763 (1081111111111111111111156

97 2786 201 2828 ponit,
226 2791 345 2827 septem
364 2794 431 2817 esse
456 2785 665 2823 conditiones,
691 2784 807 2826 quibus
831 2783 936 2815 anima
960 2783 1051 2824 glori-

1109 1255 1221 1287 ficatur
1245 1255 1276 1287 in
1304 1264 1454 1297 corpore:
1482 1256 1669 1297 agilitatem,
1703 1256 1937 1295 fortitudinem,
1971 1257 2061 1290 liber-

1108 1311 1221 1347 tatem,
1246 1308 1397 1346 salutem=
1429 1308 1639 1349 voluptatem,
1665 1308 1922 1350 longaevitatem,
1949 1309 2062 1351 pulcri-

1110 1360 1250 1392 tudinem
1265 1372 1271 1392 :
1289 1370 1364 1402 ergo
1381 1361 1524 1400 videtur,
1542 1361 1625 1402 quod
1644 1361 1704 1394 sint
1720 1362 1821 1394 multo
1835 1362 1949 1404 plures
1966 1372 2060 1404 quam

1109 1413 1287 1455 praedictae
1310 1417 1455 1455 quatuor.

1465 1545 1703 1569 CONCLUSIO.

1112 1658 1208 1689 Dotes
1233 1658 1383 1699 eorporis
1416 1662 1512 1690 eruut
1535 1662 1702 1702 quatuor.-
1729 1659 1887 1698 clarium,
1913 1661 2062 1702 impassi-

1202 1710 1330 1748 bilitas,
1355 1711 1522 1744 subtilitas
1546 1716 1573 1743 et
1605 1711 1767 1754 09111103,-
1798 1722 1944 1755 quarum
1975 1714 2063 1757 suffi-

1201 1763 1321 1795 cieutia
1346 1764 1561 1806 quadruplici
1583 1764 1639 1796 via
1664 1764 1870 1797 insinuatam

1202 1886 1400 1918 Rnspounno:
1426 1886 1618 1925 Dicendum,
1643 1887 1727 1928 quod
1752 1896 1905 1920 numerus
1932 1889 2064 1921 istarum
2078 1899 2222 1922 Conclusiot.

1112 1939 1232 1971 dotium
1251 1938 1316 1971 sive
1329 1939 1516 1980 qualitatum
1534 1939 1763 1980 perficientium
1782 1949 1897 1982 corpus
1913 1942 2066 1983 accipitur

1112 2001 1152 2024 ex
1177 1991 1352 2033 Sapientiae
1377 1992 1512 2024 tertio⁷:
1538 1992 1722 2034 Fulyebuut
1750 1993 1832 2025 iusti
1854 1998 1883 2025 et
1907 1998 2065 2037 tauquam

1111 2044 1273 2076 scintillae
1296 2044 1331 2076 in
1355 2044 1554 2077 arundineto
1578 2045 1786 2077 discurrent.-
1804 2047 1834 2078 in
1859 2045 1990 2089 fulgore
2007 2048 2066 2079 cla-

1113 2098 1210 2136 ritas;
1229 2097 1257 2129 in
1275 2097 1404 2129 iustitia
1431 2097 1681 2139 impassibilitas,
1699 2100 1772 2140 quia
1789 2099 1918 2131 iustitia
1937 2104 1982 2131 est
1994 2109 2066 2141 per-

1111 2155 1211 2192 petua
1227 2155 1255 2182 et
1272 2150 1489 2188 immortali&
1510 2151 1539 2182 111
1558 2151 1720 2183 scintillae
1736 2152 1861 2183 nomine
1886 2153 2043 2184 subtilitas
2058 2165 2063 2191 ς

1113 2203 1142 2234 111
1169 2203 1325 2235 discursu
1349 2203 1481 2244 agilitas.

1204 2256 1289 2287 Ratio
1313 2259 1418 2288 autem
1449 2256 1538 2288 istius
1562 2256 1686 2288 numeri
1712 2257 1864 2298 accipitur
1889 2257 2066 2298 multiplici-

1114 2312 1161 2341 ter
1179 2318 1196 2340 a
1213 2309 1355 2340 diversis.
1374 2327 1417 2331 —
1435 2309 1469 2340 Et
1492 2308 1594 2350 primo
1618 2311 1712 2341 modo
1736 2310 1911 2342 secundum
1937 2319 2064 2343 causam
2080 2320 2121 2340 vta
2137 2320 2156 2340 1.

1113 2361 1246 2403 finalem
1271 2361 1329 2393 hoc
1354 2361 1456 2393 modo.
1482 2362 1596 2394 Dicunt
1620 2362 1720 2400 enim,
1745 2362 1829 2403 quod
1860 2362 1997 2404 corpuss
2022 2372 2067 2395 re-

1114 2414 1233 2455 surgit,
1266 2414 1444 2455 disponitur
1468 2418 1498 2446 et
1522 2415 1649 2446 dotatur
1682 2418 1809 2456 propter
1842 2414 1971 2455 gloriam
2004 2416 2066 2447 ani-

1114 2476 1201 2505 mae,
1227 2475 1306 2508 quae
1331 2467 1470 2498 consistit
1495 2466 1524 2498 in
1542 2467 1680 2507 perfecta
1697 2467 1878 2509 counitione
1895 2467 2067 2508 cognitivae

1114 2523 1144 2552 et
1168 2519 1288 2551 1111101113
1312 2519 1480 2552 effectivae.
1507 2520 1548 2551 Ad
1575 2520 1790 2562 coguitionem
1814 2524 1919 2553 autem
1942 2521 2005 2553 duo
2022 2530 2067 2553 re-

1114 2573 1304 2613 quiruntur,
1328 2572 1445 2604 scilicet
1470 2572 1675 2613 spiritualitas
1700 2575 1730 2604 et
1754 2572 1967 2609 luminositas,
1992 2574 2066 2615 quia

1115 2633 1305 2666 cognoscens
1338 2624 1430 2657 debet
1461 2634 1529 2657 esse
1565 2625 1728 2666 spirituale
1763 2628 1793 2656 et
1828 2626 1919 2657 debet
1949 2625 2065 2658 habere

1115 2677 1244 2715 lumen,
1269 2681 1298 2709 et
1325 2677 1394 2709 ideo
1419 2682 1547 2719 propter
1575 2677 1780 2718 cognitionem
1811 2679 1933 2710 animae
1961 2682 2007 2710 est
2036 2678 2065 2710 in

1115 2738 1245 2771 corpore
1269 2729 1435 2761 subtilitas
1460 2733 1490 2761 et
1514 2729 1663 2761 claritas.
1684 2748 1723 2752 —
1746 2730 1827 2761 Unio
1856 2734 1960 2762 autem
1986 2739 2068 2762 amo-

1114 2782 1158 2813 ris
1183 2786 1230 2814 est
1254 2782 1391 2814 liberalis
1416 2786 1446 2814 et
1471 2782 1578 2813 fortis:
1604 2782 1715 2814 Fortis
1739 2783 1823 2814 euim
1849 2787 1894 2814 est
1919 2787 1955 2814 ut
1978 2792 2068 2814 mors

170 2963 177 2979 ¹
199 2963 261 2988 Cod.
282 2964 303 2988 K
325 2963 342 2994 (1
363 2971 375 2988 a
398 2963 510 2988 secunda
532 2963 620 2995 manu)
640 2969 709 2994 esse,
729 2962 788 2987 edd.
813 2968 868 2987 esse
900 2961 941 2987 vel
967 2960 1049 2986 exire.

99 3007 224 3038 Superius
252 3013 314 3037 pro¹
328 3005 517 3040 spiritualitate
536 3006 657 3038 permulti
677 3005 752 3031 codd.
772 3004 922 3031 subtilitate.
944 3019 977 3022 —
997 3004 1047 3029 Csr.

99 3050 224 3082 Fulgent.⁷
246 3050 277 3075 (le
296 3050 358 3075 Fide
377 3050 409 3075 ad
429 3051 493 3075 Petr.
514 3057 535 3075 0.
556 3051 596 3075 29.
616 3063 652 3068 —
672 3049 736 3074 Vide
756 3049 870 3074 scholion
896 3048 928 3073 ad
948 3055 1050 3079 praece-

100 3094 203 3120 dentem
224 3097 322 3126 quaest.

171 3138 181 3154 2
200 3137 250 3164 Csr.
271 3139 286 3163 l.
307 3140 375 3164 Sent.
396 3139 420 3164 d.
441 3139 464 3163 8.
485 3146 512 3170 p.
534 3139 559 3163 ll.
580 3145 604 3170 q.
626 3138 649 3162 3.

174 3181 184 3198 ³
201 3182 250 3208 Csr.
271 3183 447 3213 Avicenna,1.
468 3182 564 3208 Canon.
585 3182 635 3207 Fen
658 3182 680 3206 l.
703 3181 783 3206 doctr.
804 3181 828 3205 6.
849 3187 869 3205 c.
891 3179 922 3211 43
937 3180 968 3205 de
989 3180 1051 3204 Viri-

100 3225 150 3251 bus
170 3225 269 3258 cordis,
291 3229 321 3251 tr.
345 3227 365 3251 l.
385 3233 406 3251 0.
433 3227 451 3251 Ι.
471 3233 543 3258 seq.;
563 3225 658 3250 Cantic.
680 3232 705 3256 p.
725 3225 742 3249 l.
765 3227 794 3248 tr.
816 3224 838 3248 i.
859 3230 881 3248 n.
903 3223 945 3248 81.
966 3230 1049 3255 seqq.⁷

101 3273 126 3294 et
144 3269 176 3295 de
195 3271 285 3295 Anima
307 3270 374 3301 (sive
394 3271 484 3296 Sextus
504 3269 683 3300 naturalium),
702 3275 727 3300 p.
743 3268 772 3292 V.
787 3275 808 3293 c.
829 3268 852 3292 8.
873 3281 908 3286 -
927 3268 1052 3299 Superius

102 3313 159 3339 cod.
179 3321 207 3338 aa
228 3315 305 3345 legit:
325 3313 425 3340 scilicet
440 3313 590 3345 naturalis,
613 3320 681 3346 quae
709 3313 746 3338 est
774 3311 802 3337 in
830 3311 942 3345 ltepute,·
955 3310 1051 3342 vitalis,

102 3365 169 3390 quae
188 3359 227 3384 est
243 3357 271 3383 in
290 3357 383 3390 corde,
401 3359 426 3384 et
442 3357 568 3383 animalis
579 3378 586 3389 ,
603 3363 670 3390 quae
684 3357 721 3382 est
740 3355 768 3381 iu
786 3355 892 3382 cerebro
905 3355 1050 3382 secumlzon

1116 2959 1231 2986 medicos
1251 2960 1419 2991 (conveniunt
1438 2960 1567 2985 Aviceuna
1582 2964 1606 2985 et
1620 2963 1709 2985 auctor
1729 2960 1770 2985 lib.
1787 2960 1817 2985 de
1837 2961 1931 2991 Spiritu
1946 2963 1969 2985 et
1983 2961 2067 2985 anima

1114 3004 1176 3028 alias
1196 3004 1304 3035 August.
1324 3003 1426 3034 tributi,
1447 3010 1467 3027 c.
1489 3003 1595 3035 ’ΞΟ-23.)

1186 3046 1195 3063 ⁴
1218 3047 1283 3072 Vide
1302 3054 1380 3077 supra
1402 3054 1427 3078 p.
1448 3046 1464 3070 l.
1484 3054 1510 3078 q.
1532 3046 1555 3071 5.

1186 3091 1197 3107 ⁵
1217 3090 1284 3115 Libr.
1306 3091 1384 3115 xxti.
1405 3098 1425 3115 e.
1451 3091 1487 3115 19.
1509 3098 1532 3116 11,
1554 3092 1586 3116 ⁶2:
1601 3090 1690 3115 Omnis
1704 3092 1772 3116 0111111
1786 3091 1903 3122 corporis
1922 3090 2068 3122 pulcritudo

1115 3138 1153 3160 est
1172 3135 1284 3166 partium
1304 3138 1350 3159 etc.

1185 3178 1195 3195 ⁶
1216 3178 1278 3210 Cap.
1294 3178 1335 3203 48,
1351 3179 1428 3210 (inter
1441 3186 1520 3210 opera
1534 3179 1659 3210 Anselmi‚
1680 3178 1743 3204 liber
1761 3182 1799 3203 est
1818 3178 1956 3210 Eadmeri).
1974 3178 2069 3203 'sextus

1116 3222 1248 3253 originalis
1266 3221 1407 3247 sanitatem
1427 3230 1474 3254 pro
1493 3222 1615 3248 salutem.

1187 3266 1197 3282 ⁷
1218 3266 1290 3291 Vers.
1311 3267 1335 3290 7.
1356 3280 1390 3283 ——
1409 3267 1467 3298 ch.
1489 3266 1560 3291 locus
1579 3269 1617 3291 est
1636 3266 1699 3291 ibid.
1725 3267 1749 3297 l,
1772 3266 1811 3291 15.

1186 3309 1197 3325 ⁸
1217 3309 1299 3335 Codd.
1319 3311 1340 3335 K
1353 3309 1401 3334 ΟΠ
1414 3311 1430 3334 S
1451 3310 1470 3341 (l
1491 3318 1503 3335 a
1524 3310 1637 3335 secunda
1659 3312 1748 3341 manu)
1769 3309 1868 3335 addunt
1882 3316 1958 3341 cum,
1980 3309 2037 3335 cod.
2051 3310 2069 3334 E

1116 3354 1143 3387 (a
1163 3355 1276 3380 secunda
1297 3356 1385 3386 manu)
1406 3354 1484 3388 quod.
1506 3354 1553 3379 Pro
1573 3353 1682 3380 dotatur
1702 3354 1758 3380 cod.
1779 3354 1797 3378 L
1817 3353 1927 3380 ditatur.
