2483 3882
329 408 405 435 Opinio
419 408 438 427 2.

305 461 441 487 [inprobatur.

325 721 401 748 Opinio
416 721 434 741 3.

292 748 362 770 media
389 753 434 767 euin

295 774 436 795 distinctione.

294 826 403 848 Conclusio
418 826 433 845 l.

295 1089 404 1110 Conclusio
417 1089 436 1108 ἰ),

296 1194 406 1216 Conclusio
416 1194 435 1213 3.

292 1300 325 1320 Ad
343 1299 435 1320 fundam.

291 1937 353 1963 Argg.
365 1943 403 1963 pro
416 1936 433 1956 1.

304 1966 372 1989 parte.

453 258 514 289 978

541 337 610 376 ideo
640 348 686 375 est
715 343 852 374 secunda
877 341 1004 382 positio,
1029 341 1111 381 quod
1145 344 1191 371 est
1221 339 1352 371 omnino
1378 349 1399 370 a

456 396 573 428 uti-inte
589 404 696 436 snpra
719 398 899 430 nataranm
915 396 945 424 et
971 393 999 424 in
1018 391 1070 423 Dei
1098 392 1258 423 miraculis
1276 401 1335 422 non
1354 395 1400 423 est

453 448 631 490 quaerenda
656 447 734 478 ratio
759 445 919 477 naturalis.
937 463 980 467 -—
998 445 1032 476 Et
1056 445 1133 476 haec
1154 444 1265 485 positio
1288 443 1400 475 stolida

451 505 505 532 est.
524 501 625 540 Quare
646 498 727 530 euim
746 506 801 538 per
820 497 921 537 ignem
948 496 1046 537 magis
1071 497 1104 527 tit
1128 505 1221 537 quam
1241 505 1296 537 per
1313 496 1399 527 alind

452 561 582 593 corpus,
607 550 663 582 nisi
690 550 729 581 sit
754 550 854 580 virtus
879 549 909 580 in
935 549 1021 590 igne,
1046 558 1127 590 qnae
1151 548 1195 579 illi
1221 553 1373 589 congruat
1389 549 1397 562 ¹

450 603 619 646 operationi
637 606 650 634 ‘t

541 657 574 688 Et
598 656 667 687 ideo
692 655 742 686 via
767 655 875 686 inedia
905 659 951 687 est
982 654 1142 696 eligenda,
1167 659 1196 686 et
1220 654 1400 695 ponendum

451 714 513 747 est,
538 708 623 750 quod
647 712 694 740 est
718 708 801 749 loqui
828 707 865 739 de
892 707 1008 748 ignium
1035 707 1277 748 conflagratione
1307 716 1402 748 quan-

454 766 517 794 tum
543 761 581 792 ad
612 759 867 797 inclinationem,
894 769 1110 801 proyressam
1135 763 1165 791 et
1196 768 1403 791 eonsumma-

451 815 578 846 tionem.
595 814 752 854 Quantum
777 813 817 845 ad
835 811 1088 850 inchoationem,
1115 812 1298 852 dicendum,
1317 813 1400 855 quod

450 877 467 897 :i
491 866 611 898 virtute
634 875 741 906 supra
764 869 924 897 naturam
950 869 1005 897 est.
1031 865 1119 906 Quod
1146 865 1227 898 enim
1254 866 1333 906 ignis
1357 866 1401 897 sic

450 923 521 961 agat
548 928 629 950 novo
653 923 683 950 et
707 918 831 950 insolito
863 918 973 956 modo,
1006 922 1109 950 cetera
1134 918 1348 950 consumendo
1372 922 1402 949 et

450 973 493 1004 sic
518 980 550 1004 se
574 970 831 1012 multiplicando,
857 970 915 1002 hoc
940 979 999 1001 uon
1025 973 1124 1009 esset,
1142 970 1199 1002 nisi
1221 970 1327 1012 aliqua
1342 971 1403 1002 vir-

450 1029 501 1056 tus
525 1033 606 1055 nova
629 1023 807 1060 assisteret3
832 1032 912 1063 quae
929 1026 1033 1054 autem
1060 1022 1099 1054 sit
1123 1022 1193 1061 illa,
1211 1023 1277 1064 ipse
1301 1023 1403 1054 Domi-

452 1086 512 1108 nus
536 1076 630 1108 novit.
649 1093 690 1098 —
707 1076 864 1116 Quantum
890 1078 994 1107 autem
1021 1075 1060 1107 ad
1088 1085 1322 1117 progressum,
1348 1076 1401 1117 qui

450 1133 496 1161 est
513 1138 664 1170 purgare,
682 1137 792 1166 urere5
811 1128 991 1165 subtiliare,
1009 1127 1196 1166 dicendum,
1214 1128 1295 1169 quod
1322 1132 1367 1160 est
1384 1138 1402 1159 a

451 1181 572 1213 <virtute
587 1180 749 1213 naturali.
767 1200 811 1203 -
828 1181 986 1221 Quantum
1011 1180 1050 1211 ad
1069 1180 1402 1218 consummationem,

450 1237 485 1265 ut
509 1237 642 1276 purgata
667 1233 727 1265 sint
764 1232 1030 1273 incorruptibilia,
1064 1226 1204 1273 ipsorum
1235 1232 1402 1273 qualitates

453 1290 575 1319 mutare
589 1285 610 1324 ²,
635 1286 694 1317 hoc
718 1289 764 1317 est
787 1294 894 1326 sapsa
915 1289 1087 1316 natzmtm.
1110 1303 1152 1307 -—
1178 1284 1321 1316 Rationes
1350 1284 1402 1326 igi-

451 1343 500 1371 tur
524 1339 707 1380 probantes,
732 1338 816 1379 quod
842 1338 880 1369 sit
908 1337 1082 1369 secundum
1109 1340 1272 1374 naturam,
1298 1345 1403 1378 proce-

450 1392 529 1423 dunt
563 1391 614 1422 via
652 1390 770 1428 media,
803 1390 883 1421 sicut
917 1393 1000 1431 patet
1032 1392 1184 1431 quantum
1221 1389 1260 1421 ad
1296 1393 1401 1421 actum

450 1443 691 1481 combustionis,
717 1443 911 1485 purgationis
935 1446 965 1474 et
989 1442 1218 1474 subtiliationis.

1209 253 1492 285 SENTENTMRUM
1518 254 1584 284 LIB.
1610 254 1656 285 iv.

1431 479 1433 488 Ι
1465 443 1685 482 eltoationem,
1710 448 1745 476 ut
1770 445 1881 485 probat
1906 445 2007 486 prima
2030 446 2127 484 ratio;
2144 450 2174 478 et
2197 451 2350 487 quantum
2374 446 2414 478 ad

1557 341 1582 371 1.
1607 341 1636 371 Ξ).
1662 340 1704 371 Ad
1739 340 1816 372 illud
1846 341 1929 382 quod
1963 341 2107 373 obiicitur
2140 342 2170 373 in
2203 343 2413 382 contrarium,
2440 327 2483 388 30¹1.=

1465 391 1548 432 quod
1574 392 1612 423 sit
1636 401 1733 433 supra
1750 396 1914 431 naturam;
1941 401 2051 425 verum
2076 397 2122 425 est
2139 398 2291 435 quantum
2314 394 2352 426 ad
2370 386 2477 426 iit-¹²⁰³¹

1465 497 1797 534 consummationem,
1812 501 1845 529 ut
1862 506 1997 539 sequens
2011 498 2032 528 ³.
2054 498 2293 540 Intelligendum
2312 502 2414 531 tamen

1465 551 1594 590 propter
1618 549 1789 587 rationem,
1814 550 1898 591 quod
1922 550 1951 581 in
1977 551 2098 591 agendo
2123 555 2153 582 et
2178 551 2415 593 multiplicando

1466 601 1650 633 naturaliter
1670 601 1748 642 ignis
1765 601 1942 641 descendit,
1967 602 2020 634 ubi
2039 602 2132 634 habet
2151 604 2312 635 materiam
2331 613 2416 645 prae-

1466 657 1627 695 paratani3
1651 653 1834 695 exemplum
1859 658 1961 695 patet,
1979 654 2003 686 si
2021 654 2151 686 candela
2168 655 2322 687 exstincta
2345 664 2416 697 sup-

1466 709 1601 747 ponatur
1623 715 1780 738 accensae.

1556 757 1585 789 3.
1609 758 1653 790 Ad
1677 757 1756 790 illud
1774 758 1857 800 quod
1875 758 2032 798 obiicitur,
2056 759 2141 801 qnod
2157 768 2219 791 non
2243 760 2302 791 erit
2323 760 2417 792 subti-

1466 811 1569 850 liati03
1586 811 1773 849 dicendum,
1791 811 1873 853 quod
1896 811 2077 843 sabtitiatio
2094 812 2210 844 dicitur
2234 813 2414 854 dupliciter:
2429 825 2480 858 υςρι

1466 868 1521 896 aut
1555 873 1611 905 per
1644 863 1869 895 dilatationem
1910 867 1940 896 et
1972 863 2249 906 rarefaetionem,
2281 869 2312 897 et
2342 868 2416 898 tunc
2441 852 2483 875 ‘¹¹¹²'

1467 926 1582 958 corpus
1606 916 1801 948 subtiliatum
1819 921 1952 958 occupat
1977 916 2126 949 maiorem
2145 917 2266 957 locum3
2291 923 2346 950 aut
2361 927 2417 960 per

1467 969 1715 1010 depurationem
1739 972 1770 1000 et
1793 969 2037 1010 separationem
2063 970 2133 1010 puri
2157 970 2196 1002 ab
2223 970 2363 1012 impuro,
2388 974 2418 1003 et

1468 1021 1548 1052 hanc
1565 1020 1810 1052 subtiliationem
1835 1021 1908 1053 facit
1926 1020 2022 1062 ignis,
2043 1022 2170 1062 quando
2186 1031 2237 1054 res
2254 1022 2418 1063 purganda

1468 1072 1640 1104 includitur
1664 1072 1693 1104 in
1712 1081 1785 1105 vase
1809 1073 1899 1111 fortig
1921 1073 2190 1115 quemadmodum
2215 1074 2334 1106 faciunt
2357 1075 2418 1116 opi-

1468 1126 1541 1157 fices
1564 1125 1747 1164 alchimiae,
1772 1126 1824 1167 qui
1850 1126 1974 1164 dicunt,
2007 1126 2091 1167 quod
2117 1130 2217 1159 totum
2252 1130 2350 1168 potest
2375 1127 2415 1160 ibi

1467 1176 1621 1209 subtiliari
1647 1180 1678 1209 et
1701 1177 1870 1218 depurari,
1894 1180 1930 1209 ut
1954 1177 2058 1209 veniat
2081 1178 2118 1210 ad
2146 1182 2291 1210 naturam
2317 1178 2416 1220 quinti

1467 1230 1607 1271 corporis
1621 1230 1647 1266 4;
1672 1233 1702 1262 et
1719 1234 1794 1262 tune
1817 1230 1889 1263 faex
1907 1231 2006 1263 tendit
2029 1231 2068 1263 ad
2086 1231 2235 1269 fundum,
2253 1235 2282 1264 et
2303 1232 2417 1264 subtile

1467 1286 1658 1324 supernatat.
1684 1283 1741 1315 Per
1758 1284 1842 1315 hunc
1868 1283 1995 1315 modum
2022 1285 2051 1316 in
2070 1284 2229 1326 proposito
2254 1284 2327 1323 erit,
2344 1284 2417 1326 quia

1467 1336 1587 1368 caelum
1613 1337 1672 1368 erit
1697 1345 1751 1368 vas
1776 1337 1988 1369 contentivum
2015 1337 2262 1376 elementornm3
2286 1341 2317 1369 et
2348 1337 2417 1370 ideo

1466 1388 1727 1430 depurabnntur,
1766 1393 1796 1420 et
1835 1389 1906 1420 faex
1947 1389 2175 1422 elementorum
2213 1390 2267 1421 ibit
2306 1391 2336 1421 in
2376 1390 2417 1422 in-

1466 1441 1590 1473 fernum
1606 1440 1626 1472 ⁵.

1308 1591 1491 1633 QUAESTIO
1517 1592 1560 1623 lll.

1192 1690 1238 1721 De
1261 1689 1443 1721 extensione
1467 1689 1560 1721 illiti-S
1583 1689 1679 1731 ienis.

539 1816 642 1849 Tertio
666 1815 830 1857 quaeritur
855 1815 893 1847 de
918 1814 1002 1847 illius
1028 1814 1107 1855 ignis
1129 1814 1322 1846 extensione.

542 1871 567 1900 l.
598 1870 698 1910 Super
734 1868 812 1900 illud
844 1868 1001 1900 secundae
1037 1868 1075 1900 ad
1109 1866 1401 1899 Thessalonicenses

451 1923 587 1964 primossz
606 1922 646 1954 In
661 1921 800 1963 flamma
822 1921 908 1963 ionis
932 1921 1043 1952 dantis
1063 1920 1262 1957 vindictam;
1279 1920 1399 1952 Glossa:

456 1988 470 2004 «
488 1974 655 2007 Praecedet
680 1974 759 2015 ignis
788 1974 817 2006 in
843 1973 976 2012 mundo,
1000 1973 1054 2014 qui
1085 1976 1207 2004 tautum
1236 1972 1400 2010 ascendet,

451 2031 603 2069 quantuni
629 2036 711 2068 aqua
736 2026 767 2058 in
791 2026 910 2058 diluvio
931 2038 961 2056 ».

539 2081 569 2111 Ξ.
594 2080 686 2118 Item,
713 2078 794 2110 Beda
826 2087 922 2120 super
946 2077 1023 2109 illud
1050 2077 1206 2109 secundae
1238 2077 1318 2109 Petri
1343 2080 1402 2108 ter-

452 2133 491 2163 tio
510 2133 540 2163 ⁷:
572 2132 662 2163 Unus
693 2131 761 2163 die-s
793 2134 870 2167 etc.;
902 2130 1024 2162 Glossa:
1056 2130 1221 2161 «Tantum
1254 2129 1401 2161 ascendet

450 2185 501 2218 ille
519 2185 613 2227 ignis,
630 2187 784 2226 quantum
801 2193 882 2225 aqua
895 2183 987 2215 altior
1004 2191 1100 2224 snper
1117 2191 1226 2214 omnes
1240 2185 1400 2214 montes».

539 2237 568 2269 3.
593 2237 686 2275 ltem,
710 2236 839 2268 ratione
856 2236 999 2268 videtur:
1025 2235 1099 2277 quia
1124 2235 1268 2277 purgatio
1286 2234 1339 2266 illa
1355 2238 1402 2266 est

450 2294 579 2332 propter
602 2294 785 2331 peccatum,
809 2298 884 2330 ergo
916 2289 1009 2321 debet
1037 2297 1069 2320 se
1101 2288 1203 2320 solnm
1229 2287 1401 2319 extendere

449 2343 489 2375 ad
518 2343 742 2375 habitationem
775 2342 989 2383 peccantiu1113
1014 2341 1068 2373 sed
1094 2341 1145 2373 hic
1176 2344 1223 2373 est
1247 2341 1301 2373 aer
1333 2340 1403 2372 cali-

450 2395 578 2437 ginosus
596 2396 617 2434 ⁵³,
642 2394 695 2436 qni
725 2397 845 2427 constat
877 2394 961 2435 quod
994 2403 1055 2425 uon
1089 2397 1136 2425 est
1167 2401 1263 2434 super
1294 2401 1403 2425 omnes

450 2453 571 2480 montes
596 2448 668 2489 plus
692 2456 786 2489 quam
813 2447 992 2489 quindecim
1017 2446 1147 2479 cubitis:
1173 2455 1248 2488 ergo
1273 2449 1330 2478 etc.

540 2501 570 2532 li.
595 2501 689 2539 ltem,
715 2500 766 2532 ille
795 2500 874 2541 ignis
903 2509 963 2532 non
993 2499 1142 2531 extendet
1170 2507 1203 2531 se
1227 2499 1402 2531 secundum

452 2558 545 2585 totam
571 2554 739 2591 virtutem,
765 2553 819 2585 sed
844 2553 1018 2585 secundum
1044 2552 1187 2585 (livinum
1213 2552 1401 2593 imperium;

1467 1814 1521 1846 sed
1547 1813 1688 1846 divinum
1727 1813 1895 1855 imperium
1932 1814 2049 1853 noluit,
2085 1814 2168 1856 quod
2202 1814 2286 1846 ultra
2314 1823 2418 1856 proce-

1467 1867 1577 1899 derent
1603 1876 1703 1909 aquae
1732 1876 1827 1909 quain
1856 1867 2041 1910 qaindecim
2067 1867 2185 1899 enbitis
2208 1877 2308 1909 saper
2330 1877 2416 1900 inon-

1467 1919 1556 1951 te-s95
1581 1929 1655 1961 ergo
1687 1920 1831 1952 similiter
1854 1920 1982 1952 videtur
2014 1921 2053 1953 de
2077 1920 2169 1962 igne3
2202 1924 2256 1952 aut
2288 1921 2311 1952 si
2338 1930 2416 1958 non,

1467 1981 1565 2013 quare
1590 1975 1676 2004 uon?

1555 2024 1697 2057 CONTRAt
1726 2026 1754 2056 1.
1779 2025 1926 2063 Videtur,
1952 2025 2034 2066 quod
2061 2025 2146 2057 ultra
2170 2033 2271 2066 usque
2295 2025 2333 2057 ad
2352 2033 2483 2057 cae-1²:02

1467 2078 1529 2109 los:
1547 2077 1621 2119 quia
1645 2078 1760 2110 dicitur
1785 2078 1941 2110 secundae
1966 2078 2045 2110 Petri
2073 2077 2182 2110 ultimo
2198 2077 2239 2109 ¹⁰:
2260 2077 2350 2109 Caeli
2364 2086 2416 2109 ar-

1466 2129 1573 2161 dentes
1596 2129 1783 2161 solventur.-
1809 2138 1883 2170 ergo
1906 2130 1930 2161 si
1962 2129 2124 2161 solventur
2148 2129 2201 2161 illo
2226 2129 2311 2170 igne,
2336 2129 2417 2161 vide-

1467 2186 1528 2222 tur,
1552 2183 1636 2224 quod
1661 2182 1807 2215 ascendet
1831 2191 1932 2224 usque
1956 2182 1994 2214 ad
2020 2182 2151 2214 caelum.

1556 2237 1584 2267 2.
1603 2235 1695 2272 item,
1720 2235 1860 2274 videtur,
1884 2235 1969 2277 qnod
1994 2235 2103 2267 saltem
2128 2243 2229 2276 usqne
2246 2235 2284 2266 ad
2311 2235 2418 2276 sphae-

1466 2298 1533 2320 ram
1559 2289 1786 2321 elementorum
1811 2288 1974 2327 ultimam,
1999 2288 2073 2330 quia
2097 2287 2171 2320 dicit
2195 2288 2272 2320 1131Π
2293 2287 2416 2326 Glossa‚

1467 2341 1551 2382 quod
1588 2344 1762 2382 «quatuor
1796 2341 1949 2373 elementa
1982 2340 2033 2372 ille
2066 2340 2226 2372 maximus
2260 2340 2338 2381 ignis
2368 2339 2418 2372 ab·

1468 2397 1573 2426 sumet
1588 2406 1618 2425 ».

1556 2445 1585 2478 3.
1611 2446 1702 2483 item,
1728 2445 1856 2477 ratione
1881 2440 2020 2478 Videtur:
2047 2445 2121 2487 quia
2146 2444 2197 2477 ille
2222 2445 2302 2486 ignis
2325 2445 2418 2477 habet

1468 2499 1616 2530 virtutem
1643 2498 1830 2530 innovandi:
1855 2507 1929 2539 ergo
1954 2499 1978 2530 si
2010 2498 2115 2530 omnia
2140 2507 2273 2539 corpora
2296 2498 2418 2530 innova-

1468 2551 1597 2589 buntur,
1622 2551 1739 2583 scilicet
1763 2551 1908 2583 caelestia
1932 2554 1962 2583 et
1987 2551 2204 2589 elementaria3
2227 2554 2311 2592 patet
2335 2554 2390 2583 etc.

523 2761 530 2777 ¹
551 2761 613 2786 Edd.
634 2768 701 2793 quae
720 2760 806 2794 incipis
826 2760 866 2786 illi
886 2759 1056 2794 coum-nebat.

520 2806 530 2821 ‘2
551 2805 616 2830 Vide
642 2812 720 2836 supra
746 2812 806 2836 pag.
831 2805 897 2836 976,
923 2807 981 2829 nota
1007 2805 1030 2828 8.
1056 2817 1092 2822 —
1118 2805 1164 2829 Pro
1189 2805 1296 2830 mutare
1315 2804 1405 2836 legunt

451 2849 527 2875 codd.
541 2850 558 2874 Ε
569 2849 588 2874 R
601 2850 617 2873 S
629 2849 649 2873 Τ
662 2849 681 2873 U
696 2849 740 2881 bb,
756 2850 881 2875 mutatae.
897 2849 951 2874 Mox
967 2856 1013 2880 pro
1027 2848 1099 2882 quod
1115 2848 1149 2874 sit
1162 2855 1212 2873 non
1233 2849 1307 2880 pauci
1327 2847 1403 2873 codd.

451 2892 522 2926 quod
539 2894 611 2918 sunt.

521 2937 532 2954 3
550 2938 608 2962 Scit.
627 2938 710 2968 prima
725 2944 785 2968 pars
799 2937 823 2961 3.
838 2944 891 2968 arg.
905 2950 940 2954 —
954 2937 1010 2961 Mox
1030 2936 1087 2961 Vnt.
1100 2935 1244 2961 seeundum
1263 2934 1404 2961 rationem.

452 2983 509 3007 Post
528 2980 729 3014 multiplicando
749 2981 807 3006 cod.
826 2981 846 3005 1<
863 2981 879 3011 (1
891 2988 903 3004 a
918 2980 1031 3005 secunda
1051 2981 1140 3011 manu)
1160 2980 1264 3011 supplet
1281 2986 1316 3005 se.

523 3025 533 3041 ¹
552 3025 602 3051 Csr.
622 3033 700 3056 snpra
721 3032 782 3056 pag.
805 3025 870 3055 9⁶26,
893 3027 951 3049 nota
973 3025 995 3048 1.
1021 3038 1054 3041 -
1080 3024 1127 3049 ΡιῸ
1153 3025 1237 3049 totum
1261 3024 1347 3056 potest
1371 3022 1407 3049 ibi

453 3070 508 3094 cod.
535 3070 556 3094 K
577 3070 618 3100 (la
639 3068 752 3094 secunda
772 3068 862 3100 manu)
880 3067 948 3093 hene
973 3069 1078 3093 tuntum
1097 3069 1140 3095 (ita
1159 3068 1235 3093 etiam
1255 3067 1331 3092 codd.
1345 3068 1364 3092 G
1377 3067 1405 3099 Ρ)

451 3114 534 3145 potest
553 3112 624 3146 qnid.
646 3113 782 3144 Aliquanto
802 3112 923 3142 superius
942 3118 990 3142 pro
1008 3112 1033 3137 et
1050 3110 1245 3144 separationem
1264 3111 1323 3136 edd.
1337 3117 1405 3144 qnae

450 3163 499 3189 per
517 3157 547 3190 fit
564 3156 766 3189 separationem.

523 3201 533 3216 ⁵
555 3201 619 3225 Vide
639 3201 752 3226 scholion
773 3200 804 3225 ad
825 3200 1023 3231 praecedentem
1045 3203 1143 3232 quaest.

523 3244 534 3260 6
554 3237 626 3269 Veis.
647 3246 671 3269 8.
691 3258 726 3263 -—
745 3244 876 3276 Glossani,
898 3251 976 3276 qnam
997 3243 1117 3268 exhibent
1137 3244 1201 3268 Petr.
1221 3243 1360 3268 Lombard.
1380 3245 1405 3268 et

455 3287 570 3318 Lyranus
590 3292 616 3312 ut
636 3287 819 3319 ordinariam,
840 3288 939 3318 Haymo
959 3288 1037 3312 refert
1048 3288 1098 3317 sic:
1114 3287 1180 3319 lgnis
1195 3287 1329 3319 praecedet
1344 3293 1404 3312 eum

454 3330 635 3364 [Dominum],
659 3335 755 3356 tantum
775 3332 886 3362 spatium
906 3331 972 3357 aeris
992 3338 1136 3363 occupans,
1152 3333 1277 3363 quantum
1297 3337 1405 3362 occupa-

455 3374 491 3397 vit
509 3380 575 3405 aqua
596 3375 619 3398 in
640 3374 745 3399 dilexio.
766 3374 815 3399 Ct'r.
836 3376 957 3406 August,
978 3375 1035 3400 XX.
1057 3375 1089 3399 de
1109 3374 1163 3400 Civ.
1189 3375 1246 3406 Dei,
1268 3382 1289 3399 c.
1311 3375 1351 3399 18.
1376 3388 1406 3391 -

1468 2761 1593 2792 Superius
1612 2764 1670 2792 post
1689 2759 1840 2786 etz-tensione
1860 2759 1916 2785 cod.
1937 2760 1953 2783 S
1967 2759 2049 2787 addit:
2064 2758 2099 2784 Et
2117 2758 2188 2792 qnod
2209 2759 2314 2784 tantam
2332 2764 2418 2784 ascen-

1469 2804 1520 2836 att,
1541 2805 1673 2838 quantam
1692 2810 1764 2837 aqua
1783 2803 1811 2829 in
1829 2802 1944 2834 dilanio,
1967 2802 2078 2829 videtur.

1539 2848 1550 2864 ⁷
1570 2849 1642 2873 Vers.
1662 2848 1685 2872 8.
1704 2861 1741 2866 —
1760 2847 1827 2872 Beda
1847 2848 1871 2872 in
1891 2854 1915 2871 v.
1940 2847 1978 2872 io.
1999 2847 2046 2872 ait:
2067 2847 2192 2877 Tantum,
2214 2849 2241 2871 ut
2259 2849 2327 2871 recte
2340 2845 2418 2871 credi-

1469 2895 1523 2922 tur,
1543 2892 1617 2923 spatii
1638 2894 1751 2922 tenente,
1772 2894 1897 2923 quantum
1918 2898 1984 2923 aqua
2005 2890 2095 2915 diluvii
2115 2889 2223 2915 tenebat.
2246 2902 2280 2908 —
2303 2891 2361 2915 post
2382 2887 2418 2914 al-

1469 2934 1521 2960 tior
1540 2935 1596 2960 cod.
1617 2936 1637 2959 G
1657 2935 1729 2966 (bba
1748 2935 1860 2960 secunda
1882 2935 1971 2966 manu)
1991 2934 2095 2965 supplet
2112 2933 2171 2966 fuit.

1539 2978 1550 2995 8
1569 2979 1617 3010 Qui
1638 2979 1730 3003 dicitur
1750 2978 1923 3003 habitaculum
1944 2978 2109 3003 daemonum.
2129 2977 2180 3003 Csr.
2198 2978 2223 3002 ll.
2239 2969 2306 3002 Sciit.
2321 2977 2354 3002 lit.
2368 2976 2417 3001 Ma-

1469 3024 1553 3054 gistri,
1574 3023 1598 3047 d.
1619 3023 1659 3048 Vl.
1679 3030 1702 3048 c.
1724 3024 1753 3054 2²,
1773 3025 1797 3047 et
1822 3022 1884 3047 ibid.
1912 3022 2055 3048 Comment.
2080 3030 2101 3046 a.
2124 3023 2145 3046 1.
2166 3029 2190 3054 q.
2216 3022 2235 3046 l.
2262 3025 2286 3047 ct
2312 3020 2373 3047 dub.
2394 3021 2416 3045 1.

1469 3074 1522 3099 seq.
1543 3080 1576 3084 -
1596 3067 1652 3092 Vat.
1672 3065 1718 3092 sed
1736 3065 1785 3093 hoc
1803 3065 1881 3092 estin
1894 3066 1956 3092 ae're
1969 3065 2129 3100 caliginoso,
2145 3065 2176 3091 de
2190 3072 2241 3099 qao
2255 3065 2359 3092 constat
2370 3067 2416 3090 etc.

1539 3109 1550 3125 ⁹
1569 3111 1630 3135 Gen.
1645 3110 1675 3141 7,
1690 3110 1735 3134 ⁴20:
1750 3110 1902 3141 Quindecim
1917 3109 2009 3135 cubitis
2023 3109 2095 3134 altior
2108 3109 2153 3134 tuit
2166 3116 2233 3141 aquo
2252 3115 2331 3140 super
2348 3114 2416 3133 mon-

1469 3156 1519 3190 tes,
1541 3161 1607 3186 quos
1626 3157 1770 3185 operuerat.
1786 3168 1820 3171 —
1833 3154 1891 3179 Post
1909 3152 1956 3179 secl
1972 3152 2117 3179 seeundum
2138 3152 2257 3178 divinum
2276 3151 2416 3186 imperium

1469 3198 1528 3223 edd.
1549 3198 1649 3223 addunt
1667 3197 1735 3224 sicut
1755 3204 1825 3231 aqua
1846 3196 1947 3223 diluvii.

1541 3241 1562 3258 ¹0
1582 3242 1654 3267 Vers.
1676 3243 1716 3266 12.

1541 3286 1560 3302 ¹¹
1582 3287 1658 3317 Epist.
1679 3286 1703 3310 ll.
1724 3287 1788 3311 Petr.
1809 3286 1838 3316 3,
1861 3286 1902 3310 10.
1924 3285 2012 3310 Glossn
2034 3287 2072 3309 est
2091 3283 2230 3310 ordinaria
2249 3291 2279 3309 ex
2300 3283 2365 3309 Beda
2391 3283 2415 3307 in

1470 3331 1539 3355 hunc
1557 3331 1618 3361 loc.,
1647 3331 1670 3354 in
1698 3336 1748 3362 qua
1769 3333 1826 3360 post
1845 3329 1972 3355 elementa
1991 3329 2050 3354 cod.
2077 3336 2107 3353 aa
2127 3335 2187 3354 cum
2213 3330 2279 3353 textu
2301 3325 2414 3359 originali

1470 3374 1555 3399 addit:
1575 3372 1670 3407 quibus
1689 3373 1807 3399 mundns
1825 3372 1913 3406 [Beda
1934 3372 2067 3404 subiungit
2087 3371 2148 3405 iste]
2167 3370 2291 3398 consistit.
