<?xml version="1.0" encoding="UTF-8"?>
<!DOCTYPE html PUBLIC "-//W3C//DTD XHTML 1.0 Transitional//EN"
    "http://www.w3.org/TR/xhtml1/DTD/xhtml1-transitional.dtd">
<html xmlns="http://www.w3.org/1999/xhtml" xml:lang="en" lang="en">
 <head>
  <title>
</title>
<meta http-equiv="Content-Type" content="text/html;charset=utf-8" />
  <meta name='ocr-system' content='tesseract 3.04.00' />
  <meta name='ocr-capabilities' content='ocr_page ocr_carea ocr_par ocr_line ocrx_word'/>
</head>
<body>
  <div class='ocr_page' id='page_1' title='image "./doctorisseraphic04bona_0647.png"; bbox 0 0 2483 3882; ppageno 0'>
   <div class='ocr_carea' id='block_1_1' title="bbox 670 246 1402 287">
    <p class='ocr_par' dir='ltr' id='par_1_1' title="bbox 670 246 1402 287">
     <span class='ocr_line' id='line_1_1' title="bbox 670 246 1402 287; baseline 0 -9"><span class='ocrx_word' id='word_1_1' title='bbox 670 247 763 278; x_wconf 87' lang='lat' dir='ltr'>DlST.</span> <span class='ocrx_word' id='word_1_2' title='bbox 789 247 888 279; x_wconf 80' lang='lat' dir='ltr'>XXIV.</span> <span class='ocrx_word' id='word_1_3' title='bbox 912 247 941 278; x_wconf 92' lang='lat' dir='ltr'>P.</span> <span class='ocrx_word' id='word_1_4' title='bbox 967 247 1000 278; x_wconf 87' lang='grc' dir='ltr'>ΙΙ.</span> <span class='ocrx_word' id='word_1_5' title='bbox 1024 247 1106 278; x_wconf 73' lang='grc' dir='ltr'>ΑΒΤ.</span> <span class='ocrx_word' id='word_1_6' title='bbox 1131 247 1150 278; x_wconf 94' lang='grc' dir='ltr'>Ι.</span> <span class='ocrx_word' id='word_1_7' title='bbox 1176 246 1329 287; x_wconf 76' lang='lat' dir='ltr'>QUAEST.</span> <span class='ocrx_word' id='word_1_8' title='bbox 1355 247 1402 280; x_wconf 80' lang='lat' dir='ltr'>lv.</span> 
     </span>
    </p>
   </div>
   <div class='ocr_carea' id='block_1_2' title="bbox 0 333 1000 2900">
    <p class='ocr_par' dir='ltr' id='par_1_2' title="bbox 145 333 999 375">
     <span class='ocr_line' id='line_1_2' title="bbox 145 333 999 375; baseline 0 -10"><span class='ocrx_word' id='word_1_9' title='bbox 145 335 235 373; x_wconf 88' lang='lat' dir='ltr'>Item,</span> <span class='ocrx_word' id='word_1_10' title='bbox 252 333 336 375; x_wconf 91' lang='lat' dir='ltr'>quod</span> <span class='ocrx_word' id='word_1_11' title='bbox 354 343 416 365; x_wconf 85' lang='lat' dir='ltr'>non</span> <span class='ocrx_word' id='word_1_12' title='bbox 435 334 527 366; x_wconf 91' lang='lat' dir='ltr'>detur</span> <span class='ocrx_word' id='word_1_13' title='bbox 552 334 581 366; x_wconf 90' lang='lat' dir='ltr'>in</span> <span class='ocrx_word' id='word_1_14' title='bbox 604 343 767 366; x_wconf 78' lang='lat' dir='ltr'>manuam</span> <span class='ocrx_word' id='word_1_15' title='bbox 784 334 999 375; x_wconf 84' lang='lat' dir='ltr'>impositione,</span> 
     </span>
    </p>

    <p class='ocr_par' dir='ltr' id='par_1_3' title="bbox 0 388 193 425">
     <span class='ocr_line' id='line_1_3' title="bbox 0 388 193 425; baseline -0.036 0"><span class='ocrx_word' id='word_1_16' title='bbox 0 409 45 425; x_wconf 90' lang='lat' dir='ltr'>uum</span> <span class='ocrx_word' id='word_1_17' title='bbox 57 388 193 422; x_wconf 66' lang='lat' dir='ltr'>Videtur:</span> 
     </span>
    </p>

    <p class='ocr_par' dir='ltr' id='par_1_4' title="bbox 0 435 998 480">
     <span class='ocr_line' id='line_1_4' title="bbox 0 435 998 480; baseline 0.001 -10"><span class='ocrx_word' id='word_1_18' title='bbox 0 435 43 452; x_wconf 76' lang='lat'>⁰¹²⁰·</span> <span class='ocrx_word' id='word_1_19' title='bbox 142 441 168 471; x_wconf 88' lang='grc'>1.</span> <span class='ocrx_word' id='word_1_20' title='bbox 194 439 295 470; x_wconf 88' lang='lat' dir='ltr'>Primo</span> <span class='ocrx_word' id='word_1_21' title='bbox 319 447 375 479; x_wconf 91' lang='lat' dir='ltr'>per</span> <span class='ocrx_word' id='word_1_22' title='bbox 399 438 592 470; x_wconf 76' lang='lat' dir='ltr'>consimilem</span> <span class='ocrx_word' id='word_1_23' title='bbox 618 439 787 471; x_wconf 88' lang='lat' dir='ltr'>rationem:</span> <span class='ocrx_word' id='word_1_24' title='bbox 811 439 902 480; x_wconf 83' lang='lat' dir='ltr'>quia,</span> <span class='ocrx_word' id='word_1_25' title='bbox 927 448 998 471; x_wconf 89' lang='lat' dir='ltr'>cum</span> 
     </span>
    </p>

    <p class='ocr_par' dir='ltr' id='par_1_5' title="bbox 0 491 1000 532">
     <span class='ocr_line' id='line_1_5' title="bbox 0 491 1000 532; baseline -0.006 -3"><span class='ocrx_word' id='word_1_26' title='bbox 0 501 112 529; x_wconf 62' lang='lat' dir='ltr'>est-non</span> <span class='ocrx_word' id='word_1_27' title='bbox 135 491 189 523; x_wconf 86' lang='lat' dir='ltr'>fiat</span> <span class='ocrx_word' id='word_1_28' title='bbox 213 499 365 522; x_wconf 89' lang='lat' dir='ltr'>manuum</span> <span class='ocrx_word' id='word_1_29' title='bbox 390 491 545 532; x_wconf 80' lang='lat' dir='ltr'>impositio</span> <span class='ocrx_word' id='word_1_30' title='bbox 571 491 627 522; x_wconf 89' lang='lat' dir='ltr'>nisi</span> <span class='ocrx_word' id='word_1_31' title='bbox 654 491 683 522; x_wconf 91' lang='lat' dir='ltr'>in</span> <span class='ocrx_word' id='word_1_32' title='bbox 705 491 779 523; x_wconf 89' lang='lat' dir='ltr'>solis</span> <span class='ocrx_word' id='word_1_33' title='bbox 804 491 928 523; x_wconf 88' lang='lat' dir='ltr'>duobus</span> <span class='ocrx_word' id='word_1_34' title='bbox 952 501 1000 523; x_wconf 88' lang='lat' dir='ltr'>or-</span> 
     </span>
    </p>

    <p class='ocr_par' dir='ltr' id='par_1_6' title="bbox 0 543 1000 689">
     <span class='ocr_line' id='line_1_6' title="bbox 0 543 999 584; baseline -0.002 -7"><span class='ocrx_word' id='word_1_35' title='bbox 0 550 4 556; x_wconf 90' lang='lat'>&#39;</span> <span class='ocrx_word' id='word_1_36' title='bbox 54 544 192 582; x_wconf 84' lang='lat' dir='ltr'>dinibtiS,</span> <span class='ocrx_word' id='word_1_37' title='bbox 209 552 271 575; x_wconf 91' lang='lat' dir='ltr'>non</span> <span class='ocrx_word' id='word_1_38' title='bbox 295 543 532 584; x_wconf 81' lang='lat' dir='ltr'>imprimeretur</span> <span class='ocrx_word' id='word_1_39' title='bbox 549 543 712 575; x_wconf 75' lang='lat' dir='ltr'>character</span> <span class='ocrx_word' id='word_1_40' title='bbox 729 543 785 575; x_wconf 92' lang='lat' dir='ltr'>nisi</span> <span class='ocrx_word' id='word_1_41' title='bbox 804 544 835 574; x_wconf 93' lang='lat' dir='ltr'>in</span> <span class='ocrx_word' id='word_1_42' title='bbox 860 544 907 576; x_wconf 90' lang='lat' dir='ltr'>his</span> <span class='ocrx_word' id='word_1_43' title='bbox 925 543 999 575; x_wconf 88' lang='lat' dir='ltr'>duo-</span> 
     </span>
     <span class='ocr_line' id='line_1_7' title="bbox 53 594 1000 636; baseline -0.003 -7"><span class='ocrx_word' id='word_1_44' title='bbox 53 598 111 629; x_wconf 87' lang='lat' dir='ltr'>bus</span> <span class='ocrx_word' id='word_1_45' title='bbox 133 595 254 633; x_wconf 68' lang='lat' dir='ltr'>solum:</span> <span class='ocrx_word' id='word_1_46' title='bbox 278 595 361 636; x_wconf 90' lang='lat' dir='ltr'>quod</span> <span class='ocrx_word' id='word_1_47' title='bbox 387 599 433 627; x_wconf 91' lang='lat' dir='ltr'>est</span> <span class='ocrx_word' id='word_1_48' title='bbox 459 595 621 627; x_wconf 82' lang='lat' dir='ltr'>manifeste</span> <span class='ocrx_word' id='word_1_49' title='bbox 654 594 785 633; x_wconf 73' lang='lat' dir='ltr'>falsum,</span> <span class='ocrx_word' id='word_1_50' title='bbox 811 596 891 627; x_wconf 91' lang='lat' dir='ltr'>sicut</span> <span class='ocrx_word' id='word_1_51' title='bbox 915 598 1000 636; x_wconf 89' lang='lat' dir='ltr'>patet</span> 
     </span>
     <span class='ocr_line' id='line_1_8' title="bbox 53 647 408 689; baseline -0.011 -7"><span class='ocrx_word' id='word_1_52' title='bbox 53 658 91 682; x_wconf 85' lang='lat' dir='ltr'>ex</span> <span class='ocrx_word' id='word_1_53' title='bbox 115 647 374 689; x_wconf 76' lang='lat' dir='ltr'>praecedentibus</span> <span class='ocrx_word' id='word_1_54' title='bbox 390 647 408 678; x_wconf 92' lang='lat'>¹.</span> 
     </span>
    </p>

    <p class='ocr_par' dir='ltr' id='par_1_7' title="bbox 48 700 1000 1163">
     <span class='ocr_line' id='line_1_9' title="bbox 138 700 999 741; baseline -0.001 -9"><span class='ocrx_word' id='word_1_55' title='bbox 138 702 167 732; x_wconf 68' lang='lat'>2.</span> <span class='ocrx_word' id='word_1_56' title='bbox 191 700 280 738; x_wconf 85' lang='lat' dir='ltr'>Item,</span> <span class='ocrx_word' id='word_1_57' title='bbox 297 700 375 732; x_wconf 90' lang='lat' dir='ltr'>ordo</span> <span class='ocrx_word' id='word_1_58' title='bbox 399 700 535 732; x_wconf 75' lang='lat' dir='ltr'>traditur</span> <span class='ocrx_word' id='word_1_59' title='bbox 554 704 675 732; x_wconf 86' lang='lat' dir='ltr'>tantum</span> <span class='ocrx_word' id='word_1_60' title='bbox 693 700 732 732; x_wconf 90' lang='lat' dir='ltr'>ab</span> <span class='ocrx_word' id='word_1_61' title='bbox 755 700 919 741; x_wconf 63' lang='lat' dir='ltr'>episcopm</span> <span class='ocrx_word' id='word_1_62' title='bbox 944 700 999 732; x_wconf 90' lang='lat' dir='ltr'>sed</span> 
     </span>
     <span class='ocr_line' id='line_1_10' title="bbox 51 752 998 794; baseline -0.003 -8"><span class='ocrx_word' id='word_1_63' title='bbox 51 753 127 787; x_wconf 90' lang='lat' dir='ltr'>ordo</span> <span class='ocrx_word' id='word_1_64' title='bbox 152 753 286 785; x_wconf 81' lang='lat' dir='ltr'>traditur</span> <span class='ocrx_word' id='word_1_65' title='bbox 322 753 351 784; x_wconf 92' lang='lat' dir='ltr'>in</span> <span class='ocrx_word' id='word_1_66' title='bbox 384 752 590 794; x_wconf 83' lang='lat' dir='ltr'>impressione</span> <span class='ocrx_word' id='word_1_67' title='bbox 626 752 833 784; x_wconf 78' lang='lat' dir='ltr'>characteris:</span> <span class='ocrx_word' id='word_1_68' title='bbox 866 760 941 793; x_wconf 79' lang='lat' dir='ltr'>ergo</span> <span class='ocrx_word' id='word_1_69' title='bbox 973 752 998 783; x_wconf 89' lang='lat' dir='ltr'>si</span> 
     </span>
     <span class='ocr_line' id='line_1_11' title="bbox 51 804 999 846; baseline -0.004 -7"><span class='ocrx_word' id='word_1_70' title='bbox 51 807 210 840; x_wconf 81' lang='lat' dir='ltr'>character</span> <span class='ocrx_word' id='word_1_71' title='bbox 241 805 435 846; x_wconf 89' lang='lat' dir='ltr'>imprimitur</span> <span class='ocrx_word' id='word_1_72' title='bbox 468 805 498 836; x_wconf 88' lang='lat' dir='ltr'>in</span> <span class='ocrx_word' id='word_1_73' title='bbox 523 805 720 846; x_wconf 89' lang='lat' dir='ltr'>impositione</span> <span class='ocrx_word' id='word_1_74' title='bbox 751 813 922 842; x_wconf 88' lang='lat' dir='ltr'>manuum,</span> <span class='ocrx_word' id='word_1_75' title='bbox 957 804 999 835; x_wconf 89' lang='lat' dir='ltr'>vi-</span> 
     </span>
     <span class='ocr_line' id='line_1_12' title="bbox 50 856 1000 899; baseline -0.004 -8"><span class='ocrx_word' id='word_1_76' title='bbox 50 859 150 896; x_wconf 88' lang='lat' dir='ltr'>detur,</span> <span class='ocrx_word' id='word_1_77' title='bbox 174 858 257 899; x_wconf 91' lang='lat' dir='ltr'>quod</span> <span class='ocrx_word' id='word_1_78' title='bbox 283 857 368 889; x_wconf 90' lang='lat' dir='ltr'>solus</span> <span class='ocrx_word' id='word_1_79' title='bbox 403 858 569 899; x_wconf 88' lang='lat' dir='ltr'>episcopus</span> <span class='ocrx_word' id='word_1_80' title='bbox 601 857 713 889; x_wconf 85' lang='lat' dir='ltr'>debeat</span> <span class='ocrx_word' id='word_1_81' title='bbox 743 865 870 888; x_wconf 91' lang='lat' dir='ltr'>manum</span> <span class='ocrx_word' id='word_1_82' title='bbox 903 856 1000 897; x_wconf 90' lang='lat' dir='ltr'>impo-</span> 
     </span>
     <span class='ocr_line' id='line_1_13' title="bbox 49 908 999 951; baseline -0.003 -8"><span class='ocrx_word' id='word_1_83' title='bbox 49 919 122 943; x_wconf 86' lang='lat' dir='ltr'>nere</span> <span class='ocrx_word' id='word_1_84' title='bbox 156 910 188 941; x_wconf 92' lang='lat' dir='ltr'>in</span> <span class='ocrx_word' id='word_1_85' title='bbox 222 910 435 948; x_wconf 76' lang='lat' dir='ltr'>ordinatione3</span> <span class='ocrx_word' id='word_1_86' title='bbox 471 909 554 951; x_wconf 90' lang='lat' dir='ltr'>quod</span> <span class='ocrx_word' id='word_1_87' title='bbox 590 912 637 941; x_wconf 90' lang='lat' dir='ltr'>est</span> <span class='ocrx_word' id='word_1_88' title='bbox 667 909 800 947; x_wconf 85' lang='lat' dir='ltr'>falsum,</span> <span class='ocrx_word' id='word_1_89' title='bbox 837 908 927 950; x_wconf 89' lang='lat' dir='ltr'>quia,</span> <span class='ocrx_word' id='word_1_90' title='bbox 963 911 999 940; x_wconf 90' lang='lat' dir='ltr'>ut</span> 
     </span>
     <span class='ocr_line' id='line_1_14' title="bbox 50 961 1000 1003; baseline -0.002 -8"><span class='ocrx_word' id='word_1_91' title='bbox 50 963 121 996; x_wconf 87' lang='lat' dir='ltr'>dicit</span> <span class='ocrx_word' id='word_1_92' title='bbox 145 962 263 1001; x_wconf 90' lang='lat' dir='ltr'>Canon,</span> <span class='ocrx_word' id='word_1_93' title='bbox 280 962 477 994; x_wconf 89' lang='lat' dir='ltr'>distinctione</span> <span class='ocrx_word' id='word_1_94' title='bbox 501 962 652 1003; x_wconf 83' lang='lat' dir='ltr'>vigesima</span> <span class='ocrx_word' id='word_1_95' title='bbox 676 961 805 994; x_wconf 73' lang='lat' dir='ltr'>tertia²z</span> <span class='ocrx_word' id='word_1_96' title='bbox 837 973 851 990; x_wconf 89' lang='lat'>«</span> <span class='ocrx_word' id='word_1_97' title='bbox 873 961 1000 1002; x_wconf 87' lang='lat' dir='ltr'>Presby-</span> 
     </span>
     <span class='ocr_line' id='line_1_15' title="bbox 48 1014 999 1053; baseline -0.001 -6"><span class='ocrx_word' id='word_1_98' title='bbox 48 1019 94 1048; x_wconf 85' lang='lat' dir='ltr'>ter</span> <span class='ocrx_word' id='word_1_99' title='bbox 128 1023 200 1047; x_wconf 90' lang='lat' dir='ltr'>cum</span> <span class='ocrx_word' id='word_1_100' title='bbox 232 1014 434 1046; x_wconf 88' lang='lat' dir='ltr'>ordinatur»</span> <span class='ocrx_word' id='word_1_101' title='bbox 465 1018 533 1053; x_wconf 62' lang='lat' dir='ltr'>etc„</span> <span class='ocrx_word' id='word_1_102' title='bbox 567 1023 675 1046; x_wconf 85' lang='lat' dir='ltr'>omnes</span> <span class='ocrx_word' id='word_1_103' title='bbox 711 1014 890 1046; x_wconf 85' lang='lat' dir='ltr'>sacerdotes</span> <span class='ocrx_word' id='word_1_104' title='bbox 925 1014 999 1046; x_wconf 90' lang='lat' dir='ltr'>assi-</span> 
     </span>
     <span class='ocr_line' id='line_1_16' title="bbox 49 1066 999 1100; baseline -0.002 0"><span class='ocrx_word' id='word_1_105' title='bbox 49 1069 162 1100; x_wconf 88' lang='lat' dir='ltr'>stentes</span> <span class='ocrx_word' id='word_1_106' title='bbox 186 1066 300 1099; x_wconf 88' lang='lat' dir='ltr'>debent</span> <span class='ocrx_word' id='word_1_107' title='bbox 323 1067 355 1099; x_wconf 91' lang='lat' dir='ltr'>in</span> <span class='ocrx_word' id='word_1_108' title='bbox 385 1066 581 1099; x_wconf 88' lang='lat' dir='ltr'>ordinatione</span> <span class='ocrx_word' id='word_1_109' title='bbox 606 1066 778 1099; x_wconf 89' lang='lat' dir='ltr'>sacerdotis</span> <span class='ocrx_word' id='word_1_110' title='bbox 806 1075 920 1098; x_wconf 88' lang='lat' dir='ltr'>manus</span> <span class='ocrx_word' id='word_1_111' title='bbox 944 1067 999 1098; x_wconf 89' lang='lat' dir='ltr'>im-</span> 
     </span>
     <span class='ocr_line' id='line_1_17' title="bbox 48 1128 171 1163; baseline -0.016 -10"><span class='ocrx_word' id='word_1_112' title='bbox 48 1128 171 1163; x_wconf 89' lang='lat' dir='ltr'>ponere.</span> 
     </span>
    </p>

    <p class='ocr_par' dir='ltr' id='par_1_8' title="bbox 134 1171 997 1213">
     <span class='ocr_line' id='line_1_18' title="bbox 134 1171 997 1213; baseline 0 -9"><span class='ocrx_word' id='word_1_113' title='bbox 134 1172 223 1213; x_wconf 89' lang='lat' dir='ltr'>Quod</span> <span class='ocrx_word' id='word_1_114' title='bbox 247 1175 352 1204; x_wconf 86' lang='lat' dir='ltr'>autem</span> <span class='ocrx_word' id='word_1_115' title='bbox 377 1172 408 1204; x_wconf 90' lang='lat' dir='ltr'>in</span> <span class='ocrx_word' id='word_1_116' title='bbox 433 1172 528 1210; x_wconf 81' lang='lat' dir='ltr'>libri,</span> <span class='ocrx_word' id='word_1_117' title='bbox 553 1172 602 1204; x_wconf 83' lang='lat' dir='ltr'>vel</span> <span class='ocrx_word' id='word_1_118' title='bbox 620 1172 712 1205; x_wconf 81' lang='lat' dir='ltr'>vasis</span> <span class='ocrx_word' id='word_1_119' title='bbox 736 1171 915 1205; x_wconf 72' lang='lat' dir='ltr'>traditione</span> <span class='ocrx_word' id='word_1_120' title='bbox 931 1182 997 1205; x_wconf 89' lang='lat' dir='ltr'>non</span> 
     </span>
    </p>

    <p class='ocr_par' dir='ltr' id='par_1_9' title="bbox 0 1224 421 1266">
     <span class='ocr_line' id='line_1_19' title="bbox 0 1224 421 1266; baseline 0 -10"><span class='ocrx_word' id='word_1_121' title='bbox 0 1238 37 1260; x_wconf 53' lang='grc' dir='ltr'>,ἀμ</span> <span class='ocrx_word' id='word_1_122' title='bbox 50 1224 257 1266; x_wconf 86' lang='lat' dir='ltr'>imprimatur,</span> <span class='ocrx_word' id='word_1_123' title='bbox 282 1224 421 1256; x_wconf 86' lang='lat' dir='ltr'>videtur:</span> 
     </span>
    </p>

    <p class='ocr_par' dir='ltr' id='par_1_10' title="bbox 0 1268 998 1425">
     <span class='ocr_line' id='line_1_20' title="bbox 0 1268 998 1319; baseline 0.002 -11"><span class='ocrx_word' id='word_1_124' title='bbox 0 1268 37 1313; x_wconf 46' lang='grc' dir='ltr'>ἔξω</span> <span class='ocrx_word' id='word_1_125' title='bbox 135 1277 163 1309; x_wconf 83' lang='grc'>3.</span> <span class='ocrx_word' id='word_1_126' title='bbox 188 1277 359 1318; x_wconf 83' lang='lat' dir='ltr'>Quoniam,</span> <span class='ocrx_word' id='word_1_127' title='bbox 395 1280 461 1309; x_wconf 89' lang='lat' dir='ltr'>esto</span> <span class='ocrx_word' id='word_1_128' title='bbox 496 1277 580 1319; x_wconf 89' lang='lat' dir='ltr'>quod</span> <span class='ocrx_word' id='word_1_129' title='bbox 616 1278 694 1310; x_wconf 89' lang='lat' dir='ltr'>tales</span> <span class='ocrx_word' id='word_1_130' title='bbox 729 1278 801 1310; x_wconf 87' lang='lat' dir='ltr'>libri</span> <span class='ocrx_word' id='word_1_131' title='bbox 838 1278 887 1310; x_wconf 87' lang='lat' dir='ltr'>vel</span> <span class='ocrx_word' id='word_1_132' title='bbox 923 1287 998 1310; x_wconf 86' lang='lat' dir='ltr'>vasa</span> 
     </span>
     <span class='ocr_line' id='line_1_21' title="bbox 48 1330 997 1372; baseline 0 -9"><span class='ocrx_word' id='word_1_133' title='bbox 48 1330 209 1367; x_wconf 74' lang='lat' dir='ltr'>deessent,</span> <span class='ocrx_word' id='word_1_134' title='bbox 234 1330 315 1362; x_wconf 90' lang='lat' dir='ltr'>sicut</span> <span class='ocrx_word' id='word_1_135' title='bbox 338 1330 418 1362; x_wconf 86' lang='lat' dir='ltr'>forte</span> <span class='ocrx_word' id='word_1_136' title='bbox 442 1330 573 1362; x_wconf 83' lang='lat' dir='ltr'>deerant</span> <span class='ocrx_word' id='word_1_137' title='bbox 597 1331 627 1362; x_wconf 91' lang='lat' dir='ltr'>in</span> <span class='ocrx_word' id='word_1_138' title='bbox 660 1331 795 1363; x_wconf 87' lang='lat' dir='ltr'>Ecclesia</span> <span class='ocrx_word' id='word_1_139' title='bbox 818 1331 997 1372; x_wconf 84' lang='lat' dir='ltr'>primitiva,</span> 
     </span>
     <span class='ocr_line' id='line_1_22' title="bbox 47 1382 944 1425; baseline -0.001 -10"><span class='ocrx_word' id='word_1_140' title='bbox 47 1382 249 1415; x_wconf 88' lang='lat' dir='ltr'>nihilominus</span> <span class='ocrx_word' id='word_1_141' title='bbox 274 1382 351 1415; x_wconf 88' lang='lat' dir='ltr'>tales</span> <span class='ocrx_word' id='word_1_142' title='bbox 375 1382 502 1415; x_wconf 91' lang='lat' dir='ltr'>ordines</span> <span class='ocrx_word' id='word_1_143' title='bbox 527 1382 595 1415; x_wconf 88' lang='lat' dir='ltr'>dari</span> <span class='ocrx_word' id='word_1_144' title='bbox 619 1386 762 1425; x_wconf 84' lang='lat' dir='ltr'>possent:</span> <span class='ocrx_word' id='word_1_145' title='bbox 788 1392 862 1425; x_wconf 83' lang='lat' dir='ltr'>ergo</span> <span class='ocrx_word' id='word_1_146' title='bbox 886 1386 944 1416; x_wconf 90' lang='lat' dir='ltr'>etc.</span> 
     </span>
    </p>

    <p class='ocr_par' dir='ltr' id='par_1_11' title="bbox 46 1435 999 1687">
     <span class='ocr_line' id='line_1_23' title="bbox 132 1435 998 1475; baseline 0.002 -8"><span class='ocrx_word' id='word_1_147' title='bbox 132 1436 162 1467; x_wconf 79' lang='lat' dir='ltr'>lt.</span> <span class='ocrx_word' id='word_1_148' title='bbox 188 1435 281 1474; x_wconf 90' lang='lat' dir='ltr'>Item,</span> <span class='ocrx_word' id='word_1_149' title='bbox 306 1435 407 1467; x_wconf 87' lang='lat' dir='ltr'>multa</span> <span class='ocrx_word' id='word_1_150' title='bbox 430 1435 503 1467; x_wconf 88' lang='lat' dir='ltr'>talia</span> <span class='ocrx_word' id='word_1_151' title='bbox 527 1435 647 1468; x_wconf 85' lang='lat' dir='ltr'>confert</span> <span class='ocrx_word' id='word_1_152' title='bbox 678 1436 938 1475; x_wconf 81' lang='lat' dir='ltr'>archidiaconus,</span> <span class='ocrx_word' id='word_1_153' title='bbox 962 1440 998 1469; x_wconf 90' lang='lat' dir='ltr'>ut</span> 
     </span>
     <span class='ocr_line' id='line_1_24' title="bbox 47 1487 999 1529; baseline 0.001 -10"><span class='ocrx_word' id='word_1_154' title='bbox 47 1487 216 1529; x_wconf 86' lang='lat' dir='ltr'>ampullam</span> <span class='ocrx_word' id='word_1_155' title='bbox 249 1491 279 1520; x_wconf 90' lang='lat' dir='ltr'>et</span> <span class='ocrx_word' id='word_1_156' title='bbox 310 1487 524 1529; x_wconf 88' lang='lat' dir='ltr'>aqua-manile</span> <span class='ocrx_word' id='word_1_157' title='bbox 549 1487 758 1526; x_wconf 88' lang='lat' dir='ltr'>subdiacono,</span> <span class='ocrx_word' id='word_1_158' title='bbox 783 1488 865 1521; x_wconf 88' lang='lat' dir='ltr'>sicut</span> <span class='ocrx_word' id='word_1_159' title='bbox 895 1488 926 1520; x_wconf 93' lang='lat' dir='ltr'>in</span> <span class='ocrx_word' id='word_1_160' title='bbox 951 1488 999 1520; x_wconf 89' lang='lat' dir='ltr'>lit-</span> 
     </span>
     <span class='ocr_line' id='line_1_25' title="bbox 50 1539 997 1582; baseline 0.001 -11"><span class='ocrx_word' id='word_1_161' title='bbox 50 1539 134 1571; x_wconf 83' lang='lat' dir='ltr'>tera³</span> <span class='ocrx_word' id='word_1_162' title='bbox 158 1540 306 1581; x_wconf 77' lang='lat' dir='ltr'>tangitur,</span> <span class='ocrx_word' id='word_1_163' title='bbox 330 1545 360 1572; x_wconf 91' lang='lat' dir='ltr'>et</span> <span class='ocrx_word' id='word_1_164' title='bbox 377 1540 480 1572; x_wconf 86' lang='lat' dir='ltr'>claves</span> <span class='ocrx_word' id='word_1_165' title='bbox 504 1540 563 1581; x_wconf 88' lang='lat' dir='ltr'>ipsi</span> <span class='ocrx_word' id='word_1_166' title='bbox 581 1540 725 1572; x_wconf 92' lang='lat' dir='ltr'>ostiario:</span> <span class='ocrx_word' id='word_1_167' title='bbox 750 1540 776 1572; x_wconf 92' lang='lat' dir='ltr'>si</span> <span class='ocrx_word' id='word_1_168' title='bbox 800 1549 875 1582; x_wconf 83' lang='lat' dir='ltr'>ergo</span> <span class='ocrx_word' id='word_1_169' title='bbox 900 1540 997 1573; x_wconf 90' lang='lat' dir='ltr'>solius</span> 
     </span>
     <span class='ocr_line' id='line_1_26' title="bbox 46 1592 997 1635; baseline 0.001 -11"><span class='ocrx_word' id='word_1_170' title='bbox 46 1592 180 1634; x_wconf 87' lang='lat' dir='ltr'>episcopi</span> <span class='ocrx_word' id='word_1_171' title='bbox 204 1596 251 1624; x_wconf 89' lang='lat' dir='ltr'>est</span> <span class='ocrx_word' id='word_1_172' title='bbox 274 1592 416 1625; x_wconf 89' lang='lat' dir='ltr'>conferre</span> <span class='ocrx_word' id='word_1_173' title='bbox 440 1593 584 1632; x_wconf 82' lang='lat' dir='ltr'>ordines,</span> <span class='ocrx_word' id='word_1_174' title='bbox 609 1593 745 1632; x_wconf 88' lang='lat' dir='ltr'>videtur,</span> <span class='ocrx_word' id='word_1_175' title='bbox 769 1594 854 1635; x_wconf 87' lang='lat' dir='ltr'>quod</span> <span class='ocrx_word' id='word_1_176' title='bbox 880 1594 910 1625; x_wconf 93' lang='lat' dir='ltr'>in</span> <span class='ocrx_word' id='word_1_177' title='bbox 943 1593 997 1625; x_wconf 90' lang='lat' dir='ltr'>tali</span> 
     </span>
     <span class='ocr_line' id='line_1_27' title="bbox 46 1644 718 1687; baseline 0 -11"><span class='ocrx_word' id='word_1_178' title='bbox 46 1644 209 1677; x_wconf 90' lang='lat' dir='ltr'>traditione</span> <span class='ocrx_word' id='word_1_179' title='bbox 233 1654 294 1676; x_wconf 89' lang='lat' dir='ltr'>non</span> <span class='ocrx_word' id='word_1_180' title='bbox 319 1645 521 1687; x_wconf 86' lang='lat' dir='ltr'>imprimatur</span> <span class='ocrx_word' id='word_1_181' title='bbox 544 1645 718 1678; x_wconf 87' lang='lat' dir='ltr'>character.</span> 
     </span>
    </p>

    <p class='ocr_par' dir='ltr' id='par_1_12' title="bbox 133 1697 998 1741">
     <span class='ocr_line' id='line_1_28' title="bbox 133 1697 998 1741; baseline 0.002 -12"><span class='ocrx_word' id='word_1_182' title='bbox 133 1697 222 1738; x_wconf 88' lang='lat' dir='ltr'>Quod</span> <span class='ocrx_word' id='word_1_183' title='bbox 245 1701 352 1730; x_wconf 88' lang='lat' dir='ltr'>autem</span> <span class='ocrx_word' id='word_1_184' title='bbox 384 1698 414 1730; x_wconf 91' lang='lat' dir='ltr'>in</span> <span class='ocrx_word' id='word_1_185' title='bbox 439 1698 532 1730; x_wconf 83' lang='lat' dir='ltr'>verbi</span> <span class='ocrx_word' id='word_1_186' title='bbox 562 1698 769 1740; x_wconf 74' lang='lat' dir='ltr'>eacpressione</span> <span class='ocrx_word' id='word_1_187' title='bbox 801 1709 867 1731; x_wconf 89' lang='lat' dir='ltr'>non</span> <span class='ocrx_word' id='word_1_188' title='bbox 890 1699 998 1741; x_wconf 88' lang='lat' dir='ltr'>impri-</span> 
     </span>
    </p>

    <p class='ocr_par' dir='ltr' id='par_1_13' title="bbox 0 1750 326 1789">
     <span class='ocr_line' id='line_1_29' title="bbox 0 1750 326 1789; baseline -0.003 -6"><span class='ocrx_word' id='word_1_189' title='bbox 0 1762 35 1783; x_wconf 65' lang='lat' dir='ltr'>»ru</span> <span class='ocrx_word' id='word_1_190' title='bbox 47 1753 159 1789; x_wconf 89' lang='lat' dir='ltr'>matur,</span> <span class='ocrx_word' id='word_1_191' title='bbox 183 1750 326 1782; x_wconf 88' lang='lat' dir='ltr'>videtur:</span> 
     </span>
    </p>

    <p class='ocr_par' dir='ltr' id='par_1_14' title="bbox 2 1794 997 1995">
     <span class='ocr_line' id='line_1_30' title="bbox 2 1794 997 1846; baseline 0.003 -12"><span class='ocrx_word' id='word_1_192' title='bbox 2 1794 33 1810; x_wconf 79' lang='lat'>&#39;²⁰’</span> <span class='ocrx_word' id='word_1_193' title='bbox 133 1805 161 1835; x_wconf 79' lang='lat'>5.</span> <span class='ocrx_word' id='word_1_194' title='bbox 186 1803 306 1842; x_wconf 85' lang='lat' dir='ltr'>Primo,</span> <span class='ocrx_word' id='word_1_195' title='bbox 330 1804 404 1845; x_wconf 90' lang='lat' dir='ltr'>quia</span> <span class='ocrx_word' id='word_1_196' title='bbox 429 1804 458 1835; x_wconf 94' lang='lat' dir='ltr'>in</span> <span class='ocrx_word' id='word_1_197' title='bbox 484 1803 590 1836; x_wconf 87' lang='lat' dir='ltr'>verbis</span> <span class='ocrx_word' id='word_1_198' title='bbox 614 1804 676 1837; x_wconf 91' lang='lat' dir='ltr'>illis</span> <span class='ocrx_word' id='word_1_199' title='bbox 693 1804 887 1846; x_wconf 82' lang='lat' dir='ltr'>significatur</span> <span class='ocrx_word' id='word_1_200' title='bbox 911 1808 997 1838; x_wconf 88' lang='lat' dir='ltr'>recta</span> 
     </span>
     <span class='ocr_line' id='line_1_31' title="bbox 47 1856 996 1900; baseline 0.002 -12"><span class='ocrx_word' id='word_1_201' title='bbox 47 1856 205 1898; x_wconf 87' lang='lat' dir='ltr'>potestatis</span> <span class='ocrx_word' id='word_1_202' title='bbox 220 1857 396 1895; x_wconf 85' lang='lat' dir='ltr'>exsecutio,</span> <span class='ocrx_word' id='word_1_203' title='bbox 421 1860 456 1888; x_wconf 88' lang='lat' dir='ltr'>ut</span> <span class='ocrx_word' id='word_1_204' title='bbox 472 1860 570 1898; x_wconf 88' lang='lat' dir='ltr'>patet,</span> <span class='ocrx_word' id='word_1_205' title='bbox 587 1856 613 1888; x_wconf 87' lang='lat' dir='ltr'>si</span> <span class='ocrx_word' id='word_1_206' title='bbox 630 1856 701 1899; x_wconf 90' lang='lat' dir='ltr'>quis</span> <span class='ocrx_word' id='word_1_207' title='bbox 725 1857 868 1898; x_wconf 91' lang='lat' dir='ltr'>inspiciat</span> <span class='ocrx_word' id='word_1_208' title='bbox 880 1857 903 1889; x_wconf 74' lang='lat'>⁴:</span> <span class='ocrx_word' id='word_1_209' title='bbox 921 1867 996 1900; x_wconf 84' lang='lat' dir='ltr'>ergo</span> 
     </span>
     <span class='ocr_line' id='line_1_32' title="bbox 48 1909 995 1951; baseline 0.001 -9"><span class='ocrx_word' id='word_1_210' title='bbox 48 1918 115 1942; x_wconf 90' lang='lat' dir='ltr'>cum</span> <span class='ocrx_word' id='word_1_211' title='bbox 133 1909 212 1941; x_wconf 91' lang='lat' dir='ltr'>illud</span> <span class='ocrx_word' id='word_1_212' title='bbox 229 1913 380 1950; x_wconf 85' lang='lat' dir='ltr'>sequatur</span> <span class='ocrx_word' id='word_1_213' title='bbox 396 1909 516 1942; x_wconf 89' lang='lat' dir='ltr'>ordinis</span> <span class='ocrx_word' id='word_1_214' title='bbox 532 1910 699 1942; x_wconf 85' lang='lat' dir='ltr'>essentiam</span> <span class='ocrx_word' id='word_1_215' title='bbox 716 1913 747 1942; x_wconf 91' lang='lat' dir='ltr'>et</span> <span class='ocrx_word' id='word_1_216' title='bbox 763 1911 977 1944; x_wconf 88' lang='lat' dir='ltr'>characterem</span> <span class='ocrx_word' id='word_1_217' title='bbox 988 1937 995 1951; x_wconf 92' lang='lat'>,</span> 
     </span>
     <span class='ocr_line' id='line_1_33' title="bbox 46 1962 248 1995; baseline 0 -1"><span class='ocrx_word' id='word_1_218' title='bbox 46 1962 168 1995; x_wconf 85' lang='lat' dir='ltr'>videtur</span> <span class='ocrx_word' id='word_1_219' title='bbox 191 1966 248 1995; x_wconf 88' lang='lat' dir='ltr'>etc.</span> 
     </span>
    </p>

    <p class='ocr_par' dir='ltr' id='par_1_15' title="bbox 47 2015 997 2216">
     <span class='ocr_line' id='line_1_34' title="bbox 133 2015 996 2057; baseline 0.002 -10"><span class='ocrx_word' id='word_1_220' title='bbox 133 2016 161 2047; x_wconf 88' lang='lat'>6.</span> <span class='ocrx_word' id='word_1_221' title='bbox 184 2015 278 2054; x_wconf 89' lang='lat' dir='ltr'>ltem,</span> <span class='ocrx_word' id='word_1_222' title='bbox 307 2015 470 2048; x_wconf 87' lang='lat' dir='ltr'>character</span> <span class='ocrx_word' id='word_1_223' title='bbox 500 2024 562 2047; x_wconf 90' lang='lat' dir='ltr'>non</span> <span class='ocrx_word' id='word_1_224' title='bbox 587 2018 688 2056; x_wconf 89' lang='lat' dir='ltr'>potest</span> <span class='ocrx_word' id='word_1_225' title='bbox 719 2016 859 2057; x_wconf 88' lang='lat' dir='ltr'>imprimi</span> <span class='ocrx_word' id='word_1_226' title='bbox 887 2016 946 2049; x_wconf 90' lang='lat' dir='ltr'>nisi</span> <span class='ocrx_word' id='word_1_227' title='bbox 978 2026 996 2048; x_wconf 84' lang='lat' dir='ltr'>a</span> 
     </span>
     <span class='ocr_line' id='line_1_35' title="bbox 47 2067 997 2111; baseline 0.002 -12"><span class='ocrx_word' id='word_1_228' title='bbox 47 2067 129 2106; x_wconf 72' lang='lat' dir='ltr'>Deo,</span> <span class='ocrx_word' id='word_1_229' title='bbox 153 2068 207 2100; x_wconf 92' lang='lat' dir='ltr'>sed</span> <span class='ocrx_word' id='word_1_230' title='bbox 243 2068 331 2100; x_wconf 89' lang='lat' dir='ltr'>verbi</span> <span class='ocrx_word' id='word_1_231' title='bbox 359 2069 523 2110; x_wconf 79' lang='lat' dir='ltr'>expressio</span> <span class='ocrx_word' id='word_1_232' title='bbox 558 2072 604 2101; x_wconf 92' lang='lat' dir='ltr'>est</span> <span class='ocrx_word' id='word_1_233' title='bbox 639 2078 695 2110; x_wconf 91' lang='lat' dir='ltr'>per</span> <span class='ocrx_word' id='word_1_234' title='bbox 731 2069 865 2101; x_wconf 84' lang='lat' dir='ltr'>verbum</span> <span class='ocrx_word' id='word_1_235' title='bbox 901 2069 997 2111; x_wconf 86' lang='lat' dir='ltr'>impe-</span> 
     </span>
     <span class='ocr_line' id='line_1_36' title="bbox 47 2120 996 2163; baseline 0.003 -12"><span class='ocrx_word' id='word_1_236' title='bbox 47 2120 162 2158; x_wconf 80' lang='lat' dir='ltr'>randi,</span> <span class='ocrx_word' id='word_1_237' title='bbox 186 2129 258 2152; x_wconf 91' lang='lat' dir='ltr'>cum</span> <span class='ocrx_word' id='word_1_238' title='bbox 283 2120 414 2153; x_wconf 88' lang='lat' dir='ltr'>dicitur:</span> <span class='ocrx_word' id='word_1_239' title='bbox 437 2121 546 2162; x_wconf 82' lang='lat' dir='ltr'>Accipe</span> <span class='ocrx_word' id='word_1_240' title='bbox 569 2125 753 2162; x_wconf 88' lang='lat' dir='ltr'>potestatem</span> <span class='ocrx_word' id='word_1_241' title='bbox 772 2125 843 2154; x_wconf 90' lang='lat' dir='ltr'>etc.:</span> <span class='ocrx_word' id='word_1_242' title='bbox 869 2130 944 2163; x_wconf 85' lang='lat' dir='ltr'>ergo</span> <span class='ocrx_word' id='word_1_243' title='bbox 964 2122 996 2154; x_wconf 92' lang='lat' dir='ltr'>in</span> 
     </span>
     <span class='ocr_line' id='line_1_37' title="bbox 47 2173 995 2216; baseline 0.002 -11"><span class='ocrx_word' id='word_1_244' title='bbox 47 2173 98 2205; x_wconf 89' lang='lat' dir='ltr'>tali</span> <span class='ocrx_word' id='word_1_245' title='bbox 121 2173 221 2205; x_wconf 84' lang='lat' dir='ltr'>forma</span> <span class='ocrx_word' id='word_1_246' title='bbox 245 2183 306 2206; x_wconf 91' lang='lat' dir='ltr'>non</span> <span class='ocrx_word' id='word_1_247' title='bbox 331 2178 377 2206; x_wconf 90' lang='lat' dir='ltr'>est</span> <span class='ocrx_word' id='word_1_248' title='bbox 401 2178 581 2215; x_wconf 88' lang='lat' dir='ltr'>competens</span> <span class='ocrx_word' id='word_1_249' title='bbox 605 2175 745 2216; x_wconf 87' lang='lat' dir='ltr'>imprimi</span> <span class='ocrx_word' id='word_1_250' title='bbox 769 2175 995 2207; x_wconf 89' lang='lat' dir='ltr'>characterem.</span> 
     </span>
    </p>

    <p class='ocr_par' dir='ltr' id='par_1_16' title="bbox 132 2226 995 2269">
     <span class='ocr_line' id='line_1_38' title="bbox 132 2226 995 2269; baseline 0.001 -11"><span class='ocrx_word' id='word_1_251' title='bbox 132 2226 183 2258; x_wconf 88' lang='lat' dir='ltr'>Est</span> <span class='ocrx_word' id='word_1_252' title='bbox 216 2226 312 2268; x_wconf 82' lang='lat' dir='ltr'>igitur</span> <span class='ocrx_word' id='word_1_253' title='bbox 343 2227 500 2268; x_wconf 86' lang='lat' dir='ltr'>quaestio:</span> <span class='ocrx_word' id='word_1_254' title='bbox 536 2236 634 2269; x_wconf 90' lang='lat' dir='ltr'>quare</span> <span class='ocrx_word' id='word_1_255' title='bbox 666 2228 726 2259; x_wconf 90' lang='lat' dir='ltr'>hoc</span> <span class='ocrx_word' id='word_1_256' title='bbox 757 2228 995 2260; x_wconf 87' lang='lat' dir='ltr'>Sacramentum</span> 
     </span>
    </p>

    <p class='ocr_par' dir='ltr' id='par_1_17' title="bbox 0 2278 994 2321">
     <span class='ocr_line' id='line_1_39' title="bbox 0 2278 994 2321; baseline 0.003 -12"><span class='ocrx_word' id='word_1_257' title='bbox 0 2288 34 2320; x_wconf 60' lang='lat' dir='ltr'>gio·</span> <span class='ocrx_word' id='word_1_258' title='bbox 47 2278 137 2311; x_wconf 86' lang='lat' dir='ltr'>habet</span> <span class='ocrx_word' id='word_1_259' title='bbox 159 2279 293 2311; x_wconf 84' lang='lat' dir='ltr'>formam</span> <span class='ocrx_word' id='word_1_260' title='bbox 310 2279 397 2312; x_wconf 89' lang='lat' dir='ltr'>verbi</span> <span class='ocrx_word' id='word_1_261' title='bbox 417 2289 472 2321; x_wconf 91' lang='lat' dir='ltr'>per</span> <span class='ocrx_word' id='word_1_262' title='bbox 497 2280 627 2312; x_wconf 91' lang='lat' dir='ltr'>modum</span> <span class='ocrx_word' id='word_1_263' title='bbox 645 2280 894 2321; x_wconf 77' lang='lat' dir='ltr'>imperativam,</span> <span class='ocrx_word' id='word_1_264' title='bbox 921 2289 994 2313; x_wconf 91' lang='lat' dir='ltr'>cum</span> 
     </span>
    </p>

    <p class='ocr_par' dir='ltr' id='par_1_18' title="bbox 0 2321 995 2374">
     <span class='ocr_line' id='line_1_40' title="bbox 0 2321 995 2374; baseline 0.002 -11"><span class='ocrx_word' id='word_1_265' title='bbox 0 2321 17 2336; x_wconf 50' lang='lat'><em>²</em></span> <span class='ocrx_word' id='word_1_266' title='bbox 46 2331 105 2363; x_wconf 86' lang='lat' dir='ltr'>alia</span> <span class='ocrx_word' id='word_1_267' title='bbox 127 2332 262 2364; x_wconf 83' lang='lat' dir='ltr'>habeant</span> <span class='ocrx_word' id='word_1_268' title='bbox 285 2341 342 2374; x_wconf 91' lang='lat' dir='ltr'>per</span> <span class='ocrx_word' id='word_1_269' title='bbox 366 2332 604 2371; x_wconf 76' lang='lat' dir='ltr'>indicativum,</span> <span class='ocrx_word' id='word_1_270' title='bbox 627 2333 677 2365; x_wconf 85' lang='lat' dir='ltr'>vel</span> <span class='ocrx_word' id='word_1_271' title='bbox 705 2333 995 2374; x_wconf 76' lang='lat' dir='ltr'>deprecatimim5‘?</span> 
     </span>
    </p>

    <p class='ocr_par' dir='ltr' id='par_1_19' title="bbox 48 2384 995 2522">
     <span class='ocr_line' id='line_1_41' title="bbox 132 2384 995 2427; baseline 0.002 -10"><span class='ocrx_word' id='word_1_272' title='bbox 132 2385 183 2417; x_wconf 87' lang='lat' dir='ltr'>Est</span> <span class='ocrx_word' id='word_1_273' title='bbox 201 2384 293 2417; x_wconf 88' lang='lat' dir='ltr'>etiam</span> <span class='ocrx_word' id='word_1_274' title='bbox 312 2386 469 2427; x_wconf 89' lang='lat' dir='ltr'>quaestio:</span> <span class='ocrx_word' id='word_1_275' title='bbox 487 2386 572 2418; x_wconf 90' lang='lat' dir='ltr'>unde</span> <span class='ocrx_word' id='word_1_276' title='bbox 589 2389 692 2418; x_wconf 88' lang='lat' dir='ltr'>ortum</span> <span class='ocrx_word' id='word_1_277' title='bbox 719 2386 901 2418; x_wconf 86' lang='lat' dir='ltr'>habuerunt</span> <span class='ocrx_word' id='word_1_278' title='bbox 916 2387 995 2419; x_wconf 87' lang='lat' dir='ltr'>haec</span> 
     </span>
     <span class='ocr_line' id='line_1_42' title="bbox 48 2437 995 2480; baseline 0.002 -11"><span class='ocrx_word' id='word_1_279' title='bbox 48 2437 126 2469; x_wconf 89' lang='lat' dir='ltr'>circa</span> <span class='ocrx_word' id='word_1_280' title='bbox 149 2438 308 2476; x_wconf 83' lang='lat' dir='ltr'>ordinem,</span> <span class='ocrx_word' id='word_1_281' title='bbox 333 2438 450 2471; x_wconf 89' lang='lat' dir='ltr'>scilicet</span> <span class='ocrx_word' id='word_1_282' title='bbox 474 2448 637 2470; x_wconf 80' lang='lat' dir='ltr'>mannum</span> <span class='ocrx_word' id='word_1_283' title='bbox 662 2438 827 2480; x_wconf 75' lang='lat' dir='ltr'>impositio</span> <span class='ocrx_word' id='word_1_284' title='bbox 855 2442 885 2471; x_wconf 95' lang='lat' dir='ltr'>et</span> <span class='ocrx_word' id='word_1_285' title='bbox 910 2438 995 2471; x_wconf 86' lang='lat' dir='ltr'>bene-</span> 
     </span>
     <span class='ocr_line' id='line_1_43' title="bbox 49 2488 352 2522; baseline 0.007 -2"><span class='ocrx_word' id='word_1_286' title='bbox 49 2488 142 2521; x_wconf 81' lang='lat' dir='ltr'>dictio</span> <span class='ocrx_word' id='word_1_287' title='bbox 166 2493 196 2522; x_wconf 90' lang='lat' dir='ltr'>et</span> <span class='ocrx_word' id='word_1_288' title='bbox 219 2490 352 2522; x_wconf 73' lang='lat' dir='ltr'>unctio?</span> 
     </span>
    </p>

    <p class='ocr_par' dir='ltr' id='par_1_20' title="bbox 47 2539 995 2685">
     <span class='ocr_line' id='line_1_44' title="bbox 133 2539 994 2585; baseline 0.001 -11"><span class='ocrx_word' id='word_1_289' title='bbox 133 2543 183 2575; x_wconf 89' lang='lat' dir='ltr'>Est</span> <span class='ocrx_word' id='word_1_290' title='bbox 205 2543 299 2575; x_wconf 88' lang='lat' dir='ltr'>etiam</span> <span class='ocrx_word' id='word_1_291' title='bbox 324 2543 481 2585; x_wconf 88' lang='lat' dir='ltr'>quaestio:</span> <span class='ocrx_word' id='word_1_292' title='bbox 507 2553 606 2585; x_wconf 88' lang='lat' dir='ltr'>quare</span> <span class='ocrx_word' id='word_1_293' title='bbox 635 2539 799 2585; x_wconf 72' lang='lat' dir='ltr'>impositio</span> <span class='ocrx_word' id='word_1_294' title='bbox 830 2553 994 2576; x_wconf 75' lang='lat' dir='ltr'>mannum</span> 
     </span>
     <span class='ocr_line' id='line_1_45' title="bbox 47 2594 995 2635; baseline 0.001 -9"><span class='ocrx_word' id='word_1_295' title='bbox 47 2597 92 2626; x_wconf 86' lang='lat' dir='ltr'>est</span> <span class='ocrx_word' id='word_1_296' title='bbox 115 2594 145 2626; x_wconf 91' lang='lat' dir='ltr'>in</span> <span class='ocrx_word' id='word_1_297' title='bbox 169 2595 293 2628; x_wconf 85' lang='lat' dir='ltr'>duobus</span> <span class='ocrx_word' id='word_1_298' title='bbox 317 2596 499 2635; x_wconf 90' lang='lat' dir='ltr'>ordinibus,</span> <span class='ocrx_word' id='word_1_299' title='bbox 517 2596 571 2628; x_wconf 88' lang='lat' dir='ltr'>sed</span> <span class='ocrx_word' id='word_1_300' title='bbox 596 2596 706 2628; x_wconf 82' lang='lat' dir='ltr'>unctio</span> <span class='ocrx_word' id='word_1_301' title='bbox 731 2596 761 2628; x_wconf 89' lang='lat' dir='ltr'>in</span> <span class='ocrx_word' id='word_1_302' title='bbox 778 2605 842 2628; x_wconf 90' lang='lat' dir='ltr'>uno</span> <span class='ocrx_word' id='word_1_303' title='bbox 866 2596 932 2628; x_wconf 89' lang='lat' dir='ltr'>solo</span> <span class='ocrx_word' id='word_1_304' title='bbox 948 2605 995 2627; x_wconf 92' lang='lat' dir='ltr'>or-</span> 
     </span>
     <span class='ocr_line' id='line_1_46' title="bbox 50 2645 496 2685; baseline 0.004 -8"><span class='ocrx_word' id='word_1_305' title='bbox 50 2645 135 2685; x_wconf 82' lang='lat' dir='ltr'>dine,</span> <span class='ocrx_word' id='word_1_306' title='bbox 160 2647 275 2679; x_wconf 91' lang='lat' dir='ltr'>scilicet</span> <span class='ocrx_word' id='word_1_307' title='bbox 299 2647 496 2680; x_wconf 80' lang='lat' dir='ltr'>sacerdotio?</span> 
     </span>
    </p>

    <p class='ocr_par' dir='ltr' id='par_1_21' title="bbox 48 2699 997 2836">
     <span class='ocr_line' id='line_1_47' title="bbox 136 2699 995 2742; baseline 0 -10"><span class='ocrx_word' id='word_1_308' title='bbox 136 2699 186 2732; x_wconf 87' lang='lat' dir='ltr'>Est</span> <span class='ocrx_word' id='word_1_309' title='bbox 200 2704 312 2741; x_wconf 87' lang='lat' dir='ltr'>quarto</span> <span class='ocrx_word' id='word_1_310' title='bbox 329 2700 488 2742; x_wconf 86' lang='lat' dir='ltr'>quaestio:</span> <span class='ocrx_word' id='word_1_311' title='bbox 507 2709 606 2741; x_wconf 88' lang='lat' dir='ltr'>quare</span> <span class='ocrx_word' id='word_1_312' title='bbox 626 2700 757 2732; x_wconf 87' lang='lat' dir='ltr'>diacono</span> <span class='ocrx_word' id='word_1_313' title='bbox 778 2700 864 2732; x_wconf 92' lang='lat' dir='ltr'>solus</span> <span class='ocrx_word' id='word_1_314' title='bbox 881 2700 995 2741; x_wconf 90' lang='lat' dir='ltr'>episco-</span> 
     </span>
     <span class='ocr_line' id='line_1_48' title="bbox 48 2753 997 2794; baseline 0.002 -11"><span class='ocrx_word' id='word_1_315' title='bbox 48 2759 107 2791; x_wconf 87' lang='lat' dir='ltr'>pus</span> <span class='ocrx_word' id='word_1_316' title='bbox 136 2761 248 2784; x_wconf 89' lang='lat' dir='ltr'>manus</span> <span class='ocrx_word' id='word_1_317' title='bbox 278 2753 426 2794; x_wconf 83' lang='lat' dir='ltr'>imponit,</span> <span class='ocrx_word' id='word_1_318' title='bbox 459 2753 675 2785; x_wconf 85' lang='lat' dir='ltr'>sacerdotibus</span> <span class='ocrx_word' id='word_1_319' title='bbox 708 2762 782 2785; x_wconf 88' lang='lat' dir='ltr'>vero</span> <span class='ocrx_word' id='word_1_320' title='bbox 815 2753 867 2785; x_wconf 92' lang='lat' dir='ltr'>alii</span> <span class='ocrx_word' id='word_1_321' title='bbox 897 2762 997 2785; x_wconf 89' lang='lat' dir='ltr'>sacer-</span> 
     </span>
     <span class='ocr_line' id='line_1_49' title="bbox 51 2802 157 2836; baseline 0.009 -1"><span class='ocrx_word' id='word_1_322' title='bbox 51 2802 157 2836; x_wconf 82' lang='lat' dir='ltr'>dotes?</span> 
     </span>
    </p>

    <p class='ocr_par' dir='ltr' id='par_1_22' title="bbox 136 2856 996 2900">
     <span class='ocr_line' id='line_1_50' title="bbox 136 2856 996 2900; baseline 0.001 -12"><span class='ocrx_word' id='word_1_323' title='bbox 136 2856 186 2889; x_wconf 89' lang='lat' dir='ltr'>Est</span> <span class='ocrx_word' id='word_1_324' title='bbox 215 2857 327 2889; x_wconf 89' lang='lat' dir='ltr'>ultimo</span> <span class='ocrx_word' id='word_1_325' title='bbox 359 2858 516 2900; x_wconf 84' lang='lat' dir='ltr'>quaestio:</span> <span class='ocrx_word' id='word_1_326' title='bbox 543 2858 572 2890; x_wconf 93' lang='lat' dir='ltr'>in</span> <span class='ocrx_word' id='word_1_327' title='bbox 603 2867 665 2900; x_wconf 88' lang='lat' dir='ltr'>quo</span> <span class='ocrx_word' id='word_1_328' title='bbox 690 2858 903 2890; x_wconf 72' lang='lat' dir='ltr'>essentialiter</span> <span class='ocrx_word' id='word_1_329' title='bbox 928 2867 996 2890; x_wconf 85' lang='lat' dir='ltr'>con-</span> 
     </span>
    </p>
   </div>
   <div class='ocr_carea' id='block_1_3' title="bbox 1028 343 1034 1867">
    <p class='ocr_par' dir='ltr' id='par_1_23' title="bbox 1028 343 1034 1867">
     <span class='ocr_line' id='line_1_51' title="bbox 1028 343 1034 1867; baseline 0 0"><span class='ocrx_word' id='word_1_330' title='bbox 1028 343 1034 1867; x_wconf 95' lang='lat' dir='ltr'> </span> 
     </span>
    </p>
   </div>
   <div class='ocr_carea' id='block_1_4' title="bbox 1025 2066 1031 2896">
    <p class='ocr_par' dir='ltr' id='par_1_24' title="bbox 1025 2066 1031 2896">
     <span class='ocr_line' id='line_1_52' title="bbox 1025 2066 1031 2896; baseline 0 0"><span class='ocrx_word' id='word_1_331' title='bbox 1025 2066 1031 2896; x_wconf 95' lang='lat' dir='ltr'> </span> 
     </span>
    </p>
   </div>
   <div class='ocr_carea' id='block_1_5' title="bbox 1951 250 2012 280">
    <p class='ocr_par' dir='ltr' id='par_1_25' title="bbox 1951 250 2012 280">
     <span class='ocr_line' id='line_1_53' title="bbox 1951 250 2012 280; baseline 0 0"><span class='ocrx_word' id='word_1_332' title='bbox 1951 250 2012 280; x_wconf 57' lang='lat'>6⁹27</span> 
     </span>
    </p>
   </div>
   <div class='ocr_carea' id='block_1_6' title="bbox 1064 334 2017 576">
    <p class='ocr_par' dir='ltr' id='par_1_26' title="bbox 1064 334 2017 576">
     <span class='ocr_line' id='line_1_54' title="bbox 1065 334 2017 367; baseline 0 -1"><span class='ocrx_word' id='word_1_333' title='bbox 1065 334 1145 366; x_wconf 90' lang='lat' dir='ltr'>sistit</span> <span class='ocrx_word' id='word_1_334' title='bbox 1169 334 1406 366; x_wconf 85' lang='lat' dir='ltr'>Sacramentum</span> <span class='ocrx_word' id='word_1_335' title='bbox 1431 334 1515 366; x_wconf 86' lang='lat' dir='ltr'>istud</span> <span class='ocrx_word' id='word_1_336' title='bbox 1540 335 1702 367; x_wconf 82' lang='lat' dir='ltr'>exterius?</span> <span class='ocrx_word' id='word_1_337' title='bbox 1728 335 1762 367; x_wconf 86' lang='lat' dir='ltr'>Et</span> <span class='ocrx_word' id='word_1_338' title='bbox 1785 344 1856 367; x_wconf 90' lang='lat' dir='ltr'>cum</span> <span class='ocrx_word' id='word_1_339' title='bbox 1879 344 1940 367; x_wconf 89' lang='lat' dir='ltr'>non</span> <span class='ocrx_word' id='word_1_340' title='bbox 1965 335 2017 367; x_wconf 88' lang='lat' dir='ltr'>ha-</span> 
     </span>
     <span class='ocr_line' id='line_1_55' title="bbox 1066 385 2014 429; baseline 0.001 -11"><span class='ocrx_word' id='word_1_341' title='bbox 1066 386 1135 418; x_wconf 85' lang='lat' dir='ltr'>beat</span> <span class='ocrx_word' id='word_1_342' title='bbox 1152 386 1340 418; x_wconf 79' lang='lat' dir='ltr'>elementum</span> <span class='ocrx_word' id='word_1_343' title='bbox 1357 396 1413 419; x_wconf 90' lang='lat' dir='ltr'>nec</span> <span class='ocrx_word' id='word_1_344' title='bbox 1428 385 1576 428; x_wconf 75' lang='lat' dir='ltr'>formant</span> <span class='ocrx_word' id='word_1_345' title='bbox 1594 391 1757 426; x_wconf 82' lang='lat' dir='ltr'>statutam,</span> <span class='ocrx_word' id='word_1_346' title='bbox 1779 388 1913 426; x_wconf 84' lang='lat' dir='ltr'>videtur,</span> <span class='ocrx_word' id='word_1_347' title='bbox 1931 388 2014 429; x_wconf 89' lang='lat' dir='ltr'>quod</span> 
     </span>
     <span class='ocr_line' id='line_1_56' title="bbox 1065 438 2015 481; baseline 0.001 -11"><span class='ocrx_word' id='word_1_348' title='bbox 1065 438 1142 470; x_wconf 89' lang='lat' dir='ltr'>nihil</span> <span class='ocrx_word' id='word_1_349' title='bbox 1159 439 1323 471; x_wconf 86' lang='lat' dir='ltr'>essentiale</span> <span class='ocrx_word' id='word_1_350' title='bbox 1348 440 1470 471; x_wconf 86' lang='lat' dir='ltr'>habeat.</span> <span class='ocrx_word' id='word_1_351' title='bbox 1488 440 1523 471; x_wconf 88' lang='lat' dir='ltr'>Et</span> <span class='ocrx_word' id='word_1_352' title='bbox 1546 440 1630 481; x_wconf 86' lang='lat' dir='ltr'>quod</span> <span class='ocrx_word' id='word_1_353' title='bbox 1648 449 1708 471; x_wconf 92' lang='lat' dir='ltr'>non</span> <span class='ocrx_word' id='word_1_354' title='bbox 1734 440 1846 472; x_wconf 86' lang='lat' dir='ltr'>habeat</span> <span class='ocrx_word' id='word_1_355' title='bbox 1867 439 2015 481; x_wconf 77' lang='lat' dir='ltr'>sormam</span> 
     </span>
     <span class='ocr_line' id='line_1_57' title="bbox 1064 491 2014 534; baseline 0.002 -12"><span class='ocrx_word' id='word_1_356' title='bbox 1064 491 1322 531; x_wconf 83' lang='lat' dir='ltr'>determinatam,</span> <span class='ocrx_word' id='word_1_357' title='bbox 1340 492 1475 531; x_wconf 87' lang='lat' dir='ltr'>videtur,</span> <span class='ocrx_word' id='word_1_358' title='bbox 1500 502 1570 524; x_wconf 90' lang='lat' dir='ltr'>cum</span> <span class='ocrx_word' id='word_1_359' title='bbox 1590 493 1718 534; x_wconf 85' lang='lat' dir='ltr'>antiqua</span> <span class='ocrx_word' id='word_1_360' title='bbox 1742 493 1901 525; x_wconf 87' lang='lat' dir='ltr'>ordinaria</span> <span class='ocrx_word' id='word_1_361' title='bbox 1918 493 2014 524; x_wconf 87' lang='lat' dir='ltr'>alium</span> 
     </span>
     <span class='ocr_line' id='line_1_58' title="bbox 1065 544 1364 576; baseline 0.007 -2"><span class='ocrx_word' id='word_1_362' title='bbox 1065 544 1194 575; x_wconf 88' lang='lat' dir='ltr'>modum</span> <span class='ocrx_word' id='word_1_363' title='bbox 1220 545 1364 576; x_wconf 86' lang='lat' dir='ltr'>habeant.</span> 
     </span>
    </p>
   </div>
   <div class='ocr_carea' id='block_1_7' title="bbox 1419 641 1656 665">
    <p class='ocr_par' dir='ltr' id='par_1_27' title="bbox 1419 641 1656 665">
     <span class='ocr_line' id='line_1_59' title="bbox 1419 641 1656 665; baseline 0 -2"><span class='ocrx_word' id='word_1_364' title='bbox 1419 641 1656 665; x_wconf 84' lang='lat' dir='ltr'>CONCLUSIO.</span> 
     </span>
    </p>
   </div>
   <div class='ocr_carea' id='block_1_8' title="bbox 1066 716 2048 867">
    <p class='ocr_par' dir='ltr' id='par_1_28' title="bbox 1066 716 2048 867">
     <span class='ocr_line' id='line_1_60' title="bbox 1066 716 2016 762; baseline 0.003 -14"><span class='ocrx_word' id='word_1_365' title='bbox 1066 716 1248 749; x_wconf 76' lang='lat' dir='ltr'>Cltaraeter</span> <span class='ocrx_word' id='word_1_366' title='bbox 1278 719 1497 760; x_wconf 78' lang='lat' dir='ltr'>imprimitur,</span> <span class='ocrx_word' id='word_1_367' title='bbox 1522 729 1597 751; x_wconf 75' lang='lat' dir='ltr'>enin</span> <span class='ocrx_word' id='word_1_368' title='bbox 1626 721 1728 752; x_wconf 81' lang='lat' dir='ltr'>datar</span> <span class='ocrx_word' id='word_1_369' title='bbox 1756 720 1942 762; x_wconf 71' lang='lat' dir='ltr'>principale</span> <span class='ocrx_word' id='word_1_370' title='bbox 1970 721 2016 752; x_wconf 87' lang='lat' dir='ltr'>in-</span> 
     </span>
     <span class='ocr_line' id='line_1_61' title="bbox 1150 772 2014 815; baseline 0.005 -14"><span class='ocrx_word' id='word_1_371' title='bbox 1150 775 1383 809; x_wconf 73' lang='lat' dir='ltr'>strumentum,</span> <span class='ocrx_word' id='word_1_372' title='bbox 1400 772 1456 803; x_wconf 83' lang='lat' dir='ltr'>sed</span> <span class='ocrx_word' id='word_1_373' title='bbox 1472 772 1632 805; x_wconf 77' lang='lat' dir='ltr'>adiuncta</span> <span class='ocrx_word' id='word_1_374' title='bbox 1656 772 1770 815; x_wconf 85' lang='lat' dir='ltr'>forma</span> <span class='ocrx_word' id='word_1_375' title='bbox 1794 773 1920 805; x_wconf 77' lang='lat' dir='ltr'>verbali</span> <span class='ocrx_word' id='word_1_376' title='bbox 1935 777 1963 805; x_wconf 88' lang='lat' dir='ltr'>et</span> <span class='ocrx_word' id='word_1_377' title='bbox 1979 773 2014 805; x_wconf 85' lang='lat' dir='ltr'>in</span> 
     </span>
     <span class='ocr_line' id='line_1_62' title="bbox 1152 822 2048 867; baseline 0.006 -14"><span class='ocrx_word' id='word_1_378' title='bbox 1152 822 1279 854; x_wconf 74' lang='lat' dir='ltr'>ilttobns</span> <span class='ocrx_word' id='word_1_379' title='bbox 1295 824 1406 855; x_wconf 76' lang='lat' dir='ltr'>sacris</span> <span class='ocrx_word' id='word_1_380' title='bbox 1423 825 1596 857; x_wconf 74' lang='lat' dir='ltr'>ordinibus</span> <span class='ocrx_word' id='word_1_381' title='bbox 1617 835 1780 857; x_wconf 79' lang='lat' dir='ltr'>mannum</span> <span class='ocrx_word' id='word_1_382' title='bbox 1797 826 2011 867; x_wconf 77' lang='lat' dir='ltr'>impositione.</span> <span class='ocrx_word' id='word_1_383' title='bbox 2044 854 2048 859; x_wconf 85' lang='lat'>.</span> 
     </span>
    </p>
   </div>
   <div class='ocr_carea' id='block_1_9' title="bbox 1058 910 2176 2901">
    <p class='ocr_par' dir='ltr' id='par_1_29' title="bbox 1061 910 2176 1479">
     <span class='ocr_line' id='line_1_63' title="bbox 1151 910 2016 955; baseline 0.006 -14"><span class='ocrx_word' id='word_1_384' title='bbox 1151 910 1345 943; x_wconf 80' lang='lat' dir='ltr'>RESPONnEo:</span> <span class='ocrx_word' id='word_1_385' title='bbox 1375 911 1418 944; x_wconf 85' lang='lat' dir='ltr'>Ad</span> <span class='ocrx_word' id='word_1_386' title='bbox 1444 912 1677 953; x_wconf 88' lang='lat' dir='ltr'>praedictorum</span> <span class='ocrx_word' id='word_1_387' title='bbox 1702 913 1937 955; x_wconf 85' lang='lat' dir='ltr'>intelligentiam</span> <span class='ocrx_word' id='word_1_388' title='bbox 1964 914 2016 945; x_wconf 87' lang='lat' dir='ltr'>ha-</span> 
     </span>
     <span class='ocr_line' id='line_1_64' title="bbox 1063 962 2176 1008; baseline 0.005 -14"><span class='ocrx_word' id='word_1_389' title='bbox 1063 962 1197 994; x_wconf 87' lang='lat' dir='ltr'>bendam</span> <span class='ocrx_word' id='word_1_390' title='bbox 1222 963 1298 996; x_wconf 89' lang='lat' dir='ltr'>haec</span> <span class='ocrx_word' id='word_1_391' title='bbox 1323 968 1396 996; x_wconf 92' lang='lat' dir='ltr'>sunt</span> <span class='ocrx_word' id='word_1_392' title='bbox 1419 966 1718 1006; x_wconf 78' lang='lat' dir='ltr'>praesupponenda,</span> <span class='ocrx_word' id='word_1_393' title='bbox 1739 967 1823 1008; x_wconf 91' lang='lat' dir='ltr'>quod</span> <span class='ocrx_word' id='word_1_394' title='bbox 1848 976 1939 999; x_wconf 91' lang='lat' dir='ltr'>omne</span> <span class='ocrx_word' id='word_1_395' title='bbox 1964 967 2013 998; x_wconf 86' lang='lat' dir='ltr'>Sa·</span> <span class='ocrx_word' id='word_1_396' title='bbox 2028 980 2078 1000; x_wconf 72' lang='lat' dir='ltr'>Tria</span> <span class='ocrx_word' id='word_1_397' title='bbox 2098 986 2176 1006; x_wconf 74' lang='lat' dir='ltr'>suppo-</span> 
     </span>
     <span class='ocr_line' id='line_1_65' title="bbox 1062 1006 2120 1058; baseline 0.006 -12"><span class='ocrx_word' id='word_1_398' title='bbox 1062 1019 1259 1048; x_wconf 89' lang='lat' dir='ltr'>cramentum</span> <span class='ocrx_word' id='word_1_399' title='bbox 1275 1016 1402 1058; x_wconf 86' lang='lat' dir='ltr'>aliquod</span> <span class='ocrx_word' id='word_1_400' title='bbox 1421 1017 1544 1058; x_wconf 82' lang='lat' dir='ltr'>signum</span> <span class='ocrx_word' id='word_1_401' title='bbox 1563 1019 1731 1050; x_wconf 69' lang='lat' dir='ltr'>essentiale</span> <span class='ocrx_word' id='word_1_402' title='bbox 1747 1019 1841 1051; x_wconf 87' lang='lat' dir='ltr'>habet</span> <span class='ocrx_word' id='word_1_403' title='bbox 1857 1019 2015 1058; x_wconf 78' lang='lat' dir='ltr'>exterius3</span> <span class='ocrx_word' id='word_1_404' title='bbox 2043 1006 2120 1027; x_wconf 39' lang='lat'>¹¹²⁰&amp;</span> 
     </span>
     <span class='ocr_line' id='line_1_66' title="bbox 1062 1067 2010 1113; baseline 0.005 -14"><span class='ocrx_word' id='word_1_405' title='bbox 1062 1067 1149 1099; x_wconf 89' lang='lat' dir='ltr'>nullo</span> <span class='ocrx_word' id='word_1_406' title='bbox 1166 1068 1248 1100; x_wconf 89' lang='lat' dir='ltr'>enim</span> <span class='ocrx_word' id='word_1_407' title='bbox 1266 1069 1360 1101; x_wconf 88' lang='lat' dir='ltr'>modo</span> <span class='ocrx_word' id='word_1_408' title='bbox 1376 1069 1497 1101; x_wconf 85' lang='lat' dir='ltr'>accidit</span> <span class='ocrx_word' id='word_1_409' title='bbox 1514 1070 1714 1102; x_wconf 85' lang='lat' dir='ltr'>Sacramento</span> <span class='ocrx_word' id='word_1_410' title='bbox 1728 1080 1795 1103; x_wconf 90' lang='lat' dir='ltr'>esse</span> <span class='ocrx_word' id='word_1_411' title='bbox 1809 1072 1943 1113; x_wconf 85' lang='lat' dir='ltr'>signum,</span> <span class='ocrx_word' id='word_1_412' title='bbox 1958 1073 2010 1104; x_wconf 91' lang='lat' dir='ltr'>sed</span> 
     </span>
     <span class='ocr_line' id='line_1_67' title="bbox 1061 1121 2011 1165; baseline 0.004 -13"><span class='ocrx_word' id='word_1_413' title='bbox 1061 1121 1229 1153; x_wconf 77' lang='lat' dir='ltr'>essentiale</span> <span class='ocrx_word' id='word_1_414' title='bbox 1245 1125 1292 1154; x_wconf 91' lang='lat' dir='ltr'>est</span> <span class='ocrx_word' id='word_1_415' title='bbox 1308 1122 1518 1163; x_wconf 81' lang='lat' dir='ltr'>simpliciter⁶.</span> <span class='ocrx_word' id='word_1_416' title='bbox 1532 1141 1575 1146; x_wconf 79' lang='lat'>—</span> <span class='ocrx_word' id='word_1_417' title='bbox 1588 1123 1753 1164; x_wconf 72' lang='lat' dir='ltr'>Amplius,</span> <span class='ocrx_word' id='word_1_418' title='bbox 1770 1125 2011 1165; x_wconf 89' lang='lat' dir='ltr'>supponendum</span> 
     </span>
     <span class='ocr_line' id='line_1_68' title="bbox 1062 1175 2012 1218; baseline 0.003 -13"><span class='ocrx_word' id='word_1_419' title='bbox 1062 1177 1125 1213; x_wconf 89' lang='lat' dir='ltr'>est,</span> <span class='ocrx_word' id='word_1_420' title='bbox 1150 1175 1234 1216; x_wconf 90' lang='lat' dir='ltr'>quod</span> <span class='ocrx_word' id='word_1_421' title='bbox 1259 1175 1290 1206; x_wconf 90' lang='lat' dir='ltr'>in</span> <span class='ocrx_word' id='word_1_422' title='bbox 1314 1176 1398 1207; x_wconf 92' lang='lat' dir='ltr'>omni</span> <span class='ocrx_word' id='word_1_423' title='bbox 1423 1176 1638 1213; x_wconf 79' lang='lat' dir='ltr'>Sacramento,</span> <span class='ocrx_word' id='word_1_424' title='bbox 1668 1177 1698 1207; x_wconf 90' lang='lat' dir='ltr'>in</span> <span class='ocrx_word' id='word_1_425' title='bbox 1728 1185 1790 1218; x_wconf 91' lang='lat' dir='ltr'>quo</span> <span class='ocrx_word' id='word_1_426' title='bbox 1820 1177 2012 1218; x_wconf 89' lang='lat' dir='ltr'>imprimitur</span> 
     </span>
     <span class='ocr_line' id='line_1_69' title="bbox 1061 1227 2014 1271; baseline 0.003 -13"><span class='ocrx_word' id='word_1_427' title='bbox 1061 1227 1235 1266; x_wconf 87' lang='lat' dir='ltr'>character,</span> <span class='ocrx_word' id='word_1_428' title='bbox 1268 1228 1352 1260; x_wconf 89' lang='lat' dir='ltr'>istud</span> <span class='ocrx_word' id='word_1_429' title='bbox 1377 1232 1423 1261; x_wconf 84' lang='lat' dir='ltr'>est</span> <span class='ocrx_word' id='word_1_430' title='bbox 1454 1229 1623 1261; x_wconf 83' lang='lat' dir='ltr'>essentiale</span> <span class='ocrx_word' id='word_1_431' title='bbox 1646 1230 1863 1268; x_wconf 89' lang='lat' dir='ltr'>Sacramento,</span> <span class='ocrx_word' id='word_1_432' title='bbox 1896 1230 1926 1261; x_wconf 94' lang='lat' dir='ltr'>in</span> <span class='ocrx_word' id='word_1_433' title='bbox 1952 1240 2014 1271; x_wconf 87' lang='lat' dir='ltr'>quo</span> 
     </span>
     <span class='ocr_line' id='line_1_70' title="bbox 1062 1280 2012 1324; baseline 0.002 -12"><span class='ocrx_word' id='word_1_434' title='bbox 1062 1280 1126 1312; x_wconf 86' lang='lat' dir='ltr'>sive</span> <span class='ocrx_word' id='word_1_435' title='bbox 1151 1289 1207 1321; x_wconf 92' lang='lat' dir='ltr'>per</span> <span class='ocrx_word' id='word_1_436' title='bbox 1231 1281 1315 1322; x_wconf 91' lang='lat' dir='ltr'>quod</span> <span class='ocrx_word' id='word_1_437' title='bbox 1349 1282 1512 1314; x_wconf 87' lang='lat' dir='ltr'>character</span> <span class='ocrx_word' id='word_1_438' title='bbox 1536 1282 1740 1323; x_wconf 85' lang='lat' dir='ltr'>imprimitur.</span> <span class='ocrx_word' id='word_1_439' title='bbox 1769 1301 1813 1305; x_wconf 75' lang='lat'>-—</span> <span class='ocrx_word' id='word_1_440' title='bbox 1840 1283 2012 1324; x_wconf 74' lang='lat' dir='ltr'>Amplius,</span> 
     </span>
     <span class='ocr_line' id='line_1_71' title="bbox 1061 1333 2014 1377; baseline 0.003 -13"><span class='ocrx_word' id='word_1_441' title='bbox 1061 1342 1133 1364; x_wconf 89' lang='lat' dir='ltr'>cum</span> <span class='ocrx_word' id='word_1_442' title='bbox 1158 1333 1284 1374; x_wconf 80' lang='lat' dir='ltr'>signum</span> <span class='ocrx_word' id='word_1_443' title='bbox 1309 1334 1421 1366; x_wconf 89' lang='lat' dir='ltr'>debeat</span> <span class='ocrx_word' id='word_1_444' title='bbox 1446 1334 1562 1366; x_wconf 86' lang='lat' dir='ltr'>hahere</span> <span class='ocrx_word' id='word_1_445' title='bbox 1587 1334 1825 1367; x_wconf 87' lang='lat' dir='ltr'>similitudinem</span> <span class='ocrx_word' id='word_1_446' title='bbox 1850 1335 1890 1368; x_wconf 91' lang='lat' dir='ltr'>ad</span> <span class='ocrx_word' id='word_1_447' title='bbox 1915 1336 2014 1377; x_wconf 82' lang='lat' dir='ltr'>signa-</span> 
     </span>
     <span class='ocr_line' id='line_1_72' title="bbox 1061 1386 2014 1429; baseline 0.003 -12"><span class='ocrx_word' id='word_1_448' title='bbox 1061 1389 1146 1424; x_wconf 77' lang='lat' dir='ltr'>tum,</span> <span class='ocrx_word' id='word_1_449' title='bbox 1171 1386 1203 1418; x_wconf 90' lang='lat' dir='ltr'>in</span> <span class='ocrx_word' id='word_1_450' title='bbox 1228 1395 1264 1418; x_wconf 87' lang='lat' dir='ltr'>eo</span> <span class='ocrx_word' id='word_1_451' title='bbox 1281 1387 1475 1428; x_wconf 91' lang='lat' dir='ltr'>imprimitur</span> <span class='ocrx_word' id='word_1_452' title='bbox 1491 1388 1664 1426; x_wconf 87' lang='lat' dir='ltr'>character,</span> <span class='ocrx_word' id='word_1_453' title='bbox 1683 1388 1768 1429; x_wconf 90' lang='lat' dir='ltr'>quod</span> <span class='ocrx_word' id='word_1_454' title='bbox 1793 1388 1936 1421; x_wconf 80' lang='lat' dir='ltr'>exterius</span> <span class='ocrx_word' id='word_1_455' title='bbox 1953 1398 2014 1420; x_wconf 86' lang='lat' dir='ltr'>ma-</span> 
     </span>
     <span class='ocr_line' id='line_1_73' title="bbox 1061 1438 1682 1479; baseline 0.003 -10"><span class='ocrx_word' id='word_1_456' title='bbox 1061 1438 1107 1479; x_wconf 80' lang='lat' dir='ltr'>gis</span> <span class='ocrx_word' id='word_1_457' title='bbox 1131 1442 1178 1470; x_wconf 91' lang='lat' dir='ltr'>est</span> <span class='ocrx_word' id='word_1_458' title='bbox 1202 1439 1232 1470; x_wconf 93' lang='lat' dir='ltr'>in</span> <span class='ocrx_word' id='word_1_459' title='bbox 1258 1439 1459 1472; x_wconf 88' lang='lat' dir='ltr'>Sacramento</span> <span class='ocrx_word' id='word_1_460' title='bbox 1484 1440 1542 1472; x_wconf 86' lang='lat' dir='ltr'>sibi</span> <span class='ocrx_word' id='word_1_461' title='bbox 1567 1440 1682 1471; x_wconf 84' lang='lat' dir='ltr'>simile.</span> 
     </span>
    </p>

    <p class='ocr_par' dir='ltr' id='par_1_30' title="bbox 1058 1492 2175 2482">
     <span class='ocr_line' id='line_1_74' title="bbox 1149 1492 2014 1534; baseline 0.002 -11"><span class='ocrx_word' id='word_1_462' title='bbox 1149 1492 1301 1532; x_wconf 86' lang='lat' dir='ltr'>Quoniam</span> <span class='ocrx_word' id='word_1_463' title='bbox 1328 1492 1423 1534; x_wconf 85' lang='lat' dir='ltr'>igitur</span> <span class='ocrx_word' id='word_1_464' title='bbox 1440 1493 1469 1524; x_wconf 93' lang='lat' dir='ltr'>in</span> <span class='ocrx_word' id='word_1_465' title='bbox 1496 1493 1606 1525; x_wconf 89' lang='lat' dir='ltr'>ordine</span> <span class='ocrx_word' id='word_1_466' title='bbox 1624 1493 1818 1534; x_wconf 84' lang='lat' dir='ltr'>imprimitur</span> <span class='ocrx_word' id='word_1_467' title='bbox 1840 1493 2014 1532; x_wconf 86' lang='lat' dir='ltr'>character,</span> 
     </span>
     <span class='ocr_line' id='line_1_75' title="bbox 1061 1543 2014 1587; baseline 0.003 -12"><span class='ocrx_word' id='word_1_468' title='bbox 1061 1543 1115 1585; x_wconf 87' lang='lat' dir='ltr'>qui</span> <span class='ocrx_word' id='word_1_469' title='bbox 1140 1548 1186 1576; x_wconf 87' lang='lat' dir='ltr'>est</span> <span class='ocrx_word' id='word_1_470' title='bbox 1211 1545 1408 1586; x_wconf 84' lang='lat' dir='ltr'>signaculum</span> <span class='ocrx_word' id='word_1_471' title='bbox 1434 1545 1473 1577; x_wconf 89' lang='lat' dir='ltr'>ad</span> <span class='ocrx_word' id='word_1_472' title='bbox 1498 1546 1635 1587; x_wconf 86' lang='lat' dir='ltr'>aliquam</span> <span class='ocrx_word' id='word_1_473' title='bbox 1660 1549 1845 1587; x_wconf 89' lang='lat' dir='ltr'>potestatem</span> <span class='ocrx_word' id='word_1_474' title='bbox 1871 1546 2014 1587; x_wconf 89' lang='lat' dir='ltr'>spiritua-</span> 
     </span>
     <span class='ocr_line' id='line_1_76' title="bbox 1061 1595 2175 1639; baseline 0.003 -12"><span class='ocrx_word' id='word_1_475' title='bbox 1061 1595 1140 1634; x_wconf 71' lang='lat' dir='ltr'>lem,</span> <span class='ocrx_word' id='word_1_476' title='bbox 1166 1596 1224 1628; x_wconf 90' lang='lat' dir='ltr'>hoc</span> <span class='ocrx_word' id='word_1_477' title='bbox 1248 1605 1306 1637; x_wconf 88' lang='lat' dir='ltr'>pro</span> <span class='ocrx_word' id='word_1_478' title='bbox 1330 1597 1469 1637; x_wconf 84' lang='lat' dir='ltr'>generali</span> <span class='ocrx_word' id='word_1_479' title='bbox 1494 1597 1603 1638; x_wconf 85' lang='lat' dir='ltr'>regula</span> <span class='ocrx_word' id='word_1_480' title='bbox 1627 1597 1810 1629; x_wconf 88' lang='lat' dir='ltr'>habendum</span> <span class='ocrx_word' id='word_1_481' title='bbox 1834 1601 1898 1636; x_wconf 90' lang='lat' dir='ltr'>est,</span> <span class='ocrx_word' id='word_1_482' title='bbox 1927 1599 2012 1639; x_wconf 89' lang='lat' dir='ltr'>quod</span> <span class='ocrx_word' id='word_1_483' title='bbox 2028 1610 2139 1631; x_wconf 67' lang='lat' dir='ltr'>eonciusio</span> <span class='ocrx_word' id='word_1_484' title='bbox 2154 1611 2175 1631; x_wconf 81' lang='lat' dir='ltr'>l.</span> 
     </span>
     <span class='ocr_line' id='line_1_77' title="bbox 1061 1648 2015 1693; baseline 0.003 -13"><span class='ocrx_word' id='word_1_485' title='bbox 1061 1648 1092 1680; x_wconf 91' lang='lat' dir='ltr'>in</span> <span class='ocrx_word' id='word_1_486' title='bbox 1117 1649 1170 1681; x_wconf 91' lang='lat' dir='ltr'>illo</span> <span class='ocrx_word' id='word_1_487' title='bbox 1194 1650 1282 1690; x_wconf 85' lang='lat' dir='ltr'>signo</span> <span class='ocrx_word' id='word_1_488' title='bbox 1309 1650 1459 1682; x_wconf 85' lang='lat' dir='ltr'>exteriori</span> <span class='ocrx_word' id='word_1_489' title='bbox 1485 1650 1678 1691; x_wconf 88' lang='lat' dir='ltr'>imprimitur</span> <span class='ocrx_word' id='word_1_490' title='bbox 1703 1651 1868 1683; x_wconf 85' lang='lat' dir='ltr'>character</span> <span class='ocrx_word' id='word_1_491' title='bbox 1885 1651 1915 1682; x_wconf 90' lang='lat' dir='ltr'>in</span> <span class='ocrx_word' id='word_1_492' title='bbox 1940 1660 2015 1693; x_wconf 92' lang='lat' dir='ltr'>quo-</span> 
     </span>
     <span class='ocr_line' id='line_1_78' title="bbox 1061 1701 2012 1745; baseline 0.002 -12"><span class='ocrx_word' id='word_1_493' title='bbox 1061 1701 1136 1734; x_wconf 85' lang='lat' dir='ltr'>libet</span> <span class='ocrx_word' id='word_1_494' title='bbox 1160 1702 1288 1741; x_wconf 90' lang='lat' dir='ltr'>ordine,</span> <span class='ocrx_word' id='word_1_495' title='bbox 1324 1703 1355 1734; x_wconf 93' lang='lat' dir='ltr'>in</span> <span class='ocrx_word' id='word_1_496' title='bbox 1392 1711 1454 1744; x_wconf 90' lang='lat' dir='ltr'>quo</span> <span class='ocrx_word' id='word_1_497' title='bbox 1487 1703 1689 1744; x_wconf 81' lang='lat' dir='ltr'>principalis</span> <span class='ocrx_word' id='word_1_498' title='bbox 1723 1707 1886 1744; x_wconf 84' lang='lat' dir='ltr'>potestas,</span> <span class='ocrx_word' id='word_1_499' title='bbox 1919 1713 2012 1745; x_wconf 92' lang='lat' dir='ltr'>quam</span> 
     </span>
     <span class='ocr_line' id='line_1_79' title="bbox 1060 1754 2016 1796; baseline 0.002 -11"><span class='ocrx_word' id='word_1_500' title='bbox 1060 1754 1188 1795; x_wconf 86' lang='lat' dir='ltr'>respicit</span> <span class='ocrx_word' id='word_1_501' title='bbox 1211 1755 1307 1793; x_wconf 89' lang='lat' dir='ltr'>ordo,</span> <span class='ocrx_word' id='word_1_502' title='bbox 1332 1755 1526 1796; x_wconf 80' lang='lat' dir='ltr'>significatur</span> <span class='ocrx_word' id='word_1_503' title='bbox 1559 1755 1640 1787; x_wconf 87' lang='lat' dir='ltr'>tradi</span> <span class='ocrx_word' id='word_1_504' title='bbox 1672 1755 1825 1787; x_wconf 90' lang='lat' dir='ltr'>ordinato.</span> <span class='ocrx_word' id='word_1_505' title='bbox 1858 1756 1902 1787; x_wconf 79' lang='lat' dir='ltr'>Ad</span> <span class='ocrx_word' id='word_1_506' title='bbox 1936 1756 2016 1787; x_wconf 90' lang='lat' dir='ltr'>hanc</span> 
     </span>
     <span class='ocr_line' id='line_1_80' title="bbox 1060 1807 2174 1848; baseline 0.003 -10"><span class='ocrx_word' id='word_1_507' title='bbox 1060 1809 1166 1838; x_wconf 74' lang='lat' dir='ltr'>autern</span> <span class='ocrx_word' id='word_1_508' title='bbox 1191 1807 1429 1848; x_wconf 83' lang='lat' dir='ltr'>significandam</span> <span class='ocrx_word' id='word_1_509' title='bbox 1454 1808 1517 1839; x_wconf 91' lang='lat' dir='ltr'>duo</span> <span class='ocrx_word' id='word_1_510' title='bbox 1542 1811 1735 1840; x_wconf 87' lang='lat' dir='ltr'>concurrunt</span> <span class='ocrx_word' id='word_1_511' title='bbox 1752 1808 1911 1847; x_wconf 80' lang='lat' dir='ltr'>exterius,</span> <span class='ocrx_word' id='word_1_512' title='bbox 1937 1808 2014 1840; x_wconf 90' lang='lat' dir='ltr'>scili·</span> <span class='ocrx_word' id='word_1_513' title='bbox 2029 1820 2141 1841; x_wconf 85' lang='lat' dir='ltr'>Conclusio</span> <span class='ocrx_word' id='word_1_514' title='bbox 2154 1820 2174 1841; x_wconf 75' lang='lat'>2.</span> 
     </span>
     <span class='ocr_line' id='line_1_81' title="bbox 1060 1859 2012 1901; baseline 0.002 -11"><span class='ocrx_word' id='word_1_515' title='bbox 1060 1861 1108 1890; x_wconf 90' lang='lat' dir='ltr'>cet</span> <span class='ocrx_word' id='word_1_516' title='bbox 1125 1859 1261 1891; x_wconf 70' lang='lat' dir='ltr'>traditio</span> <span class='ocrx_word' id='word_1_517' title='bbox 1278 1859 1425 1891; x_wconf 77' lang='lat' dir='ltr'>alieuius</span> <span class='ocrx_word' id='word_1_518' title='bbox 1442 1860 1655 1891; x_wconf 78' lang='lat' dir='ltr'>instrumenti</span> <span class='ocrx_word' id='word_1_519' title='bbox 1670 1864 1700 1892; x_wconf 91' lang='lat' dir='ltr'>et</span> <span class='ocrx_word' id='word_1_520' title='bbox 1717 1860 1883 1901; x_wconf 70' lang='lat' dir='ltr'>expressio</span> <span class='ocrx_word' id='word_1_521' title='bbox 1905 1860 2012 1899; x_wconf 76' lang='lat' dir='ltr'>verbi,</span> 
     </span>
     <span class='ocr_line' id='line_1_82' title="bbox 1060 1912 2012 1954; baseline 0.002 -11"><span class='ocrx_word' id='word_1_522' title='bbox 1060 1915 1096 1943; x_wconf 88' lang='lat' dir='ltr'>ut</span> <span class='ocrx_word' id='word_1_523' title='bbox 1119 1912 1211 1944; x_wconf 89' lang='lat' dir='ltr'>sicin</span> <span class='ocrx_word' id='word_1_524' title='bbox 1235 1912 1324 1954; x_wconf 83' lang='lat' dir='ltr'>signo</span> <span class='ocrx_word' id='word_1_525' title='bbox 1340 1912 1464 1944; x_wconf 83' lang='lat' dir='ltr'>visibili</span> <span class='ocrx_word' id='word_1_526' title='bbox 1486 1913 1581 1944; x_wconf 90' lang='lat' dir='ltr'>simul</span> <span class='ocrx_word' id='word_1_527' title='bbox 1606 1916 1636 1945; x_wconf 92' lang='lat' dir='ltr'>et</span> <span class='ocrx_word' id='word_1_528' title='bbox 1652 1912 1796 1945; x_wconf 77' lang='lat' dir='ltr'>audibili</span> <span class='ocrx_word' id='word_1_529' title='bbox 1819 1913 2012 1954; x_wconf 84' lang='lat' dir='ltr'>significetur</span> 
     </span>
     <span class='ocr_line' id='line_1_83' title="bbox 1060 1964 2016 2008; baseline 0.003 -12"><span class='ocrx_word' id='word_1_530' title='bbox 1060 1964 1139 1996; x_wconf 88' lang='lat' dir='ltr'>dari.</span> <span class='ocrx_word' id='word_1_531' title='bbox 1156 1964 1217 1997; x_wconf 92' lang='lat' dir='ltr'>Nec</span> <span class='ocrx_word' id='word_1_532' title='bbox 1242 1965 1357 1998; x_wconf 83' lang='lat' dir='ltr'>sufficit</span> <span class='ocrx_word' id='word_1_533' title='bbox 1381 1965 1506 2007; x_wconf 83' lang='lat' dir='ltr'>signum</span> <span class='ocrx_word' id='word_1_534' title='bbox 1530 1965 1675 1998; x_wconf 76' lang='lat' dir='ltr'>audibile</span> <span class='ocrx_word' id='word_1_535' title='bbox 1699 1966 1765 1998; x_wconf 88' lang='lat' dir='ltr'>sine</span> <span class='ocrx_word' id='word_1_536' title='bbox 1789 1966 1928 2004; x_wconf 82' lang='lat' dir='ltr'>visibili,</span> <span class='ocrx_word' id='word_1_537' title='bbox 1946 1976 2016 2008; x_wconf 92' lang='lat' dir='ltr'>pro-</span> 
     </span>
     <span class='ocr_line' id='line_1_84' title="bbox 1059 2018 2014 2061; baseline 0.003 -12"><span class='ocrx_word' id='word_1_538' title='bbox 1059 2020 1129 2059; x_wconf 89' lang='lat' dir='ltr'>pter</span> <span class='ocrx_word' id='word_1_539' title='bbox 1153 2018 1229 2057; x_wconf 91' lang='lat' dir='ltr'>hoc,</span> <span class='ocrx_word' id='word_1_540' title='bbox 1246 2019 1331 2060; x_wconf 92' lang='lat' dir='ltr'>quod</span> <span class='ocrx_word' id='word_1_541' title='bbox 1352 2018 1439 2051; x_wconf 90' lang='lat' dir='ltr'>aliud</span> <span class='ocrx_word' id='word_1_542' title='bbox 1463 2019 1612 2057; x_wconf 85' lang='lat' dir='ltr'>verbum,</span> <span class='ocrx_word' id='word_1_543' title='bbox 1629 2019 1714 2051; x_wconf 90' lang='lat' dir='ltr'>aliud</span> <span class='ocrx_word' id='word_1_544' title='bbox 1741 2019 1834 2052; x_wconf 85' lang='lat' dir='ltr'>debet</span> <span class='ocrx_word' id='word_1_545' title='bbox 1857 2020 2014 2061; x_wconf 85' lang='lat' dir='ltr'>respicere</span> 
     </span>
     <span class='ocr_line' id='line_1_85' title="bbox 1059 2070 2015 2113; baseline 0.003 -11"><span class='ocrx_word' id='word_1_546' title='bbox 1059 2070 1203 2111; x_wconf 81' lang='lat' dir='ltr'>signum,</span> <span class='ocrx_word' id='word_1_547' title='bbox 1227 2075 1263 2103; x_wconf 86' lang='lat' dir='ltr'>ut</span> <span class='ocrx_word' id='word_1_548' title='bbox 1286 2075 1372 2113; x_wconf 89' lang='lat' dir='ltr'>patet</span> <span class='ocrx_word' id='word_1_549' title='bbox 1395 2072 1426 2103; x_wconf 92' lang='lat' dir='ltr'>in</span> <span class='ocrx_word' id='word_1_550' title='bbox 1451 2072 1520 2104; x_wconf 89' lang='lat' dir='ltr'>aliis</span> <span class='ocrx_word' id='word_1_551' title='bbox 1542 2072 1788 2111; x_wconf 75' lang='lat' dir='ltr'>Sacramentis⁷3</span> <span class='ocrx_word' id='word_1_552' title='bbox 1813 2081 1870 2105; x_wconf 87' lang='lat' dir='ltr'>nec</span> <span class='ocrx_word' id='word_1_553' title='bbox 1900 2072 2015 2105; x_wconf 87' lang='lat' dir='ltr'>sufficit</span> 
     </span>
     <span class='ocr_line' id='line_1_86' title="bbox 1058 2123 2014 2167; baseline 0.003 -12"><span class='ocrx_word' id='word_1_554' title='bbox 1058 2123 1192 2165; x_wconf 72' lang='lat' dir='ltr'>siqnttm</span> <span class='ocrx_word' id='word_1_555' title='bbox 1215 2124 1286 2156; x_wconf 86' lang='lat' dir='ltr'>sine</span> <span class='ocrx_word' id='word_1_556' title='bbox 1308 2124 1424 2163; x_wconf 79' lang='lat' dir='ltr'>verbo,</span> <span class='ocrx_word' id='word_1_557' title='bbox 1449 2125 1523 2166; x_wconf 89' lang='lat' dir='ltr'>quia</span> <span class='ocrx_word' id='word_1_558' title='bbox 1555 2125 1595 2157; x_wconf 90' lang='lat' dir='ltr'>ad</span> <span class='ocrx_word' id='word_1_559' title='bbox 1620 2125 1720 2157; x_wconf 88' lang='lat' dir='ltr'>multa</span> <span class='ocrx_word' id='word_1_560' title='bbox 1751 2128 1853 2167; x_wconf 91' lang='lat' dir='ltr'>potest</span> <span class='ocrx_word' id='word_1_561' title='bbox 1884 2126 1945 2158; x_wconf 91' lang='lat' dir='ltr'>tale</span> <span class='ocrx_word' id='word_1_562' title='bbox 1977 2126 2014 2158; x_wconf 92' lang='lat' dir='ltr'>si-</span> 
     </span>
     <span class='ocr_line' id='line_1_87' title="bbox 1059 2176 2015 2219; baseline 0.002 -11"><span class='ocrx_word' id='word_1_563' title='bbox 1059 2185 1156 2217; x_wconf 87' lang='lat' dir='ltr'>gnum</span> <span class='ocrx_word' id='word_1_564' title='bbox 1168 2202 1175 2215; x_wconf 89' lang='lat'>‚</span> <span class='ocrx_word' id='word_1_565' title='bbox 1193 2176 1311 2209; x_wconf 90' lang='lat' dir='ltr'>scilicet</span> <span class='ocrx_word' id='word_1_566' title='bbox 1334 2177 1415 2209; x_wconf 92' lang='lat' dir='ltr'>liber</span> <span class='ocrx_word' id='word_1_567' title='bbox 1432 2177 1481 2210; x_wconf 91' lang='lat' dir='ltr'>vel</span> <span class='ocrx_word' id='word_1_568' title='bbox 1507 2177 1585 2209; x_wconf 90' lang='lat' dir='ltr'>illud</span> <span class='ocrx_word' id='word_1_569' title='bbox 1604 2186 1659 2209; x_wconf 90' lang='lat' dir='ltr'>vas</span> <span class='ocrx_word' id='word_1_570' title='bbox 1684 2177 1768 2216; x_wconf 90' lang='lat' dir='ltr'>dari,</span> <span class='ocrx_word' id='word_1_571' title='bbox 1785 2181 1816 2210; x_wconf 89' lang='lat' dir='ltr'>et</span> <span class='ocrx_word' id='word_1_572' title='bbox 1840 2178 1910 2210; x_wconf 90' lang='lat' dir='ltr'>ideo</span> <span class='ocrx_word' id='word_1_573' title='bbox 1926 2187 2015 2219; x_wconf 91' lang='lat' dir='ltr'>opor-</span> 
     </span>
     <span class='ocr_line' id='line_1_88' title="bbox 1059 2229 2014 2270; baseline 0.002 -10"><span class='ocrx_word' id='word_1_574' title='bbox 1059 2231 1102 2260; x_wconf 91' lang='lat' dir='ltr'>tet</span> <span class='ocrx_word' id='word_1_575' title='bbox 1126 2238 1182 2270; x_wconf 88' lang='lat' dir='ltr'>per</span> <span class='ocrx_word' id='word_1_576' title='bbox 1207 2229 1342 2262; x_wconf 86' lang='lat' dir='ltr'>verbum</span> <span class='ocrx_word' id='word_1_577' title='bbox 1366 2230 1490 2262; x_wconf 88' lang='lat' dir='ltr'>arctari.</span> <span class='ocrx_word' id='word_1_578' title='bbox 1517 2230 1552 2261; x_wconf 88' lang='lat' dir='ltr'>Et</span> <span class='ocrx_word' id='word_1_579' title='bbox 1577 2230 1654 2262; x_wconf 88' lang='lat' dir='ltr'>haec</span> <span class='ocrx_word' id='word_1_580' title='bbox 1678 2230 1742 2262; x_wconf 92' lang='lat' dir='ltr'>duo</span> <span class='ocrx_word' id='word_1_581' title='bbox 1767 2234 1840 2262; x_wconf 91' lang='lat' dir='ltr'>sunt</span> <span class='ocrx_word' id='word_1_582' title='bbox 1864 2230 2014 2262; x_wconf 82' lang='lat' dir='ltr'>essentia-</span> 
     </span>
     <span class='ocr_line' id='line_1_89' title="bbox 1060 2280 2014 2324; baseline 0.001 -11"><span class='ocrx_word' id='word_1_583' title='bbox 1060 2280 1106 2313; x_wconf 87' lang='lat' dir='ltr'>lia</span> <span class='ocrx_word' id='word_1_584' title='bbox 1134 2285 1165 2313; x_wconf 90' lang='lat' dir='ltr'>et</span> <span class='ocrx_word' id='word_1_585' title='bbox 1196 2282 1364 2314; x_wconf 88' lang='lat' dir='ltr'>intrinseca</span> <span class='ocrx_word' id='word_1_586' title='bbox 1397 2282 1597 2314; x_wconf 87' lang='lat' dir='ltr'>Sacramento</span> <span class='ocrx_word' id='word_1_587' title='bbox 1625 2286 1654 2314; x_wconf 90' lang='lat' dir='ltr'>et</span> <span class='ocrx_word' id='word_1_588' title='bbox 1687 2282 1881 2324; x_wconf 84' lang='lat' dir='ltr'>perficientia</span> <span class='ocrx_word' id='word_1_589' title='bbox 1910 2283 2014 2315; x_wconf 87' lang='lat' dir='ltr'>Sacra-</span> 
     </span>
     <span class='ocr_line' id='line_1_90' title="bbox 1059 2335 2098 2376; baseline -0.001 -10"><span class='ocrx_word' id='word_1_590' title='bbox 1059 2337 1211 2366; x_wconf 89' lang='lat' dir='ltr'>mentum.</span> <span class='ocrx_word' id='word_1_591' title='bbox 1237 2335 1389 2375; x_wconf 82' lang='lat' dir='ltr'>Quoniam</span> <span class='ocrx_word' id='word_1_592' title='bbox 1415 2335 1498 2367; x_wconf 90' lang='lat' dir='ltr'>enim</span> <span class='ocrx_word' id='word_1_593' title='bbox 1528 2347 1543 2365; x_wconf 89' lang='lat'>«</span> <span class='ocrx_word' id='word_1_594' title='bbox 1559 2345 1681 2367; x_wconf 78' lang='lat' dir='ltr'>manus</span> <span class='ocrx_word' id='word_1_595' title='bbox 1710 2339 1756 2367; x_wconf 90' lang='lat' dir='ltr'>est</span> <span class='ocrx_word' id='word_1_596' title='bbox 1780 2344 1933 2376; x_wconf 82' lang='lat' dir='ltr'>organum</span> <span class='ocrx_word' id='word_1_597' title='bbox 1967 2344 2013 2367; x_wconf 86' lang='lat' dir='ltr'>or-</span> <span class='ocrx_word' id='word_1_598' title='bbox 2028 2345 2098 2366; x_wconf 87' lang='lat' dir='ltr'>Ratio.</span> 
     </span>
     <span class='ocr_line' id='line_1_91' title="bbox 1059 2387 2012 2430; baseline 0.001 -12"><span class='ocrx_word' id='word_1_599' title='bbox 1059 2396 1213 2427; x_wconf 83' lang='lat' dir='ltr'>ganorum</span> <span class='ocrx_word' id='word_1_600' title='bbox 1228 2387 1237 2403; x_wconf 67' lang='grc' dir='ltr'>Β</span> <span class='ocrx_word' id='word_1_601' title='bbox 1253 2399 1268 2416; x_wconf 87' lang='grc'>»</span> <span class='ocrx_word' id='word_1_602' title='bbox 1297 2387 1328 2419; x_wconf 93' lang='lat' dir='ltr'>in</span> <span class='ocrx_word' id='word_1_603' title='bbox 1353 2388 1513 2429; x_wconf 86' lang='lat' dir='ltr'>operando</span> <span class='ocrx_word' id='word_1_604' title='bbox 1535 2392 1565 2420; x_wconf 90' lang='lat' dir='ltr'>et</span> <span class='ocrx_word' id='word_1_605' title='bbox 1590 2388 1706 2430; x_wconf 62' lang='lat' dir='ltr'>linqua</span> <span class='ocrx_word' id='word_1_606' title='bbox 1730 2388 1761 2419; x_wconf 92' lang='lat' dir='ltr'>in</span> <span class='ocrx_word' id='word_1_607' title='bbox 1786 2387 2012 2429; x_wconf 86' lang='lat' dir='ltr'>exprimendo,</span> 
     </span>
     <span class='ocr_line' id='line_1_92' title="bbox 1059 2440 2011 2482; baseline 0.001 -11"><span class='ocrx_word' id='word_1_608' title='bbox 1059 2443 1142 2472; x_wconf 87' lang='lat' dir='ltr'>recte</span> <span class='ocrx_word' id='word_1_609' title='bbox 1159 2440 1353 2481; x_wconf 84' lang='lat' dir='ltr'>significatur</span> <span class='ocrx_word' id='word_1_610' title='bbox 1370 2441 1503 2473; x_wconf 85' lang='lat' dir='ltr'>conferri</span> <span class='ocrx_word' id='word_1_611' title='bbox 1518 2444 1654 2482; x_wconf 88' lang='lat' dir='ltr'>potestas</span> <span class='ocrx_word' id='word_1_612' title='bbox 1668 2441 1698 2472; x_wconf 90' lang='lat' dir='ltr'>in</span> <span class='ocrx_word' id='word_1_613' title='bbox 1716 2440 1817 2473; x_wconf 82' lang='lat' dir='ltr'>officio</span> <span class='ocrx_word' id='word_1_614' title='bbox 1835 2440 2011 2482; x_wconf 90' lang='lat' dir='ltr'>utriusque.</span> 
     </span>
    </p>

    <p class='ocr_par' dir='ltr' id='par_1_31' title="bbox 1059 2493 2042 2587">
     <span class='ocr_line' id='line_1_93' title="bbox 1060 2493 2009 2535; baseline 0 -11"><span class='ocrx_word' id='word_1_615' title='bbox 1060 2493 1094 2524; x_wconf 83' lang='lat' dir='ltr'>Et</span> <span class='ocrx_word' id='word_1_616' title='bbox 1118 2493 1195 2525; x_wconf 90' lang='lat' dir='ltr'>haec</span> <span class='ocrx_word' id='word_1_617' title='bbox 1224 2493 1254 2524; x_wconf 91' lang='lat' dir='ltr'>in</span> <span class='ocrx_word' id='word_1_618' title='bbox 1279 2493 1419 2534; x_wconf 88' lang='lat' dir='ltr'>quolibet</span> <span class='ocrx_word' id='word_1_619' title='bbox 1446 2494 1557 2525; x_wconf 89' lang='lat' dir='ltr'>ordine</span> <span class='ocrx_word' id='word_1_620' title='bbox 1586 2493 1805 2535; x_wconf 84' lang='lat' dir='ltr'>reperiuntur,</span> <span class='ocrx_word' id='word_1_621' title='bbox 1835 2493 2009 2525; x_wconf 89' lang='lat' dir='ltr'>secundum</span> 
     </span>
     <span class='ocr_line' id='line_1_94' title="bbox 1059 2545 2042 2587; baseline 0 -11"><span class='ocrx_word' id='word_1_622' title='bbox 1059 2545 1142 2586; x_wconf 88' lang='lat' dir='ltr'>quod</span> <span class='ocrx_word' id='word_1_623' title='bbox 1168 2545 1326 2587; x_wconf 88' lang='lat' dir='ltr'>reperitur</span> <span class='ocrx_word' id='word_1_624' title='bbox 1350 2549 1380 2577; x_wconf 92' lang='lat' dir='ltr'>et</span> <span class='ocrx_word' id='word_1_625' title='bbox 1404 2545 1595 2577; x_wconf 88' lang='lat' dir='ltr'>characteris</span> <span class='ocrx_word' id='word_1_626' title='bbox 1620 2545 1794 2586; x_wconf 86' lang='lat' dir='ltr'>impressio.</span> <span class='ocrx_word' id='word_1_627' title='bbox 2040 2548 2042 2550; x_wconf 85' lang='lat'>&#39;</span> 
     </span>
    </p>

    <p class='ocr_par' dir='ltr' id='par_1_32' title="bbox 1058 2597 2169 2901">
     <span class='ocr_line' id='line_1_95' title="bbox 1147 2597 2011 2638; baseline 0 -9"><span class='ocrx_word' id='word_1_628' title='bbox 1147 2597 1206 2629; x_wconf 88' lang='lat' dir='ltr'>Sed</span> <span class='ocrx_word' id='word_1_629' title='bbox 1231 2598 1379 2638; x_wconf 88' lang='lat' dir='ltr'>quoniam</span> <span class='ocrx_word' id='word_1_630' title='bbox 1404 2598 1603 2629; x_wconf 85' lang='lat' dir='ltr'>characteres</span> <span class='ocrx_word' id='word_1_631' title='bbox 1627 2602 1700 2629; x_wconf 91' lang='lat' dir='ltr'>suut</span> <span class='ocrx_word' id='word_1_632' title='bbox 1725 2597 1859 2636; x_wconf 90' lang='lat' dir='ltr'>diversi,</span> <span class='ocrx_word' id='word_1_633' title='bbox 1893 2597 2011 2630; x_wconf 88' lang='lat' dir='ltr'>haben-</span> 
     </span>
     <span class='ocr_line' id='line_1_96' title="bbox 1060 2650 2012 2691; baseline 0.001 -10"><span class='ocrx_word' id='word_1_634' title='bbox 1060 2653 1105 2682; x_wconf 89' lang='lat' dir='ltr'>tes</span> <span class='ocrx_word' id='word_1_635' title='bbox 1128 2650 1279 2682; x_wconf 83' lang='lat' dir='ltr'>maiorem</span> <span class='ocrx_word' id='word_1_636' title='bbox 1304 2650 1486 2691; x_wconf 82' lang='lat' dir='ltr'>dignitatem</span> <span class='ocrx_word' id='word_1_637' title='bbox 1511 2654 1542 2682; x_wconf 90' lang='lat' dir='ltr'>et</span> <span class='ocrx_word' id='word_1_638' title='bbox 1566 2650 1718 2682; x_wconf 89' lang='lat' dir='ltr'>minorem</span> <span class='ocrx_word' id='word_1_639' title='bbox 1744 2650 1920 2682; x_wconf 86' lang='lat' dir='ltr'>secundum</span> <span class='ocrx_word' id='word_1_640' title='bbox 1945 2660 2012 2691; x_wconf 81' lang='lat' dir='ltr'>gra-</span> 
     </span>
     <span class='ocr_line' id='line_1_97' title="bbox 1058 2702 2011 2744; baseline 0.002 -10"><span class='ocrx_word' id='word_1_641' title='bbox 1058 2703 1119 2734; x_wconf 91' lang='lat' dir='ltr'>dus</span> <span class='ocrx_word' id='word_1_642' title='bbox 1151 2702 1379 2743; x_wconf 77' lang='lat' dir='ltr'>potestatuni⁹;</span> <span class='ocrx_word' id='word_1_643' title='bbox 1404 2703 1474 2735; x_wconf 91' lang='lat' dir='ltr'>ideo</span> <span class='ocrx_word' id='word_1_644' title='bbox 1507 2706 1570 2734; x_wconf 90' lang='lat' dir='ltr'>tam</span> <span class='ocrx_word' id='word_1_645' title='bbox 1599 2703 1687 2743; x_wconf 85' lang='lat' dir='ltr'>signa</span> <span class='ocrx_word' id='word_1_646' title='bbox 1718 2712 1813 2744; x_wconf 89' lang='lat' dir='ltr'>quam</span> <span class='ocrx_word' id='word_1_647' title='bbox 1840 2703 1942 2736; x_wconf 80' lang='lat' dir='ltr'>verba&#39;</span> <span class='ocrx_word' id='word_1_648' title='bbox 1968 2704 2011 2736; x_wconf 89' lang='lat' dir='ltr'>di-</span> 
     </span>
     <span class='ocr_line' id='line_1_98' title="bbox 1059 2754 2012 2793; baseline 0.001 -7"><span class='ocrx_word' id='word_1_649' title='bbox 1059 2754 1288 2793; x_wconf 83' lang='lat' dir='ltr'>versificantur,</span> <span class='ocrx_word' id='word_1_650' title='bbox 1313 2755 1452 2787; x_wconf 87' lang='lat' dir='ltr'>maxime</span> <span class='ocrx_word' id='word_1_651' title='bbox 1477 2755 1508 2786; x_wconf 92' lang='lat' dir='ltr'>in</span> <span class='ocrx_word' id='word_1_652' title='bbox 1532 2755 1697 2788; x_wconf 88' lang='lat' dir='ltr'>ordinibus</span> <span class='ocrx_word' id='word_1_653' title='bbox 1717 2755 1829 2787; x_wconf 79' lang='lat' dir='ltr'>saeris</span> <span class='ocrx_word' id='word_1_654' title='bbox 1851 2759 1882 2788; x_wconf 91' lang='lat' dir='ltr'>et</span> <span class='ocrx_word' id='word_1_655' title='bbox 1906 2756 1936 2788; x_wconf 91' lang='lat' dir='ltr'>in</span> <span class='ocrx_word' id='word_1_656' title='bbox 1954 2756 2012 2787; x_wconf 91' lang='lat' dir='ltr'>mi-</span> 
     </span>
     <span class='ocr_line' id='line_1_99' title="bbox 1058 2806 2169 2849; baseline 0.004 -11"><span class='ocrx_word' id='word_1_657' title='bbox 1058 2806 1204 2838; x_wconf 76' lang='lat' dir='ltr'>noribns.</span> <span class='ocrx_word' id='word_1_658' title='bbox 1230 2807 1262 2838; x_wconf 89' lang='lat' dir='ltr'>In</span> <span class='ocrx_word' id='word_1_659' title='bbox 1287 2806 1451 2840; x_wconf 87' lang='lat' dir='ltr'>ordinibus</span> <span class='ocrx_word' id='word_1_660' title='bbox 1475 2808 1557 2840; x_wconf 88' lang='lat' dir='ltr'>enim</span> <span class='ocrx_word' id='word_1_661' title='bbox 1582 2808 1711 2845; x_wconf 82' lang='lat' dir='ltr'>saeris,</span> <span class='ocrx_word' id='word_1_662' title='bbox 1736 2808 1884 2849; x_wconf 89' lang='lat' dir='ltr'>quoniam</span> <span class='ocrx_word' id='word_1_663' title='bbox 1917 2809 2010 2841; x_wconf 90' lang='lat' dir='ltr'>datur</span> <span class='ocrx_word' id='word_1_664' title='bbox 2025 2821 2169 2842; x_wconf 72' lang='lat' dir='ltr'>Conclusioss.</span> 
     </span>
     <span class='ocr_line' id='line_1_100' title="bbox 1061 2858 2012 2901; baseline 0.002 -11"><span class='ocrx_word' id='word_1_665' title='bbox 1061 2858 1102 2890; x_wconf 89' lang='lat' dir='ltr'>ibi</span> <span class='ocrx_word' id='word_1_666' title='bbox 1128 2859 1241 2891; x_wconf 87' lang='lat' dir='ltr'>nobilis</span> <span class='ocrx_word' id='word_1_667' title='bbox 1265 2862 1403 2900; x_wconf 88' lang='lat' dir='ltr'>potestas</span> <span class='ocrx_word' id='word_1_668' title='bbox 1434 2862 1464 2891; x_wconf 91' lang='lat' dir='ltr'>et</span> <span class='ocrx_word' id='word_1_669' title='bbox 1495 2859 1670 2898; x_wconf 86' lang='lat' dir='ltr'>excellens,</span> <span class='ocrx_word' id='word_1_670' title='bbox 1695 2859 1730 2891; x_wconf 87' lang='lat' dir='ltr'>fit</span> <span class='ocrx_word' id='word_1_671' title='bbox 1761 2869 1882 2892; x_wconf 79' lang='lat' dir='ltr'>manas</span> <span class='ocrx_word' id='word_1_672' title='bbox 1913 2860 2012 2901; x_wconf 85' lang='lat' dir='ltr'>impo-</span> 
     </span>
    </p>
   </div>
   <div class='ocr_carea' id='block_1_10' title="bbox 751 2980 1317 2983">
    <p class='ocr_par' dir='ltr' id='par_1_33' title="bbox 751 2980 1317 2983">
     <span class='ocr_line' id='line_1_101' title="bbox 751 2980 1317 2983; baseline 0 0"><span class='ocrx_word' id='word_1_673' title='bbox 751 2980 1317 2983; x_wconf 95' lang='lat' dir='ltr'> </span> 
     </span>
    </p>
   </div>
   <div class='ocr_carea' id='block_1_11' title="bbox 50 3054 997 3398">
    <p class='ocr_par' dir='ltr' id='par_1_34' title="bbox 50 3054 996 3133">
     <span class='ocr_line' id='line_1_102' title="bbox 119 3054 996 3090; baseline 0.003 -10"><span class='ocrx_word' id='word_1_674' title='bbox 119 3054 127 3070; x_wconf 87' lang='lat'><em>¹</em></span> <span class='ocrx_word' id='word_1_675' title='bbox 147 3055 248 3087; x_wconf 79' lang='lat' dir='ltr'>Quaest.</span> <span class='ocrx_word' id='word_1_676' title='bbox 269 3057 292 3082; x_wconf 86' lang='grc'>1.</span> <span class='ocrx_word' id='word_1_677' title='bbox 310 3070 346 3075; x_wconf 89' lang='grc'>-</span> <span class='ocrx_word' id='word_1_678' title='bbox 365 3057 495 3089; x_wconf 87' lang='lat' dir='ltr'>impositio</span> <span class='ocrx_word' id='word_1_679' title='bbox 514 3064 640 3083; x_wconf 82' lang='lat' dir='ltr'>manuum</span> <span class='ocrx_word' id='word_1_680' title='bbox 660 3058 687 3084; x_wconf 80' lang='lat' dir='ltr'>tit</span> <span class='ocrx_word' id='word_1_681' title='bbox 705 3059 731 3082; x_wconf 87' lang='lat' dir='ltr'>in</span> <span class='ocrx_word' id='word_1_682' title='bbox 751 3058 841 3083; x_wconf 87' lang='lat' dir='ltr'>ordine</span> <span class='ocrx_word' id='word_1_683' title='bbox 865 3058 996 3090; x_wconf 86' lang='lat' dir='ltr'>presbyte-</span> 
     </span>
     <span class='ocr_line' id='line_1_103' title="bbox 50 3099 773 3133; baseline 0.006 -11"><span class='ocrx_word' id='word_1_684' title='bbox 50 3100 119 3123; x_wconf 83' lang='lat' dir='ltr'>ratus</span> <span class='ocrx_word' id='word_1_685' title='bbox 137 3103 161 3124; x_wconf 89' lang='lat' dir='ltr'>et</span> <span class='ocrx_word' id='word_1_686' title='bbox 178 3099 341 3133; x_wconf 76' lang='lat' dir='ltr'>diaconatus3</span> <span class='ocrx_word' id='word_1_687' title='bbox 361 3102 406 3126; x_wconf 81' lang='lat' dir='ltr'>etr.</span> <span class='ocrx_word' id='word_1_688' title='bbox 427 3102 467 3127; x_wconf 88' lang='lat' dir='ltr'>hic</span> <span class='ocrx_word' id='word_1_689' title='bbox 487 3102 521 3127; x_wconf 88' lang='lat' dir='ltr'>lit.</span> <span class='ocrx_word' id='word_1_690' title='bbox 541 3102 669 3133; x_wconf 79' lang='lat' dir='ltr'>Magistri,</span> <span class='ocrx_word' id='word_1_691' title='bbox 690 3108 711 3126; x_wconf 86' lang='lat' dir='ltr'>c.</span> <span class='ocrx_word' id='word_1_692' title='bbox 736 3102 773 3126; x_wconf 92' lang='grc'>10.</span> 
     </span>
    </p>

    <p class='ocr_par' dir='ltr' id='par_1_35' title="bbox 118 3142 252 3169">
     <span class='ocr_line' id='line_1_104' title="bbox 118 3142 252 3169; baseline 0.007 -1"><span class='ocrx_word' id='word_1_693' title='bbox 118 3142 129 3158; x_wconf 84' lang='lat'><strong>²</strong></span> <span class='ocrx_word' id='word_1_694' title='bbox 148 3142 207 3168; x_wconf 86' lang='lat' dir='ltr'>Can.</span> <span class='ocrx_word' id='word_1_695' title='bbox 227 3145 252 3169; x_wconf 80' lang='lat'>8.</span> 
     </span>
    </p>

    <p class='ocr_par' dir='ltr' id='par_1_36' title="bbox 51 3186 997 3263">
     <span class='ocr_line' id='line_1_105' title="bbox 117 3186 997 3221; baseline 0.003 -9"><span class='ocrx_word' id='word_1_696' title='bbox 117 3186 128 3203; x_wconf 87' lang='lat'><strong>³</strong></span> <span class='ocrx_word' id='word_1_697' title='bbox 147 3188 193 3213; x_wconf 88' lang='lat' dir='ltr'>Hic</span> <span class='ocrx_word' id='word_1_698' title='bbox 209 3195 230 3213; x_wconf 90' lang='lat' dir='ltr'>c.</span> <span class='ocrx_word' id='word_1_699' title='bbox 245 3189 274 3219; x_wconf 80' lang='lat'>9,</span> <span class='ocrx_word' id='word_1_700' title='bbox 294 3189 339 3214; x_wconf 89' lang='lat' dir='ltr'>ubi</span> <span class='ocrx_word' id='word_1_701' title='bbox 359 3189 391 3214; x_wconf 89' lang='lat' dir='ltr'>de</span> <span class='ocrx_word' id='word_1_702' title='bbox 411 3189 585 3221; x_wconf 85' lang='lat' dir='ltr'>subdiacono;</span> <span class='ocrx_word' id='word_1_703' title='bbox 600 3190 645 3215; x_wconf 81' lang='lat' dir='ltr'>cfr.</span> <span class='ocrx_word' id='word_1_704' title='bbox 660 3197 682 3214; x_wconf 74' lang='lat' dir='ltr'>c.</span> <span class='ocrx_word' id='word_1_705' title='bbox 702 3190 733 3221; x_wconf 85' lang='lat'>8,</span> <span class='ocrx_word' id='word_1_706' title='bbox 751 3189 795 3214; x_wconf 89' lang='lat' dir='ltr'>ubi</span> <span class='ocrx_word' id='word_1_707' title='bbox 814 3189 882 3215; x_wconf 82' lang='lat' dir='ltr'>idem</span> <span class='ocrx_word' id='word_1_708' title='bbox 903 3190 997 3216; x_wconf 89' lang='lat' dir='ltr'>dicitur</span> 
     </span>
     <span class='ocr_line' id='line_1_106' title="bbox 51 3228 224 3263; baseline 0.017 -9"><span class='ocrx_word' id='word_1_709' title='bbox 51 3228 83 3254; x_wconf 88' lang='lat' dir='ltr'>de</span> <span class='ocrx_word' id='word_1_710' title='bbox 101 3231 224 3263; x_wconf 85' lang='lat' dir='ltr'>acolytho.</span> 
     </span>
    </p>

    <p class='ocr_par' dir='ltr' id='par_1_37' title="bbox 118 3273 640 3309">
     <span class='ocr_line' id='line_1_107' title="bbox 118 3273 640 3309; baseline 0.004 -10"><span class='ocrx_word' id='word_1_711' title='bbox 118 3273 129 3290; x_wconf 81' lang='lat'>⁴</span> <span class='ocrx_word' id='word_1_712' title='bbox 148 3274 197 3300; x_wconf 76' lang='lat' dir='ltr'>Cir.</span> <span class='ocrx_word' id='word_1_713' title='bbox 217 3276 258 3301; x_wconf 87' lang='lat' dir='ltr'>hic</span> <span class='ocrx_word' id='word_1_714' title='bbox 276 3276 310 3302; x_wconf 88' lang='lat' dir='ltr'>lit.</span> <span class='ocrx_word' id='word_1_715' title='bbox 331 3277 457 3308; x_wconf 84' lang='lat' dir='ltr'>Magistri,</span> <span class='ocrx_word' id='word_1_716' title='bbox 478 3284 499 3302; x_wconf 90' lang='lat' dir='ltr'>c.</span> <span class='ocrx_word' id='word_1_717' title='bbox 520 3276 544 3301; x_wconf 85' lang='lat'>5.</span> <span class='ocrx_word' id='word_1_718' title='bbox 566 3284 640 3309; x_wconf 84' lang='lat' dir='ltr'>seqq.</span> 
     </span>
    </p>

    <p class='ocr_par' dir='ltr' id='par_1_38' title="bbox 119 3316 596 3352">
     <span class='ocr_line' id='line_1_108' title="bbox 119 3316 596 3352; baseline 0.006 -10"><span class='ocrx_word' id='word_1_719' title='bbox 119 3316 130 3333; x_wconf 88' lang='lat'>⁵</span> <span class='ocrx_word' id='word_1_720' title='bbox 148 3318 212 3343; x_wconf 87' lang='lat' dir='ltr'>Vide</span> <span class='ocrx_word' id='word_1_721' title='bbox 230 3326 309 3350; x_wconf 85' lang='lat' dir='ltr'>supra</span> <span class='ocrx_word' id='word_1_722' title='bbox 330 3320 354 3345; x_wconf 92' lang='lat' dir='ltr'>d.</span> <span class='ocrx_word' id='word_1_723' title='bbox 375 3321 416 3345; x_wconf 78' lang='lat'>23.</span> <span class='ocrx_word' id='word_1_724' title='bbox 436 3327 458 3345; x_wconf 81' lang='lat' dir='ltr'>a.</span> <span class='ocrx_word' id='word_1_725' title='bbox 481 3321 502 3345; x_wconf 84' lang='lat' dir='ltr'>l.</span> <span class='ocrx_word' id='word_1_726' title='bbox 523 3328 549 3352; x_wconf 85' lang='lat' dir='ltr'>q.</span> <span class='ocrx_word' id='word_1_727' title='bbox 573 3320 596 3345; x_wconf 82' lang='lat'>4.</span> 
     </span>
    </p>

    <p class='ocr_par' dir='ltr' id='par_1_39' title="bbox 120 3360 996 3398">
     <span class='ocr_line' id='line_1_109' title="bbox 120 3360 996 3398; baseline 0.006 -12"><span class='ocrx_word' id='word_1_728' title='bbox 120 3360 131 3377; x_wconf 82' lang='lat'><strong>⁶</strong></span> <span class='ocrx_word' id='word_1_729' title='bbox 149 3362 180 3387; x_wconf 88' lang='lat' dir='ltr'>Ut</span> <span class='ocrx_word' id='word_1_730' title='bbox 198 3366 328 3389; x_wconf 88' lang='lat' dir='ltr'>ostensum</span> <span class='ocrx_word' id='word_1_731' title='bbox 347 3367 386 3390; x_wconf 86' lang='lat' dir='ltr'>est</span> <span class='ocrx_word' id='word_1_732' title='bbox 404 3371 483 3396; x_wconf 84' lang='lat' dir='ltr'>supra</span> <span class='ocrx_word' id='word_1_733' title='bbox 504 3364 528 3389; x_wconf 91' lang='lat' dir='ltr'>d.</span> <span class='ocrx_word' id='word_1_734' title='bbox 554 3365 572 3389; x_wconf 92' lang='grc'>1.</span> <span class='ocrx_word' id='word_1_735' title='bbox 593 3371 618 3396; x_wconf 89' lang='lat' dir='ltr'>p.</span> <span class='ocrx_word' id='word_1_736' title='bbox 634 3364 650 3389; x_wconf 93' lang='lat' dir='ltr'>l.</span> <span class='ocrx_word' id='word_1_737' title='bbox 673 3372 697 3397; x_wconf 88' lang='lat' dir='ltr'>q.</span> <span class='ocrx_word' id='word_1_738' title='bbox 713 3365 736 3389; x_wconf 82' lang='lat'>2.</span> <span class='ocrx_word' id='word_1_739' title='bbox 749 3378 784 3383; x_wconf 92' lang='lat'><strong>—</strong></span> <span class='ocrx_word' id='word_1_740' title='bbox 798 3364 859 3390; x_wconf 85' lang='lat' dir='ltr'>Cod.</span> <span class='ocrx_word' id='word_1_741' title='bbox 875 3366 891 3389; x_wconf 89' lang='grc' dir='ltr'>Ρ</span> <span class='ocrx_word' id='word_1_742' title='bbox 904 3364 996 3398; x_wconf 76' lang='lat' dir='ltr'>ipsias.</span> 
     </span>
    </p>
   </div>
   <div class='ocr_carea' id='block_1_12' title="bbox 1060 3058 2011 3396">
    <p class='ocr_par' dir='ltr' id='par_1_40' title="bbox 1060 3058 2011 3136">
     <span class='ocr_line' id='line_1_110' title="bbox 1060 3058 2011 3092; baseline 0 -8"><span class='ocrx_word' id='word_1_743' title='bbox 1060 3059 1110 3084; x_wconf 80' lang='lat' dir='ltr'>Pro</span> <span class='ocrx_word' id='word_1_744' title='bbox 1138 3059 1245 3092; x_wconf 69' lang='lat' dir='ltr'>siquam</span> <span class='ocrx_word' id='word_1_745' title='bbox 1273 3058 1409 3085; x_wconf 77' lang='lat' dir='ltr'>essentiale</span> <span class='ocrx_word' id='word_1_746' title='bbox 1437 3059 1493 3084; x_wconf 85' lang='lat' dir='ltr'>cod.</span> <span class='ocrx_word' id='word_1_747' title='bbox 1513 3058 1549 3084; x_wconf 84' lang='lat' dir='ltr'>bb</span> <span class='ocrx_word' id='word_1_748' title='bbox 1569 3058 1676 3092; x_wconf 69' lang='lat' dir='ltr'>siquam</span> <span class='ocrx_word' id='word_1_749' title='bbox 1695 3058 1830 3091; x_wconf 81' lang='lat' dir='ltr'>sensibile,</span> <span class='ocrx_word' id='word_1_750' title='bbox 1859 3066 1909 3084; x_wconf 89' lang='lat' dir='ltr'>non</span> <span class='ocrx_word' id='word_1_751' title='bbox 1936 3061 2011 3091; x_wconf 85' lang='lat' dir='ltr'>pauci</span> 
     </span>
     <span class='ocr_line' id='line_1_111' title="bbox 1060 3102 1423 3136; baseline 0 -8"><span class='ocrx_word' id='word_1_752' title='bbox 1060 3103 1136 3128; x_wconf 87' lang='lat' dir='ltr'>codd.</span> <span class='ocrx_word' id='word_1_753' title='bbox 1156 3102 1262 3136; x_wconf 70' lang='lat' dir='ltr'>siquam</span> <span class='ocrx_word' id='word_1_754' title='bbox 1283 3102 1423 3128; x_wconf 78' lang='lat' dir='ltr'>rationale.</span> 
     </span>
    </p>

    <p class='ocr_par' dir='ltr' id='par_1_41' title="bbox 1060 3146 2010 3221">
     <span class='ocr_line' id='line_1_112' title="bbox 1130 3146 2010 3180; baseline 0.001 -9"><span class='ocrx_word' id='word_1_755' title='bbox 1130 3146 1141 3163; x_wconf 91' lang='lat'>⁷</span> <span class='ocrx_word' id='word_1_756' title='bbox 1159 3146 1209 3172; x_wconf 80' lang='lat' dir='ltr'>Csr.</span> <span class='ocrx_word' id='word_1_757' title='bbox 1228 3153 1307 3177; x_wconf 82' lang='lat' dir='ltr'>supra</span> <span class='ocrx_word' id='word_1_758' title='bbox 1327 3147 1352 3171; x_wconf 90' lang='lat' dir='ltr'>d.</span> <span class='ocrx_word' id='word_1_759' title='bbox 1379 3148 1398 3171; x_wconf 92' lang='grc'>1.</span> <span class='ocrx_word' id='word_1_760' title='bbox 1419 3154 1444 3177; x_wconf 84' lang='lat' dir='ltr'>p.</span> <span class='ocrx_word' id='word_1_761' title='bbox 1464 3147 1479 3170; x_wconf 90' lang='lat' dir='ltr'>l.</span> <span class='ocrx_word' id='word_1_762' title='bbox 1501 3146 1562 3171; x_wconf 85' lang='lat' dir='ltr'>dub.</span> <span class='ocrx_word' id='word_1_763' title='bbox 1584 3147 1612 3178; x_wconf 82' lang='lat'>2;</span> <span class='ocrx_word' id='word_1_764' title='bbox 1634 3147 1657 3171; x_wconf 88' lang='lat' dir='ltr'>d.</span> <span class='ocrx_word' id='word_1_765' title='bbox 1679 3147 1702 3171; x_wconf 87' lang='lat'>3.</span> <span class='ocrx_word' id='word_1_766' title='bbox 1724 3154 1750 3178; x_wconf 87' lang='lat' dir='ltr'>p.</span> <span class='ocrx_word' id='word_1_767' title='bbox 1772 3147 1788 3172; x_wconf 90' lang='lat' dir='ltr'>l.</span> <span class='ocrx_word' id='word_1_768' title='bbox 1802 3154 1825 3172; x_wconf 85' lang='lat' dir='ltr'>a.</span> <span class='ocrx_word' id='word_1_769' title='bbox 1844 3148 1863 3172; x_wconf 90' lang='grc'>1.</span> <span class='ocrx_word' id='word_1_770' title='bbox 1877 3154 1903 3179; x_wconf 89' lang='lat' dir='ltr'>q.</span> <span class='ocrx_word' id='word_1_771' title='bbox 1921 3147 1943 3172; x_wconf 76' lang='lat' dir='ltr'>i.</span> <span class='ocrx_word' id='word_1_772' title='bbox 1957 3154 2010 3180; x_wconf 86' lang='lat' dir='ltr'>seq.</span> 
     </span>
     <span class='ocr_line' id='line_1_113' title="bbox 1060 3190 1440 3221; baseline 0 -7"><span class='ocrx_word' id='word_1_773' title='bbox 1060 3192 1084 3214; x_wconf 89' lang='lat' dir='ltr'>et</span> <span class='ocrx_word' id='word_1_774' title='bbox 1103 3190 1127 3214; x_wconf 89' lang='lat' dir='ltr'>d.</span> <span class='ocrx_word' id='word_1_775' title='bbox 1149 3190 1171 3214; x_wconf 84' lang='grc'>6.</span> <span class='ocrx_word' id='word_1_776' title='bbox 1193 3197 1217 3220; x_wconf 84' lang='lat' dir='ltr'>p.</span> <span class='ocrx_word' id='word_1_777' title='bbox 1240 3190 1263 3214; x_wconf 89' lang='grc'>11.</span> <span class='ocrx_word' id='word_1_778' title='bbox 1284 3197 1306 3214; x_wconf 80' lang='lat' dir='ltr'>a.</span> <span class='ocrx_word' id='word_1_779' title='bbox 1328 3190 1350 3214; x_wconf 73' lang='lat'>2.</span> <span class='ocrx_word' id='word_1_780' title='bbox 1371 3197 1395 3221; x_wconf 85' lang='lat'>(1.</span> <span class='ocrx_word' id='word_1_781' title='bbox 1422 3190 1440 3214; x_wconf 94' lang='grc'>1.</span> 
     </span>
    </p>

    <p class='ocr_par' dir='ltr' id='par_1_42' title="bbox 1061 3232 2011 3354">
     <span class='ocr_line' id='line_1_114' title="bbox 1130 3232 2011 3265; baseline 0.003 -8"><span class='ocrx_word' id='word_1_782' title='bbox 1130 3232 1141 3249; x_wconf 77' lang='lat'><em>8</em></span> <span class='ocrx_word' id='word_1_783' title='bbox 1160 3234 1277 3263; x_wconf 55' lang='lat' dir='ltr'>Ariston,</span> <span class='ocrx_word' id='word_1_784' title='bbox 1304 3233 1339 3257; x_wconf 89' lang='grc'>111.</span> <span class='ocrx_word' id='word_1_785' title='bbox 1365 3233 1396 3257; x_wconf 90' lang='lat' dir='ltr'>de</span> <span class='ocrx_word' id='word_1_786' title='bbox 1421 3233 1524 3264; x_wconf 78' lang='lat' dir='ltr'>Anima,</span> <span class='ocrx_word' id='word_1_787' title='bbox 1552 3236 1608 3258; x_wconf 79' lang='lat' dir='ltr'>text.</span> <span class='ocrx_word' id='word_1_788' title='bbox 1636 3233 1678 3258; x_wconf 74' lang='lat'>38.</span> <span class='ocrx_word' id='word_1_789' title='bbox 1706 3233 1744 3265; x_wconf 88' lang='lat' dir='ltr'>(c.</span> <span class='ocrx_word' id='word_1_790' title='bbox 1772 3234 1821 3265; x_wconf 79' lang='lat'>8.).</span> <span class='ocrx_word' id='word_1_791' title='bbox 1847 3234 1897 3260; x_wconf 83' lang='lat' dir='ltr'>Csr.</span> <span class='ocrx_word' id='word_1_792' title='bbox 1918 3235 1957 3259; x_wconf 84' lang='lat' dir='ltr'>lV.</span> <span class='ocrx_word' id='word_1_793' title='bbox 1979 3235 2011 3260; x_wconf 85' lang='lat' dir='ltr'>de</span> 
     </span>
     <span class='ocr_line' id='line_1_115' title="bbox 1061 3275 2011 3311; baseline 0.003 -10"><span class='ocrx_word' id='word_1_794' title='bbox 1061 3276 1152 3301; x_wconf 71' lang='lat' dir='ltr'>pat-tib.</span> <span class='ocrx_word' id='word_1_795' title='bbox 1174 3276 1275 3301; x_wconf 79' lang='lat' dir='ltr'>animal.</span> <span class='ocrx_word' id='word_1_796' title='bbox 1297 3283 1318 3301; x_wconf 87' lang='lat' dir='ltr'>c.</span> <span class='ocrx_word' id='word_1_797' title='bbox 1343 3276 1380 3300; x_wconf 88' lang='grc'>10.</span> <span class='ocrx_word' id='word_1_798' title='bbox 1401 3275 1463 3301; x_wconf 84' lang='lat' dir='ltr'>ibid.</span> <span class='ocrx_word' id='word_1_799' title='bbox 1490 3276 1515 3301; x_wconf 91' lang='lat' dir='ltr'>ll.</span> <span class='ocrx_word' id='word_1_800' title='bbox 1536 3284 1558 3301; x_wconf 80' lang='lat' dir='ltr'>c.</span> <span class='ocrx_word' id='word_1_801' title='bbox 1585 3277 1622 3301; x_wconf 87' lang='grc'>16.</span> <span class='ocrx_word' id='word_1_802' title='bbox 1642 3284 1696 3309; x_wconf 83' lang='lat' dir='ltr'>seq.</span> <span class='ocrx_word' id='word_1_803' title='bbox 1723 3278 1776 3309; x_wconf 83' lang='lat' dir='ltr'>agit</span> <span class='ocrx_word' id='word_1_804' title='bbox 1794 3278 1827 3303; x_wconf 82' lang='lat' dir='ltr'>de</span> <span class='ocrx_word' id='word_1_805' title='bbox 1848 3277 1956 3311; x_wconf 72' lang='lat' dir='ltr'>linqua,</span> <span class='ocrx_word' id='word_1_806' title='bbox 1979 3278 2011 3304; x_wconf 86' lang='lat' dir='ltr'>dc</span> 
     </span>
     <span class='ocr_line' id='line_1_116' title="bbox 1061 3320 1766 3354; baseline 0.003 -10"><span class='ocrx_word' id='word_1_807' title='bbox 1061 3328 1112 3352; x_wconf 85' lang='lat' dir='ltr'>qua</span> <span class='ocrx_word' id='word_1_808' title='bbox 1132 3321 1176 3345; x_wconf 84' lang='lat' dir='ltr'>csr.</span> <span class='ocrx_word' id='word_1_809' title='bbox 1196 3321 1272 3345; x_wconf 86' lang='lat' dir='ltr'>etiam</span> <span class='ocrx_word' id='word_1_810' title='bbox 1293 3320 1318 3344; x_wconf 90' lang='lat' dir='ltr'>ll.</span> <span class='ocrx_word' id='word_1_811' title='bbox 1337 3320 1370 3345; x_wconf 88' lang='lat' dir='ltr'>de</span> <span class='ocrx_word' id='word_1_812' title='bbox 1390 3320 1494 3351; x_wconf 73' lang='lat' dir='ltr'>Anima,</span> <span class='ocrx_word' id='word_1_813' title='bbox 1516 3323 1571 3345; x_wconf 75' lang='lat' dir='ltr'>text.</span> <span class='ocrx_word' id='word_1_814' title='bbox 1595 3321 1635 3345; x_wconf 77' lang='lat'>88.</span> <span class='ocrx_word' id='word_1_815' title='bbox 1657 3321 1694 3353; x_wconf 85' lang='lat' dir='ltr'>(c.</span> <span class='ocrx_word' id='word_1_816' title='bbox 1716 3321 1766 3354; x_wconf 86' lang='grc'>8.).</span> 
     </span>
    </p>

    <p class='ocr_par' dir='ltr' id='par_1_43' title="bbox 1131 3363 1624 3396">
     <span class='ocr_line' id='line_1_117' title="bbox 1131 3363 1624 3396; baseline 0.002 -8"><span class='ocrx_word' id='word_1_817' title='bbox 1131 3363 1141 3380; x_wconf 79' lang='lat'>⁹</span> <span class='ocrx_word' id='word_1_818' title='bbox 1160 3364 1191 3388; x_wconf 86' lang='lat' dir='ltr'>L&#39;t</span> <span class='ocrx_word' id='word_1_819' title='bbox 1210 3367 1380 3389; x_wconf 84' lang='lat' dir='ltr'>monstratum</span> <span class='ocrx_word' id='word_1_820' title='bbox 1400 3367 1437 3389; x_wconf 84' lang='lat' dir='ltr'>est</span> <span class='ocrx_word' id='word_1_821' title='bbox 1456 3371 1533 3396; x_wconf 80' lang='lat' dir='ltr'>supra</span> <span class='ocrx_word' id='word_1_822' title='bbox 1555 3372 1579 3396; x_wconf 73' lang='grc' dir='ltr'>(Ι.</span> <span class='ocrx_word' id='word_1_823' title='bbox 1601 3365 1624 3389; x_wconf 72' lang='grc'>2.</span> 
     </span>
    </p>
   </div>
  </div>
 </body>
</html>
