2483 3882
271 929 333 951 Ratio
342 929 417 949 utrius-

309 961 357 982 que.

282 2173 315 2195 Ad
330 2172 413 2199 opposi-

323 2201 374 2220 tum.

431 257 494 289 876
1189 250 1473 282 SENTENTIARUM
1498 250 1564 281 LIB.
1589 249 1636 281 lv.

782 347 1018 371 CONCLUSIO.

457 447 629 479 l=⁷2⁷tzcttlttm
653 443 858 486 conflationis
883 442 996 484 leyttlz‘s
1021 442 1143 474 trcmsit
1166 441 1201 473 in
1225 450 1364 473 καῖον-εφη

516 497 727 539 simpliciter,
753 496 788 527 m
809 495 896 536 filios
925 498 1054 526 tamum
1078 494 1124 526 ad
1148 498 1282 535 tempus.

519 604 714 634 RESPONDEO:
740 600 932 638 Dicendum,
958 599 1042 640 quod
1064 599 1226 631 vinculum
1243 598 1379 639 adoptio·

296 666 413 689 Conclusio.
429 657 477 688 nis
511 655 619 687 transit
642 654 672 685 in
697 653 828 685 alteram
861 660 1027 693 personam
1059 651 1239 693 dupliciter,
1263 651 1380 683 scilicet

426 718 483 752 per
508 707 622 740 retritis
646 705 909 738 commixtionem
926 708 956 737 et
972 713 1029 746 per
1043 704 1286 746 yenercttmmm
1296 716 1308 741 ;
1325 703 1379 736 sed

428 770 483 802 per
507 759 610 791 carnis
632 757 888 791 commixtionem
906 757 1017 789 transit
1035 756 1081 788 ad
1095 766 1234 798 semper,
1251 765 1308 798 per
1332 765 1381 798 ge-

429 813 621 845 nerationem
646 820 721 843 vero
745 811 791 842 acl
815 814 950 851 tempus.

517 865 550 897 lit
574 864 654 896 ratio
678 863 774 895 huius
802 866 866 902 est,
891 862 965 904 quia
996 862 1067 894 talis
1098 862 1224 904 adoptio
1255 861 1380 903 respicit

427 918 508 950 bona
542 916 724 958 temporalia
748 919 779 948 et
802 915 1019 947 educationem
1045 919 1230 956 paternam3
1254 918 1285 946 et
1308 923 1381 956 quo-

426 971 509 1002 niam
534 970 583 1001 vir
607 973 638 1002 et
661 978 745 1001 uxor
770 968 1005 1010 coniunguntur
1026 968 1072 999 ad
1087 977 1213 1009 semper
1230 971 1260 1000 et
1276 967 1381 1000 onmia

427 1032 507 1064 quae
533 1022 666 1060 hahent,
690 1031 748 1063 pro
773 1021 907 1053 indiviso
931 1020 1064 1057 habeut;
1090 1020 1159 1052 ideo
1183 1020 1381 1052 contrahitur

428 1075 591 1107 vinculum
616 1074 852 1116 sempiternum
876 1073 923 1105 (αἱ
945 1082 1094 1105 uxorem.
1112 1092 1153 1095 —
1171 1073 1228 1104 Sed
1248 1072 1311 1112 miz·
1325 1082 1382 1104 mt-

429 1128 553 1161 curules
577 1137 634 1160 nec
658 1135 783 1168 semper
800 1126 981 1159 cohabitant
1004 1135 1061 1158 nec
1085 1134 1210 1167 semper
1235 1134 1306 1158 cum
1332 1134 1383 1167 pa-

427 1181 568 1214 rentibus
586 1180 702 1212 bahent
719 1180 799 1212 bona
817 1179 963 1217 indivisa,
981 1179 1077 1210 immo
1094 1188 1167 1211 cum
1184 1178 1382 1220 emancipan-

426 1238 487 1273 tur,
513 1237 633 1275 patrem
660 1233 841 1274 relinquunt
855 1232 884 1271 ¹3
901 1235 932 1264 et
955 1232 1028 1264 hinc
1052 1235 1115 1270 est,
1133 1231 1218 1273 quod
1233 1240 1299 1263 non
1315 1240 1384 1263 ma-

1443 341 1495 368 net
1511 336 1590 368 illud
1609 336 1782 369 vinculum.
1795 355 1839 360 -
1859 337 1893 369 Et
1914 337 1958 369 sic
1982 341 2082 378 patet,
2099 339 2256 379 quomodo
2280 338 2394 371 transit

1444 388 1522 420 illud
1548 388 1727 427 vinculum,
1751 392 1782 421 et
1806 389 1932 430 quando
1948 389 2141 430 simpliciter,
2158 394 2189 422 et
2205 391 2329 432 quando
2353 391 2394 423 ad

1446 444 1578 481 tempus.

1536 494 1563 524 1.
1588 494 1618 525 2.
1643 493 1686 525 Ad
1710 493 1790 525 illud
1814 502 1889 525 vero
1912 494 1997 534 quod
2022 494 2202 535 quaeritur:
2227 503 2326 536 quare
2349 504 2396 527 co·
2422 507 2483 538 sonti

1445 546 1549 587 gnatio
1572 546 1679 587 legalis
1696 555 1756 578 non
1774 546 1886 579 transit
1902 546 1932 578 in
1950 550 2090 588 patrem?
2108 547 2294 586 dicendum,
2311 547 2396 589 quod
2409 535 2483 560 ΨΜ

1445 599 1587 640 cognatio
1610 599 1801 640 spiritualis
1824 599 1936 631 transit
1953 599 1983 631 in
2001 602 2121 640 patrem
2133 625 2140 638 ,
2158 599 2305 641 quoniam
2323 609 2396 632 eun-

1445 652 1515 684 dem
1543 655 1724 693 regenerat,
1749 660 1843 693 quem
1870 655 1957 692 pater
1981 653 2158 693 generavit,
2183 653 2225 684 ita
2249 653 2333 694 quod
2350 662 2397 685 co-

1445 704 1549 745 gnatio
1574 703 1747 745 spiritualis
1772 704 1898 745 respicit
1923 704 2040 736 bonum
2059 704 2207 743 interius;
2224 705 2293 737 ideo
2317 714 2398 737 com-

1446 757 1627 788 municatur
1650 756 1681 788 in
1706 765 1787 796 uno,
1812 760 1842 788 et
1860 757 1929 788 ideo
1946 757 2142 789 contrahitur
2159 758 2300 799 cognatio
2317 767 2398 790 com-

1447 810 1652 852 paternitatis.
1677 809 1737 842 Sed
1759 809 1923 851 adoptans
1939 809 2123 851 adoptatum
2140 811 2273 843 assumit
2289 811 2327 843 ad
2345 811 2398 843 ali-

1445 863 1521 904 quid
1553 866 1662 901 extra,
1687 862 1757 894 ideo
1786 871 1846 893 non
1881 862 1924 894 sic
1956 863 2216 895 communicatur.
2242 882 2281 885 —
2307 863 2397 904 Quod

1445 915 1592 947 obiicitur
1617 915 1772 953 secundo,
1797 914 1858 946 iam
1883 918 1975 956 patet.

1536 968 1577 999 Ad
1603 967 1682 1000 illud
1707 967 1791 1009 quod
1816 967 1996 1008 quaeritur:
2023 976 2122 1009 quare
2145 977 2206 1000 non
2232 968 2343 1000 transit
2367 968 2398 1000 in
2414 980 2483 1029 *⁶⁹³⁰

1445 1020 1664 1052 ascendendo?
1688 1020 1874 1058 dicendum,
1899 1020 1984 1061 qnod
2009 1020 2125 1052 humor
2148 1021 2232 1053 venit
2255 1030 2272 1053 a
2294 1021 2399 1053 radice
2426 1012 2467 1028 ¹⁰⁶¹

1446 1073 1485 1105 ad
1510 1082 1633 1112 ramos,
1666 1082 1726 1104 non
1751 1081 1768 1105 e
1792 1071 1986 1111 converso23
2011 1076 2042 1105 et
2065 1073 2213 1114 quoniam
2238 1073 2293 1105 filii
2318 1073 2398 1105 rami

1447 1129 1520 1157 sunt
1543 1125 1658 1167 patris,
1683 1125 1754 1157 ideo
1778 1124 1919 1166 cognatio
1940 1124 2049 1166 legalis
2074 1135 2093 1157 a
2117 1129 2205 1167 patre
2229 1125 2399 1158 communi-

1447 1182 1536 1210 catur
1561 1177 1653 1216 filiis;
1677 1187 1739 1209 non
1764 1177 1807 1210 sic
1831 1180 1954 1219 oportet
1984 1186 2040 1210 nec
2065 1177 2157 1210 debet
2173 1178 2398 1210 communicari

1447 1230 1639 1272 parentibus.
1657 1249 1702 1253 —-
1719 1230 1752 1262 Et
1776 1231 1820 1263 sic
1843 1234 1928 1272 patet
1952 1231 2083 1262 totum3.

1241 1360 1506 1398 ARTICULUS
1526 1361 1585 1397 ΠΙ.

1215 1449 1261 1481 De
1291 1449 1445 1481 secundis
1477 1449 1612 1490 nuptiis.

515 1563 747 1605 Consequenter
783 1565 935 1604 quantum
969 1561 1008 1593 ad
1045 1561 1173 1593 tertium
1210 1560 1380 1593 articulum

427 1616 591 1657 quaeritur
616 1615 655 1647 de
679 1615 818 1647 secundo
841 1614 968 1647 foedere
992 1613 1134 1655 nuptiali.
1162 1613 1196 1645 Et
1222 1613 1305 1646 circa
1322 1614 1382 1646 hoc

427 1672 624 1711 quaeruntur
648 1669 717 1700 tria.

1491 1560 1593 1592 Primo
1605 1560 1779 1602 quaeritur,
1790 1563 1899 1592 utrum
1914 1560 2071 1592 secundae
2080 1559 2207 1601 nuptiae
2217 1559 2278 1592 sint
2287 1559 2398 1592 licitae.

1491 1613 1652 1651 Secundo,
1677 1616 1785 1644 utrum
1810 1613 1871 1644 sint
1895 1612 2147 1644 sacramentales.

1492 1666 1613 1705 Tertio,
1637 1668 1746 1698 utrum
1771 1665 1833 1697 sint
1857 1665 2066 1697 honorabiles.

1304 1790 1487 1832 QUAESTIO
1511 1790 1530 1821 I.

1067 1889 1183 1921 Utrum
1210 1888 1373 1920 secundae
1396 1887 1532 1929 nuptiae
1555 1887 1623 1919 sint
1646 1887 1762 1919 licitae.

516 2003 675 2043 Quantum
700 2010 775 2043 ergo
798 2001 838 2033 ad
862 2001 1002 2042 primum
1027 2000 1213 2038 ostenditur,
1231 1999 1315 2041 quod
1338 2007 1381 2031 se-

427 2055 549 2087 cundae
573 2055 701 2096 nuptiae
725 2063 786 2085 non
812 2053 873 2085 sint
896 2053 1007 2085 licitae.

519 2109 546 2138 l.
571 2106 851 2148 Chrysostomus⁴:
880 2105 1086 2137 «Secundum
1112 2105 1214 2137 virum
1239 2104 1381 2145 accipere

429 2160 603 2193 secundum
635 2162 837 2201 praeceptum
870 2157 1004 2199 Apostoli
1038 2157 1174 2196 licitum,
1206 2152 1381 2189 secundum

428 2213 592 2245 veritatem
622 2211 785 2243 fornicatio
818 2213 907 2248 est»;
932 2210 987 2242 sed
1020 2209 1059 2242 de
1090 2218 1281 2251 unoquoque
1306 2208 1383 2241 iudi-

428 2265 563 2298 candum
588 2268 635 2297 est
659 2264 834 2297 secundum
860 2263 1038 2295 veritatem:
1063 2272 1138 2303 ergo
1155 2262 1312 2295 secundae
1328 2271 1383 2293 nu-

427 2319 510 2360 ptiae
535 2327 597 2349 non
622 2320 695 2349 sunt
719 2316 836 2355 licitae,
861 2325 933 2348 cum
958 2325 1014 2348 nec
1038 2315 1210 2348 fornicatio.

516 2372 545 2402 Q.
570 2370 663 2408 Item,
688 2369 871 2401 Ambrosius
886 2368 913 2400 ⁵:
945 2369 992 2400 «Α
1017 2368 1156 2400 secundo
1188 2368 1238 2400 die
1263 2367 1384 2400 subtra-

428 2424 476 2455 xit
499 2423 583 2454 Deus
607 2422 875 2460 benedictionem,
892 2421 982 2453 nohis
998 2420 1233 2461 intelligentiam
1252 2419 1384 2452 derelin-

429 2484 546 2517 quens,
571 2484 633 2506 non
658 2474 776 2506 bonum
801 2482 869 2506 esse
894 2473 1131 2505 matrimonium
1157 2472 1293 2514 dupleX,
1311 2472 1385 2514 quia

428 2529 467 2561 ab
491 2529 611 2561 unitate
635 2527 790 2566 dividit»;
815 2527 869 2559 sed
896 2527 936 2558 ibi
968 2526 1253 2567 «praefigurantur
1277 2534 1385 2558 secun-

430 2582 543 2614 darum
569 2581 696 2613 foedera
720 2580 903 2622 nuptiarum
918 2591 947 2610 »:
973 2588 1047 2621 ergo
1071 2583 1129 2611 etc.

519 2634 548 2666 3.
574 2634 667 2672 Item,
700 2633 830 2665 ratione
864 2633 1007 2664 videtur:
1041 2632 1115 2674 quia
1148 2632 1291 2673 bigamus
1323 2641 1383 2663 non

428 2691 529 2730 potest
555 2687 732 2728 promoveri
758 2686 798 2718 ad
823 2694 929 2718 sacros
953 2685 1116 2723 ordines⁶3
1133 2685 1190 2717 sed
1207 2694 1307 2726 poena
1323 2694 1384 2717 non

430 2739 581 2781 infligitur
606 2739 663 2771 nisi
690 2748 747 2780 pro
772 2738 879 2780 culpa:
898 2747 973 2779 ergo
998 2738 1028 2770 in
1054 2737 1190 2779 bigamia
1214 2741 1260 2770 est
1282 2737 1383 2779 culpa.

1534 1999 1564 2030 lt.
1591 1999 1683 2037 item,
1716 2002 1879 2039 peccatum
1914 2001 1961 2030 est
1995 1998 2113 2030 habere
2145 1998 2255 2039 plures
2286 2007 2404 2030 uxores

1445 2050 1564 2089 simul,
1590 2051 1647 2082 nisi
1681 2051 1881 2092 dispensetur
1905 2060 1922 2082 a
1948 2051 2052 2082 Deo⁷z
2079 2059 2154 2092 ergo
2186 2051 2253 2091 pari
2286 2051 2404 2083 ratione

1447 2103 1572 2136 videtur
1604 2112 1672 2135 esse
1696 2107 1858 2145 peccatum
1883 2103 2000 2136 habere
2024 2103 2132 2145 plures
2155 2103 2344 2135 successive.
2363 2103 2402 2135 Sz'

1447 2156 1559 2194 dicas,
1584 2155 1668 2197 quod
1694 2165 1754 2188 non
1780 2160 1826 2187 est
1851 2156 1969 2193 simile,
1995 2155 2083 2197 quia,
2100 2164 2171 2187 cum
2197 2159 2270 2187 sunt
2294 2155 2402 2194 simul,

1446 2208 1482 2240 fit
1505 2208 1620 2240 iniuria.
1645 2208 1765 2249 primae
1789 2208 1901 2247 uxori,
1919 2217 1979 2240 non
1999 2212 2101 2240 tamen
2119 2208 2313 2246 successive;
2331 2217 2404 2240 con-

1447 2265 1521 2293 trct:
1546 2265 1612 2293 esto
1636 2261 1719 2302 quod
1750 2261 1853 2302 prima
1884 2270 1968 2293 uxor
2001 2261 2092 2299 velit,
2117 2260 2321 2293 nihilominus
2355 2264 2403 2293 est

1447 2317 1627 2356 peccatum:
1652 2322 1727 2355 ergo
1751 2318 1808 2346 etc.

1538 2367 1681 2399 CONTRA:
1711 2368 1738 2398 1.
1756 2367 1912 2398 Abraham
1931 2367 2086 2399 secundas
2102 2366 2259 2399 contraxit
2275 2356 2483 2407 nuptiasruncnn

1448 2429 1519 2452 cum
1545 2420 1699 2459 cethura,
1725 2420 1851 2452 Genesis
1888 2420 2038 2462 vigesimo
2064 2419 2209 2462 quintosg
2233 2424 2263 2452 et
2288 2420 2317 2451 in
2344 2420 2401 2452 hoc

1448 2482 1511 2505 non
1535 2473 1795 2515 reprehenditur:
1821 2481 1895 2513 ergo
1921 2473 2040 2505 licitum
2064 2472 2123 2504 fuit
2147 2473 2192 2511 ei,
2218 2475 2248 2504 et
2273 2472 2316 2504 sic
2345 2476 2401 2504 etc.

1538 2527 1568 2558 Ξ.
1593 2526 1686 2564 item,
1712 2526 1833 2568 primae
1856 2526 1896 2558 ad
1922 2525 2121 2558 Timotheum
2151 2525 2297 2567 quint00:
2330 2524 2403 2557 Volo

1449 2579 1596 2611 iuniores
1620 2579 1760 2616 nubere,
1785 2578 1870 2620 lilios
1899 2588 2100 2620 procreatore,
2126 2576 2403 2620 niatresfttmz'lz'as

1449 2641 1535 2668 esse,-
1560 2631 1700 2673 loquitur
1725 2632 1763 2663 de
1788 2631 1902 2663 viduis.

1538 2684 1569 2716 3.
1596 2684 1687 2723 ltem,
1712 2684 1841 2716 ratione
1866 2684 2008 2716 videtur:
2034 2684 2107 2725 quia
2125 2683 2252 2724 nuptiae
2278 2687 2350 2715 sunt
2374 2683 2404 2714 iu

1450 2737 1630 2769 remedium
1645 2737 1685 2773 ¹⁰:
1704 2737 1757 2769 sed
1783 2746 1854 2769 cum
1881 2736 1995 2768 mulier
2013 2736 2156 2774 moritur,
2174 2736 2242 2768 viro
2268 2736 2403 2773 vivente,

502 2907 508 2922 ¹
532 2906 717 2939 Emancipatz‘o
738 2907 872 2932 desinitur:
893 2907 1023 2931 Rclaxatio
1043 2914 1123 2931 nexus
1142 2908 1215 2938 patrii
1243 2914 1302 2931 cum
1327 2913 1385 2932 con-

431 2958 507 2975 sensu
529 2951 608 2981 patris
627 2951 813 2982 emancipantis
826 2954 851 2976 et
865 2950 907 2975 filii
921 2950 1101 2982 emancipandi
1122 2957 1209 2975 coram
1223 2953 1384 2982 competente

431 2994 523 3019 iudice.
539 2994 589 3020 Csr.
604 2995 742 3026 1ustinian.‚
763 2995 778 3019 1.
799 2995 904 3019 institut.
920 2994 1044 3025 imperial.
1060 2993 1160 3025 Quibus
1179 2994 1264 3019 modis
1284 2995 1323 3019 ius
1342 3001 1384 3025 pa-

432 3039 495 3063 triae
509 3039 641 3069 potcstatis
654 3039 719 3063 solv.
735 3039 781 3070 (tit.
797 3038 861 3071 112),
876 3039 913 3063 lex
935 3037 1074 3063 Videamus
1084 3044 1156 3064 mmo
1168 3038 1188 3068 (1
1197 3038 1222 3070 .)⁷
1236 3038 1251 3070 §3
1265 3038 1384 3063 Praeter-

431 3088 461 3107 ea
475 3081 699 3114 emancipatione,
715 3085 741 3107 et
753 3082 768 3114 2}
781 3082 816 3108 Et
828 3081 934 3116 quidem
948 3089 1038 3115 neque..
1048 3095 1084 3100 —
1096 3081 1160 3106 Edd.
1173 3082 1279 3114 putrem
1292 3082 1316 3106 et
1328 3088 1382 3107 ma-

433 3126 500 3150 trem
520 3125 682 3159 relinquunt.
697 3127 822 3157 Superius
836 3134 884 3157 pro
898 3125 1051 3152 cohabitant
1070 3125 1127 3151 cod.
1141 3125 1159 3149 Z
1178 3124 1383 3151 communicant.

501 3169 511 3185 2
531 3169 670 3201 chrysost,
691 3170 783 3195 Homil.
805 3170 847 3195 32.
869 3171 893 3195 in
916 3171 998 3195 Matth.
1021 3170 1066 3201 lt),
1081 3169 1104 3194 5.
1120 3169 1197 3200 (opus
1216 3169 1383 3200 imperfect.):

431 3211 529 3236 Humor
543 3212 648 3243 quidem
663 3212 696 3237 de
709 3212 842 3238 radicibus
855 3213 970 3238 ascendit
983 3213 1006 3237 in
1021 3212 1144 3243 herbam,
1159 3212 1191 3237 de
1205 3211 1284 3237 herba
1298 3214 1384 3237 autem

432 3261 483 3279 non
502 3257 639 3281 revertitur
658 3256 691 3281 ad
711 3256 824 3286 radices.
845 3256 891 3281 sed
910 3263 1014 3281 sursum
1035 3257 1213 3281 transmittitur
1241 3256 1266 3280 in
1296 3262 1384 3281 semen

433 3300 480 3323 etc.
493 3312 528 3316 —
543 3299 648 3323 inferius
659 3306 707 3330 pro
717 3298 789 3324 <lebet
799 3299 995 3326 commimlcuri
1004 3300 1062 3325 edd.
1074 3299 1166 3325 debent
1176 3298 1384 3326 communicare.

501 3340 512 3356 3
534 3341 598 3366 Vide
617 3343 730 3367 scholion
750 3343 782 3367 ad
804 3344 826 3367 ¹1.
847 3344 924 3368 huius
943 3343 1040 3368 articuli
1061 3347 1159 3374 quaest.

505 3383 515 3399 ⁴
534 3385 625 3410 Homil.
647 3386 688 3410 32.
710 3387 735 3410 in
755 3386 839 3412 Mattli.
865 3388 906 3418 19,
927 3388 951 3412 8.
974 3386 1051 3418 (opus
1070 3387 1242 3420 imperfect.):
1262 3387 1326 3412 Nam
1345 3394 1385 3412 se-

1449 2906 1561 2932 cundam
1576 2906 1681 2938 quidem
1697 2906 1813 2936 accipere
1828 2905 1973 2930 secundum
1989 2908 2157 2936 praeceptum
2173 2904 2289 2935 Apostoli
2302 2903 2332 2936 [l.
2347 2903 2404 2928 Cor.

1448 2950 1477 2982 7,
1500 2949 1556 2983 39]
1577 2954 1627 2981 cst,
1648 2949 1792 2974 secundum
1813 2953 1899 2974 autom
1920 2950 2034 2974 veritatis
2054 2950 2178 2973 rationem
2190 2955 2253 2973 vero
2273 2947 2403 2972 fornicatio

1449 2997 1495 3018 est.
1511 2992 1560 3018 Cfr.
1582 2992 1609 3018 C.
1630 2992 1687 3018 Hac
1701 2992 1804 3018 ratione
1818 2992 1881 3024 (9,),
1897 2991 1923 3017 C.
1945 2992 1985 3016 31.
2007 3000 2031 3024 q.
2054 2993 2076 3016 l.
2097 3006 2129 3009 —
2151 2991 2256 3017 Inferius
2276 2998 2323 3022 pro
2342 2996 2404 3017 cum

1449 3043 1496 3063 nec
1515 3036 1591 3061 codd.
1611 3037 1628 3061 F
1642 3037 1662 3061 G
1681 3036 1751 3062 sicut
1769 3043 1824 3062 nec.

1520 3079 1531 3095 5
1551 3079 1635 3105 Potius
1655 3080 1765 3110 Hieron„
1787 3080 1803 3104 1.
1825 3079 1953 3104 adversus
1973 3072 2095 3104 lovinian.
2111 3086 2135 3103 u.
2154 3079 2190 3103 16.
2205 3077 2254 3104 Csr.
2270 3078 2346 3109 Epist.
2362 3076 2402 3102 48.

1449 3123 1522 3155 (alias
1542 3123 1596 3155 50.)
1617 3130 1641 3148 n.
1667 3124 1709 3155 19,
1730 3123 1774 3148 ubi
1795 3124 1844 3148 hoc
1864 3123 1960 3148 dictum
1981 3122 2103 3148 defendit.

1518 3167 1528 3183 ⁶
1549 3167 1615 3192 Vide
1634 3174 1712 3198 supra
1734 3167 1758 3192 (1.
1779 3167 1820 3192 25.
1841 3174 1864 3192 a.
1887 3168 1911 3192 ⁴2.
1934 3174 1959 3199 q.
1980 3167 2003 3198 3,
2025 3170 2049 3192 ct
2069 3167 2109 3191 hic
2128 3166 2162 3191 lit.
2185 3166 2309 3197 Magistri,
2331 3172 2352 3190 c.
2373 3164 2400 3190 7.

1519 3211 1530 3227 ⁷
1549 3210 1600 3236 Csr.
1620 3218 1698 3242 supra
1720 3211 1745 3236 d.
1767 3212 1808 3236 33.
1829 3219 1851 3236 a.
1874 3212 1896 3235 l.
1916 3218 1940 3243 q.
1963 3212 1985 3235 1,
2005 3217 2078 3242 seqq.

1519 3255 1530 3271 8
1551 3256 1623 3280 Vers.
1646 3256 1668 3280 l.
1687 3270 1721 3273 -
1742 3256 1797 3280 Mox
1818 3255 1872 3280 Vat.
1894 3262 2032 3286 perperam
2053 3255 2144 3280 omittit
2162 3260 2224 3280 non.

1519 3298 1530 3314 9
1550 3299 1623 3324 Vers.
1645 3299 1686 3324 Ἰ14.

1522 3341 1542 3358 1⁰
1563 3342 1628 3367 Vide
1647 3349 1726 3373 supra
1747 3342 1781 3367 lit.
1801 3342 1925 3374 Magistri,
1946 3342 1972 3366 d.
1993 3341 2086 3366 xxvt
2107 3347 2127 3365 c.
2144 3341 2166 3365 11.
2186 3347 2250 3373 seq,
2266 3339 2311 3365 uhi
2324 3340 2401 3365 etiam

1450 3386 1482 3411 de
1501 3385 1601 3411 maiori
1619 3393 1673 3418 seq.
1694 3393 1748 3418 arg.
