2483 3882
221 517 299 547 Satis
327 523 505 555 responsum
539 518 584 545 cst
615 515 777 545 haereticis
811 517 840 544 et
871 512 1095 544 obiectionibus

16 566 93 589 ›nbium
109 565 127 587 ¹·
143 573 248 596 eorum
270 564 322 604 qui
344 567 462 602 negant,
478 571 583 593 verum
607 572 719 602 corpus
734 563 843 593 Christi
861 562 890 592 in
916 561 1001 591 altari
1019 569 1094 596 esse,

143 617 172 644 et
192 621 301 652 panem
324 613 353 642 in
376 620 498 651 corpuS,
520 612 566 642 vel
589 612 691 642 vlnum
716 612 744 641 in
767 611 943 649 sanguinem
965 609 1093 649 mystica

142 662 371 692 consecratione
391 661 545 696 converti,
574 660 723 690 dicentes:
745 660 814 699 quis
835 659 946 690 audeat
968 657 1094 688 mandu-

142 718 213 740 care
234 709 394 739 Dominum
417 709 526 738 sunm?
547 708 619 743 Quis
644 708 735 738 etiam
757 707 868 737 audeat
888 706 1007 742 dicere,
1024 713 1094 744 quo-

141 757 214 787 tidie
234 756 356 787 formari
379 764 491 794 corpus
513 755 622 785 Christi
645 755 683 785 (le
699 755 824 786 materia
848 754 894 785 vel
915 754 1093 788 substantia,

141 813 220 844 quae
243 813 301 834 non
323 804 377 834 fuit
399 812 470 834 caro
493 804 644 842 Virginis?

556 901 624 931 CAP.
646 901 678 930 ΙΙ.

232 999 274 1028 De
295 998 476 1028 Sanctorzmz
499 996 690 1032 testimoniis,
713 996 822 1037 quibus
842 995 1005 1036 probatur,

300 1055 407 1076 verum
429 1055 538 1085 corpus
563 1045 678 1076 Christi
691 1055 751 1076 csse
772 1045 806 1075 in
827 1044 930 1075 altari.

222 1144 302 1173 Haec
324 1147 353 1172 et
374 1143 421 1172 his
442 1142 551 1172 similia
574 1143 722 1173 obiiciunt
743 1142 795 1179 itti,
818 1143 846 1172 in
869 1142 971 1172 divino
988 1145 1096 1180 myste-

142 1191 187 1221 rio
208 1191 304 1228 legem
326 1194 452 1220 naturae
472 1193 638 1228 sectantes3
655 1198 784 1229 quorum
800 1189 958 1228 perfidiam
974 1189 1094 1219 subdita

142 1240 326 1269 convincunt
356 1239 534 1269 testimonia.
568 1239 617 1268 Ait
649 1239 728 1268 enim
760 1238 915 1268 Veritas¹:
938 1237 1094 1277 Accipite,

12 1291 91 1314 ›ubium
106 1292 126 1312 2-
142 1286 196 1317 lzoc
217 1292 259 1317 est
286 1296 395 1326 corpus
424 1296 534 1317 meum.
557 1287 643 1323 Item,
673 1286 869 1316 Ambrosius:
903 1286 957 1316 «Si
980 1289 1094 1316 tantum

4 1328 5 1331 ¹
142 1336 238 1366 valuit
259 1344 359 1366 sermo
381 1335 474 1371 Eliac,
498 1339 530 1365 ut
552 1335 649 1373 ignem
672 1335 710 1365 de
732 1335 816 1365 caelo
839 1335 1020 1373 deponeret;
1037 1343 1094 1364 non

143 1384 254 1415 valebit
282 1388 396 1414 tantum
426 1392 524 1413 sermo
554 1383 680 1420 Christi,
701 1387 734 1413 ut
766 1383 948 1413 substantias
982 1384 1095 1413 mutet?

144 1435 186 1464 De
209 1434 299 1463 totius
321 1433 424 1463 mundi
447 1432 591 1470 operibus
614 1431 738 1469 legitur:
763 1431 841 1468 Quia
864 1431 926 1470 ipsc
952 1431 1047 1466 dixit,
1070 1435 1096 1461 et

143 1482 222 1521 facta
243 1486 315 1512 sunt
335 1485 390 1511 etc.
424 1481 528 1511 Sermo
552 1481 658 1519 igitur⁷
682 1480 709 1510 id
743 1484 787 1510 est
809 1480 902 1510 Filius
914 1480 934 1517 ²,
964 1481 1016 1518 qui
1046 1488 1098 1518 po-

148 1531 200 1560 tuit
224 1539 260 1560 ex
295 1530 387 1559 nihilo
419 1530 518 1560 facere
548 1529 629 1568 quod
663 1538 720 1559 non
754 1533 831 1565 erat⁷
862 1537 919 1558 non
942 1532 1041 1567 potest
1061 1537 1095 1558 ea

145 1587 224 1617 quae
245 1582 327 1614 sunt,
351 1579 378 1607 in
407 1578 437 1608 id
467 1582 598 1615 mutare,
621 1578 701 1616 quod
727 1587 783 1607 non
807 1579 909 1607 erant?
930 1577 994 1607 Non
1017 1577 1096 1607 enim

144 1627 244 1657 minus
266 1630 310 1656 est
332 1634 437 1656 creare
460 1634 550 1665 quam
577 1631 694 1656 mutare
711 1634 804 1655 novas
821 1630 944 1656 naturas
967 1625 1057 1655 rebus
1069 1638 1096 1654 u.

11 1678 128 1700 imbrosius·
144 1676 232 1706 item:
260 1675 314 1706 «Si
337 1675 473 1705 ordinem
496 1675 682 1713 quaerimus,
712 1675 776 1704 viro
805 1675 898 1704 mixta
920 1674 1030 1704 femina
1051 1682 1097 1712 ge-

145 1732 250 1754 nerare
279 1727 486 1753 consueverat.
509 1723 618 1761 Liquet
640 1723 739 1761 igitur,
762 1722 842 1761 quod
866 1726 987 1761 praeter
1016 1725 1098 1751 natu-

144 1780 196 1802 rae
217 1772 355 1802 ordinem
378 1772 469 1809 Virgo
491 1772 661 1808 generavit3
685 1775 714 1801 et
736 1771 793 1801 hoc
816 1771 896 1810 quod
920 1771 1097 1800 conficimus

145 1829 257 1859 corpus
279 1829 316 1850 ex
339 1820 462 1858 Virgine
483 1823 535 1849 est.
562 1819 637 1854 Quid
661 1827 732 1857 ergo
756 1820 805 1849 hic
828 1819 949 1857 quaeris
972 1822 1097 1849 naturae

145 1869 281 1899 ordinem
306 1869 334 1898 in
358 1868 467 1898 Christi
490 1876 627 1907 corpore,
654 1876 723 1898 cum
757 1871 877 1906 praeter
899 1871 1037 1897 naturam
1060 1867 1099 1896 sit

148 1918 212 1956 ipse
228 1920 332 1956 partus
348 1925 385 1947 ex
400 1917 542 1954 Virgine?
554 1929 565 1942 »
583 1933 623 1938 —
637 1917 723 1946 ltem:
742 1917 841 1946 «Ante
857 1916 1097 1946 benedictionem

145 1965 203 1995 alia
226 1965 344 2004 speeies
366 1965 546 1999 nominatur,
570 1968 638 2003 post
659 1964 918 1999 consecrationem
935 1973 1045 2003 corpus
1063 1964 1100 1993 si-

145 2014 314 2052 gnificatur.
336 2014 412 2043 Ante
434 2013 692 2043 consecrationem
710 2013 792 2043 aliud
811 2013 932 2049 dicitur,
948 2017 1014 2052 post
1032 2022 1100 2043 con-

145 2063 345 2092 secrationem
367 2061 493 2101 sanquis
516 2065 719 2100 nuncupatur.
740 2062 783 2092 Tu
806 2062 883 2092 dicis
905 2063 1024 2096 Amen,
1041 2062 1100 2092 hoc

826 235 919 268 DtST.
945 234 978 266 X.
1003 234 1033 266 Ρ.
1058 234 1078 266 Ι.
1103 233 1241 266 Dtvtsto
1257 233 1420 284 ⁴TEXTUS.

1058 415 1139 447 PARS
1163 415 1196 446 ll.

1159 515 1213 547 est,
1236 519 1340 541 verum
1370 515 1422 541 est.
1452 511 1536 547 Quod
1565 520 1664 542 sermo
1687 516 1788 548 sonat,
1811 512 1935 542 affectus
1957 513 2108 542 sentiat».

1159 560 1249 595 Item,
1274 560 1496 599 Augustinus³:
1532 560 1588 590 «In
1617 561 1720 599 specie
1749 561 1835 599 panis
1858 565 1886 591 et
1909 562 1987 597 vini,
2017 565 2259 600 quamAusustiuus-

1159 608 1311 644 videmus,
1334 616 1382 638 res
1404 608 1585 645 invisibiles,
1609 609 1639 638 id
1656 613 1701 639 est
1723 618 1844 639 carnem
1867 614 1897 640 et
1918 611 2111 648 sanguinem,

1159 656 1360 692 honoramus3
1383 665 1439 686 nec
1461 656 1599 686 similiter
1620 657 1781 695 pendimus
1802 658 1858 687 has
1884 658 1960 688 duas
1981 659 2111 697 species,

1158 705 1238 734 sieut
1259 708 1328 734 ante
1357 705 1615 734 consecrationem
1645 705 1862 743 pendebamus,
1890 714 1958 735 cum
1983 706 2112 736 fideliter

1159 753 1315 789 fateamur,
1345 756 1412 782 ante
1435 753 1693 783 consecrationem
1724 762 1831 792 panem
1854 762 1919 784 esse
1941 757 1970 784 et
1992 754 2111 790 vinum,

1159 800 1240 839 quod
1265 803 1372 830 natura
1394 800 1549 837 formavit3
1573 805 1639 839 post
1674 802 1932 832 consecrationem
1955 810 2027 832 vero
2049 810 2113 832 car·
2127 810 2220 831 Dubium
2235 809 2255 830 3.

1159 857 1226 878 nem
1249 848 1358 879 Christi
1381 852 1410 878 et
1431 849 1619 886 sanguinem,
1646 849 1727 888 quod
1758 849 1928 880 benedictio
1956 857 2114 880 consecra-

1160 894 1242 927 vit».
1265 897 1355 932 Item,
1376 897 1594 927 Ambrostus⁴:
1621 897 1735 927 «Panis
1757 901 1801 928 est
1824 898 1851 928 in
1875 898 1960 928 altari
1985 899 2113 928 usitatus
2128 901 2263 923 Ambrosius-

1159 948 1228 975 ante
1250 945 1342 975 verba
1365 953 1468 981 sacra3
1491 945 1541 975 ubi
1565 946 1693 975 accessit
1714 947 1912 983 consecratio,
1930 947 1967 977 de
1983 955 2061 985 pane
2082 948 2114 976 tit

1159 1001 1231 1023 caro
1260 993 1380 1023 Christi.
1409 993 1566 1029 Quomodo
1596 997 1695 1024 autem
1718 998 1817 1033 potest
1848 995 1931 1034 quod
1955 995 2042 1033 panis
2069 999 2114 1025 est

1160 1050 1226 1071 esse
1253 1050 1366 1080 corpus
1394 1041 1525 1072 Christi?
1553 1042 1802 1079 Consecratione‚
1831 1051 1910 1082 quae
1943 1044 1975 1073 iit
2003 1043 2113 1073 Christi

1160 1098 1299 1120 sermone
1313 1103 1340 1119 n.
1364 1090 1453 1120 Item:
1482 1103 1493 1117 «
1509 1090 1539 1120 Si
1563 1094 1643 1121 tanta
1666 1091 1711 1121 vis
1727 1095 1771 1121 est
1787 1091 1815 1121 in
1830 1100 1969 1122 sermone
1985 1092 2113 1127 Domini,

1160 1143 1193 1168 ut
1215 1139 1382 1178 inciperent
1404 1147 1469 1169 esse
1492 1148 1570 1178 quae
1593 1148 1650 1169 non
1674 1144 1774 1175 erant;
1794 1144 1907 1179 quanto
1930 1141 2026 1178 magis
2048 1148 2116 1179 ope-

1160 1188 1291 1218 ratorius
1313 1191 1373 1224 est,
1395 1191 1428 1217 ut
1455 1188 1515 1217 sint
1544 1197 1623 1226 quae
1645 1192 1744 1224 erant,
1766 1192 1795 1219 et
1824 1189 1854 1218 in
1879 1189 1961 1219 aliud
1984 1197 2117 1219 commu-

1160 1237 1286 1266 tentur?
1307 1236 1343 1266 Et
1368 1236 1412 1265 sic
1443 1236 1525 1275 quod
1554 1240 1618 1266 erat
1646 1237 1733 1275 panis
1762 1240 1830 1267 ante
1856 1237 2113 1267 consecrationem

1161 1285 1220 1314 iam
1235 1293 1347 1323 corpus
1370 1284 1479 1315 Christi
1506 1288 1551 1314 est
1573 1289 1641 1323 post
1661 1286 1937 1323 consecrationem,
1960 1287 2031 1325 quia
2053 1294 2116 1316 ser-

1161 1342 1209 1363 mo
1230 1333 1338 1363 Christi
1361 1337 1532 1363 creaturam
1556 1337 1666 1369 mutat;
1690 1338 1719 1364 ct
1747 1334 1792 1364 sic
1822 1343 1859 1364 ex
1888 1343 1966 1373 pane
1996 1335 2027 1364 tit
2054 1343 2118 1365 cor-

1160 1390 1217 1420 pus
1239 1381 1366 1419 Christi,
1389 1386 1417 1411 et
1440 1383 1543 1412 vinum
1573 1391 1642 1412 cum
1665 1391 1742 1421 aqua
1775 1383 1802 1412 in
1836 1383 1962 1413 calicem
1989 1383 2114 1413 missum

1162 1431 1192 1460 tit
1213 1431 1335 1468 sanguis
1357 1431 1584 1461 consecratione
1607 1431 1690 1461 verbi
1712 1432 1891 1461 caelestis».
1908 1432 1997 1468 item,
2018 1434 2116 1469 Augu-
2128 1437 2266 1464 Augustinus-

1160 1479 1294 1509 stinus⁵z
1322 1479 1430 1509 «Sicut
1451 1487 1506 1516 per
1528 1479 1673 1518 Spiritum
1699 1484 1836 1510 sanctum
1860 1488 1931 1510 vera
1957 1488 2028 1510 caro
2050 1481 2115 1510 sine

1162 1529 1243 1558 coitu
1267 1531 1403 1563 creatur,
1426 1528 1466 1557 ita
1490 1536 1544 1566 per
1570 1528 1699 1557 cundem
1722 1536 1759 1557 ex
1786 1528 1951 1558 substantia
1976 1529 2062 1567 panis
2088 1533 2115 1558 et

1163 1577 1223 1606 vini
1246 1576 1326 1605 idem
1348 1584 1460 1614 corpus
1482 1576 1592 1605 Christi
1620 1580 1649 1606 et
1677 1577 1800 1613 sanguis
1822 1580 2026 1606 consecratur.
2050 1577 2117 1606 Cor-

1163 1634 1219 1663 pus
1252 1624 1360 1654 Christi
1394 1627 1422 1653 et
1456 1625 1566 1654 veritas
1603 1628 1647 1654 est
1680 1629 1708 1654 et
1740 1625 1854 1662 figura:
1888 1625 2011 1662 veritaS,
2044 1626 2116 1655 dum

1163 1682 1275 1712 eorpus
1297 1673 1406 1702 Christi
1430 1677 1458 1703 et
1480 1674 1602 1710 sanguis
1624 1674 1734 1703 virtute
1756 1674 1886 1712 Spiritus
1908 1682 1945 1704 ex
1969 1675 2055 1713 panis
2078 1675 2117 1704 vi-

1163 1722 1254 1759 nique
1276 1721 1444 1751 substantIa
1467 1721 1612 1756 officiium
1637 1722 1731 1758 figura
1756 1730 1826 1752 vero
1849 1726 1893 1752 est
1916 1722 1943 1751 id
1967 1722 2048 1761 quod
2069 1731 2117 1752 ex-

1164 1769 1256 1799 terius
1278 1770 1444 1799 sentitur».
1461 1769 1549 1805 uem,
1572 1769 1721 1799 Eusebius
1742 1770 1916 1800 Emissenus
1932 1769 1959 1798 ⁶:

1164 1817 1232 1847 bilis
1263 1817 1407 1847 sacerdos
1437 1817 1571 1847 visibiles
1599 1821 1755 1847 creaturas
1777 1818 1806 1846 in
1829 1817 2028 1847 substantiam
2050 1825 2118 1847 cor-

1164 1865 1247 1903 poris
1269 1869 1298 1895 ct
1319 1866 1474 1904 sanguinis
1490 1867 1534 1896 sui
1553 1866 1645 1896 verbo
1668 1875 1722 1896 suo
1745 1870 1860 1896 secreta
1879 1869 2026 1905 potestate
2042 1874 2120 1896 coni—

1163 1917 1298 1944 mutat».
1319 1931 1360 1936 ——
1381 1915 1426 1944 Ex
1459 1914 1504 1944 his
1533 1915 1661 1954 aliisque
1690 1915 1829 1954 pluribus
1859 1918 1990 1952 constat,
2014 1923 2119 1945 verum

1164 1972 1276 2002 corpus
1297 1963 1406 1993 Christi
1431 1967 1459 1994 et.
1481 1965 1658 2001 sanguinem
1682 1965 1710 1993 in
1733 1964 1818 1994 altari
1839 1972 1918 2001 esse⁷
1937 1965 2026 1994 immo
2050 1964 2120 1994 iute-

1164 2020 1250 2051 grum
1267 2012 1416 2042 Christum
1429 2012 1486 2041 sub
1499 2016 1627 2051 utraque
1642 2012 1754 2051 specie,
1771 2016 1799 2042 et
1814 2012 2012 2042 substantiam
2034 2013 2120 2051 panis

1166 2062 1194 2090 in
1220 2069 1342 2100 corpus,
1366 2061 1490 2100 vinique
1512 2060 1711 2091 substantiam
1729 2061 1757 2090 in
1773 2061 1950 2099 sanguinem
1972 2062 2117 2091 converti.

1987 1782 1999 1795 (ί
2015 1770 2118 1800 invisi·
2132 1771 2243 1793 Eusebius.

517 2257 1013 2312 COMMENTARIUS
1052 2258 1121 2311 IN
1158 2257 1655 2312 DISTINOTIONEM
1693 2258 1750 2311 X.

1065 2375 1147 2407 PARS
1170 2375 1190 2406 Ι.

246 2471 435 2510 Solvuntur
465 2473 669 2523 sophisticae
698 2473 847 2510 rationes
876 2473 1144 2519 haereticorum⁷
1176 2472 1234 2523 qui
1264 2479 1404 2522 negant7
1435 2484 1560 2522 corpus
1589 2472 1714 2510 Christi
1744 2485 1820 2510 esse
1848 2473 1882 2509 in
1911 2472 2019 2509 altari.

616 2578 700 2611 Sum
724 2579 799 2610 item
823 2578 886 2610 alii
905 2578 1170 2620 praecedentium
1195 2578 1363 2610 insaniam
1391 2578 1662 2610 trcmsccndcntes.

976 2689 1115 2722 DIVISIO
1140 2690 1295 2721 TEXTUS.

238 2789 339 2830 Supra
363 2788 499 2821 ostendit
523 2789 686 2830 Magister,
711 2797 827 2830 corpus
852 2788 967 2820 Christi
993 2796 1105 2819 verum

150 2841 243 2873 sumi.
268 2841 299 2873 ln
326 2841 383 2873 hac
407 2845 496 2883 parte
521 2841 673 2875 ostendit.
700 2850 816 2882 corpus
841 2840 954 2872 Christi
993 2842 1114 2872 verum

151 2902 219 2926 esse
249 2893 280 2925 in
318 2894 425 2932 altari,
464 2894 637 2935 procedens
674 2905 691 2925 a
728 2893 941 2925 destructione
976 2893 1105 2924 minoris

1170 2787 1288 2819 erroris
1312 2787 1350 2819 ad
1376 2787 1621 2820 destructionem
1648 2787 1784 2820 maioris.
1812 2788 1844 2819 Et
1866 2788 2020 2820 dividitur
2046 2788 2122 2821 haee

1169 2848 1243 2881 pars
1268 2839 1297 2870 in
1327 2840 1406 2872 duas
1431 2843 1545 2881 partes.
1580 2839 1610 2871 In
1640 2840 1741 2881 prima
1774 2840 1919 2881 Magister
1952 2840 2121 2882 respondet

1169 2892 1346 2934 sophisticis
1379 2892 1552 2924 rationibus
1578 2893 1704 2924 illorum
1737 2893 1788 2934 qni
1815 2893 1980 2931 dicebant,
2005 2902 2121 2935 corpus

226 3062 232 3078 ¹
253 3063 338 3087 Matth.
359 3063 406 3093 26,
429 3063 470 3087 26.
490 3063 575 3088 Locus
600 3063 730 3088 Ambrosii
754 3067 792 3088 est
816 3063 849 3087 dc
874 3063 1011 3094 mysteriis,
1038 3070 1059 3088 e.
1080 3064 1105 3088 9.

153 3113 178 3131 n.
198 3106 245 3138 :¹523
266 3114 320 3139 seq.
336 3107 408 3132 locus
427 3107 489 3132 ibid.
510 3114 534 3132 n.
555 3107 601 3138 53;
623 3108 712 3132 tertius
732 3114 756 3131 n.
777 3106 825 3138 543
846 3108 890 3139 qui
910 3110 961 3132 tres
981 3108 1028 3132 loci
1048 3111 1108 3133 sunt

153 3151 178 3175 in
198 3151 224 3176 C.
244 3151 345 3176 Revera
363 3150 486 3176 mirabile
501 3151 580 3182 (69.),
600 3150 662 3176 ibid.
682 3151 696 3183 g
712 3152 735 3175 2.
750 3151 807 3175 Loci
823 3151 971 3182 scripturae
990 3154 1049 3176 sunt
1064 3151 1107 3182 (de

154 3195 216 3226 Elia)
238 3195 279 3219 IV.
298 3195 362 3226 Reg.
388 3196 407 3226 l,
432 3195 473 3226 143
494 3195 588 3220 deinde
609 3195 646 3220 ΡΞ.
672 3194 733 3226 148,
755 3194 779 3219 5.

225 3238 236 3254 2
256 3238 337 3264 Codd.
364 3239 440 3264 BDE
460 3243 484 3264 et
503 3239 544 3264 cd.
576 3240 581 3263 1
607 3239 727 3264 omittunt
751 3238 778 3264 id
797 3240 834 3264 est
858 3238 957 3271 Filius,
987 3246 1035 3271 pro
1055 3246 1107 3272 quo

156 3282 232 3308 codd.
254 3284 273 3307 A
286 3282 304 3308 C
325 3287 423 3314 ponunt
443 3282 549 3309 Christi.

225 3325 236 3342 ³
255 3326 316 3352 Can.
336 3327 391 3352 Nos
404 3328 494 3352 autem
513 3326 586 3359 (tr),
602 3327 679 3358 ibid.;
694 3328 738 3352 cfr.
753 3327 896 3359 Lanfranc.‚
913 3328 960 3353 loc.
975 3328 1016 3353 cit.
1031 3335 1052 3352 c.
1071 3328 1107 3352 13.

227 3370 237 3386 ⁴
256 3371 324 3396 Lihr.
345 3371 385 3396 lV.
407 3371 438 3396 de
458 3372 572 3396 Sacram.
593 3378 615 3396 c.
630 3371 652 3396 [ι.
674 3379 697 3396 n.
723 3371 765 3403 Ι4;
785 3379 839 3404 seq.
854 3372 926 3397 locus
945 3372 1007 3397 ibid.
1022 3380 1045 3397 n.
1061 3372 1109 3404 r153

1171 3064 1215 3096 qui
1236 3063 1288 3088 duo
1307 3063 1355 3088 loci
1375 3066 1434 3087 sunt
1453 3063 1477 3086 in
1498 3061 1523 3087 C.
1539 3061 1619 3087 Panis
1639 3063 1678 3087 est
1691 3062 1764 3094 (55:¹1.)7
1787 3061 1849 3087 ibid.
1864 3075 1899 3080 --
1913 3063 1959 3087 Pro
1979 3061 2125 3095 inciperent

1171 3114 1226 3133 esse
1245 3107 1316 3138 edd„
1331 3109 1436 3138 excepta
1461 3107 1480 3137 l,
1501 3105 1630 3138 inm'pinnt
1642 3112 1711 3137 csse,
1734 3105 1925 3138 refragantibus
1938 3106 2014 3131 codd.
2035 3111 2060 3132 et
2079 3107 2126 3131 ori-

1171 3151 1258 3183 ginali.

1242 3195 1253 3211 5
1270 3195 1330 3220 Can.
1346 3195 1443 3220 Uli-itm
1456 3193 1505 3219 sub
1523 3193 1612 3227 sipara
1627 3195 1702 3226 (72.)γ
1716 3194 1792 3226 ibid.;
1807 3194 1852 3219 ct‘r.
1867 3195 2019 3219 Paschasius
2034 3194 2126 3225 Raab„

1173 3240 1205 3264 (le
1224 3239 1300 3270 Corp.
1320 3244 1345 3264 et
1362 3245 1435 3270 sang.
1456 3238 1561 3269 Christi,
1583 3245 1603 3262 c.
1626 3237 1648 3263 t..
1670 3245 1694 3263 n.
1720 3239 1738 3262 t.

1242 3283 1253 3299 ‘⁵
1272 3282 1333 3308 Can.
1348 3281 1416 3313 Quia
1437 3288 1535 3314 corpus
1548 3281 1612 3314 (35.)
1633 3281 1695 3307 ibid.
1716 3282 1880 3308 Verbotenus
1902 3283 1978 3307 estin
1999 3282 2081 3308 Serm.
2102 3283 2126 3308 li.

1173 3327 1205 3352 dc
1225 3326 1301 3358 Corp.
1321 3330 1345 3351 et
1364 3333 1436 3358 sang.
1458 3326 1531 3351 Dom.
1549 3333 1572 3351 n.
1588 3326 1611 3351 3.
1626 3325 1706 3358 (inter
1723 3333 1802 3358 opera
1822 3326 1911 3352 lsidori
1925 3330 1948 3351 et
1964 3327 2126 3358 ilieron3'1ni3

1173 3372 1218 3396 etr.
1238 3378 1317 3402 supra
1337 3378 1396 3402 pag.
1423 3371 1480 3402 178,
1503 3373 1559 3395 nota
1580 3371 1625 3403 7.).
