<?xml version="1.0" encoding="UTF-8"?>
<!DOCTYPE html PUBLIC "-//W3C//DTD XHTML 1.0 Transitional//EN"
    "http://www.w3.org/TR/xhtml1/DTD/xhtml1-transitional.dtd">
<html xmlns="http://www.w3.org/1999/xhtml" xml:lang="en" lang="en">
 <head>
  <title>
</title>
<meta http-equiv="Content-Type" content="text/html;charset=utf-8" />
  <meta name='ocr-system' content='tesseract 3.04.00' />
  <meta name='ocr-capabilities' content='ocr_page ocr_carea ocr_par ocr_line ocrx_word'/>
</head>
<body>
  <div class='ocr_page' id='page_1' title='image "./doctorisseraphic04bona_0050.png"; bbox 0 0 2483 3882; ppageno 0'>
   <div class='ocr_carea' id='block_1_1' title="bbox 166 568 319 597">
    <p class='ocr_par' dir='ltr' id='par_1_1' title="bbox 166 568 319 597">
     <span class='ocr_line' id='line_1_1' title="bbox 166 568 319 597; baseline 0.013 -9"><span class='ocrx_word' id='word_1_1' title='bbox 166 568 229 590; x_wconf 80' lang='lat' dir='ltr'>Ratio</span> <span class='ocrx_word' id='word_1_2' title='bbox 235 569 319 597; x_wconf 82' lang='lat' dir='ltr'>triplex.</span> 
     </span>
    </p>
   </div>
   <div class='ocr_carea' id='block_1_2' title="bbox 331 262 371 295">
    <p class='ocr_par' dir='ltr' id='par_1_2' title="bbox 331 262 371 295">
     <span class='ocr_line' id='line_1_2' title="bbox 331 262 371 295; baseline 0.025 -1"><span class='ocrx_word' id='word_1_3' title='bbox 331 262 371 295; x_wconf 84' lang='lat'>30</span> 
     </span>
    </p>
   </div>
   <div class='ocr_carea' id='block_1_3' title="bbox 321 348 1284 1340">
    <p class='ocr_par' dir='ltr' id='par_1_3' title="bbox 327 348 1284 499">
     <span class='ocr_line' id='line_1_3' title="bbox 330 348 1284 391; baseline -0.004 -8"><span class='ocrx_word' id='word_1_4' title='bbox 330 350 415 383; x_wconf 89' lang='lat' dir='ltr'>unde</span> <span class='ocrx_word' id='word_1_5' title='bbox 439 350 498 382; x_wconf 89' lang='lat' dir='ltr'>hoc</span> <span class='ocrx_word' id='word_1_6' title='bbox 522 353 606 388; x_wconf 90' lang='lat' dir='ltr'>erat,</span> <span class='ocrx_word' id='word_1_7' title='bbox 624 349 708 391; x_wconf 88' lang='lat' dir='ltr'>quod</span> <span class='ocrx_word' id='word_1_8' title='bbox 726 348 873 381; x_wconf 78' lang='lat' dir='ltr'>sacerdos</span> <span class='ocrx_word' id='word_1_9' title='bbox 894 351 962 380; x_wconf 85' lang='lat' dir='ltr'>erat</span> <span class='ocrx_word' id='word_1_10' title='bbox 977 348 1196 389; x_wconf 85' lang='lat' dir='ltr'>purificandus</span> <span class='ocrx_word' id='word_1_11' title='bbox 1210 348 1220 365; x_wconf 89' lang='lat'>¹</span> <span class='ocrx_word' id='word_1_12' title='bbox 1239 356 1284 380; x_wconf 89' lang='lat' dir='ltr'>se-</span> 
     </span>
     <span class='ocr_line' id='line_1_4' title="bbox 328 400 1282 444; baseline -0.003 -9"><span class='ocrx_word' id='word_1_13' title='bbox 328 403 470 436; x_wconf 90' lang='lat' dir='ltr'>cundum</span> <span class='ocrx_word' id='word_1_14' title='bbox 494 403 625 444; x_wconf 83' lang='lat' dir='ltr'><strong>Legem,</strong></span> <span class='ocrx_word' id='word_1_15' title='bbox 649 410 722 434; x_wconf 88' lang='lat' dir='ltr'>cum</span> <span class='ocrx_word' id='word_1_16' title='bbox 747 401 831 433; x_wconf 89' lang='lat' dir='ltr'>idem</span> <span class='ocrx_word' id='word_1_17' title='bbox 855 410 917 432; x_wconf 89' lang='lat' dir='ltr'>non</span> <span class='ocrx_word' id='word_1_18' title='bbox 945 400 1058 432; x_wconf 84' lang='lat' dir='ltr'>debeat</span> <span class='ocrx_word' id='word_1_19' title='bbox 1089 408 1158 432; x_wconf 87' lang='lat' dir='ltr'>esse</span> <span class='ocrx_word' id='word_1_20' title='bbox 1187 409 1282 432; x_wconf 86' lang='lat' dir='ltr'>causa</span> 
     </span>
     <span class='ocr_line' id='line_1_5' title="bbox 327 453 882 499; baseline -0.009 -10"><span class='ocrx_word' id='word_1_21' title='bbox 327 455 555 499; x_wconf 86' lang='lat' dir='ltr'>purificationis</span> <span class='ocrx_word' id='word_1_22' title='bbox 578 458 609 487; x_wconf 89' lang='lat' dir='ltr'>et</span> <span class='ocrx_word' id='word_1_23' title='bbox 632 453 882 496; x_wconf 80' lang='lat' dir='ltr'>inquinationis?</span> 
     </span>
    </p>

    <p class='ocr_par' dir='ltr' id='par_1_4' title="bbox 321 504 1282 1340">
     <span class='ocr_line' id='line_1_6' title="bbox 416 504 1282 547; baseline -0.005 -7"><span class='ocrx_word' id='word_1_24' title='bbox 416 509 619 540; x_wconf 74' lang='lat' dir='ltr'>RespoNnEo:</span> <span class='ocrx_word' id='word_1_25' title='bbox 646 506 732 538; x_wconf 82' lang='lat' dir='ltr'>Ratio</span> <span class='ocrx_word' id='word_1_26' title='bbox 757 505 854 538; x_wconf 91' lang='lat' dir='ltr'>huius</span> <span class='ocrx_word' id='word_1_27' title='bbox 878 508 946 538; x_wconf 90' lang='lat' dir='ltr'>erat</span> <span class='ocrx_word' id='word_1_28' title='bbox 970 505 1142 543; x_wconf 80' lang='lat' dir='ltr'>litteralis,</span> <span class='ocrx_word' id='word_1_29' title='bbox 1167 504 1282 547; x_wconf 66' lang='grc'>1111690-</span> 
     </span>
     <span class='ocr_line' id='line_1_7' title="bbox 327 557 1280 600; baseline -0.004 -7"><span class='ocrx_word' id='word_1_30' title='bbox 327 562 401 593; x_wconf 81' lang='lat' dir='ltr'>rica</span> <span class='ocrx_word' id='word_1_31' title='bbox 425 565 456 593; x_wconf 91' lang='lat' dir='ltr'>et</span> <span class='ocrx_word' id='word_1_32' title='bbox 479 559 642 592; x_wconf 82' lang='lat' dir='ltr'>moralis:</span> <span class='ocrx_word' id='word_1_33' title='bbox 669 558 840 596; x_wconf 82' lang='lat' dir='ltr'>litteralis,</span> <span class='ocrx_word' id='word_1_34' title='bbox 865 557 940 600; x_wconf 91' lang='lat' dir='ltr'>quia</span> <span class='ocrx_word' id='word_1_35' title='bbox 963 557 1111 600; x_wconf 86' lang='lat' dir='ltr'>tangebat</span> <span class='ocrx_word' id='word_1_36' title='bbox 1142 557 1280 590; x_wconf 88' lang='lat' dir='ltr'>cinerem</span> 
     </span>
     <span class='ocr_line' id='line_1_8' title="bbox 325 610 1282 652; baseline -0.003 -7"><span class='ocrx_word' id='word_1_37' title='bbox 325 613 470 646; x_wconf 79' lang='lat' dir='ltr'>animalis</span> <span class='ocrx_word' id='word_1_38' title='bbox 495 612 629 651; x_wconf 88' lang='lat' dir='ltr'>mortui,</span> <span class='ocrx_word' id='word_1_39' title='bbox 653 615 684 644; x_wconf 85' lang='lat' dir='ltr'>et</span> <span class='ocrx_word' id='word_1_40' title='bbox 708 619 854 644; x_wconf 90' lang='lat' dir='ltr'>summus</span> <span class='ocrx_word' id='word_1_41' title='bbox 878 611 972 643; x_wconf 88' lang='lat' dir='ltr'>etiam</span> <span class='ocrx_word' id='word_1_42' title='bbox 997 610 1145 643; x_wconf 82' lang='lat' dir='ltr'>sacerdos</span> <span class='ocrx_word' id='word_1_43' title='bbox 1166 610 1197 642; x_wconf 91' lang='lat' dir='ltr'>in</span> <span class='ocrx_word' id='word_1_44' title='bbox 1213 618 1282 652; x_wconf 89' lang='lat' dir='ltr'>pec-</span> 
     </span>
     <span class='ocr_line' id='line_1_9' title="bbox 325 663 1282 708; baseline -0.004 -9"><span class='ocrx_word' id='word_1_45' title='bbox 325 670 393 700; x_wconf 90' lang='lat' dir='ltr'>cato</span> <span class='ocrx_word' id='word_1_46' title='bbox 422 665 530 708; x_wconf 91' lang='lat' dir='ltr'>populi</span> <span class='ocrx_word' id='word_1_47' title='bbox 562 665 838 703; x_wconf 74' lang='lat' dir='ltr'>communicabat,</span> <span class='ocrx_word' id='word_1_48' title='bbox 862 664 933 697; x_wconf 85' lang='lat' dir='ltr'>ideo</span> <span class='ocrx_word' id='word_1_49' title='bbox 957 664 987 696; x_wconf 91' lang='lat' dir='ltr'>in</span> <span class='ocrx_word' id='word_1_50' title='bbox 1011 663 1137 706; x_wconf 78' lang='lat' dir='ltr'>poena²</span> <span class='ocrx_word' id='word_1_51' title='bbox 1162 667 1282 696; x_wconf 88' lang='lat' dir='ltr'>contra-</span> 
     </span>
     <span class='ocr_line' id='line_1_10' title="bbox 325 717 1280 759; baseline -0.004 -7"><span class='ocrx_word' id='word_1_52' title='bbox 325 719 419 752; x_wconf 90' lang='lat' dir='ltr'>hendi</span> <span class='ocrx_word' id='word_1_53' title='bbox 444 718 678 751; x_wconf 81' lang='lat' dir='ltr'>immunditiam</span> <span class='ocrx_word' id='word_1_54' title='bbox 702 717 965 750; x_wconf 81' lang='lat' dir='ltr'>communicabat.</span> <span class='ocrx_word' id='word_1_55' title='bbox 990 717 1179 759; x_wconf 69' lang='lat' dir='ltr'>Alleyorica</span> <span class='ocrx_word' id='word_1_56' title='bbox 1200 717 1280 749; x_wconf 88' lang='lat' dir='ltr'>ratio</span> 
     </span>
     <span class='ocr_line' id='line_1_11' title="bbox 323 770 1280 813; baseline -0.003 -9"><span class='ocrx_word' id='word_1_57' title='bbox 323 775 386 811; x_wconf 88' lang='lat' dir='ltr'>est,</span> <span class='ocrx_word' id='word_1_58' title='bbox 419 772 492 813; x_wconf 90' lang='lat' dir='ltr'>quia</span> <span class='ocrx_word' id='word_1_59' title='bbox 524 771 555 803; x_wconf 89' lang='lat' dir='ltr'>in</span> <span class='ocrx_word' id='word_1_60' title='bbox 587 771 646 803; x_wconf 85' lang='lat' dir='ltr'>boc</span> <span class='ocrx_word' id='word_1_61' title='bbox 678 770 933 812; x_wconf 86' lang='lat' dir='ltr'>significabatur,</span> <span class='ocrx_word' id='word_1_62' title='bbox 964 770 1049 812; x_wconf 89' lang='lat' dir='ltr'>quod</span> <span class='ocrx_word' id='word_1_63' title='bbox 1079 770 1280 802; x_wconf 81' lang='lat' dir='ltr'>immunditia</span> 
     </span>
     <span class='ocr_line' id='line_1_12' title="bbox 324 823 1278 864; baseline -0.002 -7"><span class='ocrx_word' id='word_1_64' title='bbox 324 825 514 857; x_wconf 88' lang='lat' dir='ltr'>ludaeorum</span> <span class='ocrx_word' id='word_1_65' title='bbox 546 833 608 856; x_wconf 88' lang='lat' dir='ltr'>non</span> <span class='ocrx_word' id='word_1_66' title='bbox 637 827 706 856; x_wconf 90' lang='lat' dir='ltr'>erat</span> <span class='ocrx_word' id='word_1_67' title='bbox 736 823 873 856; x_wconf 86' lang='lat' dir='ltr'>totaliter</span> <span class='ocrx_word' id='word_1_68' title='bbox 904 823 1076 856; x_wconf 88' lang='lat' dir='ltr'>auferenda</span> <span class='ocrx_word' id='word_1_69' title='bbox 1104 832 1206 864; x_wconf 88' lang='lat' dir='ltr'>usque</span> <span class='ocrx_word' id='word_1_70' title='bbox 1239 823 1278 854; x_wconf 90' lang='lat' dir='ltr'>ad</span> 
     </span>
     <span class='ocr_line' id='line_1_13' title="bbox 324 875 1281 920; baseline -0.003 -10"><span class='ocrx_word' id='word_1_71' title='bbox 324 877 438 915; x_wconf 89' lang='lat' dir='ltr'>finem,</span> <span class='ocrx_word' id='word_1_72' title='bbox 462 877 589 919; x_wconf 86' lang='lat' dir='ltr'>quando</span> <span class='ocrx_word' id='word_1_73' title='bbox 613 877 774 920; x_wconf 72' lang='lat' dir='ltr'>reliquiae</span> <span class='ocrx_word' id='word_1_74' title='bbox 798 876 906 909; x_wconf 84' lang='lat' dir='ltr'>Israel</span> <span class='ocrx_word' id='word_1_75' title='bbox 927 876 1041 908; x_wconf 81' lang='lat' dir='ltr'>salvae</span> <span class='ocrx_word' id='word_1_76' title='bbox 1055 875 1151 917; x_wconf 78' lang='lat' dir='ltr'>sient,</span> <span class='ocrx_word' id='word_1_77' title='bbox 1168 876 1208 908; x_wconf 86' lang='lat' dir='ltr'>ad</span> <span class='ocrx_word' id='word_1_78' title='bbox 1227 876 1281 907; x_wconf 82' lang='lat' dir='ltr'>Ro-</span> 
     </span>
     <span class='ocr_line' id='line_1_14' title="bbox 323 928 1280 970; baseline -0.003 -8"><span class='ocrx_word' id='word_1_79' title='bbox 323 939 434 963; x_wconf 87' lang='lat' dir='ltr'>manos</span> <span class='ocrx_word' id='word_1_80' title='bbox 458 930 575 962; x_wconf 83' lang='lat' dir='ltr'>nono³.</span> <span class='ocrx_word' id='word_1_81' title='bbox 596 929 735 962; x_wconf 81' lang='lat' dir='ltr'>Moralis</span> <span class='ocrx_word' id='word_1_82' title='bbox 759 938 835 961; x_wconf 90' lang='lat' dir='ltr'>vero</span> <span class='ocrx_word' id='word_1_83' title='bbox 852 929 932 961; x_wconf 86' lang='lat' dir='ltr'>ratio</span> <span class='ocrx_word' id='word_1_84' title='bbox 955 932 1040 967; x_wconf 85' lang='lat' dir='ltr'>erat,</span> <span class='ocrx_word' id='word_1_85' title='bbox 1065 928 1139 970; x_wconf 88' lang='lat' dir='ltr'>quia</span> <span class='ocrx_word' id='word_1_86' title='bbox 1156 928 1209 960; x_wconf 87' lang='lat' dir='ltr'>illa.</span> <span class='ocrx_word' id='word_1_87' title='bbox 1226 928 1280 960; x_wconf 92' lang='lat' dir='ltr'>im-</span> 
     </span>
     <span class='ocr_line' id='line_1_15' title="bbox 323 981 1279 1024; baseline -0.003 -9"><span class='ocrx_word' id='word_1_88' title='bbox 323 983 479 1016; x_wconf 84' lang='lat' dir='ltr'>munditia</span> <span class='ocrx_word' id='word_1_89' title='bbox 502 983 716 1024; x_wconf 86' lang='lat' dir='ltr'>significabat,</span> <span class='ocrx_word' id='word_1_90' title='bbox 737 982 823 1024; x_wconf 90' lang='lat' dir='ltr'>quod</span> <span class='ocrx_word' id='word_1_91' title='bbox 839 982 935 1014; x_wconf 89' lang='lat' dir='ltr'>homo</span> <span class='ocrx_word' id='word_1_92' title='bbox 952 981 1064 1013; x_wconf 88' lang='lat' dir='ltr'>debeat</span> <span class='ocrx_word' id='word_1_93' title='bbox 1080 989 1113 1013; x_wconf 86' lang='lat' dir='ltr'>se</span> <span class='ocrx_word' id='word_1_94' title='bbox 1129 984 1279 1022; x_wconf 87' lang='lat' dir='ltr'>reputare</span> 
     </span>
     <span class='ocr_line' id='line_1_16' title="bbox 324 1033 1280 1076; baseline -0.003 -8"><span class='ocrx_word' id='word_1_95' title='bbox 324 1036 546 1073; x_wconf 88' lang='lat' dir='ltr'>immundum;</span> <span class='ocrx_word' id='word_1_96' title='bbox 571 1039 601 1068; x_wconf 90' lang='lat' dir='ltr'>et</span> <span class='ocrx_word' id='word_1_97' title='bbox 625 1035 789 1073; x_wconf 74' lang='lat' dir='ltr'>sacerdos,</span> <span class='ocrx_word' id='word_1_98' title='bbox 815 1034 867 1076; x_wconf 92' lang='lat' dir='ltr'>qui</span> <span class='ocrx_word' id='word_1_99' title='bbox 894 1043 951 1075; x_wconf 89' lang='lat' dir='ltr'>pro</span> <span class='ocrx_word' id='word_1_100' title='bbox 974 1033 1044 1066; x_wconf 87' lang='lat' dir='ltr'>aliis</span> <span class='ocrx_word' id='word_1_101' title='bbox 1073 1033 1280 1075; x_wconf 87' lang='lat' dir='ltr'>purificandis</span> 
     </span>
     <span class='ocr_line' id='line_1_17' title="bbox 325 1086 1279 1130; baseline -0.002 -10"><span class='ocrx_word' id='word_1_102' title='bbox 325 1092 411 1127; x_wconf 85' lang='lat' dir='ltr'>orat,</span> <span class='ocrx_word' id='word_1_103' title='bbox 435 1089 528 1121; x_wconf 90' lang='lat' dir='ltr'>debet</span> <span class='ocrx_word' id='word_1_104' title='bbox 545 1097 577 1121; x_wconf 89' lang='lat' dir='ltr'>se</span> <span class='ocrx_word' id='word_1_105' title='bbox 596 1092 743 1130; x_wconf 86' lang='lat' dir='ltr'>reputare</span> <span class='ocrx_word' id='word_1_106' title='bbox 760 1087 962 1119; x_wconf 88' lang='lat' dir='ltr'>immundum</span> <span class='ocrx_word' id='word_1_107' title='bbox 974 1113 981 1126; x_wconf 91' lang='lat'>,</span> <span class='ocrx_word' id='word_1_108' title='bbox 1002 1087 1077 1128; x_wconf 89' lang='lat' dir='ltr'>quia</span> <span class='ocrx_word' id='word_1_109' title='bbox 1093 1086 1195 1118; x_wconf 83' lang='lat' dir='ltr'>aliena</span> <span class='ocrx_word' id='word_1_110' title='bbox 1212 1095 1279 1128; x_wconf 87' lang='lat' dir='ltr'>pec-</span> 
     </span>
     <span class='ocr_line' id='line_1_18' title="bbox 323 1139 1279 1182; baseline -0.002 -9"><span class='ocrx_word' id='word_1_111' title='bbox 323 1145 392 1173; x_wconf 81' lang='lat' dir='ltr'>cata</span> <span class='ocrx_word' id='word_1_112' title='bbox 417 1141 509 1173; x_wconf 89' lang='lat' dir='ltr'>debet</span> <span class='ocrx_word' id='word_1_113' title='bbox 533 1145 682 1182; x_wconf 86' lang='lat' dir='ltr'>reputare</span> <span class='ocrx_word' id='word_1_114' title='bbox 707 1140 796 1182; x_wconf 89' lang='lat' dir='ltr'>quasi</span> <span class='ocrx_word' id='word_1_115' title='bbox 821 1149 896 1179; x_wconf 76' lang='lat' dir='ltr'>sua3</span> <span class='ocrx_word' id='word_1_116' title='bbox 913 1139 962 1172; x_wconf 80' lang='lat' dir='ltr'>vel</span> <span class='ocrx_word' id='word_1_117' title='bbox 987 1140 1079 1172; x_wconf 85' lang='lat' dir='ltr'>etiam</span> <span class='ocrx_word' id='word_1_118' title='bbox 1105 1139 1198 1172; x_wconf 88' lang='lat' dir='ltr'>debet</span> <span class='ocrx_word' id='word_1_119' title='bbox 1215 1148 1279 1172; x_wconf 91' lang='lat' dir='ltr'>cre-</span> 
     </span>
     <span class='ocr_line' id='line_1_19' title="bbox 323 1192 1278 1234; baseline -0.001 -9"><span class='ocrx_word' id='word_1_120' title='bbox 323 1194 418 1232; x_wconf 87' lang='lat' dir='ltr'>dere,</span> <span class='ocrx_word' id='word_1_121' title='bbox 436 1202 468 1225; x_wconf 86' lang='lat' dir='ltr'>se</span> <span class='ocrx_word' id='word_1_122' title='bbox 493 1193 522 1224; x_wconf 91' lang='lat' dir='ltr'>in</span> <span class='ocrx_word' id='word_1_123' title='bbox 548 1193 602 1224; x_wconf 90' lang='lat' dir='ltr'>illo</span> <span class='ocrx_word' id='word_1_124' title='bbox 625 1192 727 1225; x_wconf 84' lang='lat' dir='ltr'>officio</span> <span class='ocrx_word' id='word_1_125' title='bbox 752 1192 872 1234; x_wconf 81' lang='lat' dir='ltr'>aliquid</span> <span class='ocrx_word' id='word_1_126' title='bbox 897 1192 1108 1230; x_wconf 81' lang='lat' dir='ltr'>commisisse,</span> <span class='ocrx_word' id='word_1_127' title='bbox 1134 1192 1224 1224; x_wconf 88' lang='lat' dir='ltr'>iuxta</span> <span class='ocrx_word' id='word_1_128' title='bbox 1246 1192 1278 1224; x_wconf 90' lang='lat' dir='ltr'>il-</span> 
     </span>
     <span class='ocr_line' id='line_1_20' title="bbox 322 1244 1277 1287; baseline -0.001 -10"><span class='ocrx_word' id='word_1_129' title='bbox 322 1246 376 1278; x_wconf 87' lang='lat' dir='ltr'>lud</span> <span class='ocrx_word' id='word_1_130' title='bbox 402 1245 541 1287; x_wconf 79' lang='lat' dir='ltr'>Gregorii</span> <span class='ocrx_word' id='word_1_131' title='bbox 557 1246 588 1277; x_wconf 66' lang='lat'>⁴:</span> <span class='ocrx_word' id='word_1_132' title='bbox 620 1257 634 1274; x_wconf 88' lang='lat'>«</span> <span class='ocrx_word' id='word_1_133' title='bbox 650 1246 809 1278; x_wconf 89' lang='lat' dir='ltr'>Bonarum</span> <span class='ocrx_word' id='word_1_134' title='bbox 834 1245 986 1278; x_wconf 79' lang='lat' dir='ltr'>mentium</span> <span class='ocrx_word' id='word_1_135' title='bbox 1013 1248 1060 1277; x_wconf 90' lang='lat' dir='ltr'>est</span> <span class='ocrx_word' id='word_1_136' title='bbox 1084 1244 1125 1277; x_wconf 92' lang='lat' dir='ltr'>ibi</span> <span class='ocrx_word' id='word_1_137' title='bbox 1151 1245 1277 1286; x_wconf 88' lang='lat' dir='ltr'>culpam</span> 
     </span>
     <span class='ocr_line' id='line_1_21' title="bbox 321 1298 909 1340; baseline -0.003 -10"><span class='ocrx_word' id='word_1_138' title='bbox 321 1307 509 1340; x_wconf 77' lang='lat' dir='ltr'>agnoscere,</span> <span class='ocrx_word' id='word_1_139' title='bbox 533 1298 588 1330; x_wconf 87' lang='lat' dir='ltr'>ubi</span> <span class='ocrx_word' id='word_1_140' title='bbox 614 1298 707 1340; x_wconf 88' lang='lat' dir='ltr'>culpa</span> <span class='ocrx_word' id='word_1_141' title='bbox 731 1307 793 1330; x_wconf 91' lang='lat' dir='ltr'>non</span> <span class='ocrx_word' id='word_1_142' title='bbox 816 1302 909 1330; x_wconf 84' lang='lat' dir='ltr'>est».</span> 
     </span>
    </p>
   </div>
   <div class='ocr_carea' id='block_1_4' title="bbox 722 1402 869 1435">
    <p class='ocr_par' dir='ltr' id='par_1_5' title="bbox 722 1402 869 1435">
     <span class='ocr_line' id='line_1_22' title="bbox 722 1402 869 1435; baseline 0 -1"><span class='ocrx_word' id='word_1_143' title='bbox 722 1403 797 1434; x_wconf 72' lang='lat' dir='ltr'>Drss.</span> <span class='ocrx_word' id='word_1_144' title='bbox 824 1402 869 1435; x_wconf 89' lang='lat' dir='ltr'>VI.</span> 
     </span>
    </p>
   </div>
   <div class='ocr_carea' id='block_1_5' title="bbox 320 1507 1281 2388">
    <p class='ocr_par' dir='ltr' id='par_1_6' title="bbox 321 1507 1280 1710">
     <span class='ocr_line' id='line_1_23' title="bbox 410 1507 1280 1550; baseline -0.001 -10"><span class='ocrx_word' id='word_1_145' title='bbox 410 1509 485 1541; x_wconf 87' lang='lat' dir='ltr'>Item</span> <span class='ocrx_word' id='word_1_146' title='bbox 511 1509 676 1550; x_wconf 89' lang='lat' dir='ltr'>quaeritur</span> <span class='ocrx_word' id='word_1_147' title='bbox 694 1509 732 1541; x_wconf 91' lang='lat' dir='ltr'>de</span> <span class='ocrx_word' id='word_1_148' title='bbox 758 1509 816 1540; x_wconf 88' lang='lat' dir='ltr'>boc</span> <span class='ocrx_word' id='word_1_149' title='bbox 841 1508 925 1550; x_wconf 89' lang='lat' dir='ltr'>quod</span> <span class='ocrx_word' id='word_1_150' title='bbox 951 1508 1045 1540; x_wconf 89' lang='lat' dir='ltr'>dicit:</span> <span class='ocrx_word' id='word_1_151' title='bbox 1071 1507 1280 1540; x_wconf 74' lang='lat' dir='ltr'>Mumlabartt</span> 
     </span>
     <span class='ocr_line' id='line_1_24' title="bbox 321 1561 1278 1603; baseline -0.002 -9"><span class='ocrx_word' id='word_1_152' title='bbox 321 1562 420 1594; x_wconf 79' lang='lat' dir='ltr'>ctiam</span> <span class='ocrx_word' id='word_1_153' title='bbox 438 1562 605 1594; x_wconf 73' lang='lat' dir='ltr'>interdum</span> <span class='ocrx_word' id='word_1_154' title='bbox 622 1572 644 1593; x_wconf 88' lang='lat' dir='ltr'>a</span> <span class='ocrx_word' id='word_1_155' title='bbox 661 1561 831 1603; x_wconf 79' lang='lat' dir='ltr'>corporali</span> <span class='ocrx_word' id='word_1_156' title='bbox 847 1561 939 1603; x_wconf 80' lang='lat' dir='ltr'>lepra</span> <span class='ocrx_word' id='word_1_157' title='bbox 956 1561 1014 1593; x_wconf 83' lang='lat' dir='ltr'>illa</span> <span class='ocrx_word' id='word_1_158' title='bbox 1031 1561 1172 1603; x_wconf 70' lang='lat' dir='ltr'>leyalia;</span> <span class='ocrx_word' id='word_1_159' title='bbox 1189 1561 1278 1602; x_wconf 79' lang='lat' dir='ltr'>quia,</span> 
     </span>
     <span class='ocr_line' id='line_1_25' title="bbox 321 1614 1278 1656; baseline -0.003 -8"><span class='ocrx_word' id='word_1_160' title='bbox 321 1616 346 1648; x_wconf 87' lang='lat' dir='ltr'>si</span> <span class='ocrx_word' id='word_1_161' title='bbox 364 1616 423 1648; x_wconf 88' lang='lat' dir='ltr'>boc</span> <span class='ocrx_word' id='word_1_162' title='bbox 440 1624 551 1648; x_wconf 80' lang='lat' dir='ltr'>verum</span> <span class='ocrx_word' id='word_1_163' title='bbox 578 1618 662 1653; x_wconf 81' lang='lat' dir='ltr'>erat,</span> <span class='ocrx_word' id='word_1_164' title='bbox 689 1619 761 1647; x_wconf 85' lang='lat' dir='ltr'>tunc</span> <span class='ocrx_word' id='word_1_165' title='bbox 786 1624 860 1656; x_wconf 82' lang='lat' dir='ltr'>ergo</span> <span class='ocrx_word' id='word_1_166' title='bbox 878 1614 931 1646; x_wconf 89' lang='lat' dir='ltr'>illa</span> <span class='ocrx_word' id='word_1_167' title='bbox 952 1618 1042 1646; x_wconf 88' lang='lat' dir='ltr'>erant</span> <span class='ocrx_word' id='word_1_168' title='bbox 1066 1614 1194 1646; x_wconf 86' lang='lat' dir='ltr'>maioris</span> <span class='ocrx_word' id='word_1_169' title='bbox 1220 1614 1278 1645; x_wconf 91' lang='lat' dir='ltr'>vir-</span> 
     </span>
     <span class='ocr_line' id='line_1_26' title="bbox 321 1668 713 1710; baseline -0.005 -9"><span class='ocrx_word' id='word_1_170' title='bbox 321 1669 414 1707; x_wconf 87' lang='lat' dir='ltr'>tutis,</span> <span class='ocrx_word' id='word_1_171' title='bbox 439 1673 534 1710; x_wconf 88' lang='lat' dir='ltr'>quam</span> <span class='ocrx_word' id='word_1_172' title='bbox 560 1668 622 1700; x_wconf 87' lang='lat' dir='ltr'>sint</span> <span class='ocrx_word' id='word_1_173' title='bbox 645 1668 713 1700; x_wconf 88' lang='lat' dir='ltr'>ista.</span> 
     </span>
    </p>

    <p class='ocr_par' dir='ltr' id='par_1_7' title="bbox 320 1720 1281 2388">
     <span class='ocr_line' id='line_1_27' title="bbox 410 1720 1277 1762; baseline -0.002 -9"><span class='ocrx_word' id='word_1_174' title='bbox 410 1722 608 1753; x_wconf 72' lang='lat' dir='ltr'>REsrounEo:</span> <span class='ocrx_word' id='word_1_175' title='bbox 631 1721 818 1759; x_wconf 83' lang='lat' dir='ltr'>Dicendum,</span> <span class='ocrx_word' id='word_1_176' title='bbox 832 1720 915 1762; x_wconf 88' lang='lat' dir='ltr'>quod</span> <span class='ocrx_word' id='word_1_177' title='bbox 934 1720 1100 1752; x_wconf 73' lang='lat' dir='ltr'>riiumlarc</span> <span class='ocrx_word' id='word_1_178' title='bbox 1117 1720 1277 1758; x_wconf 86' lang='lat' dir='ltr'>dicuntur,</span> 
     </span>
     <span class='ocr_line' id='line_1_28' title="bbox 321 1773 1277 1817; baseline -0.003 -10"><span class='ocrx_word' id='word_1_179' title='bbox 321 1775 395 1817; x_wconf 83' lang='lat' dir='ltr'>quia</span> <span class='ocrx_word' id='word_1_180' title='bbox 424 1775 613 1807; x_wconf 88' lang='lat' dir='ltr'>mundatum</span> <span class='ocrx_word' id='word_1_181' title='bbox 644 1774 860 1807; x_wconf 77' lang='lat' dir='ltr'>ostendebant.</span> <span class='ocrx_word' id='word_1_182' title='bbox 882 1793 927 1797; x_wconf 79' lang='lat'>—</span> <span class='ocrx_word' id='word_1_183' title='bbox 948 1774 983 1805; x_wconf 87' lang='lat' dir='ltr'>Et</span> <span class='ocrx_word' id='word_1_184' title='bbox 1006 1773 1038 1805; x_wconf 83' lang='lat' dir='ltr'>si</span> <span class='ocrx_word' id='word_1_185' title='bbox 1061 1777 1096 1805; x_wconf 82' lang='lat' dir='ltr'>tu</span> <span class='ocrx_word' id='word_1_186' title='bbox 1119 1782 1277 1816; x_wconf 75' lang='lat' dir='ltr'>quaeras,</span> 
     </span>
     <span class='ocr_line' id='line_1_29' title="bbox 321 1825 1279 1869; baseline -0.002 -10"><span class='ocrx_word' id='word_1_187' title='bbox 321 1836 402 1869; x_wconf 85' lang='lat' dir='ltr'>quae</span> <span class='ocrx_word' id='word_1_188' title='bbox 426 1827 546 1859; x_wconf 89' lang='lat' dir='ltr'>utilitas</span> <span class='ocrx_word' id='word_1_189' title='bbox 571 1826 631 1865; x_wconf 71' lang='lat' dir='ltr'>sit,</span> <span class='ocrx_word' id='word_1_190' title='bbox 655 1826 852 1867; x_wconf 76' lang='lat' dir='ltr'>respondeo.-</span> <span class='ocrx_word' id='word_1_191' title='bbox 885 1825 1072 1864; x_wconf 87' lang='lat' dir='ltr'>dicendum,</span> <span class='ocrx_word' id='word_1_192' title='bbox 1106 1825 1191 1867; x_wconf 89' lang='lat' dir='ltr'>quod</span> <span class='ocrx_word' id='word_1_193' title='bbox 1217 1833 1279 1856; x_wconf 89' lang='lat' dir='ltr'>ma-</span> 
     </span>
     <span class='ocr_line' id='line_1_30' title="bbox 321 1878 1279 1921; baseline -0.003 -9"><span class='ocrx_word' id='word_1_194' title='bbox 321 1889 401 1921; x_wconf 74' lang='lat' dir='ltr'>gna,</span> <span class='ocrx_word' id='word_1_195' title='bbox 426 1879 501 1921; x_wconf 87' lang='lat' dir='ltr'>quia</span> <span class='ocrx_word' id='word_1_196' title='bbox 526 1879 641 1920; x_wconf 78' lang='lat' dir='ltr'>leprosi</span> <span class='ocrx_word' id='word_1_197' title='bbox 673 1878 878 1911; x_wconf 88' lang='lat' dir='ltr'>eiiciebantur</span> <span class='ocrx_word' id='word_1_198' title='bbox 902 1881 995 1910; x_wconf 82' lang='lat' dir='ltr'>extra</span> <span class='ocrx_word' id='word_1_199' title='bbox 1019 1881 1122 1910; x_wconf 89' lang='lat' dir='ltr'>castra</span> <span class='ocrx_word' id='word_1_200' title='bbox 1154 1880 1185 1909; x_wconf 88' lang='lat' dir='ltr'>et</span> <span class='ocrx_word' id='word_1_201' title='bbox 1216 1886 1279 1915; x_wconf 88' lang='lat' dir='ltr'>non</span> 
     </span>
     <span class='ocr_line' id='line_1_31' title="bbox 320 1930 1280 1975; baseline -0.004 -10"><span class='ocrx_word' id='word_1_202' title='bbox 320 1935 465 1975; x_wconf 82' lang='lat' dir='ltr'>poterant</span> <span class='ocrx_word' id='word_1_203' title='bbox 489 1931 612 1970; x_wconf 88' lang='lat' dir='ltr'>redire,</span> <span class='ocrx_word' id='word_1_204' title='bbox 629 1931 686 1963; x_wconf 89' lang='lat' dir='ltr'>nisi</span> <span class='ocrx_word' id='word_1_205' title='bbox 700 1932 711 1948; x_wconf 85' lang='lat'><strong>⁵</strong></span> <span class='ocrx_word' id='word_1_206' title='bbox 731 1931 979 1972; x_wconf 86' lang='lat' dir='ltr'>purificarentur</span> <span class='ocrx_word' id='word_1_207' title='bbox 996 1933 1026 1962; x_wconf 87' lang='lat' dir='ltr'>et</span> <span class='ocrx_word' id='word_1_208' title='bbox 1043 1930 1158 1962; x_wconf 89' lang='lat' dir='ltr'>iudicio</span> <span class='ocrx_word' id='word_1_209' title='bbox 1180 1938 1280 1962; x_wconf 89' lang='lat' dir='ltr'>sacer-</span> 
     </span>
     <span class='ocr_line' id='line_1_32' title="bbox 321 1982 1280 2023; baseline -0.003 -7"><span class='ocrx_word' id='word_1_210' title='bbox 321 1984 402 2016; x_wconf 86' lang='lat' dir='ltr'>dotis</span> <span class='ocrx_word' id='word_1_211' title='bbox 427 1987 531 2016; x_wconf 87' lang='lat' dir='ltr'>essent</span> <span class='ocrx_word' id='word_1_212' title='bbox 556 1984 676 2015; x_wconf 91' lang='lat' dir='ltr'>mundi.</span> <span class='ocrx_word' id='word_1_213' title='bbox 693 2003 737 2006; x_wconf 97' lang='lat'><strong>—</strong></span> <span class='ocrx_word' id='word_1_214' title='bbox 753 1983 813 2015; x_wconf 88' lang='lat' dir='ltr'>Sed</span> <span class='ocrx_word' id='word_1_215' title='bbox 830 1987 905 2016; x_wconf 89' lang='lat' dir='ltr'>tunc</span> <span class='ocrx_word' id='word_1_216' title='bbox 922 1983 1075 2015; x_wconf 84' lang='lat' dir='ltr'>obiicies:</span> <span class='ocrx_word' id='word_1_217' title='bbox 1094 1991 1166 2015; x_wconf 89' lang='lat' dir='ltr'>cum</span> <span class='ocrx_word' id='word_1_218' title='bbox 1192 1982 1280 2023; x_wconf 83' lang='lat' dir='ltr'>lepra</span> 
     </span>
     <span class='ocr_line' id='line_1_33' title="bbox 321 2036 1281 2078; baseline -0.003 -8"><span class='ocrx_word' id='word_1_219' title='bbox 321 2039 361 2071; x_wconf 86' lang='lat' dir='ltr'>sit</span> <span class='ocrx_word' id='word_1_220' title='bbox 386 2038 516 2070; x_wconf 84' lang='lat' dir='ltr'>morbus</span> <span class='ocrx_word' id='word_1_221' title='bbox 548 2037 749 2075; x_wconf 81' lang='lat' dir='ltr'>incurabilis,</span> <span class='ocrx_word' id='word_1_222' title='bbox 780 2037 924 2076; x_wconf 84' lang='lat' dir='ltr'>videtur,</span> <span class='ocrx_word' id='word_1_223' title='bbox 949 2037 1034 2078; x_wconf 88' lang='lat' dir='ltr'>quod</span> <span class='ocrx_word' id='word_1_224' title='bbox 1059 2036 1167 2068; x_wconf 90' lang='lat' dir='ltr'>nullus</span> <span class='ocrx_word' id='word_1_225' title='bbox 1192 2045 1281 2067; x_wconf 89' lang='lat' dir='ltr'>mun-</span> 
     </span>
     <span class='ocr_line' id='line_1_34' title="bbox 321 2088 1280 2132; baseline -0.003 -9"><span class='ocrx_word' id='word_1_226' title='bbox 321 2091 462 2123; x_wconf 84' lang='lat' dir='ltr'>daretur.</span> <span class='ocrx_word' id='word_1_227' title='bbox 486 2090 551 2123; x_wconf 91' lang='lat' dir='ltr'>Dici</span> <span class='ocrx_word' id='word_1_228' title='bbox 568 2093 687 2131; x_wconf 83' lang='lat' dir='ltr'>potest,</span> <span class='ocrx_word' id='word_1_229' title='bbox 705 2090 790 2132; x_wconf 91' lang='lat' dir='ltr'>quod</span> <span class='ocrx_word' id='word_1_230' title='bbox 807 2090 905 2131; x_wconf 87' lang='lat' dir='ltr'>aliqui</span> <span class='ocrx_word' id='word_1_231' title='bbox 929 2089 1096 2121; x_wconf 73' lang='lat' dir='ltr'>radicitus</span> <span class='ocrx_word' id='word_1_232' title='bbox 1121 2088 1280 2121; x_wconf 84' lang='lat' dir='ltr'>habebant</span> 
     </span>
     <span class='ocr_line' id='line_1_35' title="bbox 321 2142 1280 2184; baseline -0.003 -8"><span class='ocrx_word' id='word_1_233' title='bbox 321 2153 449 2176; x_wconf 81' lang='lat' dir='ltr'>causam</span> <span class='ocrx_word' id='word_1_234' title='bbox 474 2143 594 2182; x_wconf 80' lang='lat' dir='ltr'>morbi,</span> <span class='ocrx_word' id='word_1_235' title='bbox 619 2146 650 2175; x_wconf 87' lang='lat' dir='ltr'>et</span> <span class='ocrx_word' id='word_1_236' title='bbox 673 2143 723 2175; x_wconf 87' lang='lat' dir='ltr'>isti</span> <span class='ocrx_word' id='word_1_237' title='bbox 753 2152 916 2184; x_wconf 90' lang='lat' dir='ltr'>nunquam</span> <span class='ocrx_word' id='word_1_238' title='bbox 941 2142 1197 2180; x_wconf 85' lang='lat' dir='ltr'>mundabantur,</span> <span class='ocrx_word' id='word_1_239' title='bbox 1222 2150 1280 2173; x_wconf 90' lang='lat' dir='ltr'>nec</span> 
     </span>
     <span class='ocr_line' id='line_1_36' title="bbox 322 2195 1281 2229; baseline -0.003 0"><span class='ocrx_word' id='word_1_240' title='bbox 322 2197 497 2229; x_wconf 86' lang='lat' dir='ltr'>secundum</span> <span class='ocrx_word' id='word_1_241' title='bbox 523 2197 688 2229; x_wconf 88' lang='lat' dir='ltr'>veritatem</span> <span class='ocrx_word' id='word_1_242' title='bbox 713 2205 769 2228; x_wconf 82' lang='lat' dir='ltr'>nec</span> <span class='ocrx_word' id='word_1_243' title='bbox 794 2196 969 2228; x_wconf 85' lang='lat' dir='ltr'>secundum</span> <span class='ocrx_word' id='word_1_244' title='bbox 995 2195 1148 2228; x_wconf 87' lang='lat' dir='ltr'>iudicium</span> <span class='ocrx_word' id='word_1_245' title='bbox 1181 2203 1281 2227; x_wconf 87' lang='lat' dir='ltr'>sacer-</span> 
     </span>
     <span class='ocr_line' id='line_1_37' title="bbox 322 2247 1279 2292; baseline -0.004 -10"><span class='ocrx_word' id='word_1_246' title='bbox 322 2250 412 2283; x_wconf 87' lang='lat' dir='ltr'>dotis.</span> <span class='ocrx_word' id='word_1_247' title='bbox 438 2250 539 2292; x_wconf 71' lang='lat' dir='ltr'>Aliqui</span> <span class='ocrx_word' id='word_1_248' title='bbox 565 2259 641 2282; x_wconf 88' lang='lat' dir='ltr'>vero</span> <span class='ocrx_word' id='word_1_249' title='bbox 666 2249 824 2281; x_wconf 81' lang='lat' dir='ltr'>habebant</span> <span class='ocrx_word' id='word_1_250' title='bbox 847 2249 992 2291; x_wconf 64' lang='grc'>81911115,</span> <span class='ocrx_word' id='word_1_251' title='bbox 1017 2251 1047 2280; x_wconf 88' lang='lat' dir='ltr'>et</span> <span class='ocrx_word' id='word_1_252' title='bbox 1063 2248 1113 2280; x_wconf 89' lang='lat' dir='ltr'>isti</span> <span class='ocrx_word' id='word_1_253' title='bbox 1131 2247 1279 2279; x_wconf 82' lang='lat' dir='ltr'>inundari</span> 
     </span>
     <span class='ocr_line' id='line_1_38' title="bbox 320 2300 1280 2345; baseline -0.002 -11"><span class='ocrx_word' id='word_1_254' title='bbox 320 2307 482 2345; x_wconf 76' lang='lat' dir='ltr'>poterant,</span> <span class='ocrx_word' id='word_1_255' title='bbox 515 2303 546 2335; x_wconf 91' lang='lat' dir='ltr'>id</span> <span class='ocrx_word' id='word_1_256' title='bbox 579 2307 624 2335; x_wconf 86' lang='lat' dir='ltr'>est</span> <span class='ocrx_word' id='word_1_257' title='bbox 657 2302 800 2334; x_wconf 83' lang='lat' dir='ltr'>mundati</span> <span class='ocrx_word' id='word_1_258' title='bbox 834 2302 974 2341; x_wconf 89' lang='lat' dir='ltr'>ostendi,</span> <span class='ocrx_word' id='word_1_259' title='bbox 1007 2310 1080 2334; x_wconf 84' lang='lat' dir='ltr'>cum</span> <span class='ocrx_word' id='word_1_260' title='bbox 1105 2300 1159 2332; x_wconf 88' lang='lat' dir='ltr'>illa</span> <span class='ocrx_word' id='word_1_261' title='bbox 1191 2301 1280 2341; x_wconf 83' lang='lat' dir='ltr'>signa</span> 
     </span>
     <span class='ocr_line' id='line_1_39' title="bbox 321 2356 582 2388; baseline 0 -1"><span class='ocrx_word' id='word_1_262' title='bbox 321 2356 383 2388; x_wconf 88' lang='lat' dir='ltr'>iam</span> <span class='ocrx_word' id='word_1_263' title='bbox 409 2356 582 2388; x_wconf 87' lang='lat' dir='ltr'>cessabant.</span> 
     </span>
    </p>
   </div>
   <div class='ocr_carea' id='block_1_6' title="bbox 723 2461 885 2493">
    <p class='ocr_par' dir='ltr' id='par_1_8' title="bbox 723 2461 885 2493">
     <span class='ocr_line' id='line_1_40' title="bbox 723 2461 885 2493; baseline 0 -1"><span class='ocrx_word' id='word_1_264' title='bbox 723 2461 798 2493; x_wconf 82' lang='lat' dir='ltr'>DUB.</span> <span class='ocrx_word' id='word_1_265' title='bbox 825 2461 885 2493; x_wconf 89' lang='lat' dir='ltr'>VII.</span> 
     </span>
    </p>
   </div>
   <div class='ocr_carea' id='block_1_7' title="bbox 324 2565 1280 2652">
    <p class='ocr_par' dir='ltr' id='par_1_9' title="bbox 324 2565 1280 2652">
     <span class='ocr_line' id='line_1_41' title="bbox 411 2565 1280 2609; baseline -0.005 -9"><span class='ocrx_word' id='word_1_266' title='bbox 411 2568 485 2600; x_wconf 85' lang='lat' dir='ltr'>Item</span> <span class='ocrx_word' id='word_1_267' title='bbox 511 2566 676 2609; x_wconf 88' lang='lat' dir='ltr'>quaeritur</span> <span class='ocrx_word' id='word_1_268' title='bbox 702 2567 741 2599; x_wconf 88' lang='lat' dir='ltr'>de</span> <span class='ocrx_word' id='word_1_269' title='bbox 765 2566 825 2598; x_wconf 82' lang='lat' dir='ltr'>hoc</span> <span class='ocrx_word' id='word_1_270' title='bbox 849 2566 933 2608; x_wconf 90' lang='lat' dir='ltr'>quod</span> <span class='ocrx_word' id='word_1_271' title='bbox 961 2566 1051 2598; x_wconf 86' lang='lat' dir='ltr'>dicit:</span> <span class='ocrx_word' id='word_1_272' title='bbox 1086 2565 1225 2607; x_wconf 74' lang='lat' dir='ltr'>Triplici</span> <span class='ocrx_word' id='word_1_273' title='bbox 1240 2574 1280 2596; x_wconf 72' lang='lat' dir='ltr'>cx</span> 
     </span>
     <span class='ocr_line' id='line_1_42' title="bbox 324 2618 1278 2652; baseline -0.003 0"><span class='ocrx_word' id='word_1_274' title='bbox 324 2630 429 2652; x_wconf 79' lang='lat' dir='ltr'>causa</span> <span class='ocrx_word' id='word_1_275' title='bbox 465 2620 618 2651; x_wconf 75' lang='lat' dir='ltr'>instituta</span> <span class='ocrx_word' id='word_1_276' title='bbox 652 2623 730 2651; x_wconf 76' lang='lat' dir='ltr'>suut</span> <span class='ocrx_word' id='word_1_277' title='bbox 765 2619 995 2651; x_wconf 78' lang='lat' dir='ltr'>Sacramenta.</span> <span class='ocrx_word' id='word_1_278' title='bbox 1028 2619 1160 2651; x_wconf 87' lang='lat' dir='ltr'>Videtur</span> <span class='ocrx_word' id='word_1_279' title='bbox 1197 2618 1278 2650; x_wconf 88' lang='lat' dir='ltr'>enim</span> 
     </span>
    </p>
   </div>
   <div class='ocr_carea' id='block_1_8' title="bbox 1093 260 1540 294">
    <p class='ocr_par' dir='ltr' id='par_1_10' title="bbox 1093 260 1540 294">
     <span class='ocr_line' id='line_1_43' title="bbox 1093 260 1540 294; baseline 0 -2"><span class='ocrx_word' id='word_1_280' title='bbox 1093 260 1321 292; x_wconf 83' lang='lat' dir='ltr'>SENTENTIAR</span> <span class='ocrx_word' id='word_1_281' title='bbox 1327 260 1377 293; x_wconf 92' lang='lat' dir='ltr'>UM</span> <span class='ocrx_word' id='word_1_282' title='bbox 1400 261 1467 292; x_wconf 88' lang='lat' dir='ltr'>LIB.</span> <span class='ocrx_word' id='word_1_283' title='bbox 1493 261 1540 294; x_wconf 89' lang='lat' dir='ltr'>IV.</span> 
     </span>
    </p>
   </div>
   <div class='ocr_carea' id='block_1_9' title="bbox 1344 348 2444 1022">
    <p class='ocr_par' dir='ltr' id='par_1_11' title="bbox 1347 348 2298 391">
     <span class='ocr_line' id='line_1_44' title="bbox 1347 348 2298 391; baseline 0.001 -11"><span class='ocrx_word' id='word_1_284' title='bbox 1347 348 1429 380; x_wconf 90' lang='lat' dir='ltr'>male</span> <span class='ocrx_word' id='word_1_285' title='bbox 1453 348 1574 380; x_wconf 87' lang='lat' dir='ltr'>dicere:</span> <span class='ocrx_word' id='word_1_286' title='bbox 1599 348 1674 389; x_wconf 91' lang='lat' dir='ltr'>quia</span> <span class='ocrx_word' id='word_1_287' title='bbox 1698 348 1793 380; x_wconf 91' lang='lat' dir='ltr'>unius</span> <span class='ocrx_word' id='word_1_288' title='bbox 1824 348 1869 380; x_wconf 92' lang='lat' dir='ltr'>rei</span> <span class='ocrx_word' id='word_1_289' title='bbox 1904 348 2018 381; x_wconf 88' lang='lat' dir='ltr'>unicus</span> <span class='ocrx_word' id='word_1_290' title='bbox 2040 352 2087 381; x_wconf 88' lang='lat' dir='ltr'>est</span> <span class='ocrx_word' id='word_1_291' title='bbox 2110 349 2198 381; x_wconf 82' lang='lat' dir='ltr'>finis:</span> <span class='ocrx_word' id='word_1_292' title='bbox 2223 358 2298 391; x_wconf 84' lang='lat' dir='ltr'>ergo</span> 
     </span>
    </p>

    <p class='ocr_par' dir='ltr' id='par_1_12' title="bbox 1346 400 2297 495">
     <span class='ocr_line' id='line_1_45' title="bbox 1346 400 2175 443; baseline 0.001 -11"><span class='ocrx_word' id='word_1_293' title='bbox 1346 401 1490 439; x_wconf 89' lang='lat' dir='ltr'>videtur,</span> <span class='ocrx_word' id='word_1_294' title='bbox 1514 400 1600 442; x_wconf 87' lang='lat' dir='ltr'>quod</span> <span class='ocrx_word' id='word_1_295' title='bbox 1623 409 1687 432; x_wconf 86' lang='lat' dir='ltr'>una</span> <span class='ocrx_word' id='word_1_296' title='bbox 1711 400 1777 432; x_wconf 82' lang='lat' dir='ltr'>sola</span> <span class='ocrx_word' id='word_1_297' title='bbox 1800 400 1840 433; x_wconf 92' lang='lat' dir='ltr'>sit</span> <span class='ocrx_word' id='word_1_298' title='bbox 1864 409 1960 433; x_wconf 89' lang='lat' dir='ltr'>causa</span> <span class='ocrx_word' id='word_1_299' title='bbox 1983 401 2175 443; x_wconf 85' lang='lat' dir='ltr'>principalis.</span> 
     </span>
     <span class='ocr_line' id='line_1_46' title="bbox 1435 452 2297 495; baseline 0.003 -12"><span class='ocrx_word' id='word_1_300' title='bbox 1435 453 1635 484; x_wconf 72' lang='lat' dir='ltr'>Rusrounno:</span> <span class='ocrx_word' id='word_1_301' title='bbox 1671 452 1862 492; x_wconf 81' lang='lat' dir='ltr'>Dicendum,</span> <span class='ocrx_word' id='word_1_302' title='bbox 1898 453 1983 495; x_wconf 90' lang='lat' dir='ltr'>quod</span> <span class='ocrx_word' id='word_1_303' title='bbox 2022 462 2085 486; x_wconf 89' lang='lat' dir='ltr'>una</span> <span class='ocrx_word' id='word_1_304' title='bbox 2120 457 2167 486; x_wconf 89' lang='lat' dir='ltr'>est</span> <span class='ocrx_word' id='word_1_305' title='bbox 2201 463 2297 486; x_wconf 88' lang='lat' dir='ltr'>causa</span> 
     </span>
    </p>

    <p class='ocr_par' dir='ltr' id='par_1_13' title="bbox 1345 505 2297 548">
     <span class='ocr_line' id='line_1_47' title="bbox 1345 505 2297 548; baseline 0.002 -12"><span class='ocrx_word' id='word_1_306' title='bbox 1345 505 1545 546; x_wconf 84' lang='lat' dir='ltr'>principalis,</span> <span class='ocrx_word' id='word_1_307' title='bbox 1569 505 1687 538; x_wconf 85' lang='lat' dir='ltr'>scilicet</span> <span class='ocrx_word' id='word_1_308' title='bbox 1721 505 1844 538; x_wconf 89' lang='lat' dir='ltr'>animae</span> <span class='ocrx_word' id='word_1_309' title='bbox 1879 509 2009 539; x_wconf 89' lang='lat' dir='ltr'>ornatus</span> <span class='ocrx_word' id='word_1_310' title='bbox 2033 506 2098 539; x_wconf 91' lang='lat' dir='ltr'>sive</span> <span class='ocrx_word' id='word_1_311' title='bbox 2122 507 2297 548; x_wconf 89' lang='lat' dir='ltr'>reparati0;</span> 
     </span>
    </p>

    <p class='ocr_par' dir='ltr' id='par_1_14' title="bbox 1346 557 2298 601">
     <span class='ocr_line' id='line_1_48' title="bbox 1346 557 2298 601; baseline 0.003 -12"><span class='ocrx_word' id='word_1_312' title='bbox 1346 557 1401 589; x_wconf 91' lang='lat' dir='ltr'>sed</span> <span class='ocrx_word' id='word_1_313' title='bbox 1425 557 1499 599; x_wconf 87' lang='lat' dir='ltr'>quia</span> <span class='ocrx_word' id='word_1_314' title='bbox 1522 557 1627 590; x_wconf 91' lang='lat' dir='ltr'>anima</span> <span class='ocrx_word' id='word_1_315' title='bbox 1650 559 1759 600; x_wconf 88' lang='lat' dir='ltr'>plures</span> <span class='ocrx_word' id='word_1_316' title='bbox 1776 558 1871 591; x_wconf 86' lang='lat' dir='ltr'>habet</span> <span class='ocrx_word' id='word_1_317' title='bbox 1887 559 2055 600; x_wconf 86' lang='lat' dir='ltr'>potentias,</span> <span class='ocrx_word' id='word_1_318' title='bbox 2072 563 2203 601; x_wconf 88' lang='lat' dir='ltr'>possunt</span> <span class='ocrx_word' id='word_1_319' title='bbox 2220 559 2298 592; x_wconf 88' lang='lat' dir='ltr'>fines</span> 
     </span>
    </p>

    <p class='ocr_par' dir='ltr' id='par_1_15' title="bbox 1346 610 2297 654">
     <span class='ocr_line' id='line_1_49' title="bbox 1346 610 2297 654; baseline 0.002 -12"><span class='ocrx_word' id='word_1_320' title='bbox 1346 610 1519 652; x_wconf 87' lang='lat' dir='ltr'>plurificari</span> <span class='ocrx_word' id='word_1_321' title='bbox 1557 620 1652 652; x_wconf 88' lang='lat' dir='ltr'>penes</span> <span class='ocrx_word' id='word_1_322' title='bbox 1686 611 1770 650; x_wconf 90' lang='lat' dir='ltr'>illas,</span> <span class='ocrx_word' id='word_1_323' title='bbox 1806 620 1870 643; x_wconf 89' lang='lat' dir='ltr'>uno</span> <span class='ocrx_word' id='word_1_324' title='bbox 1904 615 2010 644; x_wconf 90' lang='lat' dir='ltr'>tamen</span> <span class='ocrx_word' id='word_1_325' title='bbox 2041 612 2206 654; x_wconf 86' lang='lat' dir='ltr'>principali</span> <span class='ocrx_word' id='word_1_326' title='bbox 2236 612 2297 644; x_wconf 88' lang='lat' dir='ltr'>fine</span> 
     </span>
    </p>

    <p class='ocr_par' dir='ltr' id='par_1_16' title="bbox 1345 663 2444 706">
     <span class='ocr_line' id='line_1_50' title="bbox 1345 663 2444 706; baseline -0.001 -10"><span class='ocrx_word' id='word_1_327' title='bbox 1345 663 1509 696; x_wconf 81' lang='lat' dir='ltr'>existente.</span> <span class='ocrx_word' id='word_1_328' title='bbox 1535 664 1586 696; x_wconf 88' lang='lat' dir='ltr'>Est</span> <span class='ocrx_word' id='word_1_329' title='bbox 1609 664 1692 696; x_wconf 88' lang='lat' dir='ltr'>enim</span> <span class='ocrx_word' id='word_1_330' title='bbox 1717 664 1747 696; x_wconf 91' lang='lat' dir='ltr'>in</span> <span class='ocrx_word' id='word_1_331' title='bbox 1772 663 1862 696; x_wconf 89' lang='lat' dir='ltr'>nobis</span> <span class='ocrx_word' id='word_1_332' title='bbox 1886 664 1933 695; x_wconf 87' lang='lat' dir='ltr'>vis</span> <span class='ocrx_word' id='word_1_333' title='bbox 1949 664 2090 706; x_wconf 74' lang='lat' dir='ltr'>reyitiva</span> <span class='ocrx_word' id='word_1_334' title='bbox 2105 664 2132 702; x_wconf 89' lang='lat'>⁷,</span> <span class='ocrx_word' id='word_1_335' title='bbox 2149 667 2179 696; x_wconf 91' lang='lat' dir='ltr'>et</span> <span class='ocrx_word' id='word_1_336' title='bbox 2203 673 2298 706; x_wconf 89' lang='lat' dir='ltr'>quan·</span> <span class='ocrx_word' id='word_1_337' title='bbox 2312 670 2444 693; x_wconf 76' lang='lat' dir='ltr'>Notandum.</span> 
     </span>
    </p>

    <p class='ocr_par' dir='ltr' id='par_1_17' title="bbox 1345 716 2298 755">
     <span class='ocr_line' id='line_1_51' title="bbox 1345 716 2298 755; baseline 0.001 -7"><span class='ocrx_word' id='word_1_338' title='bbox 1345 720 1412 748; x_wconf 90' lang='lat' dir='ltr'>tum</span> <span class='ocrx_word' id='word_1_339' title='bbox 1437 717 1477 748; x_wconf 90' lang='lat' dir='ltr'>ad</span> <span class='ocrx_word' id='word_1_340' title='bbox 1501 717 1581 749; x_wconf 88' lang='lat' dir='ltr'>hanc</span> <span class='ocrx_word' id='word_1_341' title='bbox 1606 721 1653 749; x_wconf 87' lang='lat' dir='ltr'>est</span> <span class='ocrx_word' id='word_1_342' title='bbox 1684 716 1827 748; x_wconf 79' lang='lat' dir='ltr'>eruditio</span> <span class='ocrx_word' id='word_1_343' title='bbox 1836 728 1847 755; x_wconf 95' lang='lat'><em>;</em></span> <span class='ocrx_word' id='word_1_344' title='bbox 1883 719 1930 749; x_wconf 86' lang='lat' dir='ltr'>est</span> <span class='ocrx_word' id='word_1_345' title='bbox 1965 717 2012 749; x_wconf 90' lang='lat' dir='ltr'>vis</span> <span class='ocrx_word' id='word_1_346' title='bbox 2036 717 2237 755; x_wconf 73' lang='lat' dir='ltr'>irascibilis,</span> <span class='ocrx_word' id='word_1_347' title='bbox 2266 720 2298 749; x_wconf 87' lang='lat' dir='ltr'>et</span> 
     </span>
    </p>

    <p class='ocr_par' dir='ltr' id='par_1_18' title="bbox 1345 769 2299 812">
     <span class='ocr_line' id='line_1_52' title="bbox 1345 769 2299 812; baseline 0.001 -11"><span class='ocrx_word' id='word_1_348' title='bbox 1345 773 1497 811; x_wconf 85' lang='lat' dir='ltr'>quantum</span> <span class='ocrx_word' id='word_1_349' title='bbox 1523 770 1563 802; x_wconf 90' lang='lat' dir='ltr'>ad</span> <span class='ocrx_word' id='word_1_350' title='bbox 1587 770 1669 802; x_wconf 88' lang='lat' dir='ltr'>hanc</span> <span class='ocrx_word' id='word_1_351' title='bbox 1692 773 1739 802; x_wconf 89' lang='lat' dir='ltr'>est</span> <span class='ocrx_word' id='word_1_352' title='bbox 1763 769 1972 808; x_wconf 72' lang='lat' dir='ltr'>humiliatio,-</span> <span class='ocrx_word' id='word_1_353' title='bbox 1996 774 2043 802; x_wconf 86' lang='lat' dir='ltr'>est</span> <span class='ocrx_word' id='word_1_354' title='bbox 2067 770 2299 812; x_wconf 72' lang='lat' dir='ltr'>concupiscibi-</span> 
     </span>
    </p>

    <p class='ocr_par' dir='ltr' id='par_1_19' title="bbox 1345 821 2299 863">
     <span class='ocr_line' id='line_1_53' title="bbox 1345 821 2299 863; baseline 0.002 -10"><span class='ocrx_word' id='word_1_355' title='bbox 1345 821 1396 858; x_wconf 82' lang='lat' dir='ltr'>lis,</span> <span class='ocrx_word' id='word_1_356' title='bbox 1413 826 1444 854; x_wconf 93' lang='lat' dir='ltr'>et</span> <span class='ocrx_word' id='word_1_357' title='bbox 1467 826 1621 863; x_wconf 90' lang='lat' dir='ltr'>quantum</span> <span class='ocrx_word' id='word_1_358' title='bbox 1645 823 1685 854; x_wconf 92' lang='lat' dir='ltr'>ad</span> <span class='ocrx_word' id='word_1_359' title='bbox 1710 823 1809 861; x_wconf 87' lang='lat' dir='ltr'>hanc,</span> <span class='ocrx_word' id='word_1_360' title='bbox 1830 831 1869 855; x_wconf 92' lang='lat' dir='ltr'>ne</span> <span class='ocrx_word' id='word_1_361' title='bbox 1892 822 2048 862; x_wconf 85' lang='lat' dir='ltr'>fastidiat,</span> <span class='ocrx_word' id='word_1_362' title='bbox 2073 826 2119 855; x_wconf 87' lang='lat' dir='ltr'>est</span> <span class='ocrx_word' id='word_1_363' title='bbox 2143 823 2299 855; x_wconf 72' lang='lat' dir='ltr'>exercita-</span> 
     </span>
    </p>

    <p class='ocr_par' dir='ltr' id='par_1_20' title="bbox 1345 874 2385 918">
     <span class='ocr_line' id='line_1_54' title="bbox 1345 874 2385 918; baseline 0.002 -13"><span class='ocrx_word' id='word_1_364' title='bbox 1345 874 1397 906; x_wconf 97' lang='lat' dir='ltr'>tio.</span> <span class='ocrx_word' id='word_1_365' title='bbox 1415 893 1459 897; x_wconf 92' lang='lat'>—-</span> <span class='ocrx_word' id='word_1_366' title='bbox 1475 875 1528 906; x_wconf 89' lang='lat' dir='ltr'>Vel</span> <span class='ocrx_word' id='word_1_367' title='bbox 1554 874 1662 907; x_wconf 87' lang='lat' dir='ltr'>aliter:</span> <span class='ocrx_word' id='word_1_368' title='bbox 1680 875 1822 907; x_wconf 79' lang='lat' dir='ltr'>eruditio</span> <span class='ocrx_word' id='word_1_369' title='bbox 1846 878 1999 917; x_wconf 87' lang='lat' dir='ltr'>quantum</span> <span class='ocrx_word' id='word_1_370' title='bbox 2021 875 2061 908; x_wconf 92' lang='lat' dir='ltr'>ad</span> <span class='ocrx_word' id='word_1_371' title='bbox 2083 875 2294 918; x_wconf 73' lang='lat' dir='ltr'>coyizitivam,</span> <span class='ocrx_word' id='word_1_372' title='bbox 2309 886 2385 908; x_wconf 66' lang='lat' dir='ltr'>Aliter.</span> 
     </span>
    </p>

    <p class='ocr_par' dir='ltr' id='par_1_21' title="bbox 1344 925 2298 970">
     <span class='ocr_line' id='line_1_55' title="bbox 1344 925 2298 970; baseline 0.002 -12"><span class='ocrx_word' id='word_1_373' title='bbox 1344 925 1532 959; x_wconf 73' lang='lat' dir='ltr'>humiliatio</span> <span class='ocrx_word' id='word_1_374' title='bbox 1557 931 1710 969; x_wconf 86' lang='lat' dir='ltr'>quantum</span> <span class='ocrx_word' id='word_1_375' title='bbox 1735 928 1775 960; x_wconf 91' lang='lat' dir='ltr'>ad</span> <span class='ocrx_word' id='word_1_376' title='bbox 1800 927 2001 970; x_wconf 79' lang='lat' dir='ltr'>affectivam,</span> <span class='ocrx_word' id='word_1_377' title='bbox 2027 928 2081 960; x_wconf 88' lang='lat' dir='ltr'>sed</span> <span class='ocrx_word' id='word_1_378' title='bbox 2106 928 2298 961; x_wconf 73' lang='lat' dir='ltr'>eoecrcitatio</span> 
     </span>
    </p>

    <p class='ocr_par' dir='ltr' id='par_1_22' title="bbox 1344 980 1830 1022">
     <span class='ocr_line' id='line_1_56' title="bbox 1344 980 1830 1022; baseline 0 -10"><span class='ocrx_word' id='word_1_379' title='bbox 1344 984 1499 1021; x_wconf 90' lang='lat' dir='ltr'>quantum</span> <span class='ocrx_word' id='word_1_380' title='bbox 1523 980 1563 1012; x_wconf 89' lang='lat' dir='ltr'>ad</span> <span class='ocrx_word' id='word_1_381' title='bbox 1588 980 1795 1022; x_wconf 79' lang='lat' dir='ltr'>operativam</span> <span class='ocrx_word' id='word_1_382' title='bbox 1810 981 1830 1012; x_wconf 79' lang='lat'>⁸.</span> 
     </span>
    </p>
   </div>
   <div class='ocr_carea' id='block_1_10' title="bbox 1732 1085 1906 1118">
    <p class='ocr_par' dir='ltr' id='par_1_23' title="bbox 1732 1085 1906 1118">
     <span class='ocr_line' id='line_1_57' title="bbox 1732 1085 1906 1118; baseline -0.006 -1"><span class='ocrx_word' id='word_1_383' title='bbox 1732 1086 1808 1117; x_wconf 65' lang='lat' dir='ltr'>DFB.</span> <span class='ocrx_word' id='word_1_384' title='bbox 1833 1085 1906 1118; x_wconf 82' lang='lat' dir='ltr'>VIII.</span> 
     </span>
    </p>
   </div>
   <div class='ocr_carea' id='block_1_11' title="bbox 1342 1191 2425 2236">
    <p class='ocr_par' dir='ltr' id='par_1_24' title="bbox 1342 1191 2300 1486">
     <span class='ocr_line' id='line_1_58' title="bbox 1433 1191 2298 1232; baseline 0 -10"><span class='ocrx_word' id='word_1_385' title='bbox 1433 1191 1506 1223; x_wconf 89' lang='lat' dir='ltr'>[tem</span> <span class='ocrx_word' id='word_1_386' title='bbox 1532 1191 1697 1232; x_wconf 88' lang='lat' dir='ltr'>quaeritur</span> <span class='ocrx_word' id='word_1_387' title='bbox 1730 1191 1769 1223; x_wconf 91' lang='lat' dir='ltr'>de</span> <span class='ocrx_word' id='word_1_388' title='bbox 1797 1191 1857 1223; x_wconf 88' lang='lat' dir='ltr'>hoc</span> <span class='ocrx_word' id='word_1_389' title='bbox 1881 1191 1965 1232; x_wconf 90' lang='lat' dir='ltr'>quod</span> <span class='ocrx_word' id='word_1_390' title='bbox 1991 1191 2083 1230; x_wconf 91' lang='lat' dir='ltr'>dicit,</span> <span class='ocrx_word' id='word_1_391' title='bbox 2108 1191 2193 1232; x_wconf 90' lang='lat' dir='ltr'>quod</span> <span class='ocrx_word' id='word_1_392' title='bbox 2218 1191 2298 1223; x_wconf 75' lang='lat' dir='ltr'>dum</span> 
     </span>
     <span class='ocr_line' id='line_1_59' title="bbox 1344 1242 2299 1286; baseline 0.001 -12"><span class='ocrx_word' id='word_1_393' title='bbox 1344 1242 1437 1275; x_wconf 74' lang='lat' dir='ltr'>homo</span> <span class='ocrx_word' id='word_1_394' title='bbox 1461 1243 1560 1275; x_wconf 76' lang='lat' dir='ltr'>rebus</span> <span class='ocrx_word' id='word_1_395' title='bbox 1582 1243 1802 1281; x_wconf 76' lang='lat' dir='ltr'>sensibilibus,</span> <span class='ocrx_word' id='word_1_396' title='bbox 1820 1253 1904 1286; x_wconf 86' lang='lat' dir='ltr'>quac</span> <span class='ocrx_word' id='word_1_397' title='bbox 1919 1248 2047 1275; x_wconf 75' lang='lat' dir='ltr'>natura</span> <span class='ocrx_word' id='word_1_398' title='bbox 2069 1243 2164 1286; x_wconf 76' lang='lat' dir='ltr'>infra</span> <span class='ocrx_word' id='word_1_399' title='bbox 2188 1244 2299 1285; x_wconf 78' lang='lat' dir='ltr'>ipsum</span> 
     </span>
     <span class='ocr_line' id='line_1_60' title="bbox 1342 1295 2300 1338; baseline 0.001 -11"><span class='ocrx_word' id='word_1_400' title='bbox 1342 1300 1431 1333; x_wconf 72' lang='lat' dir='ltr'>suut,</span> <span class='ocrx_word' id='word_1_401' title='bbox 1453 1295 1642 1327; x_wconf 82' lang='lat' dir='ltr'>subiicitur.</span> <span class='ocrx_word' id='word_1_402' title='bbox 1667 1296 1799 1329; x_wconf 86' lang='lat' dir='ltr'>Videtur</span> <span class='ocrx_word' id='word_1_403' title='bbox 1828 1296 1910 1328; x_wconf 90' lang='lat' dir='ltr'>enim</span> <span class='ocrx_word' id='word_1_404' title='bbox 1944 1297 1974 1328; x_wconf 91' lang='lat' dir='ltr'>in</span> <span class='ocrx_word' id='word_1_405' title='bbox 2006 1296 2065 1329; x_wconf 87' lang='lat' dir='ltr'>boc</span> <span class='ocrx_word' id='word_1_406' title='bbox 2089 1297 2228 1338; x_wconf 89' lang='lat' dir='ltr'>perverti</span> <span class='ocrx_word' id='word_1_407' title='bbox 2252 1306 2300 1328; x_wconf 93' lang='lat' dir='ltr'>or-</span> 
     </span>
     <span class='ocr_line' id='line_1_61' title="bbox 1343 1349 2295 1391; baseline 0.001 -10"><span class='ocrx_word' id='word_1_408' title='bbox 1343 1349 1403 1381; x_wconf 89' lang='lat' dir='ltr'>do:</span> <span class='ocrx_word' id='word_1_409' title='bbox 1436 1349 1511 1391; x_wconf 91' lang='lat' dir='ltr'>quia</span> <span class='ocrx_word' id='word_1_410' title='bbox 1541 1349 1645 1381; x_wconf 91' lang='lat' dir='ltr'>anima</span> <span class='ocrx_word' id='word_1_411' title='bbox 1681 1352 1727 1381; x_wconf 91' lang='lat' dir='ltr'>est</span> <span class='ocrx_word' id='word_1_412' title='bbox 1759 1358 1857 1391; x_wconf 90' lang='lat' dir='ltr'>supra</span> <span class='ocrx_word' id='word_1_413' title='bbox 1892 1349 2074 1382; x_wconf 87' lang='lat' dir='ltr'>huiusmodi</span> <span class='ocrx_word' id='word_1_414' title='bbox 2113 1353 2295 1382; x_wconf 86' lang='lat' dir='ltr'>creaturas:</span> 
     </span>
     <span class='ocr_line' id='line_1_62' title="bbox 1342 1401 2298 1443; baseline 0.001 -10"><span class='ocrx_word' id='word_1_415' title='bbox 1342 1410 1417 1443; x_wconf 85' lang='lat' dir='ltr'>ergo</span> <span class='ocrx_word' id='word_1_416' title='bbox 1442 1402 1467 1434; x_wconf 89' lang='lat' dir='ltr'>si</span> <span class='ocrx_word' id='word_1_417' title='bbox 1492 1401 1536 1434; x_wconf 87' lang='lat' dir='ltr'>eis</span> <span class='ocrx_word' id='word_1_418' title='bbox 1561 1411 1594 1434; x_wconf 91' lang='lat' dir='ltr'>se</span> <span class='ocrx_word' id='word_1_419' title='bbox 1618 1401 1762 1440; x_wconf 89' lang='lat' dir='ltr'>subiicit,</span> <span class='ocrx_word' id='word_1_420' title='bbox 1787 1403 1981 1443; x_wconf 83' lang='lat' dir='ltr'>pervertitur</span> <span class='ocrx_word' id='word_1_421' title='bbox 2006 1402 2037 1434; x_wconf 90' lang='lat' dir='ltr'>in</span> <span class='ocrx_word' id='word_1_422' title='bbox 2062 1402 2121 1435; x_wconf 87' lang='lat' dir='ltr'>hoc</span> <span class='ocrx_word' id='word_1_423' title='bbox 2146 1402 2223 1434; x_wconf 92' lang='lat' dir='ltr'>ordo</span> <span class='ocrx_word' id='word_1_424' title='bbox 2247 1412 2298 1434; x_wconf 91' lang='lat' dir='ltr'>na-</span> 
     </span>
     <span class='ocr_line' id='line_1_63' title="bbox 1343 1454 1465 1486; baseline -0.008 0"><span class='ocrx_word' id='word_1_425' title='bbox 1343 1454 1465 1486; x_wconf 87' lang='lat' dir='ltr'>turalis.</span> 
     </span>
    </p>

    <p class='ocr_par' dir='ltr' id='par_1_25' title="bbox 1342 1507 2425 2236">
     <span class='ocr_line' id='line_1_64' title="bbox 1432 1507 2298 1549; baseline 0.001 -10"><span class='ocrx_word' id='word_1_426' title='bbox 1432 1508 1630 1540; x_wconf 68' lang='lat' dir='ltr'>Resrouosso:</span> <span class='ocrx_word' id='word_1_427' title='bbox 1657 1508 1849 1546; x_wconf 85' lang='lat' dir='ltr'>Dicendum,</span> <span class='ocrx_word' id='word_1_428' title='bbox 1880 1508 1965 1549; x_wconf 89' lang='lat' dir='ltr'>quod</span> <span class='ocrx_word' id='word_1_429' title='bbox 2000 1507 2157 1540; x_wconf 87' lang='lat' dir='ltr'>subiicere</span> <span class='ocrx_word' id='word_1_430' title='bbox 2182 1517 2215 1540; x_wconf 89' lang='lat' dir='ltr'>se</span> <span class='ocrx_word' id='word_1_431' title='bbox 2249 1508 2298 1540; x_wconf 86' lang='lat' dir='ltr'>his</span> 
     </span>
     <span class='ocr_line' id='line_1_65' title="bbox 1343 1561 2425 1602; baseline 0.001 -10"><span class='ocrx_word' id='word_1_432' title='bbox 1343 1561 1439 1593; x_wconf 87' lang='lat' dir='ltr'>rebus</span> <span class='ocrx_word' id='word_1_433' title='bbox 1463 1565 1565 1602; x_wconf 86' lang='lat' dir='ltr'>potest</span> <span class='ocrx_word' id='word_1_434' title='bbox 1597 1561 1691 1593; x_wconf 89' lang='lat' dir='ltr'>homo</span> <span class='ocrx_word' id='word_1_435' title='bbox 1726 1564 1862 1602; x_wconf 87' lang='lat' dir='ltr'>quatuor</span> <span class='ocrx_word' id='word_1_436' title='bbox 1898 1561 2219 1594; x_wconf 88' lang='lat' dir='ltr'>considerationibus:</span> <span class='ocrx_word' id='word_1_437' title='bbox 2244 1565 2425 1594; x_wconf 71' lang='lat' dir='ltr'>autMotivat.</span> 
     </span>
     <span class='ocr_line' id='line_1_66' title="bbox 1343 1613 2300 1655; baseline 0 -10"><span class='ocrx_word' id='word_1_438' title='bbox 1343 1617 1473 1655; x_wconf 86' lang='lat' dir='ltr'>propter</span> <span class='ocrx_word' id='word_1_439' title='bbox 1494 1614 1622 1654; x_wconf 83' lang='lat' dir='ltr'>peccati</span> <span class='ocrx_word' id='word_1_440' title='bbox 1644 1613 1821 1652; x_wconf 77' lang='lat' dir='ltr'>meritum,</span> <span class='ocrx_word' id='word_1_441' title='bbox 1855 1617 1910 1645; x_wconf 89' lang='lat' dir='ltr'>aut</span> <span class='ocrx_word' id='word_1_442' title='bbox 1934 1617 2064 1655; x_wconf 88' lang='lat' dir='ltr'>propter</span> <span class='ocrx_word' id='word_1_443' title='bbox 2091 1613 2150 1645; x_wconf 89' lang='lat' dir='ltr'>Dei</span> <span class='ocrx_word' id='word_1_444' title='bbox 2168 1623 2300 1655; x_wconf 78' lang='lat' dir='ltr'>praecc-</span> 
     </span>
     <span class='ocr_line' id='line_1_67' title="bbox 1342 1666 2298 1708; baseline 0.001 -11"><span class='ocrx_word' id='word_1_445' title='bbox 1342 1670 1454 1707; x_wconf 75' lang='lat' dir='ltr'>ptum,</span> <span class='ocrx_word' id='word_1_446' title='bbox 1479 1669 1534 1697; x_wconf 90' lang='lat' dir='ltr'>aut</span> <span class='ocrx_word' id='word_1_447' title='bbox 1558 1666 1633 1707; x_wconf 88' lang='lat' dir='ltr'>quia</span> <span class='ocrx_word' id='word_1_448' title='bbox 1657 1670 1730 1698; x_wconf 92' lang='lat' dir='ltr'>sunt</span> <span class='ocrx_word' id='word_1_449' title='bbox 1752 1666 1886 1708; x_wconf 68' lang='lat' dir='ltr'>qratiac</span> <span class='ocrx_word' id='word_1_450' title='bbox 1911 1667 2064 1708; x_wconf 60' lang='lat' dir='ltr'>siguum,</span> <span class='ocrx_word' id='word_1_451' title='bbox 2090 1670 2144 1698; x_wconf 89' lang='lat' dir='ltr'>aut</span> <span class='ocrx_word' id='word_1_452' title='bbox 2169 1666 2243 1708; x_wconf 91' lang='lat' dir='ltr'>quia</span> <span class='ocrx_word' id='word_1_453' title='bbox 2268 1667 2298 1698; x_wconf 88' lang='lat' dir='ltr'>in</span> 
     </span>
     <span class='ocr_line' id='line_1_68' title="bbox 1343 1718 2297 1751; baseline 0 0"><span class='ocrx_word' id='word_1_454' title='bbox 1343 1719 1388 1751; x_wconf 89' lang='lat' dir='ltr'>eis</span> <span class='ocrx_word' id='word_1_455' title='bbox 1426 1718 1545 1750; x_wconf 80' lang='lat' dir='ltr'>statuit</span> <span class='ocrx_word' id='word_1_456' title='bbox 1578 1728 1747 1750; x_wconf 62' lang='lat' dir='ltr'>saturnum</span> <span class='ocrx_word' id='word_1_457' title='bbox 1784 1718 1904 1750; x_wconf 78' lang='lat' dir='ltr'>bonum</span> <span class='ocrx_word' id='word_1_458' title='bbox 1943 1723 1973 1751; x_wconf 88' lang='lat' dir='ltr'>et</span> <span class='ocrx_word' id='word_1_459' title='bbox 2008 1719 2102 1751; x_wconf 88' lang='lat' dir='ltr'>finem</span> <span class='ocrx_word' id='word_1_460' title='bbox 2139 1719 2297 1751; x_wconf 89' lang='lat' dir='ltr'>ultimum.</span> 
     </span>
     <span class='ocr_line' id='line_1_69' title="bbox 1343 1771 2299 1811; baseline 0.002 -9"><span class='ocrx_word' id='word_1_461' title='bbox 1343 1771 1455 1803; x_wconf 85' lang='lat' dir='ltr'>Primis</span> <span class='ocrx_word' id='word_1_462' title='bbox 1490 1771 1593 1803; x_wconf 89' lang='lat' dir='ltr'>tribus</span> <span class='ocrx_word' id='word_1_463' title='bbox 1629 1772 1667 1803; x_wconf 91' lang='lat' dir='ltr'>de</span> <span class='ocrx_word' id='word_1_464' title='bbox 1703 1772 1806 1804; x_wconf 87' lang='lat' dir='ltr'>causis</span> <span class='ocrx_word' id='word_1_465' title='bbox 1841 1775 1888 1804; x_wconf 87' lang='lat' dir='ltr'>est</span> <span class='ocrx_word' id='word_1_466' title='bbox 1920 1772 2133 1811; x_wconf 89' lang='lat' dir='ltr'>meritorium,</span> <span class='ocrx_word' id='word_1_467' title='bbox 2158 1776 2189 1804; x_wconf 90' lang='lat' dir='ltr'>et</span> <span class='ocrx_word' id='word_1_468' title='bbox 2213 1772 2299 1804; x_wconf 90' lang='lat' dir='ltr'>nulla</span> 
     </span>
     <span class='ocr_line' id='line_1_70' title="bbox 1345 1824 2299 1865; baseline 0.001 -10"><span class='ocrx_word' id='word_1_469' title='bbox 1345 1824 1544 1856; x_wconf 90' lang='lat' dir='ltr'>inordinatio.</span> <span class='ocrx_word' id='word_1_470' title='bbox 1570 1824 1699 1865; x_wconf 85' lang='lat' dir='ltr'>Propter</span> <span class='ocrx_word' id='word_1_471' title='bbox 1720 1824 1850 1865; x_wconf 78' lang='lat' dir='ltr'>peccati</span> <span class='ocrx_word' id='word_1_472' title='bbox 1877 1825 1960 1856; x_wconf 86' lang='lat' dir='ltr'>enim</span> <span class='ocrx_word' id='word_1_473' title='bbox 1995 1824 2152 1856; x_wconf 78' lang='lat' dir='ltr'>meritum</span> <span class='ocrx_word' id='word_1_474' title='bbox 2177 1828 2223 1857; x_wconf 88' lang='lat' dir='ltr'>est</span> <span class='ocrx_word' id='word_1_475' title='bbox 2247 1825 2299 1856; x_wconf 91' lang='lat' dir='ltr'>ali-</span> 
     </span>
     <span class='ocr_line' id='line_1_71' title="bbox 1344 1875 2299 1918; baseline 0.002 -11"><span class='ocrx_word' id='word_1_476' title='bbox 1344 1876 1414 1917; x_wconf 89' lang='lat' dir='ltr'>quis</span> <span class='ocrx_word' id='word_1_477' title='bbox 1439 1876 1520 1907; x_wconf 77' lang='lat' dir='ltr'>infra</span> <span class='ocrx_word' id='word_1_478' title='bbox 1544 1875 1614 1915; x_wconf 90' lang='lat' dir='ltr'>illa,</span> <span class='ocrx_word' id='word_1_479' title='bbox 1632 1880 1663 1908; x_wconf 90' lang='lat' dir='ltr'>et</span> <span class='ocrx_word' id='word_1_480' title='bbox 1683 1876 1725 1908; x_wconf 91' lang='lat' dir='ltr'>ita</span> <span class='ocrx_word' id='word_1_481' title='bbox 1750 1877 1817 1908; x_wconf 90' lang='lat' dir='ltr'>eius</span> <span class='ocrx_word' id='word_1_482' title='bbox 1842 1876 1994 1908; x_wconf 87' lang='lat' dir='ltr'>subiectio</span> <span class='ocrx_word' id='word_1_483' title='bbox 2019 1880 2163 1918; x_wconf 88' lang='lat' dir='ltr'>respectu</span> <span class='ocrx_word' id='word_1_484' title='bbox 2188 1877 2299 1909; x_wconf 91' lang='lat' dir='ltr'>talium</span> 
     </span>
     <span class='ocr_line' id='line_1_72' title="bbox 1344 1929 2300 1971; baseline 0.002 -11"><span class='ocrx_word' id='word_1_485' title='bbox 1344 1933 1391 1961; x_wconf 90' lang='lat' dir='ltr'>est</span> <span class='ocrx_word' id='word_1_486' title='bbox 1414 1929 1567 1961; x_wconf 84' lang='lat' dir='ltr'>ordinata.</span> <span class='ocrx_word' id='word_1_487' title='bbox 1592 1929 1678 1967; x_wconf 87' lang='lat' dir='ltr'>Item,</span> <span class='ocrx_word' id='word_1_488' title='bbox 1704 1929 1756 1971; x_wconf 89' lang='lat' dir='ltr'>qui</span> <span class='ocrx_word' id='word_1_489' title='bbox 1781 1933 1910 1971; x_wconf 88' lang='lat' dir='ltr'>propter</span> <span class='ocrx_word' id='word_1_490' title='bbox 1936 1935 2145 1971; x_wconf 78' lang='lat' dir='ltr'>praeceptum</span> <span class='ocrx_word' id='word_1_491' title='bbox 2172 1939 2205 1962; x_wconf 90' lang='lat' dir='ltr'>se</span> <span class='ocrx_word' id='word_1_492' title='bbox 2229 1930 2300 1962; x_wconf 89' lang='lat' dir='ltr'>sub-</span> 
     </span>
     <span class='ocr_line' id='line_1_73' title="bbox 1345 1982 2300 2025; baseline 0.002 -11"><span class='ocrx_word' id='word_1_493' title='bbox 1345 1983 1408 2015; x_wconf 91' lang='lat' dir='ltr'>iicit</span> <span class='ocrx_word' id='word_1_494' title='bbox 1431 1982 1574 2015; x_wconf 89' lang='lat' dir='ltr'>ordinate</span> <span class='ocrx_word' id='word_1_495' title='bbox 1606 1983 1695 2021; x_wconf 81' lang='lat' dir='ltr'>facit,</span> <span class='ocrx_word' id='word_1_496' title='bbox 1720 1983 1794 2024; x_wconf 90' lang='lat' dir='ltr'>quia</span> <span class='ocrx_word' id='word_1_497' title='bbox 1825 1992 1858 2015; x_wconf 89' lang='lat' dir='ltr'>se</span> <span class='ocrx_word' id='word_1_498' title='bbox 1891 1983 2016 2015; x_wconf 85' lang='lat' dir='ltr'>subiicit</span> <span class='ocrx_word' id='word_1_499' title='bbox 2045 1984 2144 2025; x_wconf 82' lang='lat' dir='ltr'>magis</span> <span class='ocrx_word' id='word_1_500' title='bbox 2176 1992 2300 2025; x_wconf 85' lang='lat' dir='ltr'>praece-</span> 
     </span>
     <span class='ocr_line' id='line_1_74' title="bbox 1345 2036 2301 2078; baseline 0.001 -11"><span class='ocrx_word' id='word_1_501' title='bbox 1345 2039 1397 2077; x_wconf 87' lang='lat' dir='ltr'>pto</span> <span class='ocrx_word' id='word_1_502' title='bbox 1429 2045 1524 2077; x_wconf 86' lang='lat' dir='ltr'>quam</span> <span class='ocrx_word' id='word_1_503' title='bbox 1558 2036 1602 2067; x_wconf 85' lang='lat' dir='ltr'>rei</span> <span class='ocrx_word' id='word_1_504' title='bbox 1634 2036 1773 2068; x_wconf 87' lang='lat' dir='ltr'>sensibili</span> <span class='ocrx_word' id='word_1_505' title='bbox 1789 2036 1809 2067; x_wconf 71' lang='lat'>⁹.</span> <span class='ocrx_word' id='word_1_506' title='bbox 1837 2036 1871 2068; x_wconf 88' lang='lat' dir='ltr'>Et</span> <span class='ocrx_word' id='word_1_507' title='bbox 1894 2037 1948 2078; x_wconf 90' lang='lat' dir='ltr'>qui</span> <span class='ocrx_word' id='word_1_508' title='bbox 1974 2039 2103 2078; x_wconf 90' lang='lat' dir='ltr'>propter</span> <span class='ocrx_word' id='word_1_509' title='bbox 2135 2036 2301 2078; x_wconf 71' lang='lat' dir='ltr'>siyiiifica-</span> 
     </span>
     <span class='ocr_line' id='line_1_75' title="bbox 1345 2089 2299 2130; baseline 0.001 -10"><span class='ocrx_word' id='word_1_510' title='bbox 1345 2089 1482 2127; x_wconf 76' lang='lat' dir='ltr'>tionem,</span> <span class='ocrx_word' id='word_1_511' title='bbox 1508 2089 1608 2130; x_wconf 82' lang='lat' dir='ltr'>magis</span> <span class='ocrx_word' id='word_1_512' title='bbox 1632 2089 1753 2130; x_wconf 78' lang='lat' dir='ltr'>signato</span> <span class='ocrx_word' id='word_1_513' title='bbox 1789 2089 1914 2121; x_wconf 89' lang='lat' dir='ltr'>subiicit</span> <span class='ocrx_word' id='word_1_514' title='bbox 1938 2097 1971 2121; x_wconf 91' lang='lat' dir='ltr'>se</span> <span class='ocrx_word' id='word_1_515' title='bbox 1996 2098 2090 2130; x_wconf 89' lang='lat' dir='ltr'>quam</span> <span class='ocrx_word' id='word_1_516' title='bbox 2116 2089 2214 2130; x_wconf 83' lang='lat' dir='ltr'>signo.</span> <span class='ocrx_word' id='word_1_517' title='bbox 2239 2089 2299 2121; x_wconf 85' lang='lat' dir='ltr'>Sed</span> 
     </span>
     <span class='ocr_line' id='line_1_76' title="bbox 1345 2141 2301 2183; baseline 0 -10"><span class='ocrx_word' id='word_1_518' title='bbox 1345 2141 1376 2173; x_wconf 88' lang='lat' dir='ltr'>in</span> <span class='ocrx_word' id='word_1_519' title='bbox 1412 2145 1526 2183; x_wconf 87' lang='lat' dir='ltr'>quarta</span> <span class='ocrx_word' id='word_1_520' title='bbox 1561 2141 1810 2174; x_wconf 85' lang='lat' dir='ltr'>consideratione</span> <span class='ocrx_word' id='word_1_521' title='bbox 1841 2141 1919 2173; x_wconf 91' lang='lat' dir='ltr'>ordo</span> <span class='ocrx_word' id='word_1_522' title='bbox 1955 2141 2158 2183; x_wconf 81' lang='lat' dir='ltr'>pervertitur,</span> <span class='ocrx_word' id='word_1_523' title='bbox 2189 2146 2219 2174; x_wconf 88' lang='lat' dir='ltr'>et</span> <span class='ocrx_word' id='word_1_524' title='bbox 2254 2145 2301 2173; x_wconf 88' lang='lat' dir='ltr'>est</span> 
     </span>
     <span class='ocr_line' id='line_1_77' title="bbox 1344 2195 2174 2236; baseline -0.001 -9"><span class='ocrx_word' id='word_1_525' title='bbox 1344 2198 1526 2236; x_wconf 86' lang='lat' dir='ltr'>peccatum;</span> <span class='ocrx_word' id='word_1_526' title='bbox 1552 2198 1582 2227; x_wconf 90' lang='lat' dir='ltr'>et</span> <span class='ocrx_word' id='word_1_527' title='bbox 1605 2195 1649 2227; x_wconf 91' lang='lat' dir='ltr'>sic</span> <span class='ocrx_word' id='word_1_528' title='bbox 1673 2204 1732 2227; x_wconf 88' lang='lat' dir='ltr'>non</span> <span class='ocrx_word' id='word_1_529' title='bbox 1759 2198 1879 2236; x_wconf 89' lang='lat' dir='ltr'>spectat</span> <span class='ocrx_word' id='word_1_530' title='bbox 1903 2195 1942 2227; x_wconf 92' lang='lat' dir='ltr'>ad</span> <span class='ocrx_word' id='word_1_531' title='bbox 1967 2195 2174 2236; x_wconf 89' lang='lat' dir='ltr'>propositum.</span> 
     </span>
    </p>
   </div>
   <div class='ocr_carea' id='block_1_12' title="bbox 1748 2301 1896 2332">
    <p class='ocr_par' dir='ltr' id='par_1_26' title="bbox 1748 2301 1896 2332">
     <span class='ocr_line' id='line_1_78' title="bbox 1748 2301 1896 2332; baseline 0 0"><span class='ocrx_word' id='word_1_532' title='bbox 1748 2301 1823 2332; x_wconf 77' lang='lat' dir='ltr'>DUB.</span> <span class='ocrx_word' id='word_1_533' title='bbox 1850 2301 1896 2332; x_wconf 78' lang='lat' dir='ltr'>tx.</span> 
     </span>
    </p>
   </div>
   <div class='ocr_carea' id='block_1_13' title="bbox 1344 2405 2302 2659">
    <p class='ocr_par' dir='ltr' id='par_1_27' title="bbox 1344 2405 2302 2659">
     <span class='ocr_line' id='line_1_79' title="bbox 1435 2405 2302 2449; baseline -0.002 -10"><span class='ocrx_word' id='word_1_534' title='bbox 1435 2407 1508 2439; x_wconf 86' lang='lat' dir='ltr'>Item</span> <span class='ocrx_word' id='word_1_535' title='bbox 1534 2407 1700 2449; x_wconf 79' lang='lat' dir='ltr'>quaeritur</span> <span class='ocrx_word' id='word_1_536' title='bbox 1724 2407 1762 2439; x_wconf 87' lang='lat' dir='ltr'>de</span> <span class='ocrx_word' id='word_1_537' title='bbox 1787 2407 1846 2439; x_wconf 87' lang='lat' dir='ltr'>hoc</span> <span class='ocrx_word' id='word_1_538' title='bbox 1871 2407 1954 2448; x_wconf 90' lang='lat' dir='ltr'>quod</span> <span class='ocrx_word' id='word_1_539' title='bbox 1985 2406 2075 2438; x_wconf 88' lang='lat' dir='ltr'>dicit:</span> <span class='ocrx_word' id='word_1_540' title='bbox 2100 2406 2217 2444; x_wconf 81' lang='lat' dir='ltr'>Homo,</span> <span class='ocrx_word' id='word_1_541' title='bbox 2242 2405 2302 2448; x_wconf 81' lang='lat' dir='ltr'>qui</span> 
     </span>
     <span class='ocr_line' id='line_1_80' title="bbox 1344 2458 2297 2500; baseline -0.001 -9"><span class='ocrx_word' id='word_1_542' title='bbox 1344 2463 1419 2491; x_wconf 78' lang='lat' dir='ltr'>ante</span> <span class='ocrx_word' id='word_1_543' title='bbox 1439 2464 1613 2500; x_wconf 80' lang='lat' dir='ltr'>peccatum</span> <span class='ocrx_word' id='word_1_544' title='bbox 1636 2460 1707 2491; x_wconf 79' lang='lat' dir='ltr'>siue</span> <span class='ocrx_word' id='word_1_545' title='bbox 1728 2459 1834 2491; x_wconf 77' lang='lat' dir='ltr'>medio</span> <span class='ocrx_word' id='word_1_546' title='bbox 1870 2459 1975 2490; x_wconf 78' lang='lat' dir='ltr'>Deum</span> <span class='ocrx_word' id='word_1_547' title='bbox 1998 2458 2137 2490; x_wconf 78' lang='lat' dir='ltr'>videbat.</span> <span class='ocrx_word' id='word_1_548' title='bbox 2165 2458 2297 2490; x_wconf 85' lang='lat' dir='ltr'>Videtur</span> 
     </span>
     <span class='ocr_line' id='line_1_81' title="bbox 1345 2511 2301 2554; baseline -0.001 -10"><span class='ocrx_word' id='word_1_549' title='bbox 1345 2513 1428 2545; x_wconf 89' lang='lat' dir='ltr'>enim</span> <span class='ocrx_word' id='word_1_550' title='bbox 1453 2513 1557 2544; x_wconf 89' lang='lat' dir='ltr'>dicere</span> <span class='ocrx_word' id='word_1_551' title='bbox 1582 2512 1713 2545; x_wconf 84' lang='lat' dir='ltr'>salsum:</span> <span class='ocrx_word' id='word_1_552' title='bbox 1732 2513 1805 2554; x_wconf 85' lang='lat' dir='ltr'>quia</span> <span class='ocrx_word' id='word_1_553' title='bbox 1823 2512 1875 2554; x_wconf 90' lang='lat' dir='ltr'>qui</span> <span class='ocrx_word' id='word_1_554' title='bbox 1895 2512 1980 2544; x_wconf 86' lang='lat' dir='ltr'>videt</span> <span class='ocrx_word' id='word_1_555' title='bbox 1998 2512 2094 2544; x_wconf 89' lang='lat' dir='ltr'>Deum</span> <span class='ocrx_word' id='word_1_556' title='bbox 2114 2512 2179 2544; x_wconf 90' lang='lat' dir='ltr'>sine</span> <span class='ocrx_word' id='word_1_557' title='bbox 2196 2511 2301 2544; x_wconf 83' lang='lat' dir='ltr'>medio</span> 
     </span>
     <span class='ocr_line' id='line_1_82' title="bbox 1347 2563 2301 2607; baseline -0.001 -10"><span class='ocrx_word' id='word_1_558' title='bbox 1347 2566 1431 2597; x_wconf 88' lang='lat' dir='ltr'>videt</span> <span class='ocrx_word' id='word_1_559' title='bbox 1454 2566 1553 2597; x_wconf 90' lang='lat' dir='ltr'>Deum</span> <span class='ocrx_word' id='word_1_560' title='bbox 1580 2574 1635 2607; x_wconf 86' lang='lat' dir='ltr'>per</span> <span class='ocrx_word' id='word_1_561' title='bbox 1660 2566 1838 2604; x_wconf 87' lang='lat' dir='ltr'>essentiam,</span> <span class='ocrx_word' id='word_1_562' title='bbox 1855 2566 1940 2597; x_wconf 85' lang='lat' dir='ltr'>videt</span> <span class='ocrx_word' id='word_1_563' title='bbox 1957 2565 2050 2597; x_wconf 80' lang='lat' dir='ltr'>etiam</span> <span class='ocrx_word' id='word_1_564' title='bbox 2071 2563 2159 2607; x_wconf 81' lang='lat' dir='ltr'>facie</span> <span class='ocrx_word' id='word_1_565' title='bbox 2182 2565 2228 2596; x_wconf 77' lang='lat' dir='ltr'>acl</span> <span class='ocrx_word' id='word_1_566' title='bbox 2250 2563 2301 2606; x_wconf 80' lang='lat' dir='ltr'>fa-</span> 
     </span>
     <span class='ocr_line' id='line_1_83' title="bbox 1345 2617 2183 2659; baseline -0.001 -10"><span class='ocrx_word' id='word_1_567' title='bbox 1345 2617 1426 2650; x_wconf 80' lang='lat' dir='ltr'>ciem</span> <span class='ocrx_word' id='word_1_568' title='bbox 1439 2617 1479 2655; x_wconf 78' lang='grc'>10;</span> <span class='ocrx_word' id='word_1_569' title='bbox 1504 2618 1559 2650; x_wconf 88' lang='lat' dir='ltr'>sed</span> <span class='ocrx_word' id='word_1_570' title='bbox 1584 2618 1685 2650; x_wconf 89' lang='lat' dir='ltr'>omnis</span> <span class='ocrx_word' id='word_1_571' title='bbox 1709 2618 1780 2650; x_wconf 84' lang='lat' dir='ltr'>talis</span> <span class='ocrx_word' id='word_1_572' title='bbox 1805 2621 1851 2650; x_wconf 88' lang='lat' dir='ltr'>est</span> <span class='ocrx_word' id='word_1_573' title='bbox 1875 2618 2001 2650; x_wconf 83' lang='lat' dir='ltr'>beatus:</span> <span class='ocrx_word' id='word_1_574' title='bbox 2028 2626 2103 2659; x_wconf 83' lang='lat' dir='ltr'>ergo</span> <span class='ocrx_word' id='word_1_575' title='bbox 2127 2620 2183 2649; x_wconf 88' lang='lat' dir='ltr'>etc.</span> 
     </span>
    </p>
   </div>
   <div class='ocr_carea' id='block_1_14' title="bbox 1025 2700 1600 2702">
    <p class='ocr_par' dir='ltr' id='par_1_28' title="bbox 1025 2700 1600 2702">
     <span class='ocr_line' id='line_1_84' title="bbox 1025 2700 1600 2702; baseline 0 0"><span class='ocrx_word' id='word_1_576' title='bbox 1025 2700 1600 2702; x_wconf 95' lang='lat' dir='ltr'> </span> 
     </span>
    </p>
   </div>
   <div class='ocr_carea' id='block_1_15' title="bbox 321 2733 1280 3425">
    <p class='ocr_par' dir='ltr' id='par_1_29' title="bbox 321 2733 1280 2855">
     <span class='ocr_line' id='line_1_85' title="bbox 395 2733 1279 2768; baseline -0.001 -8"><span class='ocrx_word' id='word_1_577' title='bbox 395 2735 402 2751; x_wconf 85' lang='lat'>¹</span> <span class='ocrx_word' id='word_1_578' title='bbox 423 2736 456 2760; x_wconf 81' lang='lat' dir='ltr'>Ita</span> <span class='ocrx_word' id='word_1_579' title='bbox 477 2735 552 2760; x_wconf 88' lang='lat' dir='ltr'>codd.</span> <span class='ocrx_word' id='word_1_580' title='bbox 572 2735 635 2767; x_wconf 90' lang='lat' dir='ltr'>FH,</span> <span class='ocrx_word' id='word_1_581' title='bbox 653 2736 678 2760; x_wconf 91' lang='grc'>111</span> <span class='ocrx_word' id='word_1_582' title='bbox 705 2735 795 2760; x_wconf 84' lang='lat' dir='ltr'>ceteris</span> <span class='ocrx_word' id='word_1_583' title='bbox 815 2738 839 2760; x_wconf 87' lang='lat' dir='ltr'>et</span> <span class='ocrx_word' id='word_1_584' title='bbox 858 2734 918 2760; x_wconf 85' lang='lat' dir='ltr'>edd.</span> <span class='ocrx_word' id='word_1_585' title='bbox 939 2735 1025 2759; x_wconf 87' lang='lat' dir='ltr'>minus</span> <span class='ocrx_word' id='word_1_586' title='bbox 1045 2738 1103 2766; x_wconf 82' lang='lat' dir='ltr'>apte</span> <span class='ocrx_word' id='word_1_587' title='bbox 1120 2733 1279 2768; x_wconf 78' lang='lat' dir='ltr'>purificans.</span> 
     </span>
     <span class='ocr_line' id='line_1_86' title="bbox 321 2778 1280 2811; baseline -0.001 -7"><span class='ocrx_word' id='word_1_588' title='bbox 321 2779 385 2804; x_wconf 80' lang='lat' dir='ltr'>Nam</span> <span class='ocrx_word' id='word_1_589' title='bbox 400 2779 529 2810; x_wconf 81' lang='lat' dir='ltr'>sacerdos,</span> <span class='ocrx_word' id='word_1_590' title='bbox 544 2780 588 2811; x_wconf 90' lang='lat' dir='ltr'>qui</span> <span class='ocrx_word' id='word_1_591' title='bbox 602 2779 684 2810; x_wconf 82' lang='lat' dir='ltr'>tetigit</span> <span class='ocrx_word' id='word_1_592' title='bbox 696 2780 810 2804; x_wconf 84' lang='lat' dir='ltr'>cinerem</span> <span class='ocrx_word' id='word_1_593' title='bbox 824 2785 919 2803; x_wconf 79' lang='lat' dir='ltr'>vaccae</span> <span class='ocrx_word' id='word_1_594' title='bbox 933 2779 1013 2810; x_wconf 67' lang='lat' dir='ltr'>i‘iisae,</span> <span class='ocrx_word' id='word_1_595' title='bbox 1027 2778 1180 2803; x_wconf 86' lang='lat' dir='ltr'>immundus</span> <span class='ocrx_word' id='word_1_596' title='bbox 1194 2778 1240 2802; x_wconf 85' lang='lat' dir='ltr'>fuit</span> <span class='ocrx_word' id='word_1_597' title='bbox 1256 2782 1280 2803; x_wconf 80' lang='lat' dir='ltr'>et</span> 
     </span>
     <span class='ocr_line' id='line_1_87' title="bbox 322 2822 1278 2855; baseline -0.002 -7"><span class='ocrx_word' id='word_1_598' title='bbox 322 2823 501 2855; x_wconf 79' lang='lat' dir='ltr'>purificandus</span> <span class='ocrx_word' id='word_1_599' title='bbox 515 2823 600 2855; x_wconf 88' lang='lat' dir='ltr'>(Num.</span> <span class='ocrx_word' id='word_1_600' title='bbox 620 2824 656 2854; x_wconf 76' lang='grc'>19,</span> <span class='ocrx_word' id='word_1_601' title='bbox 671 2823 695 2848; x_wconf 93' lang='grc'>7.</span> <span class='ocrx_word' id='word_1_602' title='bbox 714 2823 757 2855; x_wconf 77' lang='grc'>10;</span> <span class='ocrx_word' id='word_1_603' title='bbox 778 2823 819 2854; x_wconf 80' lang='grc'>19,</span> <span class='ocrx_word' id='word_1_604' title='bbox 833 2823 894 2854; x_wconf 80' lang='lat'>21.)‚</span> <span class='ocrx_word' id='word_1_605' title='bbox 910 2823 967 2847; x_wconf 83' lang='lat' dir='ltr'>licet</span> <span class='ocrx_word' id='word_1_606' title='bbox 981 2823 1037 2854; x_wconf 84' lang='lat' dir='ltr'>ipse</span> <span class='ocrx_word' id='word_1_607' title='bbox 1050 2823 1113 2847; x_wconf 82' lang='lat' dir='ltr'>alios</span> <span class='ocrx_word' id='word_1_608' title='bbox 1134 2822 1278 2847; x_wconf 79' lang='lat' dir='ltr'>niundaret.</span> 
     </span>
    </p>

    <p class='ocr_par' dir='ltr' id='par_1_30' title="bbox 393 2867 1006 2899">
     <span class='ocr_line' id='line_1_88' title="bbox 393 2867 1006 2899; baseline 0 -8"><span class='ocrx_word' id='word_1_609' title='bbox 393 2867 403 2883; x_wconf 75' lang='lat'>2</span> <span class='ocrx_word' id='word_1_610' title='bbox 422 2867 456 2892; x_wconf 81' lang='lat' dir='ltr'>lta</span> <span class='ocrx_word' id='word_1_611' title='bbox 477 2867 551 2892; x_wconf 85' lang='lat' dir='ltr'>codd.</span> <span class='ocrx_word' id='word_1_612' title='bbox 572 2868 593 2892; x_wconf 78' lang='lat' dir='ltr'>K</span> <span class='ocrx_word' id='word_1_613' title='bbox 607 2867 641 2896; x_wconf 81' lang='lat' dir='ltr'>V,</span> <span class='ocrx_word' id='word_1_614' title='bbox 661 2867 701 2891; x_wconf 84' lang='lat' dir='ltr'>alii</span> <span class='ocrx_word' id='word_1_615' title='bbox 724 2874 783 2892; x_wconf 87' lang='lat' dir='ltr'>cum</span> <span class='ocrx_word' id='word_1_616' title='bbox 804 2867 864 2892; x_wconf 87' lang='lat' dir='ltr'>edd.</span> <span class='ocrx_word' id='word_1_617' title='bbox 884 2873 1006 2899; x_wconf 77' lang='lat' dir='ltr'>poenam.</span> 
     </span>
    </p>

    <p class='ocr_par' dir='ltr' id='par_1_31' title="bbox 327 2910 1278 2987">
     <span class='ocr_line' id='line_1_89' title="bbox 392 2910 1278 2942; baseline -0.001 -6"><span class='ocrx_word' id='word_1_618' title='bbox 392 2910 403 2927; x_wconf 78' lang='lat'><strong>3</strong></span> <span class='ocrx_word' id='word_1_619' title='bbox 424 2911 496 2936; x_wconf 83' lang='lat' dir='ltr'>Vers.</span> <span class='ocrx_word' id='word_1_620' title='bbox 517 2911 558 2935; x_wconf 72' lang='grc' dir='ltr'>Ξῖ.</span> <span class='ocrx_word' id='word_1_621' title='bbox 579 2925 612 2928; x_wconf 64' lang='lat'><em>-</em></span> <span class='ocrx_word' id='word_1_622' title='bbox 632 2911 702 2935; x_wconf 78' lang='lat' dir='ltr'>Hanc</span> <span class='ocrx_word' id='word_1_623' title='bbox 722 2912 846 2936; x_wconf 81' lang='lat' dir='ltr'>rationem</span> <span class='ocrx_word' id='word_1_624' title='bbox 868 2912 978 2936; x_wconf 82' lang='lat' dir='ltr'>insinuat</span> <span class='ocrx_word' id='word_1_625' title='bbox 998 2910 1109 2942; x_wconf 82' lang='lat' dir='ltr'>Raban.‚</span> <span class='ocrx_word' id='word_1_626' title='bbox 1124 2911 1149 2936; x_wconf 91' lang='grc'>11.</span> <span class='ocrx_word' id='word_1_627' title='bbox 1164 2911 1188 2935; x_wconf 89' lang='grc'>111</span> <span class='ocrx_word' id='word_1_628' title='bbox 1202 2911 1278 2935; x_wconf 75' lang='lat' dir='ltr'>Num.</span> 
     </span>
     <span class='ocr_line' id='line_1_90' title="bbox 327 2955 1148 2987; baseline 0 -7"><span class='ocrx_word' id='word_1_629' title='bbox 327 2957 369 2987; x_wconf 75' lang='lat'>19,</span> <span class='ocrx_word' id='word_1_630' title='bbox 391 2956 420 2986; x_wconf 82' lang='lat'>6,</span> <span class='ocrx_word' id='word_1_631' title='bbox 442 2955 485 2980; x_wconf 83' lang='lat' dir='ltr'>ubi</span> <span class='ocrx_word' id='word_1_632' title='bbox 506 2955 538 2980; x_wconf 87' lang='lat' dir='ltr'>de</span> <span class='ocrx_word' id='word_1_633' title='bbox 558 2956 606 2980; x_wconf 80' lang='lat' dir='ltr'>ritu</span> <span class='ocrx_word' id='word_1_634' title='bbox 627 2956 779 2985; x_wconf 79' lang='lat' dir='ltr'>expiationis</span> <span class='ocrx_word' id='word_1_635' title='bbox 798 2962 828 2980; x_wconf 79' lang='lat' dir='ltr'>ex</span> <span class='ocrx_word' id='word_1_636' title='bbox 849 2956 934 2980; x_wconf 86' lang='lat' dir='ltr'>cincre</span> <span class='ocrx_word' id='word_1_637' title='bbox 954 2962 1048 2980; x_wconf 76' lang='lat' dir='ltr'>vaccae</span> <span class='ocrx_word' id='word_1_638' title='bbox 1068 2955 1148 2980; x_wconf 80' lang='lat' dir='ltr'>rufae.</span> 
     </span>
    </p>

    <p class='ocr_par' dir='ltr' id='par_1_32' title="bbox 323 2998 1280 3249">
     <span class='ocr_line' id='line_1_91' title="bbox 393 2998 1280 3030; baseline -0.001 -6"><span class='ocrx_word' id='word_1_639' title='bbox 393 2999 403 3015; x_wconf 72' lang='lat'>⁴</span> <span class='ocrx_word' id='word_1_640' title='bbox 422 3000 490 3024; x_wconf 89' lang='lat' dir='ltr'>Libr.</span> <span class='ocrx_word' id='word_1_641' title='bbox 511 3000 554 3024; x_wconf 87' lang='lat' dir='ltr'>XI.</span> <span class='ocrx_word' id='word_1_642' title='bbox 575 3000 684 3030; x_wconf 76' lang='lat' dir='ltr'>Registr.</span> <span class='ocrx_word' id='word_1_643' title='bbox 706 2999 782 3030; x_wconf 83' lang='lat' dir='ltr'>Epist.</span> <span class='ocrx_word' id='word_1_644' title='bbox 798 2998 838 3023; x_wconf 74' lang='grc'>64.</span> <span class='ocrx_word' id='word_1_645' title='bbox 853 3006 971 3030; x_wconf 81' lang='lat' dir='ltr'>respons.</span> <span class='ocrx_word' id='word_1_646' title='bbox 986 2999 1018 3024; x_wconf 81' lang='lat' dir='ltr'>ad</span> <span class='ocrx_word' id='word_1_647' title='bbox 1043 2999 1079 3023; x_wconf 92' lang='grc'>10.</span> <span class='ocrx_word' id='word_1_648' title='bbox 1094 3000 1217 3030; x_wconf 81' lang='lat' dir='ltr'>interrog.</span> <span class='ocrx_word' id='word_1_649' title='bbox 1232 3000 1280 3023; x_wconf 72' lang='lat' dir='ltr'>Au-</span> 
     </span>
     <span class='ocr_line' id='line_1_92' title="bbox 324 3042 1280 3076; baseline 0 -8"><span class='ocrx_word' id='word_1_650' title='bbox 324 3047 405 3075; x_wconf 70' lang='lat' dir='ltr'>gust.⁷</span> <span class='ocrx_word' id='word_1_651' title='bbox 426 3043 471 3068; x_wconf 86' lang='lat' dir='ltr'>ubi</span> <span class='ocrx_word' id='word_1_652' title='bbox 492 3047 574 3069; x_wconf 70' lang='lat' dir='ltr'>textus</span> <span class='ocrx_word' id='word_1_653' title='bbox 594 3043 726 3074; x_wconf 80' lang='lat' dir='ltr'>originalis</span> <span class='ocrx_word' id='word_1_654' title='bbox 745 3042 824 3068; x_wconf 82' lang='lat' dir='ltr'>eliam</span> <span class='ocrx_word' id='word_1_655' title='bbox 844 3042 880 3068; x_wconf 80' lang='lat' dir='ltr'>ibi</span> <span class='ocrx_word' id='word_1_656' title='bbox 898 3042 988 3076; x_wconf 82' lang='lat' dir='ltr'>aliquo</span> <span class='ocrx_word' id='word_1_657' title='bbox 1009 3042 1087 3068; x_wconf 80' lang='lat' dir='ltr'>modo</span> <span class='ocrx_word' id='word_1_658' title='bbox 1107 3042 1201 3076; x_wconf 82' lang='lat' dir='ltr'>culpus</span> <span class='ocrx_word' id='word_1_659' title='bbox 1214 3049 1280 3068; x_wconf 80' lang='lat' dir='ltr'>suas</span> 
     </span>
     <span class='ocr_line' id='line_1_93' title="bbox 323 3085 1278 3120; baseline -0.001 -8"><span class='ocrx_word' id='word_1_660' title='bbox 323 3095 370 3119; x_wconf 81' lang='lat' dir='ltr'>pro</span> <span class='ocrx_word' id='word_1_661' title='bbox 390 3087 425 3113; x_wconf 86' lang='lat' dir='ltr'>ibi</span> <span class='ocrx_word' id='word_1_662' title='bbox 443 3087 559 3120; x_wconf 72' lang='lat' dir='ltr'>culpant.</span> <span class='ocrx_word' id='word_1_663' title='bbox 578 3101 614 3106; x_wconf 91' lang='lat'>—-</span> <span class='ocrx_word' id='word_1_664' title='bbox 633 3088 759 3118; x_wconf 87' lang='lat' dir='ltr'>Superius</span> <span class='ocrx_word' id='word_1_665' title='bbox 773 3090 831 3118; x_wconf 85' lang='lat' dir='ltr'>post</span> <span class='ocrx_word' id='word_1_666' title='bbox 844 3086 884 3113; x_wconf 83' lang='lat' dir='ltr'>vel</span> <span class='ocrx_word' id='word_1_667' title='bbox 901 3087 979 3112; x_wconf 78' lang='lat' dir='ltr'>etiam</span> <span class='ocrx_word' id='word_1_668' title='bbox 994 3087 1051 3112; x_wconf 81' lang='lat' dir='ltr'>cod.</span> <span class='ocrx_word' id='word_1_669' title='bbox 1067 3087 1087 3111; x_wconf 90' lang='lat' dir='ltr'>V</span> <span class='ocrx_word' id='word_1_670' title='bbox 1103 3088 1194 3118; x_wconf 88' lang='lat' dir='ltr'>repetit</span> <span class='ocrx_word' id='word_1_671' title='bbox 1207 3085 1278 3119; x_wconf 80' lang='lat' dir='ltr'>quia.</span> 
     </span>
     <span class='ocr_line' id='line_1_94' title="bbox 323 3129 1278 3162; baseline -0.002 -7"><span class='ocrx_word' id='word_1_672' title='bbox 323 3144 358 3149; x_wconf 90' lang='lat'>—</span> <span class='ocrx_word' id='word_1_673' title='bbox 369 3131 405 3155; x_wconf 86' lang='lat' dir='ltr'>De</span> <span class='ocrx_word' id='word_1_674' title='bbox 419 3131 468 3155; x_wconf 83' lang='lat' dir='ltr'>boc</span> <span class='ocrx_word' id='word_1_675' title='bbox 482 3131 543 3155; x_wconf 85' lang='lat' dir='ltr'>dub.</span> <span class='ocrx_word' id='word_1_676' title='bbox 556 3131 601 3155; x_wconf 85' lang='lat' dir='ltr'>csr.</span> <span class='ocrx_word' id='word_1_677' title='bbox 615 3131 683 3155; x_wconf 80' lang='lat' dir='ltr'>Alex.</span> <span class='ocrx_word' id='word_1_678' title='bbox 697 3131 758 3162; x_wconf 70' lang='lat' dir='ltr'>Hah,</span> <span class='ocrx_word' id='word_1_679' title='bbox 771 3131 795 3155; x_wconf 80' lang='lat' dir='ltr'>S.</span> <span class='ocrx_word' id='word_1_680' title='bbox 807 3138 832 3161; x_wconf 91' lang='lat' dir='ltr'>p.</span> <span class='ocrx_word' id='word_1_681' title='bbox 844 3130 884 3155; x_wconf 87' lang='lat' dir='ltr'>1V.</span> <span class='ocrx_word' id='word_1_682' title='bbox 899 3138 924 3162; x_wconf 91' lang='lat' dir='ltr'>q.</span> <span class='ocrx_word' id='word_1_683' title='bbox 939 3130 962 3155; x_wconf 83' lang='lat'>3.</span> <span class='ocrx_word' id='word_1_684' title='bbox 977 3137 1011 3155; x_wconf 91' lang='lat' dir='ltr'>m.</span> <span class='ocrx_word' id='word_1_685' title='bbox 1027 3130 1049 3155; x_wconf 74' lang='grc'>[1.</span> <span class='ocrx_word' id='word_1_686' title='bbox 1061 3137 1082 3155; x_wconf 85' lang='lat' dir='ltr'>a.</span> <span class='ocrx_word' id='word_1_687' title='bbox 1096 3131 1124 3161; x_wconf 78' lang='lat'>23</span> <span class='ocrx_word' id='word_1_688' title='bbox 1137 3130 1163 3154; x_wconf 84' lang='lat'>13.</span> <span class='ocrx_word' id='word_1_689' title='bbox 1174 3129 1278 3160; x_wconf 81' lang='lat' dir='ltr'>Albert.‚</span> 
     </span>
     <span class='ocr_line' id='line_1_95' title="bbox 324 3173 1278 3206; baseline -0.002 -8"><span class='ocrx_word' id='word_1_690' title='bbox 324 3174 365 3198; x_wconf 80' lang='grc'>1110</span> <span class='ocrx_word' id='word_1_691' title='bbox 385 3181 406 3198; x_wconf 80' lang='lat' dir='ltr'>a.</span> <span class='ocrx_word' id='word_1_692' title='bbox 432 3174 474 3205; x_wconf 73' lang='lat'>123</span> <span class='ocrx_word' id='word_1_693' title='bbox 496 3175 519 3198; x_wconf 80' lang='lat' dir='ltr'>S.</span> <span class='ocrx_word' id='word_1_694' title='bbox 541 3174 649 3205; x_wconf 67' lang='lat' dir='ltr'>Tuom,</span> <span class='ocrx_word' id='word_1_695' title='bbox 665 3175 706 3199; x_wconf 82' lang='lat' dir='ltr'>liic</span> <span class='ocrx_word' id='word_1_696' title='bbox 725 3181 750 3206; x_wconf 83' lang='lat' dir='ltr'>q.</span> <span class='ocrx_word' id='word_1_697' title='bbox 775 3175 794 3198; x_wconf 95' lang='grc'>1.</span> <span class='ocrx_word' id='word_1_698' title='bbox 815 3181 837 3198; x_wconf 82' lang='lat' dir='ltr'>a.</span> <span class='ocrx_word' id='word_1_699' title='bbox 859 3173 882 3198; x_wconf 77' lang='grc' dir='ltr'>ὃ.</span> <span class='ocrx_word' id='word_1_700' title='bbox 897 3174 1056 3205; x_wconf 79' lang='lat' dir='ltr'>quaestiunc.</span> <span class='ocrx_word' id='word_1_701' title='bbox 1072 3174 1095 3198; x_wconf 85' lang='lat'>3.</span> <span class='ocrx_word' id='word_1_702' title='bbox 1110 3173 1142 3197; x_wconf 85' lang='lat' dir='ltr'>ad</span> <span class='ocrx_word' id='word_1_703' title='bbox 1164 3174 1192 3204; x_wconf 75' lang='lat'>23</span> <span class='ocrx_word' id='word_1_704' title='bbox 1214 3174 1278 3197; x_wconf 81' lang='lat' dir='ltr'>Petr.</span> 
     </span>
     <span class='ocr_line' id='line_1_96' title="bbox 324 3216 1259 3249; baseline -0.002 -7"><span class='ocrx_word' id='word_1_705' title='bbox 324 3225 337 3242; x_wconf 79' lang='lat' dir='ltr'>a</span> <span class='ocrx_word' id='word_1_706' title='bbox 359 3218 431 3248; x_wconf 54' lang='lat' dir='ltr'>Tar„</span> <span class='ocrx_word' id='word_1_707' title='bbox 453 3218 493 3242; x_wconf 81' lang='lat' dir='ltr'>liic</span> <span class='ocrx_word' id='word_1_708' title='bbox 513 3218 579 3242; x_wconf 85' lang='lat' dir='ltr'>circa</span> <span class='ocrx_word' id='word_1_709' title='bbox 600 3218 648 3249; x_wconf 78' lang='lat' dir='ltr'>tit.;</span> <span class='ocrx_word' id='word_1_710' title='bbox 670 3218 788 3243; x_wconf 80' lang='lat' dir='ltr'>Ricliard.</span> <span class='ocrx_word' id='word_1_711' title='bbox 810 3225 822 3242; x_wconf 80' lang='lat' dir='ltr'>a</span> <span class='ocrx_word' id='word_1_712' title='bbox 844 3217 923 3249; x_wconf 67' lang='lat' dir='ltr'>Med,</span> <span class='ocrx_word' id='word_1_713' title='bbox 945 3218 985 3242; x_wconf 74' lang='lat' dir='ltr'>liic</span> <span class='ocrx_word' id='word_1_714' title='bbox 1006 3224 1027 3241; x_wconf 85' lang='lat' dir='ltr'>a.</span> <span class='ocrx_word' id='word_1_715' title='bbox 1049 3217 1072 3241; x_wconf 88' lang='lat'>3.</span> <span class='ocrx_word' id='word_1_716' title='bbox 1093 3224 1117 3248; x_wconf 87' lang='lat' dir='ltr'>q.</span> <span class='ocrx_word' id='word_1_717' title='bbox 1139 3217 1162 3240; x_wconf 78' lang='lat'>2.</span> <span class='ocrx_word' id='word_1_718' title='bbox 1182 3216 1216 3241; x_wconf 87' lang='lat' dir='ltr'>ad</span> <span class='ocrx_word' id='word_1_719' title='bbox 1236 3216 1259 3240; x_wconf 88' lang='lat'>3.</span> 
     </span>
    </p>

    <p class='ocr_par' dir='ltr' id='par_1_33' title="bbox 324 3260 1278 3330">
     <span class='ocr_line' id='line_1_97' title="bbox 395 3260 1278 3293; baseline -0.002 -8"><span class='ocrx_word' id='word_1_720' title='bbox 395 3261 405 3277; x_wconf 78' lang='lat'>⁵</span> <span class='ocrx_word' id='word_1_721' title='bbox 425 3260 505 3286; x_wconf 85' lang='lat' dir='ltr'>Codd.</span> <span class='ocrx_word' id='word_1_722' title='bbox 527 3261 574 3286; x_wconf 87' lang='lat' dir='ltr'>FH</span> <span class='ocrx_word' id='word_1_723' title='bbox 596 3261 662 3286; x_wconf 83' lang='lat' dir='ltr'>bene</span> <span class='ocrx_word' id='word_1_724' title='bbox 681 3261 770 3288; x_wconf 80' lang='lat' dir='ltr'>donec.</span> <span class='ocrx_word' id='word_1_725' title='bbox 789 3262 867 3287; x_wconf 80' lang='lat' dir='ltr'>Paulo</span> <span class='ocrx_word' id='word_1_726' title='bbox 887 3265 944 3287; x_wconf 79' lang='lat' dir='ltr'>ante</span> <span class='ocrx_word' id='word_1_727' title='bbox 965 3268 1012 3293; x_wconf 89' lang='lat' dir='ltr'>pro</span> <span class='ocrx_word' id='word_1_728' title='bbox 1032 3262 1123 3287; x_wconf 76' lang='lat' dir='ltr'>castra</span> <span class='ocrx_word' id='word_1_729' title='bbox 1142 3260 1218 3285; x_wconf 86' lang='lat' dir='ltr'>codd.</span> <span class='ocrx_word' id='word_1_730' title='bbox 1231 3261 1248 3284; x_wconf 67' lang='lat' dir='ltr'>A</span> <span class='ocrx_word' id='word_1_731' title='bbox 1260 3260 1278 3284; x_wconf 82' lang='lat' dir='ltr'>E</span> 
     </span>
     <span class='ocr_line' id='line_1_98' title="bbox 324 3305 586 3330; baseline -0.004 -1"><span class='ocrx_word' id='word_1_732' title='bbox 324 3305 330 3329; x_wconf 92' lang='grc'>1</span> <span class='ocrx_word' id='word_1_733' title='bbox 343 3305 360 3329; x_wconf 96' lang='lat' dir='ltr'>L</span> <span class='ocrx_word' id='word_1_734' title='bbox 373 3305 393 3329; x_wconf 89' lang='lat' dir='ltr'>V</span> <span class='ocrx_word' id='word_1_735' title='bbox 406 3305 438 3330; x_wconf 89' lang='lat' dir='ltr'>W</span> <span class='ocrx_word' id='word_1_736' title='bbox 459 3305 586 3330; x_wconf 80' lang='lat' dir='ltr'>castrum.</span> 
     </span>
    </p>

    <p class='ocr_par' dir='ltr' id='par_1_34' title="bbox 322 3348 1278 3425">
     <span class='ocr_line' id='line_1_99' title="bbox 394 3348 1278 3381; baseline 0 -8"><span class='ocrx_word' id='word_1_737' title='bbox 394 3349 404 3365; x_wconf 77' lang='lat'>⁶</span> <span class='ocrx_word' id='word_1_738' title='bbox 424 3348 486 3374; x_wconf 90' lang='lat' dir='ltr'>Cod.</span> <span class='ocrx_word' id='word_1_739' title='bbox 507 3349 524 3372; x_wconf 87' lang='lat' dir='ltr'>Z</span> <span class='ocrx_word' id='word_1_740' title='bbox 544 3349 648 3380; x_wconf 80' lang='lat' dir='ltr'>supplet</span> <span class='ocrx_word' id='word_1_741' title='bbox 668 3348 765 3381; x_wconf 72' lang='lat' dir='ltr'>leprae.</span> <span class='ocrx_word' id='word_1_742' title='bbox 786 3363 818 3365; x_wconf 97' lang='lat'><strong>—</strong></span> <span class='ocrx_word' id='word_1_743' title='bbox 839 3349 907 3373; x_wconf 81' lang='lat' dir='ltr'>Ideni</span> <span class='ocrx_word' id='word_1_744' title='bbox 928 3348 990 3373; x_wconf 86' lang='lat' dir='ltr'>dub.</span> <span class='ocrx_word' id='word_1_745' title='bbox 1010 3348 1086 3373; x_wconf 75' lang='lat' dir='ltr'>solvit</span> <span class='ocrx_word' id='word_1_746' title='bbox 1107 3348 1130 3372; x_wconf 78' lang='lat' dir='ltr'>S.</span> <span class='ocrx_word' id='word_1_747' title='bbox 1146 3348 1239 3372; x_wconf 74' lang='lat' dir='ltr'>Tuom.</span> <span class='ocrx_word' id='word_1_748' title='bbox 1254 3351 1278 3373; x_wconf 82' lang='lat' dir='ltr'>ct</span> 
     </span>
     <span class='ocr_line' id='line_1_100' title="bbox 322 3393 722 3425; baseline -0.005 -6"><span class='ocrx_word' id='word_1_749' title='bbox 322 3395 387 3419; x_wconf 77' lang='lat' dir='ltr'>Pctr.</span> <span class='ocrx_word' id='word_1_750' title='bbox 409 3401 422 3418; x_wconf 80' lang='lat' dir='ltr'>a</span> <span class='ocrx_word' id='word_1_751' title='bbox 444 3394 517 3425; x_wconf 54' lang='lat' dir='ltr'>Tar„</span> <span class='ocrx_word' id='word_1_752' title='bbox 538 3394 578 3418; x_wconf 81' lang='lat' dir='ltr'>bic</span> <span class='ocrx_word' id='word_1_753' title='bbox 599 3394 666 3418; x_wconf 68' lang='lat' dir='ltr'>circa</span> <span class='ocrx_word' id='word_1_754' title='bbox 687 3393 722 3418; x_wconf 82' lang='lat' dir='ltr'>lit.</span> 
     </span>
    </p>
   </div>
   <div class='ocr_carea' id='block_1_16' title="bbox 1309 401 1316 3410">
    <p class='ocr_par' dir='ltr' id='par_1_35' title="bbox 1309 401 1316 3410">
     <span class='ocr_line' id='line_1_101' title="bbox 1309 401 1316 3410; baseline 0 0"><span class='ocrx_word' id='word_1_755' title='bbox 1309 401 1316 3410; x_wconf 95' lang='lat' dir='ltr'> </span> 
     </span>
    </p>
   </div>
   <div class='ocr_carea' id='block_1_17' title="bbox 1342 2732 2323 3417">
    <p class='ocr_par' dir='ltr' id='par_1_36' title="bbox 1342 2732 2323 2897">
     <span class='ocr_line' id='line_1_102' title="bbox 1414 2732 2299 2765; baseline -0.003 -6"><span class='ocrx_word' id='word_1_756' title='bbox 1414 2734 1424 2750; x_wconf 92' lang='lat'>⁷</span> <span class='ocrx_word' id='word_1_757' title='bbox 1444 2735 1504 2759; x_wconf 85' lang='lat' dir='ltr'>Sive</span> <span class='ocrx_word' id='word_1_758' title='bbox 1523 2735 1666 2765; x_wconf 80' lang='lat' dir='ltr'>rationalis,</span> <span class='ocrx_word' id='word_1_759' title='bbox 1687 2735 1761 2759; x_wconf 87' lang='lat' dir='ltr'>cuius</span> <span class='ocrx_word' id='word_1_760' title='bbox 1781 2734 1917 2765; x_wconf 82' lang='lat' dir='ltr'>proprium</span> <span class='ocrx_word' id='word_1_761' title='bbox 1938 2736 1988 2764; x_wconf 76' lang='lat' dir='ltr'>est,</span> <span class='ocrx_word' id='word_1_762' title='bbox 2014 2736 2041 2757; x_wconf 88' lang='lat' dir='ltr'>ut</span> <span class='ocrx_word' id='word_1_763' title='bbox 2067 2733 2101 2756; x_wconf 81' lang='lat' dir='ltr'>ait</span> <span class='ocrx_word' id='word_1_764' title='bbox 2125 2732 2240 2763; x_wconf 75' lang='lat' dir='ltr'>Aristot.7</span> <span class='ocrx_word' id='word_1_765' title='bbox 2267 2732 2299 2757; x_wconf 92' lang='lat' dir='ltr'>V.</span> 
     </span>
     <span class='ocr_line' id='line_1_103' title="bbox 1345 2776 2299 2811; baseline -0.003 -8"><span class='ocrx_word' id='word_1_766' title='bbox 1345 2779 1434 2809; x_wconf 87' lang='lat' dir='ltr'>Topic.</span> <span class='ocrx_word' id='word_1_767' title='bbox 1456 2785 1477 2803; x_wconf 91' lang='lat' dir='ltr'>c.</span> <span class='ocrx_word' id='word_1_768' title='bbox 1500 2779 1527 2809; x_wconf 81' lang='lat' dir='ltr'>t,</span> <span class='ocrx_word' id='word_1_769' title='bbox 1546 2777 1701 2811; x_wconf 76' lang='lat' dir='ltr'>principare</span> <span class='ocrx_word' id='word_1_770' title='bbox 1720 2778 1753 2802; x_wconf 82' lang='lat' dir='ltr'>ad</span> <span class='ocrx_word' id='word_1_771' title='bbox 1773 2777 1974 2808; x_wconf 82' lang='lat' dir='ltr'>concupiscibile</span> <span class='ocrx_word' id='word_1_772' title='bbox 1994 2779 2018 2801; x_wconf 87' lang='lat' dir='ltr'>et</span> <span class='ocrx_word' id='word_1_773' title='bbox 2038 2776 2166 2801; x_wconf 83' lang='lat' dir='ltr'>irascibile</span> <span class='ocrx_word' id='word_1_774' title='bbox 2179 2779 2229 2801; x_wconf 84' lang='lat' dir='ltr'>etc.</span> <span class='ocrx_word' id='word_1_775' title='bbox 2248 2776 2299 2801; x_wconf 86' lang='lat' dir='ltr'>Csr.</span> 
     </span>
     <span class='ocr_line' id='line_1_104' title="bbox 1344 2814 2323 2854; baseline -0.002 -7"><span class='ocrx_word' id='word_1_776' title='bbox 1344 2825 1405 2847; x_wconf 88' lang='lat' dir='ltr'>tom.</span> <span class='ocrx_word' id='word_1_777' title='bbox 1426 2823 1460 2847; x_wconf 94' lang='grc'>111.</span> <span class='ocrx_word' id='word_1_778' title='bbox 1481 2829 1541 2854; x_wconf 77' lang='lat' dir='ltr'>pag.</span> <span class='ocrx_word' id='word_1_779' title='bbox 1561 2822 1626 2853; x_wconf 73' lang='lat'>720,</span> <span class='ocrx_word' id='word_1_780' title='bbox 1648 2824 1706 2847; x_wconf 81' lang='lat' dir='ltr'>nota</span> <span class='ocrx_word' id='word_1_781' title='bbox 1729 2822 1750 2846; x_wconf 90' lang='grc'>1.</span> <span class='ocrx_word' id='word_1_782' title='bbox 1772 2835 1805 2838; x_wconf 81' lang='lat'>—</span> <span class='ocrx_word' id='word_1_783' title='bbox 1824 2820 1905 2846; x_wconf 87' lang='lat' dir='ltr'>Codd.</span> <span class='ocrx_word' id='word_1_784' title='bbox 1926 2821 1978 2845; x_wconf 80' lang='lat' dir='ltr'>GK</span> <span class='ocrx_word' id='word_1_785' title='bbox 1990 2827 2020 2844; x_wconf 83' lang='lat' dir='ltr'>aa</span> <span class='ocrx_word' id='word_1_786' title='bbox 2040 2819 2179 2853; x_wconf 60' lang='lat' dir='ltr'>cognitiva.</span> <span class='ocrx_word' id='word_1_787' title='bbox 2195 2821 2242 2845; x_wconf 81' lang='lat' dir='ltr'>Pro</span> <span class='ocrx_word' id='word_1_788' title='bbox 2263 2821 2299 2845; x_wconf 80' lang='lat' dir='ltr'>ta·</span> <span class='ocrx_word' id='word_1_789' title='bbox 2315 2814 2323 2827; x_wconf 55' lang='lat' dir='ltr'><em>s</em></span> 
     </span>
     <span class='ocr_line' id='line_1_105' title="bbox 1342 2864 1993 2897; baseline -0.006 -6"><span class='ocrx_word' id='word_1_790' title='bbox 1342 2873 1401 2891; x_wconf 79' lang='lat' dir='ltr'>men</span> <span class='ocrx_word' id='word_1_791' title='bbox 1423 2866 1480 2891; x_wconf 86' lang='lat' dir='ltr'>cod.</span> <span class='ocrx_word' id='word_1_792' title='bbox 1501 2872 1529 2890; x_wconf 85' lang='lat' dir='ltr'>ec</span> <span class='ocrx_word' id='word_1_793' title='bbox 1549 2865 1582 2897; x_wconf 81' lang='lat' dir='ltr'>(K</span> <span class='ocrx_word' id='word_1_794' title='bbox 1602 2873 1615 2890; x_wconf 83' lang='lat' dir='ltr'>a</span> <span class='ocrx_word' id='word_1_795' title='bbox 1636 2865 1750 2890; x_wconf 82' lang='lat' dir='ltr'>secunda</span> <span class='ocrx_word' id='word_1_796' title='bbox 1771 2865 1860 2895; x_wconf 87' lang='lat' dir='ltr'>manu)</span> <span class='ocrx_word' id='word_1_797' title='bbox 1880 2864 1993 2888; x_wconf 78' lang='lat' dir='ltr'>tantum.</span> 
     </span>
    </p>

    <p class='ocr_par' dir='ltr' id='par_1_37' title="bbox 1343 2907 2298 3070">
     <span class='ocr_line' id='line_1_106' title="bbox 1413 2907 2298 2939; baseline -0.003 -5"><span class='ocrx_word' id='word_1_798' title='bbox 1413 2909 1424 2925; x_wconf 76' lang='lat'>’3</span> <span class='ocrx_word' id='word_1_799' title='bbox 1444 2910 1508 2934; x_wconf 79' lang='lat' dir='ltr'>Dub.</span> <span class='ocrx_word' id='word_1_800' title='bbox 1531 2911 1579 2934; x_wconf 80' lang='lat' dir='ltr'>hoc</span> <span class='ocrx_word' id='word_1_801' title='bbox 1599 2910 1674 2934; x_wconf 86' lang='lat' dir='ltr'>solvit</span> <span class='ocrx_word' id='word_1_802' title='bbox 1693 2909 1762 2933; x_wconf 81' lang='lat' dir='ltr'>Alex.</span> <span class='ocrx_word' id='word_1_803' title='bbox 1783 2908 1851 2939; x_wconf 71' lang='lat' dir='ltr'>llnl.y</span> <span class='ocrx_word' id='word_1_804' title='bbox 1872 2908 1896 2931; x_wconf 81' lang='lat' dir='ltr'>S.</span> <span class='ocrx_word' id='word_1_805' title='bbox 1918 2914 1942 2938; x_wconf 91' lang='lat' dir='ltr'>p.</span> <span class='ocrx_word' id='word_1_806' title='bbox 1964 2907 2003 2931; x_wconf 84' lang='lat' dir='ltr'>tv.</span> <span class='ocrx_word' id='word_1_807' title='bbox 2025 2914 2049 2938; x_wconf 85' lang='lat' dir='ltr'>q.</span> <span class='ocrx_word' id='word_1_808' title='bbox 2071 2907 2093 2931; x_wconf 63' lang='grc' dir='ltr'>ὅ.</span> <span class='ocrx_word' id='word_1_809' title='bbox 2120 2914 2153 2931; x_wconf 88' lang='grc'>111.</span> <span class='ocrx_word' id='word_1_810' title='bbox 2175 2908 2198 2931; x_wconf 82' lang='grc'>2.</span> <span class='ocrx_word' id='word_1_811' title='bbox 2225 2914 2246 2931; x_wconf 79' lang='lat' dir='ltr'>a.</span> <span class='ocrx_word' id='word_1_812' title='bbox 2268 2907 2298 2937; x_wconf 85' lang='lat'>3;</span> 
     </span>
     <span class='ocr_line' id='line_1_107' title="bbox 1343 2950 2297 2984; baseline -0.004 -6"><span class='ocrx_word' id='word_1_813' title='bbox 1343 2953 1369 2977; x_wconf 90' lang='lat' dir='ltr'>B.</span> <span class='ocrx_word' id='word_1_814' title='bbox 1390 2953 1498 2984; x_wconf 77' lang='lat' dir='ltr'>Albert.,</span> <span class='ocrx_word' id='word_1_815' title='bbox 1521 2954 1561 2977; x_wconf 85' lang='lat' dir='ltr'>hic</span> <span class='ocrx_word' id='word_1_816' title='bbox 1580 2959 1602 2977; x_wconf 78' lang='lat' dir='ltr'>a.</span> <span class='ocrx_word' id='word_1_817' title='bbox 1624 2952 1670 2982; x_wconf 58' lang='lat'>1133</span> <span class='ocrx_word' id='word_1_818' title='bbox 1692 2952 1715 2975; x_wconf 78' lang='lat' dir='ltr'>S.</span> <span class='ocrx_word' id='word_1_819' title='bbox 1738 2951 1845 2981; x_wconf 78' lang='grc' dir='ltr'>Τ110111.,</span> <span class='ocrx_word' id='word_1_820' title='bbox 1865 2951 1905 2975; x_wconf 82' lang='lat' dir='ltr'>liic</span> <span class='ocrx_word' id='word_1_821' title='bbox 1925 2958 1948 2982; x_wconf 90' lang='lat' dir='ltr'>q.</span> <span class='ocrx_word' id='word_1_822' title='bbox 1970 2951 1988 2975; x_wconf 88' lang='lat' dir='ltr'>l.</span> <span class='ocrx_word' id='word_1_823' title='bbox 2003 2957 2024 2974; x_wconf 82' lang='lat' dir='ltr'>a.</span> <span class='ocrx_word' id='word_1_824' title='bbox 2045 2951 2068 2974; x_wconf 84' lang='lat'>2.</span> <span class='ocrx_word' id='word_1_825' title='bbox 2088 2951 2247 2982; x_wconf 76' lang='lat' dir='ltr'>quaestione.</span> <span class='ocrx_word' id='word_1_826' title='bbox 2269 2950 2297 2980; x_wconf 59' lang='grc'>11;</span> 
     </span>
     <span class='ocr_line' id='line_1_108' title="bbox 1343 2994 2297 3027; baseline -0.004 -6"><span class='ocrx_word' id='word_1_827' title='bbox 1343 2998 1407 3022; x_wconf 81' lang='lat' dir='ltr'>Petr.</span> <span class='ocrx_word' id='word_1_828' title='bbox 1427 3004 1441 3021; x_wconf 83' lang='lat' dir='ltr'>a</span> <span class='ocrx_word' id='word_1_829' title='bbox 1462 2997 1535 3027; x_wconf 65' lang='lat' dir='ltr'>Tan,</span> <span class='ocrx_word' id='word_1_830' title='bbox 1556 2997 1597 3020; x_wconf 80' lang='lat' dir='ltr'>liic</span> <span class='ocrx_word' id='word_1_831' title='bbox 1616 3002 1641 3027; x_wconf 88' lang='lat' dir='ltr'>q.</span> <span class='ocrx_word' id='word_1_832' title='bbox 1663 2996 1685 3020; x_wconf 90' lang='grc'>-1,</span> <span class='ocrx_word' id='word_1_833' title='bbox 1706 3002 1727 3019; x_wconf 82' lang='lat' dir='ltr'>a.</span> <span class='ocrx_word' id='word_1_834' title='bbox 1749 2995 1777 3026; x_wconf 74' lang='lat'>33</span> <span class='ocrx_word' id='word_1_835' title='bbox 1798 2994 1918 3019; x_wconf 76' lang='lat' dir='ltr'>Riclinrd.</span> <span class='ocrx_word' id='word_1_836' title='bbox 1939 3001 1961 3019; x_wconf 78' lang='lat' dir='ltr'>a.</span> <span class='ocrx_word' id='word_1_837' title='bbox 1982 2994 2060 3025; x_wconf 70' lang='lat' dir='ltr'>Med,</span> <span class='ocrx_word' id='word_1_838' title='bbox 2081 2994 2122 3018; x_wconf 79' lang='lat' dir='ltr'>liic</span> <span class='ocrx_word' id='word_1_839' title='bbox 2141 3001 2163 3018; x_wconf 83' lang='lat' dir='ltr'>a.</span> <span class='ocrx_word' id='word_1_840' title='bbox 2185 2994 2207 3018; x_wconf 76' lang='lat'>2.</span> <span class='ocrx_word' id='word_1_841' title='bbox 2228 3000 2252 3025; x_wconf 90' lang='lat' dir='ltr'>q.</span> <span class='ocrx_word' id='word_1_842' title='bbox 2274 2994 2297 3018; x_wconf 67' lang='lat' dir='ltr'>rt.</span> 
     </span>
     <span class='ocr_line' id='line_1_109' title="bbox 1343 3038 1870 3070; baseline -0.006 -5"><span class='ocrx_word' id='word_1_843' title='bbox 1343 3041 1417 3065; x_wconf 88' lang='lat' dir='ltr'>Locc.</span> <span class='ocrx_word' id='word_1_844' title='bbox 1439 3041 1488 3065; x_wconf 86' lang='lat' dir='ltr'>citt.</span> <span class='ocrx_word' id='word_1_845' title='bbox 1509 3040 1616 3064; x_wconf 80' lang='lat' dir='ltr'>solvitur</span> <span class='ocrx_word' id='word_1_846' title='bbox 1636 3039 1712 3063; x_wconf 76' lang='lat' dir='ltr'>etiam</span> <span class='ocrx_word' id='word_1_847' title='bbox 1732 3045 1785 3070; x_wconf 85' lang='lat' dir='ltr'>seq.</span> <span class='ocrx_word' id='word_1_848' title='bbox 1807 3038 1870 3063; x_wconf 85' lang='lat' dir='ltr'>dub.</span> 
     </span>
    </p>

    <p class='ocr_par' dir='ltr' id='par_1_38' title="bbox 1343 3082 2298 3328">
     <span class='ocr_line' id='line_1_110' title="bbox 1413 3082 2298 3114; baseline -0.002 -6"><span class='ocrx_word' id='word_1_849' title='bbox 1413 3084 1423 3100; x_wconf 77' lang='lat'>⁹</span> <span class='ocrx_word' id='word_1_850' title='bbox 1444 3085 1477 3108; x_wconf 82' lang='lat' dir='ltr'>lta</span> <span class='ocrx_word' id='word_1_851' title='bbox 1497 3083 1572 3108; x_wconf 89' lang='lat' dir='ltr'>codd.</span> <span class='ocrx_word' id='word_1_852' title='bbox 1593 3083 1610 3107; x_wconf 89' lang='lat' dir='ltr'>F</span> <span class='ocrx_word' id='word_1_853' title='bbox 1622 3083 1709 3113; x_wconf 81' lang='lat' dir='ltr'>HLP,</span> <span class='ocrx_word' id='word_1_854' title='bbox 1730 3083 1770 3107; x_wconf 80' lang='grc'>0111</span> <span class='ocrx_word' id='word_1_855' title='bbox 1791 3082 1866 3107; x_wconf 88' lang='lat' dir='ltr'>codd.</span> <span class='ocrx_word' id='word_1_856' title='bbox 1887 3085 1911 3107; x_wconf 85' lang='lat' dir='ltr'>ct</span> <span class='ocrx_word' id='word_1_857' title='bbox 1930 3082 1970 3108; x_wconf 88' lang='lat' dir='ltr'>ed.</span> <span class='ocrx_word' id='word_1_858' title='bbox 1996 3083 2020 3114; x_wconf 76' lang='grc'>17</span> <span class='ocrx_word' id='word_1_859' title='bbox 2036 3083 2090 3107; x_wconf 68' lang='lat' dir='ltr'>sive</span> <span class='ocrx_word' id='word_1_860' title='bbox 2105 3083 2129 3106; x_wconf 93' lang='grc'>111</span> <span class='ocrx_word' id='word_1_861' title='bbox 2145 3083 2228 3113; x_wconf 83' lang='lat' dir='ltr'>prima</span> <span class='ocrx_word' id='word_1_862' title='bbox 2242 3082 2298 3106; x_wconf 81' lang='lat' dir='ltr'>sive</span> 
     </span>
     <span class='ocr_line' id='line_1_111' title="bbox 1343 3126 2296 3159; baseline -0.002 -7"><span class='ocrx_word' id='word_1_863' title='bbox 1343 3130 1366 3152; x_wconf 89' lang='lat' dir='ltr'>in</span> <span class='ocrx_word' id='word_1_864' title='bbox 1397 3127 1510 3153; x_wconf 84' lang='lat' dir='ltr'>secunda</span> <span class='ocrx_word' id='word_1_865' title='bbox 1537 3128 1713 3158; x_wconf 81' lang='lat' dir='ltr'>propositione</span> <span class='ocrx_word' id='word_1_866' title='bbox 1740 3128 1882 3158; x_wconf 79' lang='lat' dir='ltr'>praemissa</span> <span class='ocrx_word' id='word_1_867' title='bbox 1908 3127 2037 3159; x_wconf 82' lang='lat' dir='ltr'>quaedam</span> <span class='ocrx_word' id='word_1_868' title='bbox 2063 3126 2130 3151; x_wconf 81' lang='lat' dir='ltr'>male</span> <span class='ocrx_word' id='word_1_869' title='bbox 2159 3126 2296 3156; x_wconf 80' lang='lat' dir='ltr'>omittunt;</span> 
     </span>
     <span class='ocr_line' id='line_1_112' title="bbox 1344 3170 2297 3203; baseline -0.004 -6"><span class='ocrx_word' id='word_1_870' title='bbox 1344 3173 1399 3197; x_wconf 85' lang='lat' dir='ltr'>Vat.</span> <span class='ocrx_word' id='word_1_871' title='bbox 1420 3172 1493 3203; x_wconf 86' lang='lat' dir='ltr'>legit:</span> <span class='ocrx_word' id='word_1_872' title='bbox 1514 3172 1576 3196; x_wconf 74' lang='lat' dir='ltr'>Nam</span> <span class='ocrx_word' id='word_1_873' title='bbox 1597 3178 1657 3196; x_wconf 83' lang='lat' dir='ltr'>cum</span> <span class='ocrx_word' id='word_1_874' title='bbox 1678 3174 1783 3203; x_wconf 86' lang='lat' dir='ltr'>propter</span> <span class='ocrx_word' id='word_1_875' title='bbox 1803 3172 1900 3202; x_wconf 79' lang='lat' dir='ltr'>peccati</span> <span class='ocrx_word' id='word_1_876' title='bbox 1926 3171 2080 3196; x_wconf 81' lang='lat' dir='ltr'>demeritum</span> <span class='ocrx_word' id='word_1_877' title='bbox 2106 3173 2129 3195; x_wconf 83' lang='lat' dir='ltr'>et</span> <span class='ocrx_word' id='word_1_878' title='bbox 2156 3170 2199 3194; x_wconf 84' lang='lat' dir='ltr'>Dei</span> <span class='ocrx_word' id='word_1_879' title='bbox 2226 3176 2297 3200; x_wconf 83' lang='lat' dir='ltr'>prae-</span> 
     </span>
     <span class='ocr_line' id='line_1_113' title="bbox 1343 3214 2297 3247; baseline -0.004 -6"><span class='ocrx_word' id='word_1_880' title='bbox 1343 3219 1447 3247; x_wconf 84' lang='lat' dir='ltr'>ceptum</span> <span class='ocrx_word' id='word_1_881' title='bbox 1468 3217 1546 3240; x_wconf 85' lang='lat' dir='ltr'>homo</span> <span class='ocrx_word' id='word_1_882' title='bbox 1567 3216 1739 3241; x_wconf 65' lang='lat' dir='ltr'>§aeramentis</span> <span class='ocrx_word' id='word_1_883' title='bbox 1753 3222 1779 3240; x_wconf 88' lang='lat' dir='ltr'>se</span> <span class='ocrx_word' id='word_1_884' title='bbox 1793 3215 1908 3246; x_wconf 86' lang='lat' dir='ltr'>subiicit,</span> <span class='ocrx_word' id='word_1_885' title='bbox 1923 3215 1983 3247; x_wconf 81' lang='lat' dir='ltr'>quia</span> <span class='ocrx_word' id='word_1_886' title='bbox 1997 3218 2057 3239; x_wconf 88' lang='lat' dir='ltr'>sunt</span> <span class='ocrx_word' id='word_1_887' title='bbox 2071 3214 2168 3245; x_wconf 80' lang='lat' dir='ltr'>gratiae</span> <span class='ocrx_word' id='word_1_888' title='bbox 2182 3215 2297 3244; x_wconf 83' lang='lat' dir='ltr'>signum,</span> 
     </span>
     <span class='ocr_line' id='line_1_114' title="bbox 1343 3257 2296 3291; baseline -0.003 -7"><span class='ocrx_word' id='word_1_889' title='bbox 1343 3260 1426 3291; x_wconf 82' lang='lat' dir='ltr'>magis</span> <span class='ocrx_word' id='word_1_890' title='bbox 1451 3262 1590 3291; x_wconf 82' lang='lat' dir='ltr'>praecepto</span> <span class='ocrx_word' id='word_1_891' title='bbox 1615 3266 1694 3291; x_wconf 82' lang='lat' dir='ltr'>quam</span> <span class='ocrx_word' id='word_1_892' title='bbox 1714 3261 1749 3284; x_wconf 87' lang='lat' dir='ltr'>rei</span> <span class='ocrx_word' id='word_1_893' title='bbox 1770 3259 1910 3284; x_wconf 85' lang='lat' dir='ltr'>insensibili</span> <span class='ocrx_word' id='word_1_894' title='bbox 1930 3266 1958 3283; x_wconf 86' lang='lat' dir='ltr'>se</span> <span class='ocrx_word' id='word_1_895' title='bbox 1983 3258 2098 3283; x_wconf 84' lang='lat' dir='ltr'>subiicit:</span> <span class='ocrx_word' id='word_1_896' title='bbox 2126 3260 2150 3282; x_wconf 86' lang='lat' dir='ltr'>et</span> <span class='ocrx_word' id='word_1_897' title='bbox 2174 3257 2233 3282; x_wconf 85' lang='lat' dir='ltr'>ideo</span> <span class='ocrx_word' id='word_1_898' title='bbox 2258 3260 2296 3282; x_wconf 85' lang='lat' dir='ltr'>est</span> 
     </span>
     <span class='ocr_line' id='line_1_115' title="bbox 1343 3303 1478 3328; baseline -0.007 0"><span class='ocrx_word' id='word_1_899' title='bbox 1343 3303 1478 3328; x_wconf 85' lang='lat' dir='ltr'>ordinatio.</span> 
     </span>
    </p>

    <p class='ocr_par' dir='ltr' id='par_1_39' title="bbox 1342 3343 2297 3417">
     <span class='ocr_line' id='line_1_116' title="bbox 1414 3343 2297 3379; baseline -0.005 -7"><span class='ocrx_word' id='word_1_900' title='bbox 1414 3347 1434 3363; x_wconf 86' lang='lat'>¹0</span> <span class='ocrx_word' id='word_1_901' title='bbox 1453 3348 1530 3379; x_wconf 84' lang='lat' dir='ltr'>Epist.</span> <span class='ocrx_word' id='word_1_902' title='bbox 1552 3348 1568 3372; x_wconf 89' lang='grc'>1.</span> <span class='ocrx_word' id='word_1_903' title='bbox 1588 3347 1645 3372; x_wconf 89' lang='lat' dir='ltr'>Cor.</span> <span class='ocrx_word' id='word_1_904' title='bbox 1671 3348 1713 3378; x_wconf 77' lang='lat'>13,</span> <span class='ocrx_word' id='word_1_905' title='bbox 1733 3348 1769 3372; x_wconf 73' lang='grc'>12,</span> <span class='ocrx_word' id='word_1_906' title='bbox 1789 3361 1818 3365; x_wconf 80' lang='grc'>-</span> <span class='ocrx_word' id='word_1_907' title='bbox 1832 3347 1856 3372; x_wconf 89' lang='grc'>111</span> <span class='ocrx_word' id='word_1_908' title='bbox 1879 3347 1933 3372; x_wconf 81' lang='lat' dir='ltr'>Vat.</span> <span class='ocrx_word' id='word_1_909' title='bbox 1948 3345 2110 3371; x_wconf 83' lang='lat' dir='ltr'>desideratur</span> <span class='ocrx_word' id='word_1_910' title='bbox 2129 3343 2199 3370; x_wconf 75' lang='lat' dir='ltr'>videt</span> <span class='ocrx_word' id='word_1_911' title='bbox 2212 3344 2297 3369; x_wconf 76' lang='lat' dir='ltr'>Deum</span> 
     </span>
     <span class='ocr_line' id='line_1_117' title="bbox 1342 3391 1510 3417; baseline 0 0"><span class='ocrx_word' id='word_1_912' title='bbox 1342 3391 1398 3417; x_wconf 71' lang='lat' dir='ltr'>sinc</span> <span class='ocrx_word' id='word_1_913' title='bbox 1417 3391 1510 3417; x_wconf 78' lang='lat' dir='ltr'>medio.</span> 
     </span>
    </p>
   </div>
  </div>
 </body>
</html>
