2483 3882
158 1059 259 1099 Supra
283 1058 345 1100 egit
369 1057 515 1099 Magister
539 1057 577 1090 de
595 1057 738 1099 partibus
756 1056 963 1098 poenitentiae
981 1056 1022 1087 in-

71 1111 252 1154 tegralibus.
277 1111 329 1144 Hic
353 1111 416 1152 agit
440 1111 479 1143 de
504 1110 703 1149 subiectivis‚
725 1118 805 1151 quae
822 1112 896 1141 sunt
921 1109 1024 1150 poeni-

71 1165 183 1197 tentiae
199 1164 207 1179 ¹
232 1168 304 1196 ante
320 1164 526 1206 baptismum,
543 1168 574 1196 et
590 1166 660 1205 post
676 1162 868 1204 baptismum
887 1162 925 1194 de
944 1171 1025 1193 mor-

71 1217 199 1256 talibus,
216 1220 246 1250 et
263 1217 354 1249 tertio
378 1217 417 1249 de
442 1216 629 1249 venialibus.
647 1215 804 1248 Dividitur
821 1219 927 1247 autem
946 1215 1023 1246 haee

71 1279 143 1312 pars
160 1270 190 1302 in
207 1270 287 1303 duas
304 1273 408 1311 partes
426 1269 600 1302 secundum
619 1269 682 1301 duo
707 1268 853 1310 capitula.
870 1268 901 1300 ln
920 1268 1023 1310 prima

71 1323 181 1356 dividit
196 1323 417 1365 poenitentiam
436 1332 491 1364 per
509 1322 726 1354 trimembrem
753 1321 972 1353 differentiam.
991 1320 1022 1352 In

71 1376 208 1409 secunda
231 1385 306 1408 vero
337 1375 515 1417 specialiter
539 1375 635 1407 tradit
659 1374 788 1407 modum
814 1374 1023 1416 poenitentiae

71 1429 109 1461 de
132 1429 321 1467 venialibus,
346 1428 409 1460 ibi:
438 1429 528 1468 Quae
552 1432 663 1460 autem
683 1437 748 1469 pro
772 1427 956 1459 venialibus
980 1427 1024 1459 sic

70 1481 256 1525 satisfactio
280 1481 454 1525 sufficiens.

718 211 812 243 DIST.
838 211 911 244 XVl.
935 211 964 243 P.
989 210 1022 243 Il.
1047 211 1129 243 ART.
1154 210 1174 242 l.
1199 210 1352 251 QUAEST.
1376 209 1397 241 Ι.

1975 210 2039 242 403

405 414 898 470 COMMENTARIUS
937 414 1006 467 IN
1043 413 1538 467 DISTINOTIONEM
1575 413 1707 467 XVI.

980 531 1069 562 PAns.
1095 531 1127 562 lt.

692 629 743 666 De
771 628 926 679 partibus
956 628 1151 665 subiectivis
1181 627 1418 678 poenitentiae.

342 736 530 769 Praedicta
561 745 638 768 vero
669 736 894 768 adiiciendum
925 739 988 773 est,
1021 734 1108 777 quod
1139 734 1246 766 tribus
1278 733 1384 766 ‘modis
1415 734 1531 776 agyz'cur
1559 735 1767 776 poenitentia.

603 857 764 880 TEXTUM
796 856 993 879 MAGISTRI
1024 855 1117 877 vlnss
1149 854 1280 877 snPnA
1312 854 1401 877 PAG.
1435 846 1508 878 381.

898 957 1036 990 DIVISIO
1060 957 1215 990 TEXTUS.

1177 1055 1279 1087 Prima
1304 1065 1377 1097 pars
1402 1056 1481 1088 duas
1506 1056 1609 1088 habet.
1634 1056 1666 1087 ln
1691 1056 1794 1097 prima
1815 1057 1901 1098 ponit
1918 1057 2041 1090 divisio-

1088 1118 1170 1141 nem.
1187 1109 1218 1141 ln
1237 1109 1376 1141 secunda
1393 1108 1559 1142 confirmat
1575 1118 1631 1151 per
1648 1109 1860 1149 auctoritates,
1878 1110 1936 1142 ibi:
1962 1111 2041 1143 Tres

1088 1165 1165 1193 sanc
1189 1162 1333 1194 actiones
1355 1162 1572 1204 poenitentiae
1595 1166 1652 1195 ete.

1178 1214 1327 1246 Similiter
1358 1214 1497 1247 secunda
1529 1224 1603 1256 pars
1635 1214 1788 1247 dividitur
1821 1216 1852 1247 in
1884 1215 1975 1248 duas.
2010 1216 2044 1248 In

1089 1268 1191 1309 prima
1227 1268 1366 1310 assignat
1401 1267 1607 1312 sufficientem
1644 1268 1897 1301 satisfactionem.
1931 1269 1963 1301 ln
1999 1278 2044 1302 se-

1089 1320 1193 1352 cunda
1217 1329 1292 1352 vero
1317 1319 1468 1362 epilogat,
1486 1320 1545 1352 ibi:
1572 1321 1623 1352 Ex
1647 1319 1698 1352 liis
1721 1320 1862 1363 aliisque
1882 1321 2046 1363 praemis-

1088 1374 1136 1406 sis
1159 1377 1217 1406 etc.

803 1605 1013 1638 TRACTATlO
1038 1605 1311 1646 QUAESTIONUM.

156 1719 200 1751 Ad
224 1718 461 1760 intelligentiam
485 1718 582 1750 huius
606 1717 704 1759 partis
726 1717 901 1749 secundum
927 1716 1024 1758 tripli-

70 1781 135 1806 cem
160 1772 400 1814 poenitentiam‚
425 1781 521 1814 quam
545 1771 709 1813 distinguit
737 1771 882 1812 Magister
916 1771 946 1802 in
978 1770 1024 1802 lit-

69 1824 179 1864 tera2,
204 1825 264 1857 tria
288 1824 504 1866 principaliter
529 1826 736 1866 quaeruntur.

157 1878 261 1911 Primo
284 1878 449 1920 quaeritur
470 1878 509 1910 de
527 1876 715 1919 poenitentia
731 1880 803 1908 ante
819 1876 1023 1918 baptismum.

158 1931 310 1970 Secunde,
336 1931 374 1963 de
400 1930 588 1972 poenitentia
612 1933 681 1971 post
706 1929 917 1971 baptismum,
942 1937 1023 1970 quae

70 1979 114 2017 est
138 1984 177 2016 de
201 1984 397 2016 mortalibus.

158 2036 278 2076 Tertio,
304 2036 342 2069 de
366 2036 575 2078 poenitentia,
600 2044 680 2078 quae
705 2038 752 2067 est
775 2035 814 2067 de
837 2035 1023 2067 venialibus.

160 2592 248 2624 Circa
272 2592 428 2633 primum,
458 2591 540 2633 quod
568 2600 628 2623 non
653 2592 692 2623 sit
716 2599 843 2623 necesse
867 2590 1026 2632 poenitere

0 2687 1 2692 1
74 2644 111 2677 de
134 2645 294 2686 originali,
319 2644 465 2677 videtur:

0 2693 1 2739 l
162 2699 188 2730 1.
213 2698 291 2740 Quia
323 2698 478 2740 potentior
510 2701 557 2730 est
589 2697 636 2729 vis
672 2696 889 2738 regenerativa
921 2696 1026 2728 Sacra-

1 2751 167 2786 ammenti
191 2761 286 2793 quam
311 2752 358 2784 vis
391 2751 595 2793 propagativa
620 2750 756 2782 hominis
781 2750 943 2790 corrupti3
969 2749 1022 2781 sed

74 2813 129 2846 per
158 2805 415 2847 propagationem
446 2805 513 2836 sine
549 2803 754 2836 delectatione
792 2803 1023 2835 transfunditur

75 2857 263 2899 originale³t
290 2866 364 2899 ergo
389 2857 430 2889 ab
456 2856 630 2898 oppositis,
656 2856 752 2888 immo
778 2856 877 2887 multo
900 2855 1024 2894 fortius,

74 2918 130 2951 per
154 2910 390 2943 Sacramentum
416 2911 482 2943 sine
506 2910 615 2942 dolore
640 2909 774 2942 deletur.

163 2964 191 2994 Ξ.
217 2963 309 3002 Item,
334 2964 435 2995 omnis
460 2963 650 3005 poenitentia
674 2966 721 2994 est
745 2965 890 3003 respectu
920 2961 1026 2999 veliti,

76 3023 135 3047 non
160 3016 242 3048 enim
268 3016 403 3057 poenitet
439 3016 532 3048 homo
557 3016 595 3048 de
628 3025 664 3047 eo
689 3015 774 3057 quod
804 3014 946 3052 noluit&
972 3014 1026 3046 sed

77 3068 224 3109 originale
256 3078 417 3111 nunquam
452 3069 510 3101 fuit
534 3068 770 3100 voluntarium:
804 3077 878 3108 ergo
912 3067 950 3099 de
975 3066 1028 3098 illo

76 3128 134 3152 non
160 3124 205 3153 est
230 3122 405 3154 necessaria
431 3122 628 3163 poenitentia.

149 3271 155 3287 ¹
177 3271 257 3297 Codd.
277 3273 294 3297 F
305 3273 326 3298 G
344 3272 512 3306 poenitentia.

148 3315 158 3330 2
178 3316 222 3341 llic
242 3323 264 3342 c.
287 3316 310 3341 4.

145 3357 156 3374 ³
175 3358 226 3384 Ctr.
248 3360 273 3384 ll.
293 3361 361 3385 Sem.
383 3360 406 3385 (l.
429 3360 470 3385 31.
490 3367 512 3384 a.
534 3361 558 3384 2.
580 3367 604 3392 q.
626 3360 650 3384 3.

1177 1716 1265 1748 Circa
1289 1716 1428 1757 primum
1454 1720 1653 1758 quaeruntur
1678 1717 1751 1749 duo.

1177 1770 1281 1801 Primo
1305 1770 1487 1811 quaeritur,
1512 1774 1621 1802 utrum
1650 1774 1793 1812 oporteat
1824 1770 1985 1812 poenitere
2016 1774 2047 1803 et

1088 1823 1196 1855 dolere
1222 1832 1278 1864 pro
1302 1823 1445 1864 originali
1471 1827 1608 1864 peccato.

1177 1867 1341 1914 Secundo,
1359 1879 1469 1908 utrum
1485 1876 1687 1909 accedentem
1704 1876 1743 1909 ad
1760 1876 1953 1918 baptismum
1971 1886 2044 1910 cum

1088 1929 1201 1961 actuali
1236 1938 1364 1961 necesse
1396 1929 1435 1961 sit
1467 1932 1538 1961 ante
1571 1929 1807 1962 Sacramentum
1837 1930 2046 1972 poenitentiae

1088 1982 1240 2024 accipere.

902 2161 1169 2199 ARTICULUS
1194 2162 1219 2200 I.

756 2269 801 2300 De
824 2268 1022 2310 poenitentia
1047 2272 1122 2300 ante
1147 2267 1357 2310 baptismam.

946 2381 1130 2422 Quaes'no
1154 2381 1174 2412 l.

619 2479 736 2511 Utrum
761 2483 909 2521 oporteat
929 2479 1092 2520 ‘poenitere
1116 2479 1154 2510 cle
1178 2479 1340 2521 orz'gyt'nali
1358 2483 1503 2520 peceato.

1181 2590 1210 2622 3.
1234 2590 1327 2629 Item,
1353 2590 1454 2622 omnis
1478 2590 1665 2632 poenitentia
1685 2593 1731 2622 est
1756 2590 1786 2622 in
1808 2594 1881 2622 actu
1907 2590 2046 2629 volente3

1093 2643 1146 2675 sed
1172 2642 1323 2684 originale
1348 2647 1395 2675 est
1419 2643 1447 2674 in
1473 2643 1622 2684 parvulo,
1647 2643 1677 2674 in
1702 2653 1764 2684 qno
1789 2647 1835 2675 est
1860 2643 1992 2676 morbus
2017 2646 2048 2675 et

1092 2696 1285 2728 remedium:
1311 2704 1386 2736 ergo
1411 2705 1471 2727 non
1497 2699 1632 2737 oportet,
1658 2696 1761 2737 ipsum
1780 2696 1955 2737 poenitere,
1972 2705 2045 2728 cum

1092 2758 1152 2780 non
1178 2749 1276 2791 possit
1299 2752 1370 2781 actu
1396 2749 1486 2781 velle.

1181 2802 1210 2833 lt.
1237 2802 1329 2841 ltemy
1354 2802 1455 2834 omnis
1490 2801 1677 2842 poenitentia
1705 2805 1752 2834 est
1784 2805 1930 2843 respectu
1955 2805 2044 2834 aetus

1092 2855 1229 2896 proprii;
1254 2855 1391 2896 poenitet
1414 2854 1496 2887 enim
1524 2855 1617 2886 liomo
1641 2854 1679 2887 de
1701 2864 1737 2886 eo
1761 2855 1846 2896 quod
1871 2855 1960 2893 fecit,
1984 2864 2046 2886 non

1092 2909 1131 2940 de
1155 2908 1274 2946 alieno;
1311 2908 1364 2940 sed
1397 2908 1548 2949 originale
1584 2911 1630 2940 est
1662 2917 1718 2949 per
1750 2912 1854 2940 actum
1884 2908 2046 2940 alienum:

1092 2971 1167 3003 ergo
1192 2966 1248 2994 etc.

1183 3017 1211 3047 5.
1236 3015 1329 3054 ltem,
1346 3015 1521 3056 baptismus
1538 3014 1704 3046 ordinatur
1728 3018 1835 3046 contra
1857 3013 2046 3055 originale⁵3

1094 3068 1147 3100 sed
1173 3077 1233 3099 non
1259 3072 1332 3099 sunt
1357 3067 1419 3099 duo
1445 3067 1583 3099 remedia
1608 3071 1715 3099 contra
1747 3067 1852 3098 idem:
1878 3075 1953 3108 ergo
1977 3076 2048 3108 poe-

1093 3120 1222 3152 nitentia
1246 3129 1307 3151 non
1332 3124 1378 3152 est
1403 3119 1579 3152 remedium
1605 3123 1713 3152 contra
1737 3119 1898 3161 originale.

1165 3272 1175 3289 ⁴
1197 3272 1260 3297 Vide
1281 3278 1328 3303 pro
1349 3272 1396 3296 hoc
1416 3275 1441 3297 ct
1460 3278 1532 3304 seqq.
1552 3278 1626 3303 argg.
1646 3279 1725 3303 supra
1746 3271 1771 3297 d.
1797 3271 1833 3297 14.
1854 3279 1878 3303 p.
1900 3272 1916 3297 l.
1936 3271 2000 3297 dub.
2021 3271 2046 3298 4.

1096 3317 1256 3342 definitiones
1276 3316 1454 3347 poenitentiae.

1165 3360 1176 3376 ⁵
1196 3359 1226 3384 Ut
1245 3362 1376 3384 ostensum
1397 3362 1435 3384 est
1454 3366 1532 3391 supra
1553 3359 1579 3385 d.
1603 3359 1624 3385 4.
1646 3367 1671 3392 p.
1692 3360 1708 3385 l.
1729 3367 1750 3385 a.
1777 3361 1795 3385 1.
1818 3367 1842 3392 q.
1867 3361 1887 3385 t.
