2483 3882
320 2400 405 2426 Quaest.
421 2400 452 2420 in-

333 2427 374 2447 cid.
391 2427 410 2447 1,

320 2613 404 2638 Quaest.
421 2611 451 2631 in-

333 2638 375 2659 cid.
390 2638 410 2658 Ξ.

470 241 534 273 608

1291 401 1555 439 ARTICULUS
1583 402 1609 438 I.

2481 82 2482 97 l

2481 134 2483 202 !

1227 235 1510 267 SENTENTIARUM
1533 235 1600 267 LlB.
1626 235 1672 267 lV.
2481 204 2483 289 1

2482 304 2483 332 1

1249 512 1295 544 De
1318 511 1447 544 ordinis
1470 511 1653 554 sigynacnlo.

1341 635 1523 677 QUAESTIO
1547 635 1566 667 Ι.

973 748 1090 780 Utrum
1115 747 1297 779 ordinandi
1320 747 1453 779 debeant
1478 746 1653 779 tonsurari
1679 746 1747 778 sive
1771 746 1937 778 coronari.

558 863 715 902 Quantum
740 860 779 892 ad
804 860 945 902 primum
969 859 1155 897 ostenditur,
1176 858 1260 900 quod
1285 867 1345 890 non
1370 858 1421 890 de-

469 913 563 946 beant
587 913 691 945 clerici
717 913 900 944 tonsurari.

559 969 586 999 l.
611 967 759 999 Ieremiae
791 966 1033 1008 quadragesimo
1065 964 1170 996 nono¹
1207 964 1418 996 comminatur

323 1029 455 1076 Adissffi'ffl'
469 1021 621 1052 Dominus
645 1020 709 1052 liis:
744 1019 942 1060 Disperyam
967 1028 1018 1050 eos
1043 1018 1077 1049 in
1109 1026 1235 1049 oannem
1266 1020 1417 1053 ventum,

469 1073 527 1116 qni
549 1072 673 1105 attonsi
701 1076 780 1104 snnt
803 1072 838 1103 in
863 1080 1010 1103 comant:
1036 1071 1061 1103 si
1085 1079 1159 1111 ergo
1183 1069 1335 1101 Dominus
1360 1069 1419 1100 hoc

469 1126 652 1164 detestatur,
677 1125 802 1157 videtur
826 1128 883 1156 etc.

557 1180 585 1210 Ξ.
610 1179 703 1216 Item,
727 1178 767 1209 ad
791 1176 914 1209 Galatas
942 1175 1092 1207 ultimo‘2:
1118 1175 1156 1206 In
1185 1173 1313 1206 Christo
1345 1174 1419 1205 Iesu

466 1241 567 1273 neque
583 1229 793 1262 circumcisio
818 1228 947 1270 aliquid
962 1228 1046 1259 ¹ualet
1062 1236 1162 1269 neqne
1182 1226 1398 1268 praeputium
1409 1251 1418 1263 ,

466 1284 523 1316 sed
548 1293 635 1315 novet
667 1286 844 1314 creatura:
869 1290 944 1323 ergo
971 1281 1050 1312 nihil
1074 1280 1157 1312 Valet
1180 1280 1212 1311 in
1240 1288 1320 1311 nova
1352 1278 1419 1320 lege

468 1336 596 1378 capillos
623 1335 760 1367 tondere.

557 1388 585 1420 3.
604 1388 688 1426 item,
702 1387 856 1420 caesaries
873 1396 890 1418 a
907 1390 1020 1418 natura
1037 1386 1109 1418 data
1125 1388 1171 1417 est
1187 1385 1218 1416 in
1236 1385 1419 1422 decorem³3

467 1442 521 1474 sed
546 1441 651 1473 omnia
675 1440 811 1482 gratuita
835 1439 957 1472 salvant
980 1448 1016 1471 ea
1041 1447 1121 1479 quae
1145 1441 1217 1469 sunt
1242 1437 1280 1469 de
1306 1437 1419 1469 decore

467 1497 612 1526 naturae:
630 1502 704 1534 ergo
721 1493 751 1524 in
769 1492 856 1524 nullo
873 1492 1074 1524 Sacramento
1090 1490 1216 1522 videtur
1234 1489 1419 1530 deponenda

467 1547 629 1579 caesaries.

554 1600 647 1638 Item,
672 1599 807 1636 videtur,
832 1598 916 1640 quod
941 1606 1001 1629 non
1026 1596 1160 1628 debeant
1184 1595 1362 1627 coronari:

553 1653 583 1684 [ι.
609 1652 763 1689 Primum,
787 1650 860 1692 qnia
879 1650 994 1682 veritas
1018 1649 1110 1681 debet
1127 1648 1319 1690 respondere
1343 1647 1420 1689 figu-

466 1714 538 1743 rae;
562 1705 634 1742 sed,
659 1707 694 1736 ut
722 1702 889 1744 Magister⁴
912 1702 1003 1740 dicit,
1028 1702 1087 1734 ista
1122 1700 1309 1742 capillorum
1334 1709 1417 1732 amo-

466 1759 508 1790 tio
531 1759 562 1789 in
586 1761 657 1789 voto
689 1756 919 1788 Nazaraeorum
944 1755 1002 1787 fnit
1034 1754 1264 1795 praefigurata3
1290 1753 1343 1785 sed
1372 1753 1415 1785 illi

466 1820 527 1843 non
551 1810 704 1843 faciebant
721 1818 885 1847 coronam,
911 1809 966 1840 sed
990 1807 1125 1840 totaliter
1143 1806 1310 1845 radebant,
1336 1806 1418 1838 sicut

468 1864 582 1897 dicitur
605 1863 816 1895 Numerorum
841 1866 947 1893 sexto:
974 1869 1048 1902 ergo
1072 1863 1129 1892 eto.

556 1917 585 1948 5.
610 1916 699 1954 Item,
716 1914 831 1946 amotio
848 1914 1033 1955 capillorum
1052 1912 1206 1954 significat
1229 1912 1418 1943 amotionem

466 1968 702 2011 superfluorum
718 1967 742 1998 ⁵:
769 1967 793 1999 si
818 1976 892 2008 ergo
917 1975 978 1998 non
1002 1975 1076 2008 pars
1093 1965 1338 2006 superfluitatis,
1363 1965 1419 1997 sed

466 2025 530 2054 tota
554 2020 727 2053 abiicienda
751 2023 814 2058 est;
838 2020 974 2058 videtur,
1002 2018 1086 2061 quod
1120 2021 1221 2050 totum
1246 2020 1340 2059 caput
1373 2027 1419 2050 ra-

467 2075 605 2107 dendum
630 2074 678 2105 sit.

556 2128 583 2159 6.
621 2127 713 2165 item,
749 2135 881 2158 coronae
917 2124 1077 2166 signaculo
1113 2126 1346 2156 consueverunt
1382 2123 1419 2156 si-

468 2180 556 2222 gnari
588 2179 716 2218 stulti63
741 2179 796 2211 sed
829 2178 958 2210 clericos
990 2187 1052 2209 non
1077 2177 1165 2209 decet
1198 2177 1256 2209 nisi
1292 2176 1417 2218 signum

466 2233 637 2265 sanctitatis
661 2236 691 2264 et
714 2231 902 2264 honestatis:
935 2239 1010 2272 ergo
1042 2230 1178 2269 videtur,
1212 2230 1297 2271 quod
1329 2229 1418 2261 nullo

466 2286 559 2319 modo
583 2286 716 2318 debeant
740 2284 893 2316 coronari.

553 2339 722 2380 Quaeritur
747 2338 852 2379 igitur,
877 2345 957 2379 quae
986 2340 1032 2369 est
1063 2336 1156 2375 ratio,
1182 2344 1281 2378 quare
1314 2338 1418 2367 tonsu-

466 2396 578 2425 rantur
602 2396 631 2423 et
656 2394 846 2424 coronantur
870 2389 997 2427 clerici;
1018 2393 1048 2421 et
1072 2398 1153 2430 quae
1178 2389 1217 2420 sit
1241 2387 1418 2420 differentia

466 2447 547 2478 inter
571 2454 717 2478 coronam
747 2447 777 2476 et
806 2446 986 2481 tonsuram3
1011 2447 1040 2474 et
1061 2451 1197 2480 rursus,
1223 2450 1321 2483 quare
1347 2450 1419 2472 con-

466 2497 555 2529 versi
578 2496 713 2538 religiosi
732 2499 894 2528 tonsuram
921 2495 1088 2536 recipiant,
1108 2494 1159 2526 sed
1180 2502 1240 2525 non
1259 2502 1417 2525 coronam.

467 2570 507 2573 —
526 2550 694 2592 Quaeritur
718 2549 828 2587 etiam,
853 2557 951 2590 quare
977 2548 1007 2579 in
1032 2547 1127 2579 huius
1151 2546 1342 2579 Sacramenti
1369 2555 1419 2578 su-

467 2604 623 2645 sceptione
644 2603 748 2644 potius
772 2601 995 2642 consignantur
1019 2600 1127 2632 fideles
1152 2608 1246 2641 quam
1268 2599 1299 2631 in
1316 2608 1419 2631 susce-

467 2657 571 2699 ptione
595 2656 725 2688 alterius
749 2654 966 2687 Sacrainenti?

1837 866 2077 890 CONCLUSIO.

1562 962 1702 994 Clericus
1728 963 1902 994 tonsurari
1924 972 1998 994 cuin
2024 972 2147 995 corona
2172 963 2362 995 conveniens

1621 1019 1666 1047 est
1689 1015 1735 1047 ad
1759 1015 1996 1047 distinctionem
2021 1019 2048 1047 et
2072 1015 2296 1048 eruditionem.

1573 1121 1769 1153 Responuno:
1796 1120 1987 1159 Dicendum,
2012 1121 2113 1163 quod,
2139 1122 2218 1154 sicut
2247 1122 2349 1154 infra⁷
2372 1132 2430 1156 me-
2482 1124 2483 1136 ¹

1483 1174 1544 1205 lius
1569 1174 1738 1211 videbitur,
1763 1173 1793 1205 in
1818 1174 2018 1205 sacramento
2043 1174 2162 1206 ordinis
2180 1174 2273 1207 datur
2296 1178 2429 1216 potestas

1483 1226 1521 1257 ad
1551 1226 1630 1257 illud
1659 1225 1762 1257 nobile
1786 1225 1923 1257 officium
1942 1227 2197 1267 exsequendum,
2215 1230 2245 1259 et
2269 1227 2345 1259 haec
2371 1236 2430 1259 non

1483 1278 1630 1310 omnibus
1655 1278 1748 1310 datur
1773 1287 1829 1310 nec
1854 1279 2000 1311 omnibus
2025 1279 2093 1311 (lari
2119 1279 2228 1317 debet;
2254 1280 2323 1312 ideo
2347 1289 2431 1322 opor-

1484 1336 1543 1370 tet,
1569 1340 1718 1373 personas
1743 1331 1800 1363 hoc
1825 1331 1964 1363 officium
1989 1332 2195 1373 suscipientes
2213 1332 2315 1373 primo
2339 1333 2431 1365 consi-

1483 1384 1589 1425 gnari,
1615 1388 1645 1416 et
1673 1384 1732 1416 hoc
1764 1384 1942 1425 signaculo,
1975 1385 2058 1426 quod
2084 1385 2226 1417 ostendat
2257 1385 2481 1420 distinctio-nnis

1483 1447 1574 1475 neni,
1600 1441 1630 1469 et
1654 1437 1848 1479 quodetiam
1874 1437 1912 1469 sit
1936 1437 1966 1468 in
1984 1437 2210 1469 eruditionem.
2235 1437 2362 1470 Nullum
2382 1448 2431 1471 au-

1485 1494 1547 1522 tem
1572 1490 1613 1521 ita
1645 1490 1833 1522 conveniens
1865 1494 1928 1529 est,
1960 1494 1996 1522 ut
2020 1494 2159 1522 tonsnrct
2193 1500 2265 1523 cum
2290 1500 2428 1524 corona:

1483 1543 1586 1584 primo
1609 1543 1729 1574 ratione
1757 1543 1860 1581 sitm,
1893 1543 1966 1584 quia
1991 1543 2021 1574 in
2057 1543 2320 1584 superexcellenti
2343 1547 2427 1585 parte
2441 1555 2479 1577 nau

1484 1596 1576 1628 debet
1600 1596 1658 1628 hoc
1683 1595 1879 1637 signaculum
1905 1596 1994 1637 poni,
2019 1599 2054 1627 ut
2078 1596 2271 1637 significetur
2296 1596 2429 1629 officium
2454 1583 2479 1609 ¹³¹⁶

1483 1648 1670 1688 nobilitatis³
1687 1649 1726 1680 ad
1745 1648 1828 1690 quod
1841 1649 1851 1665 ⁵³
1868 1649 1968 1690 parati
1989 1652 2070 1681 sunt.
2089 1649 2231 1681 Secundo
2256 1658 2344 1686 vero,
2362 1651 2431 1694 quia

1483 1706 1614 1734 tonsura
1643 1701 1770 1733 inferior
1803 1710 1875 1733 cum
1913 1711 2025 1734 rasura
2057 1702 2212 1743 superiori
2248 1703 2430 1736 circularem

1483 1754 1617 1796 figuram
1643 1754 1760 1786 faciunt
1784 1754 1815 1785 in
1841 1754 2027 1795 capillatura
2036 1767 2044 1793 3
2068 1757 2099 1786 et
2130 1754 2183 1786 illa
2206 1755 2357 1796 appellari
2384 1765 2432 1797 po-

1483 1811 1543 1839 test
1566 1815 1709 1844 coronet,
1742 1815 1822 1847 quae
1855 1806 2024 1848 significat,
2049 1815 2102 1838 eos
2133 1807 2238 1848 parari
2267 1807 2307 1839 ad
2331 1808 2431 1849 regale

1484 1860 1713 1898 sacerdotium,
1731 1859 1905 1892 secundun]
1924 1859 2002 1891 illud
2020 1860 2140 1901 primae
2157 1860 2238 1892 Petri
2259 1861 2428 1893 secund09:

1490 1913 1549 1944 Vos
1573 1912 1648 1944 estis
1662 1922 1767 1954 qenins
1784 1911 1936 1950 electum,
1962 1912 2072 1954 requie
2099 1913 2338 1951 sacerclotinni;
2363 1913 2427 1946 ideo
2441 1924 2479 1946 cum

1483 1965 1680 2006 signaculum
1706 1964 1811 2006 regale
1835 1964 2008 1996 rectissime
2025 1965 2069 1997 eis
2094 1965 2242 2006 competit
2258 1965 2298 1997 ad
2322 1965 2429 1997 distin-

1481 2018 1660 2060 gyncndmn.

1572 2069 1725 2112 Competit
1749 2069 1953 2102 nibilominus
1977 2070 2016 2102 ad
2042 2070 2280 2108 emdienclnnw
2304 2073 2334 2102 et
2357 2070 2478 2109 hocffiow

1483 2124 1557 2165 quia
1591 2123 1622 2154 in
1655 2123 1726 2154 talis
1751 2122 1900 2163 signaculi
1939 2122 2102 2154 collatione
2127 2126 2174 2154 est
2206 2122 2428 2164 superfluitatis

1484 2176 1621 2213 amotio,
1647 2179 1693 2207 est
1717 2175 1906 2207 summitatis
1939 2175 2048 2216 capitis
2073 2175 2265 2213 denudatio,
2288 2179 2334 2208 est
2358 2175 2478 2217 figu-'rrip

1484 2237 1538 2260 rae
1566 2228 1753 2260 orbicularis
1782 2228 1963 2269 impressio.
1983 2247 2023 2250 —
2040 2228 2071 2260 In
2098 2228 2200 2270 primo
2232 2228 2426 2261 instruuntur
2439 2216 2483 2264 pili}

1483 2281 1604 2320 clerici,
1641 2281 1717 2323 quid
1753 2280 1792 2312 sit
1826 2281 2020 2318 vitandum,
2051 2281 2198 2323 quoniam
2233 2281 2428 2322 superfluitas

1485 2333 1706 2372 terreneitatis‚
1742 2333 1917 2366 secundum
1954 2333 2033 2365 illud
2070 2333 2204 2375 Apostoli
2242 2334 2361 2375 primae
2390 2333 2427 2365 ad

1484 2387 1681 2419 Tiinotbeum
1708 2386 1818 2418 ultimo
1832 2386 1868 2417 ¹⁰:
1891 2386 2052 2418 Habentes
2076 2386 2244 2425 alimenta,
2263 2392 2292 2418 et
2314 2386 2426 2429 quibus
2482 2393 2483 2434 1

1484 2444 1646 2482 teycmnnr,
1680 2438 1731 2470 stis
1764 2439 1904 2471 contenti
1930 2439 2046 2471 sinitis.
2080 2439 2165 2471 Unde
2197 2443 2227 2471 et
2251 2440 2280 2471 in
2314 2440 2371 2471 hoc
2394 2438 2428 2471 si-

1483 2492 1660 2533 gnificatur,
1684 2492 1768 2533 quod
1794 2491 1908 2524 debent
1932 2500 2000 2524 esse
2024 2491 2185 2523 succincti
2208 2491 2332 2523 lumbos
2349 2500 2426 2522 inen-

1484 2544 1533 2576 tis.
1552 2563 1596 2567 ——
1612 2544 1642 2575 ln
1669 2544 1806 2576 secundo
1829 2544 2031 2576 instruuntur
2056 2547 2208 2585 quantum
2234 2544 2274 2575 ad
2296 2543 2326 2575 id
2346 2542 2425 2584 quod
2438 2552 2476 2574 sem

1482 2601 1529 2629 est
1561 2597 1817 2629 ctesiderandnin
1849 2601 1878 2629 et
1908 2597 1991 2638 quod
2025 2600 2071 2629 est
2103 2597 2289 2635 tenendum,
2314 2600 2343 2628 et
2373 2596 2426 2628 hoc

1483 2654 1529 2683 est
1553 2650 1672 2682 bonum
1701 2658 1891 2691 supernum,
1917 2653 1963 2688 ut,
1995 2650 2169 2682 secundum
2195 2649 2274 2682 illud
2297 2648 2424 2691 Apostoli

536 2878 543 2894 ¹
565 2878 638 2903 Vers.
659 2878 699 2902 32.

535 2922 545 2938 ²
564 2922 637 2947 Vers.
664 2922 699 2947 15.

537 2965 548 2982 3
565 2966 663 2997 lsidor.,
686 2965 727 2990 Xl.
749 2965 892 2996 Etymolog.
913 2971 935 2990 c.
959 2965 982 2989 rl.
1005 2971 1028 2989 n.
1049 2964 1096 2988 28:
1117 2962 1212 2996 Capilli
1230 2963 1322 2994 vocati,
1344 2963 1417 2994 quasi

465 3009 557 3043 capitis
576 3009 636 3043 pili,
660 3010 731 3041 sacti7
747 3012 774 3034 ut
794 3012 818 3034 et
832 3009 952 3033 decorem
967 3010 1096 3040 praestent
1109 3011 1156 3032 etc.
1171 3008 1289 3038 August„
1304 3008 1416 3032 Enarrat.

464 3055 488 3078 in
511 3055 548 3079 Ps.
569 3054 611 3079 51.
634 3061 659 3078 11Δ
682 3055 704 3084 9,
726 3053 800 3084 dicit,
823 3053 892 3085 quod
918 3052 1024 3083 «capilli
1045 3059 1094 3076 non
1124 3052 1255 3083 superflue
1275 3051 1332 3076 sacti
1359 3054 1417 3076 sunt

465 3105 477 3122 n
498 3098 550 3122 Deo
571 3099 594 3122 in
616 3104 725 3129 corpore
746 3097 889 3127 bominum,
910 3096 956 3121 sed
976 3096 1007 3121 ad
1029 3095 1133 3128 aliquod
1154 3097 1334 3120 ornamentum
1346 3103 1369 3118 n.

535 3140 545 3156 4
565 3142 609 3166 Hic
629 3148 650 3166 c.
672 3141 699 3172 1,
720 3141 763 3165 ubi
790 3141 866 3166 etiaim
896 3140 1004 3165 modum
1032 3139 1140 3164 radendi
1170 3145 1199 3163 ex
1229 3139 1303 3163 Num.
1324 3138 1353 3169 6,
1377 3138 1416 3162 18.

466 3186 593 3216 proponit.
614 3185 664 3210 Cir.
684 3185 736 3209 Act.
758 3185 805 3216 21,
829 3184 870 3209 24..

535 3228 546 3244 ⁵
566 3230 680 3259 August„
702 3230 814 3253 Enarrat.
836 3230 860 3253 in
882 3229 919 3254 Psi
941 3228 981 3253 51.
1003 3235 1026 3252 n.
1048 3228 1076 3252 9:
1096 3227 1158 3252 Nam
1173 3228 1212 3252 isti
1233 3226 1315 3258 capilli
1330 3233 1418 3257 snper-

468 3272 518 3296 ssua
537 3279 623 3297 rerum
638 3273 818 3303 temporalium
832 3272 984 3303 significant.
998 3271 1048 3297 Csr.
1063 3272 1175 3296 Enarrat.
1190 3272 1213 3295 in
1228 3272 1266 3295 Ps.
1283 3270 1340 3295 140.
1355 3277 1378 3294 n.
1393 3270 1416 3294 8.

537 3314 547 3330 6
568 3315 643 3339 Teste
663 3317 844 3347 Aristophane,
864 3319 968 3341 tonsura
988 3315 1140 3346 capillorum
1169 3316 1273 3346 signum
1295 3318 1349 3339 erat
1367 3320 1418 3339 ser-

468 3359 563 3383 x‘ilutis.
585 3358 647 3383 Dicit
666 3360 733 3383 enim
754 3360 778 3383 in
798 3360 887 3384 Avib.:
908 3359 1009 3387 Δοῦλος
1021 3356 1070 3391 ὢν,
1085 3357 1164 3392 κόμην
1178 3356 1244 3393 ’ἔχεις
1258 3359 1273 3383 i.
1290 3365 1311 3383 e.
1326 3364 1418 3383 servus

1483 2881 1542 2899 cum
1563 2875 1608 2904 sis⁷
1630 2879 1731 2898 comum
1752 2872 1832 2897 babes
1851 2873 1905 2897 sive
1926 2873 2025 2898 millis?
2039 2872 2187 2897 Secundum
2202 2873 2308 2904 Gregor.
2323 2872 2423 2903 Tur0n.‚

1483 2919 1518 2943 lll.
1538 2919 1631 2943 Histor.
1654 2918 1772 2942 Francor.
1794 2924 1814 2956 ct
1837 2917 1882 2947 l8,
1904 2916 2089 2942 chrotechildis
2118 2918 2207 2948 regina
2232 2916 2328 2942 aiebat:
2348 2916 2425 2940 Satius

1482 2962 1550 2986 enim
1570 2962 1632 2986 milii
1653 2963 1704 2992 est⁷
1724 2962 1745 2985 si
1765 2961 1797 2986 ad
1817 2967 1927 2992 regnum
1948 2967 1997 2985 non
2013 2961 2148 2991 eriguntur
2162 2959 2239 2993 [filli],
2259 2963 2372 2985 mortuos
2384 2964 2426 2983 eos

1481 3006 1571 3031 videro
1592 3012 1670 3037 quam
1692 3009 1786 3030 tonsos.

1552 3050 1562 3066 ⁷
1582 3051 1633 3074 Art.
1654 3051 1676 3074 2.
1699 3057 1723 3082 q.
1745 3051 1767 3074 2.
1783 3064 1815 3067 —-
1835 3049 1941 3074 Interius
1960 3052 2017 3080 post
2030 3048 2227 3082 exsequendum
2241 3047 2311 3081 [cod.
2326 3048 2345 3072 G
2357 3052 2424 3072 exer-

1482 3093 1607 3126 cendum]
1628 3094 1684 3119 Vat.
1705 3095 1870 3125 prosequitur
1895 3094 1918 3118 et
1946 3092 2073 3126 qnoniam
2100 3092 2163 3118 haec
2183 3096 2229 3117 etc.
2250 3091 2362 3117 Subinde
2380 3096 2425 3122 pro

1482 3137 1530 3163 hoc
1550 3137 1663 3171 officiunt
1684 3137 1756 3162 multi
1776 3137 1852 3162 codd.
1873 3143 2011 3168 perperam
2032 3136 2080 3162 hoc
2099 3135 2279 3169 siqnaculmn.
2478 3136 2480 3163 3

1552 3181 1563 3197 ὃ
1582 3181 1662 3207 Cocld.
1684 3182 1723 3206 lli
1743 3180 1908 3214 siqnificetnr
1927 3179 2062 3211 nobilitas,
2085 3179 2120 3206 ud
2139 3186 2229 3213 quam.

1552 3225 1562 3241 ⁹
1583 3227 1640 3251 Ver.
1662 3227 1690 3251 9:
1712 3225 1763 3250 Vos
1783 3228 1867 3250 autem
1889 3231 1972 3256 genus
1991 3228 2037 3249 etc.
2059 3223 2109 3249 Cfr.
2132 3225 2172 3249 liic
2186 3224 2221 3249 lit.
2235 3222 2353 3253 Magistri,
2367 3227 2386 3246 c.
2400 3218 2420 3244 4.
2478 3230 2479 3256 3

1553 3269 1574 3285 ¹0
1595 3270 1666 3294 Vers.
1688 3270 1716 3294 8:
1736 3268 1865 3294 Habentes
1884 3271 1969 3293 autem
1990 3268 2134 3293 alimenta...
2155 3268 2194 3292 bis
2219 3267 2327 3292 contenti
2346 3266 2422 3290 simus
2478 3257 2479 3263 ¹

1482 3313 1527 3346 [ita
1554 3314 1628 3338 etiam
1656 3313 1730 3338 codd.
1751 3313 1768 3337 F
1779 3311 1818 3345 Ζ].
1838 3326 1873 3330 -
1892 3313 1950 3344 Seq.
1980 3312 2051 3337 locus
2076 3316 2113 3337 cst
2140 3312 2154 3336 l.
2184 3312 2247 3336 Petr.
2270 3311 2291 3342 l,
2312 3309 2350 3334 113.
2375 3307 2423 3346 Csi·3

1484 3358 1547 3388 Epli.
1568 3357 1597 3388 (3,
1623 3356 1659 3381 14.
