2483 3882
214 869 248 890 Ad
262 869 346 896 opposi-

254 898 304 917 lum.

193 1980 347 2002 Fundamenta.

1229 392 1412 433 Quaesuo
1436 394 1468 426 11.
1929 388 1932 389 ’
2470 382 2473 408 ⁵

478 488 594 520 Utrum
620 491 705 520 totus
724 488 827 529 panis
851 491 1064 521 eonvertatur
1088 489 1124 521 2312
1145 499 1266 532 corpus
1293 490 1432 529 Cltrz'stt',
1457 502 1502 524 an
1526 492 1657 535 aliquid
1678 498 1850 525 remaneat
1869 498 2004 535 praeter
2029 496 2224 529 accidentia.

450 598 594 631 Secundo
619 599 801 641 quaeritur,
832 602 942 632 utrum
967 603 1052 633 totus
1074 601 1164 642 panis
1189 610 1315 634 conver-

362 654 447 683 tatur
472 651 502 683 in
527 660 642 693 corpus
667 651 798 691 Christi,
823 662 863 684 an
886 652 1007 695 aliquid
1035 659 1197 687 remaneat
1228 664 1315 696 prae-

361 707 409 736 ter
433 704 614 736 accidentia.
648 704 684 736 Et
715 704 799 746 quod
832 709 916 738 totus
940 715 1001 738 non
1027 710 1248 746 convertatur.
1273 707 1315 739 vi-

362 756 475 788 detur:

452 810 479 840 1.
498 809 576 850 Quia
600 809 704 841 «nihil
721 813 768 842 est
785 810 816 842 in
833 819 961 852 genere,
979 812 1063 853 quod
1080 821 1141 844 non
1159 812 1198 844 sit
1215 812 1245 844 i’n
1262 812 1315 843 ali-

360 871 423 904 qua
449 862 518 894 eius
542 863 666 904 specie¹
683 875 714 901 »;
739 864 794 896 sed
816 865 1124 897 transsubstantiatio
1146 869 1192 898 est
1216 869 1315 897 muta-

359 915 418 955 tio,
436 918 466 947 et
482 915 513 947 in
530 916 615 947 omni
640 917 743 957 specie
768 920 872 950 motus
888 918 1146 960 aliquidmanet:
1164 927 1239 960 ergo
1255 922 1312 950 etc.

449 968 477 999 9..
502 967 596 1006 Item‚
621 968 703 1000 sicut
724 969 755 1000 in
780 969 917 1001 naturali
944 970 1115 1002 mutatione
1139 975 1186 1003 est
1210 973 1314 1011 poten-

362 1021 402 1053 tia
425 1021 602 1060 materiae,
637 1022 682 1054 sic
705 1026 736 1055 et
759 1023 790 1054 in
824 1023 883 1055 hac
907 1023 1045 1064 potentia
1070 1023 1313 1061 obectz'e·nt2‘cte²;

360 1073 415 1106 sed
440 1083 481 1106 ex
506 1078 595 1116 parte
620 1075 840 1114 transmutati,
865 1076 919 1108 ubi
942 1081 989 1108 est
1005 1077 1142 1118 potentia
1158 1077 1314 1109 materia-

360 1126 419 1164 lis,
444 1136 505 1159 non
530 1128 657 1165 omnino
681 1128 820 1167 tollitur,
845 1132 876 1160 et
900 1129 970 1161 ideo
995 1132 1136 1161 remanet
1159 1128 1256 1168 illud,
1282 1130 1312 1161 in

358 1188 421 1220 quo
445 1179 616 1212 fundatur:
651 1189 726 1221 ergo
753 1180 895 1219 videtur,
920 1181 1006 1222 quod
1030 1182 1174 1214 similiter
1199 1182 1230 1214 in
1254 1182 1313 1215 ista

357 1232 478 1274 ailquid
510 1237 687 1272 remaneat,
720 1233 751 1265 in
776 1243 839 1275 quo
862 1234 1016 1266 fundatur
1040 1234 1239 1267 obedientiae
1262 1245 1314 1278 po-

358 1285 463 1317 tentia.

447 1337 475 1369 3.
500 1338 594 1376 Item,
618 1338 656 1370 de
685 1339 806 1371 ratione
837 1340 1019 1373 mutationis
1043 1344 1107 1379 est,
1124 1342 1208 1383 quod
1233 1342 1311 1375 illud

357 1390 441 1432 quod
469 1393 627 1429 mutatur,
659 1390 751 1423 aliter
775 1400 808 1424 se
833 1392 928 1424 habet
950 1402 1033 1426 nunc
1058 1403 1152 1435 quam
1178 1394 1311 1436 prius³3

357 1443 412 1475 sed
436 1443 526 1484 panis
550 1447 692 1476 mutatur
717 1444 746 1476 in
773 1454 889 1487 corpus
911 1446 1042 1479 Christi:
1068 1456 1143 1488 ergo
1167 1448 1258 1480 aliter
1280 1458 1312 1481 se

356 1496 451 1528 hahet
475 1506 558 1529 nunc
582 1506 677 1538 quam
702 1498 801 1539 prius.
819 1498 876 1531 Sed
896 1500 980 1541 quod
998 1500 1089 1532 aliter
1110 1510 1195 1533 nunc
1217 1511 1311 1543 quam

354 1548 445 1590 prius
477 1552 523 1581 est
555 1549 660 1591 aliquo
689 1551 783 1583 modo
806 1556 931 1584 manet:
957 1561 1031 1594 ergo
1052 1557 1082 1585 et
1099 1554 1188 1595 panis
1205 1563 1312 1586 secun-

357 1603 434 1634 dum
458 1602 578 1644 aliquid
603 1603 652 1635 sui
679 1608 791 1636 manet.

443 1656 474 1687 lt.
499 1656 592 1695 Item,
622 1657 887 1699 quandocumque
919 1659 1047 1701 aliqua*¹
1072 1659 1135 1691 duo
1167 1664 1311 1692 extrema

355 1709 589 1740 communicant
613 1709 644 1741 in
668 1709 790 1751 aliquo,
816 1710 914 1749 illud,
934 1711 962 1743 in
980 1721 1043 1753 quo
1061 1713 1311 1752 communicant,

355 1764 461 1793 manet
484 1761 569 1793 idem
602 1762 632 1793 in
661 1765 724 1794 tota
756 1764 1037 1803 transnuitatione3
1071 1765 1125 1797 sed
1158 1766 1248 1807 panis
1281 1769 1311 1797 et

355 1823 470 1855 corpus
495 1814 609 1846 Christi
634 1816 867 1848 communicant
884 1817 915 1848 in
939 1817 1091 1849 materia:
1117 1826 1192 1859 ergo
1217 1822 1310 1851 mate-

354 1867 402 1898 ria
426 1871 538 1899 manet.

442 1920 583 1952 CONTRA:
612 1922 638 1952 l.
665 1922 787 1954 Virtute
805 1922 892 1954 verbi
911 1923 945 1954 fit
963 1923 1272 1956 transsubstantiatio
1285 1925 1309 1963 ⁵3

356 1973 411 2004 sed
436 1973 567 2004 verbum
594 1973 789 2006 demonstrat
812 1975 1021 2008 substantiam
1054 1977 1113 2009 sub
1145 1977 1310 2009 accidenti-

354 2025 431 2064 bus,
457 2029 571 2065 totam,
595 2027 742 2069 inquam,
768 2028 974 2061 substantiam
992 2030 1098 2071 panis:
1119 2039 1195 2072 ergo
1214 2034 1307 2063 totam

353 2079 515 2111 convertit.

441 2134 470 2163 2.
496 2132 589 2171 item,
614 2133 768 2165 convertit
785 2134 816 2165 in
834 2137 933 2166 totum
952 2144 1067 2177 corpus
1085 2136 1214 2169 Christi:
1234 2146 1309 2178 ergo

353 2185 507 2216 convertit
530 2189 560 2217 et
584 2189 683 2217 totuin
703 2195 833 2227 panem:
852 2187 943 2228 quia>
962 2188 985 2220 si
1005 2192 1126 2220 tantum
1146 2190 1307 2221 materiam

352 2237 459 2278 panis,
478 2241 553 2269 tunc
570 2238 750 2277 videretur,
769 2240 852 2281 quod
871 2244 953 2272 esset
971 2242 1134 2274 conversio
1156 2242 1187 2273 in
1210 2242 1307 2274 solam

353 2290 514 2321 materiam
529 2290 548 2321 ⁶.

441 2343 469 2375 3.
496 2344 589 2382 Item,
607 2344 631 2376 si
658 2348 762 2377 manet
786 2346 906 2387 aliquid
932 2347 971 2379 de
988 2357 1086 2388 pane,
1104 2352 1158 2380 aut
1176 2352 1210 2380 ut
1227 2359 1310 2380 eom—

352 2406 450 2428 msztue
474 2397 504 2428 in
530 2399 810 2437 transmutatione,
843 2404 897 2431 aut
921 2410 985 2431 non
1010 2404 1044 2432 ut
1069 2411 1245 2434 commune.
1279 2403 1308 2434 Si

352 2454 388 2482 ut
412 2452 630 2482 eomw'ttmffl:
654 2460 729 2492 ergo
758 2461 874 2493 corpus
905 2453 1018 2485 Christi
1051 2454 1182 2487 haberet
1214 2455 1308 2487 aliam

353 2503 536 2542 materiam,
563 2504 612 2536 vel
638 2504 729 2536 aliam
756 2505 913 2544 t'orma1n3
938 2507 1021 2547 quod
1048 2507 1180 2539 stultum
1206 2511 1261 2540 est.
1279 2509 1307 2540 Si

351 2565 418 2587 'non
445 2560 478 2587 ut
503 2566 691 2596 commune3
711 2561 784 2589 tuuc
802 2558 944 2597 videtur.
962 2559 1046 2600 quod
1070 2564 1231 2593 remaneat
1248 2571 1310 2593 ma-

355 2609 433 2641 teria
459 2610 524 2641 sine
550 2609 668 2649 fornia„
692 2611 741 2642 vel
766 2611 867 2643 forma
892 2612 958 2644 sine
983 2613 1123 2644 materia.
1149 2613 1208 2645 Sed
1226 2618 1309 2645 utra-

1125 222 1410 256 SENTENTIARUM
1434 224 1502 256 LIB.
1527 225 1574 257 IV.

1379 611 1440 644 que
1465 603 1597 635 istarum
1622 612 1679 645 per
1703 612 1737 636 se
1761 608 1808 637 est
1831 606 1950 644 otiosa;
1982 606 2038 639 sed
2071 607 2102 640 in
2133 608 2334 642 Sacramento

1378 655 1456 687 nihil
1481 655 1609 687 omnino
1633 660 1679 688 est
1703 657 1859 689 otiosum:
1884 667 1960 700 ergo
1984 663 2134 693 neutrum
2159 666 2272 694 manet„

1467 709 1497 740 lt.
1514 708 1614 748 item,
1639 709 1664 741 si
1689 711 1884 743 convertitur
1909 713 2086 744 secundum
2110 717 2232 755 partem
2257 724 2334 749 suae

1379 761 1549 799 essentiae,
1574 770 1712 802 quaero:
1738 763 1914 795 secundum
1940 768 2062 806 quam?
2085 769 2116 798 et
2139 767 2333 808 ostenditur,
2472 788 2475 836 1

1378 813 1461 855 quod
1493 814 1669 846 secundum
1701 813 1870 856 formam,
1895 817 1969 859 quia
1992 817 2046 850 illa
2069 821 2116 851 θεῖ
2140 820 2240 861 magis
2272 820 2336 853 ido-

1378 874 1437 898 nea
1469 867 1664 899 conversioni
1677 867 1696 898 ⁸.
1731 868 1765 900 Et
1794 873 1986 910 praeterea,
2017 871 2255 904 Sacramentum
2287 877 2334 906 est

1379 919 1557 952 institutum
1582 929 1641 952 ΠοΠ
1667 921 1788 954 ratione
1820 923 1988 962 materiae,
2013 933 2094 966 quae
2123 925 2153 957 in
2187 925 2334 959 omnihus

1379 972 1555 1004 communis
1587 975 1649 1011 est,
1675 973 1730 1006 sed
1754 974 1875 1007 ratione
1899 975 2039 1008 formae:
2073 977 2098 1009 si
2131 986 2205 1019 ergo
2236 979 2335 1011 verba

1379 1025 1552 1066 respiciunt
1574 1026 1673 1067 magis
1694 1026 1847 1065 formam.
1865 1031 1939 1061 tunc
1956 1029 2041 1061 illam
2060 1034 2258 1063 convertunt.
2274 1032 2335 1065 Sed

1378 1082 1514 1110 eontra:
1541 1082 1615 1111 tunc
1640 1083 1783 1112 remanet
1801 1081 1931 1112 materia
1955 1081 2189 1123 incompleta⁹3
2218 1084 2273 1117 sed
2290 1084 2331 1117 di-

1379 1130 1469 1162 vinae
1493 1131 1619 1164 virtutis
1643 1141 1704 1164 non
1729 1136 1775 1165 est
1799 1133 1987 1175 incompleta
2011 1135 2131 1175 facere,
2156 1136 2211 1169 sed
2228 1137 2334 1178 potius

1378 1183 1568 1226 incompleta
1592 1185 1770 1226 complere:
1796 1195 1871 1227 ergo
1894 1190 1951 1219 etc.

1735 1301 1973 1326 CONCLUSIO.

1453 1398 1552 1429 Totas
1571 1397 1674 1439 panis
1698 1399 1902 1431 convertitur
1926 1399 1961 1431 in
1986 1410 2108 1442 eorpus
2134 1400 2270 1440 Clto‘t'stt',

1549 1450 1628 1482 solis
1652 1451 1878 1483 accidentibus
1902 1453 2158 1486 remanentibus.

1467 1556 1665 1588 RESPONDEO:
1693 1557 1884 1597 Dicendum,
1917 1559 2001 1600 quod
2023 1559 2128 1601 opinio
2151 1560 2332 1602 aliquorum
2348 1569 2477 1595 opiniones‘

1375 1607 1435 1639 snit
1459 1626 1502 1630 —*
1526 1617 1620 1649 quam
1653 1612 1758 1640 tamen
1789 1609 1934 1651 Magister
1958 1619 2019 1642 ῖῖοῖ]
2044 1612 2148 1653 ponit,
2173 1613 2247 1654 quia
2270 1622 2334 1645 mo·
2361 1596 2434 1618 falsa&

1376 1660 1549 1692 dernorum
1576 1664 1639 1699 θεῖ,
1657 1661 1706 1693 vel
1731 1662 1840 1700 etiam,
1859 1663 1933 1704 quia
1957 1672 2019 1695 non
2044 1664 2181 1697 multum
2203 1669 2249 1698 est
2266 1676 2335 1708 pro-

1376 1712 1490 1745 babilis
1514 1732 1557 1736 ——
1581 1713 1666 1755 quod
1691 1723 1750 1746 non
1777 1718 1862 1747 totus
1878 1716 1968 1756 panis
1990 1718 2165 1750 secundum
2190 1718 2334 1752 substan—

1375 1766 1450 1798 tiam
1475 1766 1596 1805 transit,
1614 1767 1669 1799 sed
1690 1768 1796 1810 aliqua
1814 1777 1887 1809 pars
1903 1770 2078 1803 essentialis
2095 1775 2245 1804 remanet.
2259 1772 2334 1805 Con-

1375 1821 1436 1850 stat
1460 1819 1560 1858 enim‚
1579 1820 1662 1862 quod
1680 1820 1854 1853 accidentia
1878 1827 2042 1855 remanent
2067 1824 2243 1857 secundum
2267 1835 2333 1858 esse

1375 1874 1405 1903 et
1430 1872 1662 1912 operationem.
1680 1873 1758 1914 Quia
1775 1874 1917 1912 mitetur,
1935 1876 2019 1916 quod
2038 1881 2201 1909 remanent
2226 1887 2333 1911 secun·
2350 1887 2426 1914 opinio
2441 1887 2458 1909 1-
2476 1875 2477 1878 ¹

1375 1924 1452 1956 dum
1469 1934 1554 1963 esse,
1572 1925 1700 1958 fuerunt
1721 1927 1774 1968 qui
1800 1927 1958 1967 dicerent,
1976 1929 2059 1970 quod
2078 1933 2220 1963 remanet
2237 1931 2331 1963 etiam

1376 1978 1538 2017 matema,
1556 1988 1637 2020 quae
1654 1980 1707 2011 illa
1732 1981 1881 2020 sustinet,
1899 1985 1929 2013 et
1950 1983 2062 2015 transit
2085 1983 2195 2015 forma.
2215 2004 2254 2007 —
2273 1985 2332 2017 Sed
2349 1992 2477 2020 Reprobatu:

1376 2030 1435 2063 hoc
1461 2031 1538 2063 nihil
1563 2036 1627 2070 θεῖ,
1660 2033 1733 2074 quia
1759 2034 1890 2066 materia
1914 2044 1974 2066 non
2001 2040 2047 2067 est
2071 2039 2144 2068 nata
2175 2037 2332 2070 sustinere

1374 2083 1548 2116 accidentia
1572 2094 1628 2117 nec
1653 2094 1721 2118 esse
1748 2086 1777 2117 in
1802 2090 1874 2119 actu
1900 2088 1958 2119 nisi
1984 2097 2055 2120 cum
2081 2089 2226 2121 formam.

1464 2137 1519 2168 Alii
1544 2137 1699 2176 valentes,
1725 2139 1810 2180 quod
1834 2140 2007 2172 accidentia
2031 2141 2148 2174 habent
2172 2143 2331 2184 operatio·
2348 2152 2424 2179 Opinio
2438 2152 2457 2174 2.
2476 2185 2477 2188 Ἴ

1374 2199 1465 2228 nem,
1490 2194 1520 2222 et
1544 2192 1646 2222 omnis
1670 2192 1811 2233 operatio
1835 2196 1940 2225 ortum
1969 2194 2062 2226 hahet
2090 2204 2107 2226 a
2136 2195 2238 2228 forma
2259 2196 2330 2229 sub-

1375 2242 1510 2274 stantiali
1527 2243 1556 2281 ¹¹,
1582 2237 1752 2283 dixerunt}
1775 2246 1858 2287 quod
1885 2247 1997 2279 transit
2021 2248 2153 2280 materia
2177 2252 2208 2280 et
2232 2258 2331 2281 rema-

1374 2299 1427 2326 net
1450 2294 1574 2337 forma.
1592 2315 1635 2319 ——
1651 2297 1710 2329 Sed
1729 2297 1788 2330 hoc
1812 2298 1927 2330 iterum
1953 2299 2032 2331 nihil
2057 2304 2120 2339 est,
2139 2301 2213 2342 quia
2228 2301 2330 2334 forma
2348 2299 2478 2338 Reprobatui'}

1373 2356 1435 2379 non
1462 2353 1612 2390 operatur
1636 2350 1694 2382 nisi
1720 2350 1751 2382 in
1778 2351 1918 2384 materia.
2475 2353 2477 2368 ¹

1461 2402 1591 2443 Propter
1624 2403 1700 2441 hoc,
1726 2404 1871 2445 quamvis
1904 2405 1988 2437 istud
2021 2406 2259 2439 Sacramentum
2293 2408 2332 2440 sit

1372 2455 1501 2497 plenum
1535 2456 1714 2495 miraculis„
1739 2457 1813 2498 quia
1838 2461 1942 2490 tamen
1974 2468 2036 2490 non
2068 2464 2230 2501 ponuntur
2262 2470 2331 2494 esse
2475 2487 2477 2501 ,

1373 2509 1430 2541 nisi
1456 2517 1537 2550 quae
1561 2509 1679 2541 faciunt
1706 2510 1745 2542 ad
1778 2511 1970 2543 Sacramenti
2004 2512 2167 2545 veritatem
2200 2517 2230 2546 et
2262 2515 2330 2547 eius
2475 2524 2477 2564 t

1373 2562 1635 2601 occultatione1n3
1666 2563 1735 2595 ideo
1769 2570 1889 2605 ponunt
1921 2566 2130 2598 communiter
2167 2567 2477 2607 οοοῖοῖθε,θοῃοῖυεῖο.ὲ

1373 2616 1458 2656 quod
1495 2620 1594 2647 tolum
1631 2617 1743 2649 transit
1776 2618 1804 2648 in
1844 2621 1964 2657 totum,
2002 2619 2077 2651 solis
2113 2619 2329 2653 accidentibus
2475 2610 2477 2619 Ι

425 2759 431 2774 ¹
453 2761 602 2785 Secundum
623 2762 733 2793 Aristot„
755 2762 853 2794 dequo
869 2763 928 2788 vide
948 2770 1027 2794 supra
1048 2771 1108 2795 pag,
1125 2765 1188 2796 136,
1209 2770 1267 2791 nota
1283 2767 1305 2791 3.

351 2818 381 2820 —
399 2804 432 2828 Ea
452 2812 519 2836 quae
539 2805 571 2830 de
586 2807 726 2831 mutatione
740 2807 834 2838 (motu)
848 2808 956 2839 eiusque
969 2808 1108 2839 sncciebus
1123 2813 1176 2834 tuin
1192 2811 1215 2834 in
1231 2818 1305 2842 τινες.

352 2851 405 2873 tuin
426 2849 450 2872 in
477 2856 547 2880 corn.
569 2851 645 2875 huius
673 2855 770 2882 quaest.
797 2856 941 2883 ponuntur,
970 2853 1118 2878 Aristoteles
1144 2855 1255 2879 insinuat
1280 2856 1304 2879 In

352 2892 394 2917 lii).
416 2893 447 2917 dc
463 2894 618 2919 Praedicam.
633 2901 655 2919 c.
677 2894 707 2920 cle
720 2895 811 2927 Metam
826 2896 840 2920 1.
861 2897 935 2927 Phys.
948 2899 1005 2921 test.
1027 2898 1067 2920 82.
1089 2898 1120 2929 (c.
1136 2898 1180 2929 9.),
1201 2898 1231 2923 V.
1247 2902 1304 2923 text.

352 2936 376 2960 7.
396 2944 469 2969 seqq.
491 2937 523 2968 (c.
545 2938 566 2962 rl.
588 2939 686 2970 seqq.);
708 2939 723 2963 1.
741 2939 773 2964 (le
793 2940 909 2973 Gcncrat.
924 2944 948 2965 ct
967 2943 1080 2971 corrupt.
1097 2943 1154 2965 text.
1177 2942 1304 2973 Υ11.εο(μ[.

353 2980 383 3007 (c.
403 2981 579 3013 33.scu‹1.),ct
599 2982 640 3006 XI.
662 2982 770 3014 Metnph.
792 2990 813 3008 c.
839 2984 875 3008 10.
891 2984 939 3015 (X.
960 2991 980 3008 c.
1007 2984 1305 3015 tt.).—1nse1·iuspost

351 3024 463 3050 'titulabo
484 3026 507 3049 in
528 3026 584 3050 cod.
605 3033 634 3050 aa
656 3026 759 3051 additur
778 3034 840 3060 erqo
860 3029 898 3053 est
916 3027 943 3052 in
963 3027 1054 3061 aliqua
1074 3027 1157 3061 specie
1176 3029 1270 3053 manus.

420 3068 430 3083 2
452 3069 514 3093 Vide
535 3077 614 3100 supra
637 3070 660 3094 tl.
686 3071 722 3095 10.
745 3079 768 3102 ῃ).
790 3072 815 3095 Il.
837 3079 858 3096 a.
885 3073 903 3096 1.
925 3080 948 3104 q.
970 3073 992 3096 2.
1014 3072 1046 3097 ad
1067 3074 1090 3097 2.

421 3112 431 3127 ὂ
450 3113 502 3137 Non
523 3115 598 3143 pauci
619 3115 694 3139 codd.
715 3116 814 3140 addunt
830 3117 874 3141 est.

420 3154 429 3170 *¹
450 3157 483 3180 Ex
498 3157 573 3181 codd.
587 3159 663 3182 Affll
673 3159 692 3182 K
703 3159 724 3182 V
738 3166 766 3184 aa
779 3160 960 3191 subjunximus
973 3160 1074 3193 aliqua.
1087 3160 1189 3186 Minori
1202 3162 1258 3186 cod.
1273 3169 1303 3186 aa

351 3199 485 3231 subiungit
505 3203 642 3233 inidoneum
658 3203 720 3235 quia
740 3203 861 3229 omnium.
881 3205 1063 3238 corporalium
1083 3206 1174 3232 eadem
1193 3208 1231 3232 est
1249 3214 1302 3232 ma-

350 3242 424 3267 Icrt'a.
445 3244 495 3268 tIt'r.
518 3247 578 3269 toni.
600 3246 624 3269 ll.
645 3254 704 3277 pag.
726 3247 772 3279 95,
795 3252 853 3273 nota
868 3249 892 3273 8.
913 3253 937 3274 ct
950 3256 1010 3280 pag.
1029 3250 1070 3281 97,
1086 3253 1143 3275 nota
1165 3251 1188 3275 2.
1203 3258 1301 3276 necnon

351 3294 410 3318 pag.
431 3287 496 3318 302,
519 3292 576 3313 nota
597 3290 620 3313 9,

421 3331 432 3347 5
451 3331 516 3356 Vide
536 3339 613 3363 supra
635 3334 659 3358 d.
685 3335 721 3358 10.
742 3342 767 3366 1).
788 3336 812 3360 li.
834 3344 855 3361 a.
882 3337 899 3361 l.
923 3344 947 3369 q.
967 3338 990 3361 3.

421 3375 432 3391 6
452 3376 561 3407 Supplc:
582 3379 698 3408 corporis
725 3378 823 3404 Christi.
840 3394 872 3397 ——
891 3380 925 3405 Dc
951 3381 1063 3413 ῖηιίίονὶ,
1091 3383 1115 3407 in
1143 3390 1193 3415 qua
1218 3382 1300 3408 voi-bo

2475 2678 2476 2695 l

1372 2766 1502 2792 courertit
1529 2767 1588 2792 edd.
1618 2775 1677 2792 cum
1711 2768 1809 2800 aliquot
1837 2768 1914 2793 codd.
1947 2770 2115 2800 praemittunt
2141 2770 2180 2796 si.
2214 2771 2260 2796 cfr.
2291 2772 2329 2796 in-
2475 2767 2476 2804 l

1373 2811 1410 2835 fra
1431 2819 1455 2843 (1.
1477 2811 1499 2835 t.
2475 2807 2476 2822 ¹

1441 2855 1451 2870 7
1473 2855 1545 2886 Sive,
1567 2858 1595 2879 ut
1614 2863 1692 2887 supra
1713 2863 1767 2880 ara.
1790 2856 1811 2880 ζ
1827 2856 1859 2881 :id
1879 2863 1972 2888 oppos.
1988 2857 2094 2888 dicitur,
2118 2857 2188 2889 quod
2213 2867 2224 2880 «
2241 2861 2326 2883 manet
2474 2862 2477 2901 l

1370 2898 1439 2923 idcm
1460 2900 1483 2923 in
1506 2902 1554 2923 tola
1581 2902 1793 2926 tranfflnutatione
1808 2910 1832 2925 u.
1858 2915 1891 2918 ——
1915 2901 2020 2926 interius
2047 2908 2094 2932 pro
2115 2903 2178 2928 nmo
2204 2901 2322 2934 videtur,

1370 2942 1440 2975 qnod
1459 2943 1518 2967 cdd.
1533 2944 1595 2969 tanc
1615 2944 1763 2977 quaeritur,
1780 2946 1874 2970 ulrum
1887 2944 1955 2977 (eod.
1971 2945 1990 2970 O
2010 2952 2059 2977 tm,
2080 2946 2156 2970 codd.
2176 2946 2196 2970 R
2209 2947 2224 2971 S
2237 2947 2257 2971 T
2269 2946 2289 2971 U
2300 2947 2324 2971 X

1370 2986 1455 3019 quid).

1439 3030 1449 3046 ³
1469 3031 1538 3056 Sicut
1557 3032 1611 3062 insa
1633 3031 1799 3065 [corporalis]
1814 3035 1890 3058 eliam
1910 3034 2060 3059 naturaliter
2078 3035 2162 3065 magis
2181 3034 2274 3059 idonea
2287 3037 2325 3060 est

1369 3076 1527 3106 generationi
1548 3079 1572 3101 ct
1591 3078 1756 3108 corruptioni.
1771 3077 1820 3103 Csr.
1843 3078 1866 3102 ll.
1888 3079 1956 3103 Sent.
1977 3078 2001 3103 d.
2022 3078 2046 3103 7.
2067 3086 2091 3110 p.
2112 3079 2138 3103 ll.
2165 3086 2186 3103 a.
2209 3080 2231 3103 2.
2252 3086 2276 3111 q.
2298 3079 2321 3104 ·l.

1440 3119 1450 3134 o
1472 3119 1535 3144 Vide
1555 3120 1579 3144 11.
1601 3121 1668 3145 Sent.
1690 3121 1715 3146 d.
1740 3122 1779 3146 12.
1801 3129 1822 3146 a.
1848 3123 1867 3146 l.
1889 3129 1912 3154 q.
1935 3123 1958 3146 [Ι.

1441 3163 1461 3178 Ν
1481 3163 1530 3188 Csr.
1552 3166 1612 3188 tom.
1628 3165 1652 3189 ll.
1674 3173 1732 3197 pag.
1748 3166 1794 3195 90,
1811 3170 1869 3191 nota
1889 3166 1958 3190 5.-
1971 3166 2107 3198 Aliquanto
2127 3167 2247 3198 superius
2267 3167 2323 3198 plu-

1368 3215 1409 3232 res
1424 3208 1500 3233 codd.
1517 3208 1673 3234 substituunt
1695 3209 1765 3240 Quia
1785 3217 1845 3235 reru
1865 3209 1955 3243 [codd.
1971 3211 1989 3234 F
2006 3215 2030 3236 et
2050 3211 2056 3235 Ι
2077 3218 2089 3235 a
2110 3211 2224 3236 secunda
2244 3218 2322 3236 manu

1368 3253 1488 3276 omittunt
1508 3251 1582 3286 reru]
1603 3260 1650 3284 pro
1672 3253 1741 3285 Quia
1761 3253 1873 3286 caletur,
1890 3253 1969 3288 qaod.
1992 3255 2107 3280 Subinde
2125 3262 2173 3286 pro
2193 3254 2264 3288 quod
2281 3261 2322 3281 re-

1367 3297 1457 3321 manet
1476 3295 1555 3321 eliam.
1579 3297 1692 3323 ‘materia
1720 3297 1794 3323 codd.
1816 3298 1834 3322 N
1846 3305 1875 3323 aa
1896 3298 1967 3332 quod
1989 3300 2110 3324 remanet
2130 3298 2211 3332 panis
2231 3305 2322 3325 secun-

1368 3338 1433 3364 dam
1452 3339 1601 3366 materiam.

1439 3383 1457 3398 ¹¹
1481 3383 1545 3408 Vide
1565 3388 1618 3409 tom
1649 3385 1673 3410 ll.
1695 3392 1754 3417 pag.
1775 3386 1840 3417 300,
1862 3388 1920 3411 nota
1945 3388 1963 3410 l.
