2483 3882
356 693 389 714 Ad
404 692 486 719 opposi-

396 721 446 739 mm

500 282 567 314 888

588 368 617 400 [ι.
642 368 731 405 ΙῖθῖΠ,
761 365 919 407 «propria
942 364 1043 400 forma
1067 373 1127 395 non
1152 366 1199 396 est
1215 366 1287 395 nata
1303 362 1370 394 fieri
1389 361 1447 394 nisi

500 422 531 453 in
556 420 682 462 propria
707 418 837 450 materia
852 417 860 431 ¹
878 428 908 448 »:
933 425 1008 457 ergo
1032 425 1105 448 cum
1129 415 1233 447 anima
1258 415 1297 447 sit
1320 415 1449 456 propria

500 474 600 505 forma
623 471 779 512 corporis,
804 469 888 510 quod
920 468 1059 510 perficit,
1090 476 1151 499 non
1183 470 1230 500 est
1260 470 1332 499 nata
1363 467 1446 499 uniri

500 524 556 556 nisi
582 523 647 555 illi:
673 531 747 563 ergo
771 522 796 553 si
820 521 929 553 unitur
955 520 985 551 in
1010 520 1258 557 resurrectione,
1276 519 1384 551 unitur
1408 519 1448 551 ei-

501 576 582 608 dem.
601 575 634 606 Et
655 574 680 606 si
697 574 774 612 hoc;
789 582 861 606 cum
879 573 946 615 ipsa
963 573 1002 605 sit
1018 572 1143 610 eadem,
1160 576 1260 604 totum
1277 572 1338 604 erit
1354 572 1449 604 idem.

587 626 730 659 CONTRA:
757 627 784 658 l.
814 625 955 658 «Omnis
978 625 1078 657 forma
1107 629 1257 666 corrupta
1279 628 1310 657 et
1334 625 1448 656 iterum

502 683 648 721 generata
670 687 732 710 non
755 681 803 710 est
826 678 935 711 eadem
960 686 1110 716 numero,
1135 677 1191 710 sed
1208 677 1353 719 specie»,
1370 677 1451 711 sicut

502 731 575 764 dicit
598 731 805 772 Philosophus
830 731 859 763 in
881 731 1019 763 secundo
1043 731 1082 763 de
1106 730 1310 762 Generatione
1324 729 1352 761 ²:
1377 738 1448 762 cum

501 793 574 826 ergo
598 784 778 816 humanitas
802 788 1026 826 corrumpatur
1043 784 1073 815 in
1090 783 1149 816 isto
1166 783 1201 815 in-
1223 786 1323 815 morte
1351 787 1381 815 et
1399 783 1451 815 ite-

501 845 572 868 rum
602 839 770 877 generetur
794 836 825 868 ln
849 836 1098 873 resurrectione,
1123 844 1198 877 ergo
1221 835 1282 867 alia
1307 843 1450 867 numero.

501 889 539 921 Si
563 893 597 920 tu
621 889 732 927 dicas,
757 889 841 930 quod
866 889 950 922 istud
975 892 1058 921 tenet
1083 888 1114 920 in
1135 888 1353 929 corruptione,
1370 896 1450 929 quae

502 946 548 975 est
572 942 602 974 in
627 942 838 980 contrarium,
862 951 923 974 non
941 942 972 974 in
990 946 1108 980 morte;
1125 946 1261 973 contra:
1288 941 1387 973 maior
1404 944 1451 973 est

502 995 662 1037 corruptio
686 995 717 1027 in
742 995 949 1037 privationem
974 1004 1068 1037 quam
1094 995 1123 1026 in
1148 994 1359 1031 contrarium,
1377 993 1451 1035 quia

502 1048 541 1080 ad
566 1048 641 1087 hoc,
665 1048 750 1090 quod
773 1048 827 1080 fiat
851 1048 1024 1090 reparatio,
1049 1056 1175 1080 necesse
1199 1051 1246 1079 est
1271 1046 1336 1078 fieri
1370 1055 1452 1078 reso-

501 1100 652 1132 lutionem
676 1109 778 1142 usque
801 1100 841 1132 ad
867 1100 993 1137 ultima,
1009 1103 1040 1131 et
1056 1099 1160 1131 omnia
1183 1107 1296 1130 rursus
1313 1098 1352 1130 de
1372 1107 1452 1130 novo

502 1152 685 1194 generari³t
711 1161 786 1193 ergo
810 1156 867 1185 etc.

590 1206 619 1237 2.
644 1205 737 1241 ΙῖθῖΠ,
761 1204 905 1246 quamvis
929 1204 1044 1236 artifex
1068 1204 1107 1236 de
1124 1203 1234 1236 eadem
1253 1203 1384 1235 materia
1400 1203 1454 1235 ite—

502 1267 573 1290 rum
598 1258 688 1289 saciat
712 1261 865 1296 statuam,
887 1262 990 1289 tamen
1012 1257 1073 1289 alia
1089 1261 1136 1289 est
1152 1261 1255 1289 statua
1272 1260 1341 1298 post
1357 1265 1451 1298 quam

502 1315 587 1343 ante:
605 1319 680 1352 ergo
697 1310 764 1352 pari
781 1311 901 1343 ratione
919 1310 1061 1348 videtur,
1086 1310 1171 1351 quod
1196 1309 1341 1351 quamvis
1359 1310 1452 1341 homo

502 1363 541 1395 sit
565 1372 604 1395 ex
630 1362 748 1395 eisdem
771 1362 975 1404 pulveribus,
1001 1366 1104 1394 tamen
1121 1366 1168 1394 est
1184 1362 1274 1394 alius.
1294 1362 1332 1394 Si
1346 1361 1451 1400 dicas,

502 1416 585 1457 quod
610 1415 694 1448 Deus
718 1419 818 1457 potest
841 1415 943 1448 facere
974 1415 1047 1456 plus
1075 1424 1170 1457 quam
1196 1419 1310 1447 natura
1333 1415 1383 1447 vel
1406 1424 1453 1447 ar-

501 1468 597 1507 tifex3
625 1477 736 1500 verum
761 1472 824 1507 est,
850 1468 934 1509 quod
959 1468 1031 1509 plus
1055 1471 1173 1509 potest,
1199 1472 1302 1500 tamen
1327 1477 1387 1499 non
1412 1467 1453 1499 sa-

503 1521 557 1560 cit,
573 1521 632 1553 nisi
649 1521 734 1563 quod
758 1521 902 1562 congruit
925 1525 956 1553 et
980 1530 1155 1562 congruum
1181 1524 1245 1559 est;
1271 1530 1326 1553 nec
1348 1524 1395 1553 est
1411 1521 1454 1552 in-

503 1573 679 1615 telligibile,
704 1573 862 1615 quomodo
885 1573 1003 1615 aliquid
1029 1577 1253 1614 corrumpatur
1270 1577 1300 1605 et
1316 1573 1406 1605 cedat
1423 1573 1451 1604 in

503 1635 652 1664 non-ens,
677 1630 708 1658 et
731 1626 846 1658 iterum
871 1626 942 1664 fiat,
966 1626 1051 1667 quod
1076 1626 1116 1658 sit
1141 1626 1267 1664 idem⁴;
1292 1629 1347 1658 aut
1364 1626 1389 1657 si
1406 1629 1453 1657 est

503 1688 695 1720 congruum,
719 1688 817 1720 quare
841 1688 903 1710 non
928 1679 981 1711 dat
999 1678 1088 1711 istam
1107 1678 1276 1720 potentiam
1295 1681 1453 1710 naturae?

591 1731 620 1763 3.
638 1731 727 1770 Item,
745 1731 938 1763 differentiae
955 1731 1137 1763 essentiales
1155 1740 1220 1763 rem
1240 1730 1453 1763 diversificant

502 1794 562 1817 non
588 1788 708 1817 tantum
734 1793 880 1823 numero,
905 1785 960 1817 sed
984 1785 1076 1816 etiam
1102 1784 1280 1822 essentia⁵3
1298 1784 1352 1816 sed
1369 1793 1454 1816 mor-

504 1837 566 1870 tale
590 1841 619 1869 et
636 1837 821 1869 immortale
845 1841 917 1869 sunt
940 1837 1121 1870 essentiales
1146 1837 1356 1869 differentiae:
1378 1845 1453 1878 ergo

504 1899 575 1922 cum
601 1899 768 1931 resurgens
792 1890 831 1922 sit
854 1890 1041 1922 immortalis
1073 1894 1102 1922 et
1127 1894 1198 1921 ante
1227 1889 1384 1927 mortalis,
1402 1898 1453 1930 pa-

504 1947 546 1976 tet
571 1947 628 1975 etc.

592 1996 621 2027 li.
648 1996 740 2034 ltem,
758 1996 860 2037 prima
877 1995 1035 2037 generatio
1051 1998 1080 2027 et
1098 1995 1278 2027 reformatio
1295 1998 1368 2026 sunt
1385 2003 1454 2036 ope-

504 2049 640 2081 rationes
665 2049 824 2081 diversae:
854 2057 929 2090 ergo
953 2049 979 2080 si
1003 2048 1202 2080 diversarum
1236 2048 1453 2088 operationum

504 2102 619 2134 diversi
652 2105 725 2133 sunt
757 2101 880 2133 termini
910 2101 1084 2134 secundum
1110 2100 1335 2139 substantiam,
1367 2100 1452 2132 aliud

504 2158 550 2187 est
574 2163 705 2196 corpus,
730 2154 813 2195 quod
846 2154 949 2196 primo
980 2157 1166 2195 generatur,
1199 2153 1285 2185 aliud
1319 2162 1452 2195 corpus,

504 2207 588 2249 quod
612 2207 812 2249 postmodum
838 2207 1038 2239 reformatur.

857 2321 1094 2345 CONCLUSIO.

556 2417 762 2450 Resurrectio
787 2421 833 2449 est
856 2417 999 2449 eiusdem
1021 2417 1202 2449 secundiori
1226 2426 1404 2449 munierum

895 2470 1053 2512 corporis.

593 2577 794 2608 RESPONDEO:
820 2576 863 2608 Ad
888 2576 1121 2618 praedictorum
1146 2575 1381 2617 intelligentiam
1407 2579 1453 2607 est

504 2629 675 2661 notandum
687 2654 694 2667 ,
719 2628 804 2670 quod
825 2629 908 2661 circa
925 2629 983 2660 hoc
1000 2628 1115 2660 diversi
1134 2628 1258 2660 diversa
1275 2631 1451 2660 senserunt.

1261 276 1544 308 SENTENTIARUM
1568 276 1635 307 LtB.
1660 276 1708 308 lv.

1601 362 1735 403 Quidam
1759 363 1842 395 enim
1867 364 2035 403 dixerunt,
2060 365 2143 406 quod
2166 365 2281 407 triplex
2298 369 2345 398 est
2361 367 2480 401 diver-c

1513 415 1588 447 sitas
1611 415 1786 447 secundum
1811 424 2002 448 numerum:
2027 426 2116 454 ima,
2141 426 2221 459 quae
2246 419 2330 450 venit
2352 428 2392 451 ex
2415 421 2456 453 di-

1514 467 1659 500 versitate
1684 468 1781 509 partis
1806 469 1954 501 materiae
1978 472 2009 501 et
2029 469 2147 502 formae
2171 470 2364 512 specificatae
2378 473 2399 512 ⁶,
2422 475 2457 507 si-
2482 496 2483 501 ,

1513 524 1566 553 cut
1590 520 1694 553 differt
1717 530 1850 553 numero
1866 521 1942 554 haec
1959 531 2041 563 aqua
2057 525 2087 554 et
2104 522 2154 554 hic
2172 522 2268 563 ignis;
2285 526 2455 566 quaedam,
2482 548 2483 564 i

1513 582 1594 614 quae
1618 573 1702 605 venit
1725 582 1766 606 ex
1790 573 1971 606 diversitate
1995 574 2093 615 partis
2119 576 2284 614 materiae,
2309 577 2388 609 sicut
2403 579 2456 612 iste
2482 597 2483 613 i

1515 625 1593 667 ignis
1616 625 1656 657 ab
1681 625 1733 658 illo
1757 625 1879 664 differt3
1904 626 2020 664 tertia,
2044 635 2125 668 quae
2147 627 2231 660 venit
2254 636 2295 660 ex
2320 629 2457 663 discenti·
2482 616 2483 659 f

1514 678 1661 709 nuatione
1687 678 1716 709 in
1741 678 1923 717 duratione3
1948 681 1979 711 et
2003 679 2080 711 haec
2104 679 2271 712 diversitas
2287 682 2456 715 seeundum
2482 676 2483 704 i

1514 739 1684 763 numerum
1715 735 1820 762 ortum
1853 731 1965 769 habet,
1993 735 2027 763 ut
2058 731 2185 769 dicunt,
2208 741 2249 764 ex
2277 735 2455 774 tempore⁷;

1515 787 1639 824 tempus
1670 783 1752 815 enim
1785 783 1984 815 durationem
2015 788 2179 823 numerat,
2204 785 2285 817 sicut
2312 789 2342 818 et
2372 788 2458 820 actio-

1514 845 1595 868 nem.
1620 835 1742 867 Prima
1766 835 1932 868 diversitas
1954 837 2128 869 secuudum
2153 846 2321 870 numerum
2339 842 2385 871 est
2400 849 2459 873 ma·
2482 829 2483 843 ³

1515 898 1592 930 gna,
1616 888 1761 920 secunda
1794 888 1912 927 minor,
1938 889 2035 921 tertia
2058 889 2197 921 minima.
2223 890 2344 927 Prima
2366 895 2396 923 et
2417 902 2455 925 se-

1515 941 1626 973 cunda
1639 941 1819 974 diversitate
1832 941 1950 974 carebit
1963 950 2078 983 corpus
2091 951 2260 984 resurgens
2270 968 2277 981 ,
2295 943 2348 975 sed
2367 945 2457 978 tertia

1516 1003 1576 1026 non
1606 994 1724 1026 carebit
1755 1003 1811 1026 nec
1843 998 1944 1035 potest
1976 1003 2102 1033 carere,
2127 995 2200 1036 quia
2224 996 2392 1037 propositio
2422 998 2457 1030 de

1517 1046 1684 1088 praeterito
1715 1056 1775 1078 non
1808 1050 1908 1088 potest
1941 1056 2001 1079 non
2033 1056 2102 1079 esse
2132 1056 2206 1079 vera
2221 1048 2241 1078 ⁸.
2268 1049 2353 1081 Unde
2384 1040 2482 1083 sicut¹⁴

1516 1099 1604 1140 virgo
1628 1104 1777 1141 corrupta
1800 1109 1861 1131 Ποῖ]
1888 1103 1988 1140 potest
2019 1099 2088 1132 fieri
2120 1100 2208 1141 virgo
2233 1119 2276 1123 —
2299 1102 2371 1142 quia
2402 1112 2456 1135 non
2480 1100 2481 1140 J

1516 1155 1616 1193 potest
1641 1161 1700 1183 non
1726 1152 1821 1184 fuisse
1846 1156 1994 1194 corrupta
2017 1171 2061 1175 —
2085 1161 2141 1185 uec
2164 1162 2182 1184 a
2209 1153 2269 1185 Deo
2294 1163 2349 1186 nec
2372 1164 2390 1186 a
2411 1165 2458 1188 na-

1518 1208 1604 1242 tura,
1629 1213 1684 1236 nec
1708 1204 1766 1236 hoc
1791 1209 1837 1236 est
1855 1204 2066 1246 intelligibile3
2085 1206 2128 1238 sic
2145 1215 2259 1247 corpus
2277 1211 2455 1249 corruptum
2479 1212 2481 1257 t

1517 1266 1577 1288 non
1603 1261 1703 1299 potest
1726 1257 1906 1289 omnimoda
1930 1257 2091 1290 identitate
2115 1259 2254 1299 reparari
2280 1259 2373 1298 idem,
2389 1262 2454 1301 quia
2479 1262 2481 1274 ³

1517 1318 1577 1341 non
1602 1313 1702 1350 potest
1734 1319 1794 1341 non
1828 1309 1923 1342 fuisse
1948 1314 2144 1352 corruptum.
2170 1311 2286 1343 Tamen
2311 1311 2386 1344 haec
2415 1317 2457 1345 est
2479 1317 2480 1354 ξ

1517 1362 1558 1394 ita
1585 1362 1705 1407 modica
1730 1362 1912 1401 diversitas,
1937 1367 1972 1394 ut
1996 1372 2056 1394 non
2082 1367 2241 1395 mereatur
2262 1363 2378 1405 aliquid
2396 1374 2459 1406 pro·
2479 1355 2480 1358 ¹

1518 1419 1586 1456 pter
1611 1415 1669 1447 hoc
1693 1415 1752 1447 dici
1786 1415 1972 1452 diversum,
2001 1416 2147 1457 quoniam
2173 1415 2255 1447 idem
2281 1420 2327 1448 est
2357 1425 2457 1449 secun·
2478 1405 2479 1409 Ἰ

1517 1469 1593 1501 dum
1611 1469 1707 1500 alium
1726 1468 1883 1509 duplicem
1902 1468 2029 1500 modum
2048 1468 2235 1505 identitatis,
2260 1469 2375 1501 scilicet
2395 1479 2458 1511 pro-

1517 1524 1586 1562 pter
1611 1520 1802 1552 identitatem
1829 1521 1988 1551 materiae
2004 1523 2033 1552 et
2050 1518 2199 1562 formae,
2222 1521 2295 1562 quia
2319 1521 2457 1554 identitas
2477 1532 2479 1552 1

1518 1573 1666 1606 materiae
1683 1577 1712 1606 et
1730 1573 1910 1614 principalis
1934 1573 2053 1605 formae
2077 1574 2136 1605 erit
2160 1573 2191 1605 in
2216 1574 2456 1615 resurgentibus.
2477 1572 2479 1595 ³

1517 1627 1591 1659 Hinc
1622 1631 1685 1665 est,
1718 1627 1802 1668 quod
1836 1626 2025 1658 resurrectio
2056 1630 2103 1658 est
2135 1627 2164 1658 in
2198 1627 2314 1659 eisdem
2330 1627 2350 1658 ⁹.
2375 1628 2478 1668 Quod'

1517 1689 1591 1721 ergo
1622 1680 1696 1712 dicit
1728 1679 1951 1720 Philosophus,
1982 1679 2065 1720 quod
2097 1679 2229 1711 «forma
2257 1684 2402 1721 corrupta
2431 1678 2478 1726 et.

1517 1732 1631 1764 iterum
1656 1736 1802 1774 generata
1827 1736 1874 1764 est
1896 1731 1957 1763 alia
1985 1741 2118 1764 numero
2135 1745 2165 1767 »;
2183 1732 2325 1774 intelligit
2350 1732 2386 1764 de
2403 1732 2456 1765 ista
2476 1736 2478 1767 i

1518 1785 1709 1817 diversitate.
2476 1780 2477 1820 ἶ

1606 1838 1664 1869 Sed
1690 1837 1774 1869 istud
1798 1846 1858 1868 non
1885 1837 2010 1869 videtur
2035 1837 2170 1869 multum
2188 1837 2385 1870 rationabile:
2402 1838 2456 1879 pri-
2468 1845 2482 1878 ¹?

1519 1899 1605 1922 mum
1630 1890 1776 1931 quidem,
1800 1889 1874 1931 quia
1905 1889 2037 1921 stultum
2070 1890 2195 1922 videtur
2229 1890 2348 1929 dicere,
2378 1891 2455 1932 quod
2475 1877 2483 1920 l*

1519 1943 1601 1975 Deus
1625 1952 1686 1974 non
1708 1942 1804 1983 possit
1821 1942 1947 1973 omnino
1964 1942 2046 1974 idem
2065 1951 2179 1983 corpus
2196 1942 2365 1975 reformare
2382 1943 2457 1975 iden·
2475 1939 2476 1958 ³

1518 1995 1603 2028 titate
1621 1995 1794 2027 secundum
1813 2004 1993 2027 numerum.
2010 2014 2052 2017 —
2072 1995 2236 2036 Amplius,
2254 1995 2402 2027 idenlilas
2418 2004 2457 2028 se·
2474 2031 2475 2038 ἵ

1517 2048 1656 2080 cundum
1683 2056 1850 2079 numerum
1878 2047 1907 2079 in
1933 2047 2106 2079 substantia
2131 2057 2190 2079 non
2220 2049 2303 2080 venit
2326 2057 2364 2080 ex
2388 2049 2475 2081 acci-³

1517 2100 1680 2138 dentibus,
1707 2100 1776 2132 licet
1793 2109 1848 2141 per
1865 2100 1918 2132 illa
1936 2100 2106 2132 innotescat
2119 2100 2149 2138 ¹⁰,
2174 2109 2230 2132 nec
2254 2101 2345 2133 etiam
2362 2100 2456 2132 diver-

1517 2153 1610 2184 sitas.
1627 2171 1670 2175 -—
1692 2153 1726 2184 Et
1743 2152 1882 2190 icerzlm,
1899 2152 1983 2193 quod
2002 2153 2243 2185 discontinuatio
2268 2153 2297 2185 in
2321 2163 2384 2185 esse
2400 2162 2454 2185 uon
2473 2165 2474 2187 i

1518 2206 1645 2238 inducat
1669 2205 1883 2238 diversitatem
1900 2205 1929 2237 in
1947 2214 2095 2243 numero,
2120 2206 2245 2238 videtur
2266 2214 2410 2248 expresse
2427 2205 2453 2237 in

1518 2258 1707 2297 artificiatis‚
1732 2262 1767 2290 ut
1791 2258 1813 2290 si
1838 2267 1912 2290 arca
1936 2258 2127 2291 dissolvatur
2151 2262 2182 2290 et
2206 2259 2319 2290 iterum
2343 2267 2381 2291 ex
2403 2258 2473 2290 eis-i

1518 2312 1589 2344 dem
1617 2311 1730 2343 tabulis
1754 2315 1784 2343 et
1808 2311 1981 2343 secundum
2014 2311 2149 2343 eundem
2178 2311 2318 2343 ordinem
2343 2312 2473 2352 repaire-l

1518 2358 1587 2401 tur3
1612 2372 1672 2395 non
1697 2363 1820 2395 dicetur
1842 2363 1904 2395 alia
1927 2372 2000 2395 arca
2024 2372 2174 2402 numero,
2203 2364 2255 2396 sed
2282 2364 2407 2401 eadem;
2428 2363 2472 2407 et}

1518 2420 1621 2449 tamen
1646 2416 1738 2448 desiit
1762 2425 1830 2448 esse
1853 2425 1935 2448 arca.
2471 2411 2472 2442 l

1608 2469 1641 2501 Et
1665 2472 1794 2510 propter
1820 2468 1877 2500 hoc
1902 2468 2010 2500 dicunt
2027 2468 2078 2500 alii
2104 2468 2211 2507 aliter,
2236 2469 2318 2510 quod
2342 2467 2453 2510 duplex
2465 2473 2483 2494 i.

1517 2525 1564 2554 est
1588 2521 1764 2562 corruptio:
1798 2521 1953 2563 quaedam
1979 2530 2036 2562 per
2060 2521 2302 2553 dissolutionem
2326 2521 2387 2553 sive
2416 2519 2471 2562 se}

1518 2575 1710 2615 parationem
1742 2574 1987 2615 principiorum
2018 2574 2278 2615 coiiiponeiztiimi.
2301 2574 2363 2606 sive
2394 2569 2471 2625 par-i

1519 2627 1615 2666 tium;
1631 2627 1786 2668 quaedam
1806 2635 1860 2668 per
1877 2627 2120 2668 corrztplionem
2144 2625 2282 2668 formae.
2300 2626 2330 2658 In
2348 2625 2453 2667 prima
2468 2629 2470 2692 [l

575 2800 580 2815 ¹
603 2801 719 2832 Aristot,
742 2801 767 2825 ll.
790 2800 822 2825 de
842 2801 946 2832 Anima,
968 2802 1025 2825 text.
1053 2801 1093 2825 26.
1114 2800 1147 2832 (c.
1171 2800 1223 2832 2.):
1245 2801 1456 2832 Uniuseuiusque

505 2845 572 2868 enim
592 2848 664 2868 actus
685 2845 708 2868 in
729 2851 767 2874 eo,
787 2843 858 2876 quod
878 2844 989 2875 potentia
1009 2844 1092 2868 existit
1111 2847 1135 2868 et
1155 2844 1179 2868 in
1200 2845 1305 2875 propria
1333 2845 1453 2875 materia,

504 2891 580 2918 aptus
598 2891 688 2912 natura
708 2890 746 2912 est
765 2887 826 2912 fieri.
847 2901 881 2905 ——
901 2888 959 2919 seq.
980 2894 1084 2918 propos.
1105 2888 1247 2912 insinuatur
1271 2887 1333 2912 ibid.
1354 2890 1411 2912 text.
1432 2887 1455 2912 4.

504 2938 576 2963 seqq.
597 2931 630 2962 (c.
652 2931 698 2963 1.).

574 2974 583 2990 ἵ
604 2975 674 2999 Text.
694 2975 735 2999 70.
757 2974 788 3005 (e.
811 2975 861 3006 11.)
882 2974 931 3000 Csr.
954 2975 982 2999 V.
1003 2975 1077 3005 Phys.
1098 2977 1155 3000 text.
1177 2975 1217 2999 36.
1238 2976 1271 3004 (e.
1293 2975 1337 3007 4.).

574 3018 585 3035 ³
604 3018 653 3043 Cir.
674 3019 788 3050 Ariston,
809 3019 841 3043 de
862 3019 1018 3044 Praedicam.
1037 3025 1058 3044 c.
1079 3018 1109 3044 de
1129 3018 1268 3051 Oppositis.
1289 3019 1356 3043 Vide
1373 3025 1453 3050 supra

506 3069 564 3093 pag.
585 3062 648 3092 339,
670 3066 728 3087 nota
753 3063 771 3086 l.
792 3076 825 3079 —
847 3062 894 3087 Pro
913 3063 939 3087 et
956 3061 1046 3087 omnia
1065 3062 1124 3087 cod.
1145 3062 1165 3086 H
1184 3063 1210 3087 ec
1227 3061 1343 3087 omni-no.

575 3104 585 3121 ⁴
604 3105 670 3130 Vide
688 3112 767 3137 supra
787 3112 847 3137 pag.
868 3105 933 3137 575,
955 3109 1013 3131 nota
1036 3106 1056 3130 l.
1076 3105 1156 3130 verba
1177 3106 1330 3138 Aviceunae.

573 3149 585 3166 ⁵
603 3149 653 3174 Ct‘r.
674 3150 813 3181 Porphyr.y
827 3149 859 3174 de
880 3149 1027 3175 Praedicab.
1048 3157 1070 3175 c.
1090 3149 1120 3175 de
1136 3149 1297 3183 Differentia.
1311 3163 1345 3168 —
1359 3149 1421 3175 Cod.
1436 3150 1453 3174 F

504 3192 596 3224 specie.

575 3236 585 3252 ⁶
605 3237 660 3262 Vat.
680 3236 824 3270 specificae.
843 3237 949 3262 lnserius
968 3237 1078 3262 vocibus
1097 3237 1126 3262 in
1144 3236 1285 3263 cluralione
1301 3237 1360 3262 edd.
1381 3238 1453 3263 inter-

504 3284 592 3305 serunt
610 3280 737 3312 partium.

576 3323 586 3339 ⁷
605 3324 720 3354 Aristot.‚
742 3324 771 3348 V.
792 3324 866 3354 Phys.
888 3327 945 3349 text.
966 3324 1008 3349 34.
1030 3331 1084 3356 seq.
1108 3324 1140 3355 (c.
1161 3324 1205 3355 4.),
1219 3324 1250 3349 ad
1271 3325 1393 3349 unitatem
1408 3331 1454 3348 nu-

505 3366 627 3390 mericam
648 3370 733 3391 motus
754 3368 799 3392 tria
819 3374 923 3392 necesse
937 3375 993 3392 esse
1013 3368 1100 3399 docet⁷
1120 3368 1216 3392 scilicet
1229 3368 1299 3399 quod
1322 3374 1403 3392 unum
1423 3368 1454 3392 sit

506 3408 531 3433 id
551 3408 621 3442 qztod
643 3411 777 3441 movetur,
801 3411 869 3442 quod
897 3418 977 3436 unum
1002 3412 1034 3436 sit
1058 3411 1085 3436 in
1110 3418 1162 3444 quo
1187 3413 1310 3437 movetur
1333 3415 1357 3437 et
1382 3411 1453 3443 quod

1521 2807 1601 2824 unum
1622 2801 1653 2824 sit
1672 2799 1778 2832 quando
1802 2800 1937 2830 movetur,
1960 2806 2054 2830 nempe
2079 2802 2182 2831 tempus
2206 2800 2236 2824 sit
2263 2805 2340 2824 unum
2364 2800 2387 2823 et
2410 2802 2468 2842 non&

1521 2845 1708 2869 intermittatur.
1730 2843 1792 2868 ibid.
1813 2843 1852 2867 lV.
1874 2846 1930 2868 text.
1957 2843 2015 2868 ⁴08.
2041 2850 2113 2875 seqq.
2141 2844 2172 2872 (c.
2197 2844 2244 2873 12.)
2270 2842 2341 2873 dicit,
2362 2844 2468 2871 tenipusi

1520 2895 1576 2913 esse
1596 2894 1734 2912 numerum
1754 2891 1778 2912 et
1797 2893 1945 2911 mensuram
1972 2890 2058 2912 motus
2083 2893 2170 2912 rerum
2196 2886 2336 2911 mobilium.
2354 2898 2387 2903 —
2405 2878 2468 2930 Mox,

1520 2939 1567 2963 pro
1587 2933 1727 2962 navarrae,
1749 2931 1820 2963 quod
1840 2931 1915 2955 codd.
1936 2932 1955 2955 u
1967 2931 2026 2955 SW
2038 2930 2073 2956 bb
2093 2930 2123 2962 (Ε
2135 2931 2174 2955 ΡΠ
2195 2929 2306 2955 secunda
2319 2928 2403 2959 manu)
2416 2928 2467 2957 lin-t

1519 2975 1594 3006 berit,
1614 2974 1691 3000 codd.
1713 2974 1804 2999 OUaa
1824 2975 1977 3004 mensurat,
1998 2974 2057 2999 edd.
2078 2973 2171 3006 ltabet,·
2190 2975 2213 2998 in
2243 2973 2358 3005 pluribus
2384 2969 2467 2996 ceddi

1517 3020 1648 3044 omittitur.
2465 3033 2466 3054 ἱ

1588 3062 1599 3079 8
1619 3062 1684 3087 Vide
1705 3064 1722 3087 l.
1744 3063 1812 3087 Sent.
1841 3063 1866 3087 d.
1890 3062 1930 3087 42.
1960 3069 1984 3094 q.
2006 3063 2035 3094 3,
2055 3062 2100 3087 ubi
2127 3063 2203 3087 etiam
2232 3061 2337 3086 habetur
2363 3059 2466 3089 dictum}

1518 3106 1680 3137 Hieronymi:
1701 3106 1765 3131 Cum
1793 3107 1878 3130 omnia
1904 3107 1985 3137 possit
2011 3106 2091 3137 Deus,
2112 3106 2234 3130 suscitare
2260 3105 2381 3135 virginem
2406 3106 2465 3136 non}

1517 3153 1601 3181 potest
1620 3153 1677 3181 post
1696 3151 1805 3174 ruinam.
2464 3139 2465 3142 Ἴ

1587 3194 1597 3209 ⁹
1617 3193 1699 3219 Codd.
1721 3201 1749 3218 aa
1770 3193 1805 3218 bb
1825 3198 1849 3219 et
1868 3194 1909 3218 cd.
1931 3194 1939 3218 t
1965 3195 2001 3219 est
2020 3192 2144 3218 eiusdem.

1589 3236 1609 3252 ¹⁰
1629 3237 1678 3262 Cir.
1699 3245 1776 3268 supra
1798 3244 1856 3268 pag.
1877 3237 1941 3268 272,
1963 3240 2020 3262 nota
2042 3237 2066 3261 3.
2085 3250 2119 3254 -
2145 3237 2190 3261 Pro
2209 3234 2352 3261 secundem
2370 3229 2464 3272 mnne}

1518 3288 1580 3306 rum
1600 3282 1640 3305 hic
1659 3285 1684 3306 ct
1702 3282 1726 3305 iu
1747 3281 1796 3305 fiiw
1816 3287 1887 3312 corp.
1912 3281 1983 3305 multi
2010 3280 2085 3305 codd.
2105 3284 2130 3305 et
2148 3279 2188 3304 od.
2214 3280 2219 3303 1
2243 3276 2384 3304 secundam
2402 3279 2464 3299 ma¹¹¹

1517 3323 1611 3349 teriam
1631 3326 1655 3349 et
1672 3330 1721 3356 per
1739 3323 1814 3349 illam
1835 3331 1882 3355 pro
1897 3330 1947 3357 per
1966 3323 2026 3349 illa.
2046 3323 2161 3348 Subinde
2181 3325 2238 3354 post
2256 3315 2463 3347 discontz'nuatc'oss

1517 3367 1592 3392 codd.
1612 3369 1732 3393 omittunt
1750 3367 1791 3399 in,
1814 3367 1855 3392 ed.
1879 3369 1887 3392 Ἰ1
1913 3369 2018 3399 insuper
2037 3373 2100 3404 csse.
