2483 3882
253 816 329 843 Opinio
344 815 363 836 3.

220 1181 330 1202 Conclusio
343 1180 362 1201 l.

247 1338 320 1359 Modus
329 1338 364 1359 tri-

220 1365 268 1391 plex
290 1370 364 1391 cogno-

221 1390 302 1412 scendi.

221 1654 332 1675 Conclusio
344 1654 363 1674 ΞΕ.

237 1973 366 1999 Explicatur.

382 249 466 281 1046

379 335 433 367 illo
457 335 557 367 utitur
581 334 621 366 ad
645 336 734 365 actus
755 332 895 364 omnium
920 339 1090 367 sensuum3
1107 334 1138 362 et
1161 330 1204 362 ita
1228 330 1328 361 utitur

380 396 474 420 sensu
497 386 652 423 interiori,
670 394 730 416 non
748 384 850 417 solum
875 383 1051 421 intellectu3
1076 386 1105 414 et
1134 382 1192 414 iste
1216 390 1328 414 sensus

379 444 425 472 θεῖ
455 440 509 480 qui
534 439 630 470 trahit
653 446 758 470 secum
784 437 1013 478 phantasmata.
1039 435 1074 467 Et
1101 435 1181 466 hanc
1204 434 1330 475 positio-

378 501 450 524 nem
474 491 660 523 confirmant
683 498 739 531 per
770 488 978 529 Augustinum
993 513 1000 526 ‚
1026 488 1079 529 qui
1104 487 1179 519 dicit
1202 487 1241 519 de
1265 487 1329 528 Spi-

379 545 441 576 ritu
473 548 503 575 et
534 543 658 581 anima,
694 546 724 574 et
759 541 946 574 duodecimo
981 550 1077 582 super
1109 540 1251 572 Genesim
1287 540 1327 572 ad

378 596 513 627 litteram
529 595 549 634 ¹,
574 595 659 636 quod
676 594 780 626 anima
796 594 893 625 trahit
915 602 1022 626 secum
1044 593 1195 634 imagines
1220 601 1327 625 rerum

379 647 589 689 corporalium
625 650 655 678 et
687 655 743 687 per
778 645 847 677 illas
879 645 1068 686 imaginatur
1093 648 1123 676 et
1154 644 1327 685 cognoscit,

379 708 450 732 cum
475 700 575 731 utitur
599 699 737 740 potentia
761 698 908 730 sensitiva
933 697 1083 730 interiori.

467 752 570 783 Tertia
595 751 705 792 positio
729 754 791 788 est,
817 750 901 792 quod
925 750 1030 782 anima
1061 749 1220 781 rationalis
1245 757 1330 789 sepa-

379 808 446 837 rata
470 804 547 836 nihil
580 804 736 845 cognoscit
767 803 825 835 nisi
855 803 1011 835 mediante
1047 802 1183 843 potentia
1215 801 1330 833 incelle-

379 857 483 894 σιγῶσα
498 865 554 898 per
573 856 656 888 illam
681 860 786 888 autem
804 859 905 897 potest
929 859 1115 896 cognoscere
1140 864 1200 886 non
1226 854 1328 886 solum

379 910 462 951 quod
480 909 685 950 cognoscebat
709 909 739 940 in
758 917 903 950 corpore,
922 908 974 940 sed
994 908 1086 939 etiam
1104 916 1195 939 omne
1210 906 1219 920 ²
1245 906 1329 948 quod

379 961 605 1003 cognoscebant
621 961 699 993 aliae
717 961 889 1002 potentiae,
914 964 1042 1002 propter
1060 959 1107 991 sui
1134 959 1329 996 libertatem,

379 1014 459 1046 sicut
483 1023 566 1046 unus
590 1014 733 1054 Angelus.
768 1013 823 1045 Per
854 1013 1008 1054 potentias
1042 1011 1216 1043 sensitivcts
1252 1010 1330 1042 niliil

378 1069 480 1108 potest
507 1066 649 1107 operari,
674 1065 754 1098 sicut
779 1074 833 1097 nec
859 1074 915 1106 per
942 1064 1156 1106 vcyetatz'vctS,
1182 1064 1330 1105 quoniam

380 1118 556 1159 dependent
572 1118 611 1150 ab
629 1127 746 1159 organo
771 1117 943 1158 corporali,
962 1117 1042 1149 sicut
1066 1116 1266 1148 manifestum
1285 1119 1331 1147 est

380 1171 522 1203 intuenti.
544 1171 623 1211 Ergo
648 1171 728 1203 sicut
745 1179 876 1211 corpore
900 1173 1066 1211 corrupto,
1084 1169 1162 1200 nibil
1181 1172 1330 1210 operatur

378 1232 435 1265 per
454 1223 622 1264 potentias,
644 1231 725 1264 quae
748 1222 921 1263 respiciunt
944 1221 1168 1263 veqecctbzsstenm
1194 1221 1235 1252 ita
1253 1220 1330 1252 nibil

378 1278 527 1317 operatur
555 1284 612 1316 per
635 1275 804 1315 potentias,
829 1283 910 1316 quae
934 1274 1106 1315 respiciunt
1139 1273 1329 1305 sensibilem.

378 1347 421 1351 -
446 1328 502 1360 Per
526 1327 721 1360 intellectum
745 1331 849 1359 autem
875 1327 1032 1368 cognoscit
1066 1335 1114 1358 res
1145 1327 1204 1359 sub
1229 1326 1332 1358 condi-

379 1381 517 1413 tionibus
549 1381 783 1419 materialibus,
811 1384 983 1422 prctesentc
1011 1379 1173 1417 νηαῑθνία,
1207 1383 1236 1411 θῖ
1272 1379 1331 1411 boc

379 1437 426 1466 est
449 1443 564 1465 sensus
588 1433 762 1465 exterioris
770 1446 781 1471 ;
805 1438 836 1465 et
860 1442 910 1466 res
934 1433 994 1465 sub
1015 1433 1245 1465 conditionibus
1270 1441 1332 1464 ma-

380 1486 560 1525 terialibus,
585 1486 713 1518 absence
731 1486 891 1523 inciterict,
916 1489 946 1517 et
970 1485 1028 1517 boc
1050 1487 1097 1517 est
1121 1484 1332 1527 izizctymatz'o-

379 1538 451 1576 otz's;
475 1542 505 1570 et
529 1538 597 1570 illas
621 1539 713 1570 etiam
733 1547 782 1570 res
808 1538 981 1579 cognoscit,
998 1537 1163 1569 abstractis
1185 1537 1331 1569 omnibus

378 1590 605 1629 materialibus,
630 1595 659 1623 et
683 1591 742 1623 boc
766 1595 812 1623 θεῖ
831 1590 1008 1622 intellectus
1023 1590 1054 1628 3;
1078 1590 1203 1622 ethaeo
1227 1590 1331 1621 omnia

379 1653 453 1676 vere
476 1643 557 1676 facit.
585 1644 617 1675 Et
635 1644 704 1675 ideo
729 1647 812 1676 recte
837 1643 952 1675 dicitur
976 1643 1080 1674 anima
1098 1646 1242 1684 separata
1265 1652 1332 1674 sert-

381 1697 458 1734 tz'rc,
485 1696 672 1739 imctyz'mm'
695 1700 724 1728 et
748 1696 943 1738 intelhyem,
970 1706 1029 1728 non
1048 1705 1104 1737 per
1122 1696 1264 1728 diversas
1282 1704 1332 1737 po-

381 1749 508 1788 tentias,
533 1749 587 1781 sed
623 1758 679 1790 per
713 1758 836 1786 unam,
862 1758 941 1790 quae
978 1752 1078 1790 potest
1112 1748 1258 1780 omnibus
1284 1748 1332 1780 bis

381 1801 482 1834 modis
506 1811 709 1843 cognoscere,
735 1802 816 1834 sicut
839 1810 956 1846 ponere
988 1805 1034 1834 est
1071 1802 1100 1833 in
1132 1801 1264 1842 Angelo,
1297 1805 1332 1833 ut

381 1857 465 1895 patet
489 1863 529 1886 ex
555 1855 691 1887 secundo
718 1854 797 1886 libro
815 1854 835 1885 ⁴.

470 1908 513 1939 Ad
532 1907 681 1939 maiorem
698 1910 802 1938 autem
821 1906 1056 1947 intelligentiam
1073 1910 1119 1938 est
1143 1906 1331 1943 notandum,

382 1961 465 2003 quod
498 1961 578 1993 sicut
608 1972 622 1988 «
639 1960 669 1991 in
701 1960 784 1992 omni
810 1963 923 1991 natura
955 1963 1001 1991 θεῖ
1033 1958 1170 2000 aliquid,
1195 1968 1258 2000 quo
1286 1962 1332 1991 est

381 2013 472 2054 ficri,
498 2017 528 2045 et
551 2013 688 2055 ailquid,
714 2022 776 2054 quo
801 2016 847 2045 est
870 2011 1006 2054 faccre⁵
1024 2024 1061 2050 »3
1085 2012 1129 2044 sic
1153 2012 1229 2044 etin
1247 2011 1331 2043 omni

382 2066 569 2108 cognitione3
594 2069 623 2098 et
648 2074 719 2098 cum
745 2066 822 2097 haec
847 2065 885 2097 sit
908 2065 1011 2106 prima
1041 2064 1152 2096 divisio
1176 2064 1332 2106 potentiae

381 2129 438 2162 per
454 2119 600 2151 activum
624 2122 654 2151 et
666 2119 857 2160 passivum,
876 2127 1003 2150 necesse
1024 2122 1085 2157 est,
1102 2118 1161 2150 ista
1182 2116 1332 2160 differi-Q

380 2176 598 2204 verumtamen
631 2171 807 2203 secundum
836 2171 954 2211 gradus
987 2170 1114 2202 maioris
1139 2174 1169 2202 et
1202 2170 1331 2203 minoris

380 2224 587 2265 simplicitatis
611 2228 641 2256 θῖ
665 2223 894 2265 spiritualitatis
915 2223 1032 2255 liabent
1056 2223 1207 2255 maiorem
1232 2226 1261 2255 et
1280 2223 1332 2255 rni-

380 2285 489 2308 norem
526 2276 743 2308 differentiam.
780 2275 977 2307 Intellectz'oct
1013 2284 1148 2316 namque
1163 2301 1170 2313 ,
1206 2284 1263 2316 pro
1295 2284 1331 2307 eo

380 2329 464 2370 quod
489 2332 535 2361 θεῖ
559 2328 752 2370 spiritualior
769 2332 799 2360 et
823 2328 1024 2365 abstractior,
1049 2328 1143 2360 habet
1163 2331 1331 2369 utramque

380 2381 567 2423 potentiam,
603 2390 683 2422 quae
716 2381 842 2422 respicit
874 2380 1082 2413 substantiam
1115 2380 1330 2422 spiritualem,

380 2434 422 2466 ita
446 2434 530 2475 quod
554 2434 665 2465 activa
689 2437 736 2466 est
760 2434 879 2465 ratione
905 2433 1003 2475 ipsius
1027 2442 1089 2476 quo
1114 2437 1177 2471 est,
1202 2437 1233 2465 et
1255 2442 1332 2474 pas-

379 2485 453 2518 sioct
470 2485 588 2517 ratione
614 2486 712 2526 ipsius
729 2486 815 2528 quod
831 2489 891 2522 est,
911 2485 1027 2517 scilicet
1046 2485 1194 2517 materiae
1219 2489 1249 2517 et
1272 2485 1331 2517 for-

380 2538 484 2571 maess.
502 2557 544 2561 —
562 2538 593 2570 In
619 2539 755 2580 potentia
779 2543 883 2571 autem
909 2538 1083 2576 sensitiva,
1108 2547 1189 2579 quae
1213 2542 1260 2570 θεῖ
1277 2539 1330 2570 mi-

1140 243 1423 275 SENTENTIARUM
1446 243 1514 274 LlB.
1538 243 1586 275 IV.

1393 339 1453 362 nus
1470 329 1660 371 spiritualis,
1685 329 1796 361 activa
1813 330 1949 371 potentia
1966 334 2013 363 θεῖ
2036 339 2077 362 ex
2093 334 2182 371 parte
2205 331 2341 369 animae,

1393 385 1423 414 et
1443 382 1583 423 passiva
1606 390 1647 413 ex
1672 391 1805 423 organo3
1830 385 1861 414 et
1885 382 1967 420 ideo,
1993 383 2066 423 quia
2083 391 2194 415 sensus
2217 392 2279 415 non
2296 388 2342 415 est

1393 434 1460 466 sine
1483 434 1603 466 actione
1627 438 1658 466 et
1688 434 1849 475 passione,
1874 434 1944 466 ideo
1977 434 2096 466 sentire
2128 434 2242 466 dicitur
2274 443 2342 467 esse

1394 486 1532 527 operatio
1549 486 1724 518 conz‘mzclz'.
1751 486 1785 518 Et
1802 486 1941 524 iterum,
1959 495 2031 518 cum
2049 486 2159 518 activa
2176 486 2253 518 nihil
2269 490 2340 528 agat

1395 539 1460 571 sine
1475 539 1633 580 passiom
1657 543 1687 571 et
1703 539 1829 580 quando
1854 539 1958 571 anima
1974 539 2088 570 amittit
2112 548 2240 580 corpus,
2257 539 2344 570 amit-

1395 591 1430 623 tit
1449 591 1623 632 passivam
1647 595 1794 633 respeotu
1818 595 1906 624 actus
1931 591 2103 623 sentiendi:
2130 591 2199 623 ideo
2231 592 2340 633 impos-

1395 643 1484 676 sibile
1508 647 1571 682 est,
1596 644 1680 685 quod
1704 644 1810 685 aliquo
1834 652 1928 676 sensu
1952 647 2078 682 utatur,
2114 644 2179 676 sive
2204 643 2342 676 interiori

1395 696 1460 728 sive
1484 696 1652 734 exteriori,
1677 696 1830 737 quamdiu
1854 699 1901 728 est
1925 699 2078 737 separata.

1485 749 1561 781 llaec
1578 753 1683 781 autem
1701 749 1805 789 opinio
1823 748 1921 789 magis
1941 752 1987 780 est
2004 748 2115 780 rationi
2138 757 2272 780 consona
2288 757 2345 780 nec
2360 758 2483 785 conclusio?

1396 804 1550 842 repugnat
1567 801 1638 832 fidei
1658 809 1714 833 nec
1736 801 1920 833 Sanctorum
1939 801 2127 833 auctoritati.
2145 800 2230 832 Ponit
2246 800 2345 839 enim,

1395 853 1480 894 quod
1504 853 1608 885 anima
1633 861 1688 894 per
1714 853 1882 894 potentiam
1900 853 2122 884 intellectivam
2147 852 2299 893 intelligat
2316 856 2346 884 et

1396 909 1561 947 cognoscat
1586 905 1634 937 liis
1653 905 1753 937 tribus
1776 905 1892 943 modis,
1917 905 2033 946 quibus
2050 914 2148 944 nunc,
2166 908 2195 937 et
2211 905 2346 946 Angelus

1396 959 1554 995 similiter,
1572 959 1634 997 liis,
1649 959 1791 1000 inquam,
1808 958 1910 990 tribus
1924 958 2025 990 modis
2041 967 2059 989 a
2075 961 2164 999 parte
2180 958 2231 989 rei
2242 958 2348 999 coynt-

1398 1015 1467 1048 nte,-
1492 1016 1522 1043 et
1546 1011 1623 1043 illud
1639 1011 1648 1026 ⁷
1675 1011 1789 1043 dicitur
1814 1010 2001 1052 intcllz'yerc,
2026 1010 2213 1052 imaqimo-z·
2228 1013 2258 1042 et
2280 1019 2348 1041 sen-

1397 1064 1476 1101 tire,
1494 1064 1667 1096 secundum
1686 1064 1771 1105 quod
1788 1064 1889 1096 Sancti
1915 1064 2033 1096 dicunt.
2060 1064 2093 1095 Et
2110 1064 2151 1095 ita
2176 1063 2346 1104 intelligen—

1396 1116 1454 1148 dae
1479 1120 1552 1148 sunt
1575 1117 1777 1148 auctoritates
1801 1116 1997 1148 Sanctorum.

1488 1169 1513 1200 l.
1539 1169 1581 1200 Ad
1608 1168 1686 1201 illud
1711 1177 1785 1210 ergo
1810 1169 1893 1210 quod
1926 1168 2027 1209 primo
2052 1168 2197 1200 obiicitur
2230 1168 2268 1199 de
2293 1167 2345 1199 illo
2373 1181 2451 1212 solutio
2462 1187 2478 1209 ιη

1397 1220 1510 1257 divite;
1534 1221 1720 1259 dicendum,
1738 1221 1822 1263 quod
1848 1221 1954 1262 lingua
1972 1221 2024 1252 illa
2049 1230 2108 1252 non
2126 1224 2194 1253 erat
2218 1220 2276 1252 nisi
2294 1220 2348 1251 lin·
2361 1209 2479 1235 ¹³⁰⁵¹⁶⁰¹⁰¹¹¹³

1397 1282 1459 1315 gua
1479 1273 1701 1315 imctgyz'ncttz'oct
1716 1273 1736 1305 Β.
1762 1274 1866 1305 Anima
1894 1274 1976 1306 enim
1995 1274 2095 1306 desert
2119 1273 2269 1314 imagines
2286 1282 2346 1304 non

1396 1329 1517 1358 tantum
1551 1326 1580 1357 in
1613 1326 1750 1367 potentia
1784 1326 1939 1363 inferiori3
1969 1326 2038 1363 sed,
2071 1335 2143 1358 cum
2172 1329 2347 1367 separatur,
2375 1339 2482 1369 confflem„

1397 1379 1492 1411 babet
1515 1379 1545 1410 in
1571 1379 1722 1411 memoria
1746 1378 1930 1420 intelligibili
1945 1404 1951 1417 ,
1968 1387 2049 1421 quae
2070 1387 2130 1410 non
2147 1381 2216 1419 eget
2232 1387 2348 1419 organo
2362 1366 2481 1413 {iiva,¹¹¹²²¹¹'¹

1397 1432 1561 1473 corporali.

1486 1486 1515 1516 ΞΣ.
1540 1485 1582 1517 Ad
1608 1485 1685 1517 illud
1711 1485 1794 1526 quod
1831 1485 1977 1517 obiicitur
2017 1485 2055 1516 de
2080 1484 2282 1522 Cassiodoro,
2307 1483 2349 1516 di·
2374 1491 2376 1493 ’

1397 1537 1550 1576 cendum,
1579 1538 1663 1579 quod
1695 1546 1757 1569 nou
1782 1537 1922 1579 loquitur
1953 1538 1992 1569 de
2017 1537 2161 1569 sensibus
2188 1536 2349 1568 exteriori-

1398 1589 1474 1629 bus,
1500 1590 1553 1622 sed
1579 1590 1618 1622 de
1636 1590 1855 1628 interioribus,
1880 1589 1933 1630 qui
1959 1589 2137 1623 nihilaliud
2164 1593 2237 1621 sunt
2253 1598 2349 1630 quam

1398 1642 1464 1683 ipse
1488 1642 1679 1681 intellectus,
1704 1645 1798 1683 prout
1822 1642 1917 1674 babet
1938 1642 2067 1674 modum
2093 1641 2348 1683 apprehendendi

1399 1695 1539 1736 ipsorum
1564 1703 1726 1727 sensuum.

1487 1748 1516 1779 3.
1542 1748 1583 1779 Ad
1609 1748 1687 1780 illud
1713 1748 1797 1789 quod
1829 1747 1993 1786 obiicitur,
2018 1748 2101 1789 quod
2139 1747 2241 1779 anima
2266 1756 2350 1788 sepa-

1398 1805 1466 1833 rata
1489 1805 1536 1833 est
1560 1801 1704 1840 liberior:v
1730 1801 1914 1840 dicendum,
1939 1801 2023 1843 quod
2048 1809 2160 1833 verum
2185 1804 2232 1833 est
2255 1809 2350 1842 quan-
2365 1797 2483 1836 Nolanam

1398 1857 1465 1886 tum
1490 1854 1529 1886 ad
1554 1854 1724 1895 potentiani
1749 1853 1894 1885 activam
1903 1865 1914 1891 ;
1939 1853 1991 1886 setl
2019 1853 2145 1894 quando
2171 1856 2255 1885 caret
2275 1862 2350 1894 pas-

1397 1907 1489 1944 siva,
1514 1916 1575 1938 non
1594 1910 1694 1947 potest
1718 1907 1859 1948 operari,
1877 1906 1959 1939 sicut
1975 1906 2054 1938 nec⁰
2078 1906 2158 1947 ignis
2183 1906 2248 1938 sine
2269 1914 2350 1937 com-

1398 1959 1556 1998 bustibili,
1574 1968 1634 1990 non
1661 1962 1788 2000 propter
1804 1958 2072 2000 imperfectionem
2098 1958 2146 1989 sui
2171 1958 2201 1989 in
2227 1966 2276 1996 se,
2294 1957 2349 1989 sed

1397 2015 1526 2053 propter
1550 2012 1627 2050 boc,
1656 2012 1740 2053 quod
1773 2011 1948 2044 necessario
1972 2011 2070 2052 exigit
2094 2011 2132 2043 ad
2166 2011 2349 2043 exeundum

1398 2065 1428 2097 in
1453 2074 1542 2106 opus.

1486 2117 1515 2148 li.
1543 2119 1570 2149 5.
1597 2118 1624 2149 6.
1651 2119 1679 2148 7.
1698 2117 1740 2149 Λᾶ
1766 2117 1845 2148 illud
1861 2116 1944 2158 quod
1963 2116 2123 2154 obiicitur,
2141 2116 2225 2157 quod
2242 2124 2351 2156 cogno-

1398 2170 1454 2202 scit
1478 2169 1660 2210 tripliciter;
1684 2170 1876 2208 dicendum,
1908 2169 1993 2210 quod
2030 2169 2088 2201 hoc
2111 2169 2183 2201 facit
2207 2171 2351 2210 separata

1397 2232 1454 2264 per
1470 2232 1565 2254 unam
1590 2225 1620 2254 et
1644 2222 1776 2254 eandem
1801 2222 1969 2263 potentiam
1984 2222 2014 2252 ¹0.
2033 2240 2076 2244 —
2096 2222 2184 2262 Quod
2203 2222 2349 2254 obiicitur

1398 2275 1436 2307 de
1452 2275 1676 2313 abstractione,
1702 2275 1869 2307 dicendum
1881 2300 1888 2313 ,
1905 2274 1990 2316 quod
2008 2274 2065 2306 boc
2082 2283 2143 2305 non
2161 2274 2233 2306 facit
2250 2274 2350 2306 diver·
2364 2288 2483 2310 Notandum,

1397 2327 1537 2366 sitatem,
1561 2327 1709 2369 quoniam
1733 2336 1793 2359 una
1811 2327 1949 2369 potentia
1973 2331 2035 2365 est,
2061 2327 2235 2359 secundum
2253 2336 2348 2368 quam

1396 2381 1500 2412 anima
1524 2381 1648 2413 ordinat
1672 2384 1766 2412 totam
1792 2380 1907 2412 lineam
1932 2379 2248 2421 praedicamentalem
2264 2379 2294 2418 ¹¹,
2319 2383 2349 2412 et

1396 2434 1544 2465 ascendit
1581 2434 1793 2466 abstrahendo
1833 2433 1897 2465 sive
1936 2432 2123 2465 resolvendo
2161 2432 2201 2464 ab
2240 2432 2347 2464 infimo

1395 2495 1496 2527 usque
1527 2486 1567 2518 ad
1600 2495 1804 2527 supremum,
1837 2489 1867 2518 et
1896 2485 2059 2517 descendit
2091 2485 2306 2526 componendo
2330 2494 2348 2517 a

1396 2539 1630 2580 generalissimo
1666 2547 1767 2580 usque
1802 2539 1841 2571 ad
1879 2538 2088 2570 individuum.
2126 2537 2227 2569 Solius
2262 2537 2345 2569 enim

452 2711 457 2727 ¹
480 2710 541 2742 Cap.
563 2712 603 2736 32.
624 2719 647 2736 n.
668 2713 709 2736 60.
730 2714 754 2736 et
773 2719 794 2737 c.
815 2712 856 2736 33.
877 2719 900 2737 n.
921 2712 962 2737 62.
983 2711 1039 2743 (cfr.
1060 2719 1138 2743 supra
1153 2712 1186 2737 lit.
1201 2713 1328 2744 Magistri,

381 2754 405 2779 d.
425 2755 511 2780 XLlV.
532 2762 552 2780 c.
573 2755 622 2788 7.);
643 2755 724 2781 verba
745 2763 774 2781 cx
804 2757 843 2781 liis
868 2756 929 2781 locis
956 2756 1032 2780 rcscrt
1057 2756 1133 2780 ctiam
1160 2758 1249 2780 auctor
1274 2755 1330 2780 libri

381 2797 412 2823 (le
433 2799 527 2829 Spiritu
547 2802 571 2823 et
590 2800 674 2824 anima
695 2799 771 2830 (inter
790 2806 868 2830 opera
888 2800 1022 2831 August),
1038 2806 1058 2823 c.
1074 2799 1115 2824 30.
1129 2798 1179 2824 Csr.
1194 2799 1256 2824 ibid.
1270 2806 1291 2824 c.
1307 2799 1330 2824 4».

380 2845 444 2866 etc.
470 2842 511 2873 13,
533 2841 576 2867 ubi
602 2842 722 2874 docetur,
743 2843 814 2875 quod
839 2843 966 2874 potentiae
992 2846 1015 2867 et
1041 2843 1110 2867 vires
1135 2843 1235 2867 animae
1262 2842 1329 2867 idem

379 2886 428 2910 sint
448 2885 518 2917 quod
538 2887 592 2917 ipsa
612 2887 705 2911 anima.
725 2900 759 2904 ——
784 2887 890 2912 interius
917 2893 964 2917 pro
989 2892 1048 2912 cum
1075 2885 1175 2917 initur,
1196 2885 1267 2918 quod
1286 2887 1330 2910 lia-

379 2928 441 2953 bent
460 2929 535 2953 codd.
558 2930 574 2953 [t
589 2930 608 2954 T
621 2930 640 2954 U
652 2930 690 2961 X,
711 2930 786 2955 codd.
807 2930 847 2955 11<
867 2929 931 2955 dnm
950 2929 1044 2961 utitur,
1059 2930 1099 2954 alii
1113 2929 1188 2954 codd.
1203 2929 1265 2955 item
1282 2928 1330 2954 uti-

380 2974 425 2998 tur
444 2974 485 2998 vel
505 2981 563 2999 cum
586 2974 641 2999 Vat.
662 2981 724 3007 erqo
744 2974 839 3000 utilia:

451 3016 461 3033 2
481 3017 513 3042 lta
533 3017 608 3042 codd.
629 3018 706 3042 EGL
720 3018 767 3049 ΡΩ
780 3018 872 3048 RSY,
891 3018 932 3042 alii
957 3017 1034 3042 codd.
1065 3020 1089 3042 ct
1108 3017 1148 3042 ed.
1176 3019 1184 3041 1
1210 3019 1329 3043 omittunt

380 3060 451 3092 quod
469 3060 641 3093 coqu-§scebat
660 3061 688 3086 m
708 3067 831 3094 corpore,
853 3061 899 3087 secl
917 3060 997 3087 elium
1017 3068 1107 3092 omme,
1132 3068 1180 3092 pro
1200 3068 1252 3093 quo
1273 3061 1328 3086 Val.

381 3103 569 3137 intelliyibilia,
591 3104 632 3130 vel
650 3111 681 3131 ea
709 3111 826 3138 quorum
855 3103 933 3130 habet
955 3104 1069 3137 species,
1091 3104 1137 3130 sed
1155 3104 1235 3130 eliam
1254 3111 1330 3130 omne

381 3146 464 3178 illuc&
484 3148 540 3173 cod.
562 3149 582 3172 K
603 3148 621 3180 (l
643 3156 655 3173 a
676 3148 788 3174 secunda
810 3149 909 3180 manu),
925 3149 969 3180 qui
985 3148 1113 3179 praedicta
1134 3148 1214 3173 verba
1229 3148 1329 3179 omittit,

381 3190 486 3215 inferius
505 3195 563 3221 post
583 3190 728 3217 libertatem
748 3192 819 3217 addit
837 3191 883 3217 secl
900 3191 987 3217 multa
1007 3191 1069 3217 alia.

450 3234 460 3249 ³
479 3235 513 3259 Ex
533 3235 608 3260 codd.
629 3236 676 3260 Fll
697 3236 731 3268 (V
751 3236 787 3261 bb
808 3243 820 3260 a
841 3235 954 3261 secunda
985 3236 1074 3268 manu)
1100 3236 1282 3267 supplevimus
1306 3236 1331 3261 et

380 3275 428 3302 hoc
447 3278 485 3302 est
503 3277 662 3310 intellectus,
685 3279 743 3304 cod.
765 3280 787 3304 Κ
808 3279 825 3311 (1
846 3287 859 3304 a
880 3279 993 3304 secunda
1014 3280 1103 3312 manu)
1123 3278 1194 3312 quod
1212 3280 1250 3305 est
1267 3285 1330 3312 pro-

379 3319 470 3352 prium
484 3320 638 3348 intellectus.

452 3363 461 3379 ‘¹
482 3365 541 3389 Dist.
563 3366 586 3390 3.
607 3373 631 3396 p.
653 3366 678 3391 lt.
699 3374 721 3391 a.
742 3368 765 3391 2.
786 3374 810 3398 q.
836 3368 854 3391 l.

1466 2712 1477 2728 ⁵
1498 2712 1526 2737 Ut
1545 2713 1579 2737 ait
1608 2713 1709 2737 Aristot.
1730 2718 1808 2743 supra
1830 2718 1889 2742 pag.
1918 2710 1999 2742 tot-5,
2021 2713 2078 2735 nota
2099 2711 2128 2741 8,
2152 2711 2195 2742 qui
2216 2710 2292 2735 etiam
2313 2710 2344 2735 V.

1396 2756 1504 2787 ltlctopli.
1527 2758 1583 2780 text.
1609 2756 1645 2780 17.
1667 2755 1717 2786 (lV.
1739 2762 1759 2780 c.
1781 2755 1832 2786 12.)
1852 2758 1877 2780 θῖ
1896 2754 1938 2779 lX.
1958 2757 2015 2779 text.
2031 2753 2142 2786 2.(ν111.
2162 2761 2183 2779 c.
2205 2754 2238 2784 l.)
2259 2753 2346 2785 docet,

1397 2799 1551 2825 divisionem
1571 2800 1699 2830 potentiae
1719 2806 1765 2830 per
1784 2798 1898 2824 creticam
1918 2802 1942 2823 et
1960 2797 2095 2830 passivam
2115 2804 2171 2822 esse
2191 2798 2310 2828 primam.

1465 2843 1475 2859 ⁶
1498 2843 1561 2867 Vide
1582 2843 1607 2868 11.
1627 2844 1695 2868 Sent.
1717 2843 1740 2867 cl.
1761 2842 1802 2867 24.
1823 2849 1847 2873 p.
1870 2843 1885 2867 l.
1907 2849 1928 2866 a.
1950 2843 1973 2867 2.
1994 2849 2019 2874 q.
2035 2841 2065 2873 li,
2081 2841 2124 2866 ubi
2139 2841 2172 2866 de
2186 2841 2346 2865 distinctione

1396 2887 1537 2912 intellectus
1556 2885 1658 2919 ayentis
1677 2887 1703 2911 et
1718 2885 1860 2918 possibilis.

1466 2930 1477 2945 ⁷
1496 2930 1577 2955 (Todd.
1591 2930 1608 2954 L
1619 2929 1641 2954 Y
1654 2929 1753 2955 addunt
1765 2929 1832 2961 ideo,
1849 2929 1919 2961 quod
1939 2929 1996 2954 cod.
2011 2936 2040 2953 aa
2055 2928 2184 2953 substituit
2203 2935 2250 2959 pro
2269 2926 2345 2953 illud.

1466 2973 1476 2990 ⁸
1495 2973 1544 2999 Cir.
1565 2975 1682 3005 August,
1704 2973 1771 2998 XXl.
1798 2973 1830 2998 cle
1858 2972 1913 2998 Civ.
1935 2973 1991 3004 Dei,
2014 2979 2035 2997 c.
2061 2973 2097 2996 10.
2119 2972 2185 3002 n.⁴2,
2206 2975 2231 2996 et
2251 2971 2291 2995 liic
2310 2970 2345 2996 lit.

1397 3019 1521 3049 Magistri,
1542 3024 1562 3042 c.
1585 3017 1607 3042 4.
1629 3031 1662 3035 —-
1681 3016 1762 3042 Codd.
1783 3018 1830 3042 GL
1856 3016 2029 3049 imaginaria.
2055 3016 2161 3040 lutei-ius
2186 3018 2245 3046 post
2263 3013 2346 3047 defert

1396 3062 1470 3087 codd.
1491 3062 1539 3086 th
1553 3061 1573 3085 Y
1593 3061 1626 3092 (X
1647 3061 1682 3086 bb
1701 3068 1715 3086 a
1735 3061 1849 3086 seconcia
1869 3061 1958 3089 manu)
1979 3060 2099 3091 supplent
2118 3066 2215 3085 secum.

1465 3105 1476 3121 9
1495 3106 1515 3130 Α
1535 3105 1592 3130 cod.
1612 3106 1630 3129 F
1650 3105 1753 3130 additur
1771 3106 1861 3138 potest.

1467 3149 1487 3165 ¹0
1506 3150 1573 3174 Multi
1594 3149 1669 3174 codd.
1689 3151 1714 3173 et
1736 3148 1777 3173 ed.
1798 3149 1807 3173 ll
1833 3149 1952 3173 omittunt
1975 3147 2132 3180 potentium,
2155 3150 2256 3172 econtra
2288 3147 2343 3172 Vat.

1395 3192 1466 3218 addit
1485 3192 1582 3219 scilicet
1601 3192 1794 3218 intellectivam.

1467 3236 1485 3252 ¹¹
1507 3236 1556 3262 Cl‘r.
1577 3239 1637 3261 torn.
1659 3237 1683 3261 ll.
1706 3243 1765 3267 pag.
1782 3235 1828 3266 48,
1843 3237 1901 3260 nota
1922 3236 1945 3266 1l,
1960 3238 1984 3260 ct
2002 3236 2135 3266 porphyr„
2149 3233 2181 3259 de
2196 3233 2342 3259 Praedicab.

1395 3287 1417 3305 c.
1438 3279 1468 3305 de
1488 3279 1584 3312 Specie.
1606 3294 1639 3297 —
1659 3280 1727 3305 Multi
1747 3279 1823 3304 codd.
1844 3281 1869 3303 et
1887 3278 1928 3304 ed.
1950 3279 1958 3303 l
1983 3276 2197 3312 praedicabilem.
2218 3278 2343 3308 Superius

1394 3331 1441 3355 pro
1460 3323 1636 3350 abstractione
1663 3323 1782 3355 permulti
1811 3323 1888 3348 codd.
1910 3326 1934 3348 et
1953 3322 1993 3347 ed.
2016 3323 2024 3346 11
2054 3320 2216 3354 alligatione.
2237 3321 2343 3346 triferius

1394 3371 1452 3399 post
1471 3366 1649 3400 componendo
1669 3367 1728 3392 odd.
1748 3367 1847 3392 addunt
1865 3372 1912 3392 scu
1932 3364 2120 3398 comparando.
